Date,S.N.,Contract ID,Symbol,Buyer Broker,Seller Broker,quantity,rate,amount,transaction_time
2025-08-11,98312,2025081103000017,MFIL,Aakashbhairab Securities Ltd.,Online Securities Pvt. Ltd.,10,721.0,7210.0,2025-08-11 11:00:46.353822
2025-08-11,98254,2025081103000020,MFIL,Kohinoor Investment & Securities Pvt. Ltd.,Naasa Securities Co. Ltd.,300,727.0,218100.0,2025-08-11 11:01:00.218654
2025-08-11,98253,2025081103000021,MFIL,Kohinoor Investment & Securities Pvt. Ltd.,Trishakti Securities Public Limited,200,727.0,145400.0,2025-08-11 11:01:00.218723
2025-08-11,97726,2025081103000081,MFIL,Kumari Securities Private Limited,Nagarik Stock Dealer ,100,726.9,72690.0,2025-08-11 11:02:41.772282
2025-08-11,97597,2025081103000095,MFIL,Neev Securities Pvt. Ltd.,Nagarik Stock Dealer ,500,723.1,361550.0,2025-08-11 11:03:10.140507
2025-08-11,97596,2025081103000096,MFIL,Dakshinkali Investment & Securities Pvt. Ltd.,Nagarik Stock Dealer ,100,723.0,72300.0,2025-08-11 11:03:10.140580
2025-08-11,97515,2025081103000101,MFIL,Dipshikha Dhitopatra Karobar Co. Pvt Ltd.,Nagarik Stock Dealer ,70,723.0,50610.0,2025-08-11 11:03:23.243780
2025-08-11,97400,2025081103000130,MFIL,Cristal Kanchanjanga Securites Pvt. Ltd.,Nagarik Stock Dealer ,200,723.0,144600.0,2025-08-11 11:03:47.142337
2025-08-11,97257,2025081103000152,MFIL,Dipshikha Dhitopatra Karobar Co. Pvt Ltd.,Trishakti Securities Public Limited,100,720.2,72020.0,2025-08-11 11:04:10.182895
2025-08-11,97256,2025081103000153,MFIL,Sundhara Securities Limited,Trishakti Securities Public Limited,500,720.1,360050.0,2025-08-11 11:04:10.182958
2025-08-11,97255,2025081103000154,MFIL,Market Securities & Exchange (PVT) Ltd.,Trishakti Securities Public Limited,290,720.1,208829.0,2025-08-11 11:04:10.182997
2025-08-11,97254,2025081103000155,MFIL,Naasa Securities Co. Ltd.,Trishakti Securities Public Limited,27,720.1,19442.7,2025-08-11 11:04:10.183045
2025-08-11,97253,2025081103000156,MFIL,Sundhara Securities Limited,Trishakti Securities Public Limited,3000,720.0,2160000.0,2025-08-11 11:04:10.183079
2025-08-11,97252,2025081103000157,MFIL,Naasa Securities Co. Ltd.,Trishakti Securities Public Limited,83,720.0,59760.0,2025-08-11 11:04:10.183113
2025-08-11,97149,2025081103000165,MFIL,Naasa Securities Co. Ltd.,Nagarik Stock Dealer ,17,720.0,12240.0,2025-08-11 11:04:29.403462
2025-08-11,97148,2025081103000166,MFIL,Aryatara Investment & Securities,Nagarik Stock Dealer ,1000,719.0,719000.0,2025-08-11 11:04:29.403573
2025-08-11,97147,2025081103000167,MFIL,Ashutosh Brokerage & Securities (PVT) Ltd.,Nagarik Stock Dealer ,1983,719.0,1425777.0,2025-08-11 11:04:29.403611
2025-08-11,95476,2025081103000312,MFIL,Arun Securities (PVT) Ltd.,Nagarik Stock Dealer ,100,723.0,72300.0,2025-08-11 11:08:22.475585
2025-08-11,95459,2025081103000313,MFIL,Sewa Securities Pvt. Ltd.,Nagarik Stock Dealer ,30,723.0,21690.0,2025-08-11 11:08:25.234791
2025-08-11,95458,2025081103000314,MFIL,Sewa Securities Pvt. Ltd.,Trishakti Securities Public Limited,20,723.0,14460.0,2025-08-11 11:08:25.234883
2025-08-11,95377,2025081103000319,MFIL,Secured Securities Ltd.,Trishakti Securities Public Limited,100,722.0,72200.0,2025-08-11 11:08:37.003000
2025-08-11,95296,2025081103000328,MFIL,Vision Securities Pvt. Ltd,Trishakti Securities Public Limited,100,722.0,72200.0,2025-08-11 11:08:47.226756
2025-08-11,94601,2025081103000389,MFIL,Investment Management Nepal Pvt. Ltd.,Bhrikuti Stock Broking Co. Pvt. Ltd.,500,721.0,360500.0,2025-08-11 11:10:25.865757
2025-08-11,94600,2025081103000390,MFIL,Aryatara Investment & Securities,Bhrikuti Stock Broking Co. Pvt. Ltd.,680,720.3,489804.0,2025-08-11 11:10:25.865910
2025-08-11,94599,2025081103000391,MFIL,Aryatara Investment & Securities,Bhrikuti Stock Broking Co. Pvt. Ltd.,140,720.3,100842.0,2025-08-11 11:10:25.865951
2025-08-11,94528,2025081103000400,MFIL,Aryatara Investment & Securities,Dakshinkali Investment & Securities Pvt. Ltd.,520,720.3,374556.0,2025-08-11 11:10:38.171186
2025-08-11,94527,2025081103000401,MFIL,Aryatara Investment & Securities,Dakshinkali Investment & Securities Pvt. Ltd.,650,720.2,468130.0,2025-08-11 11:10:38.171301
2025-08-11,94526,2025081103000402,MFIL,Aryatara Investment & Securities,Dakshinkali Investment & Securities Pvt. Ltd.,680,720.2,489736.0,2025-08-11 11:10:38.171345
2025-08-11,94525,2025081103000403,MFIL,Aryatara Investment & Securities,Dakshinkali Investment & Securities Pvt. Ltd.,650,720.1,468065.0,2025-08-11 11:10:38.171386
2025-08-11,94524,2025081103000404,MFIL,Aryatara Investment & Securities,Dakshinkali Investment & Securities Pvt. Ltd.,680,720.1,489668.0,2025-08-11 11:10:38.171422
2025-08-11,94523,2025081103000405,MFIL,Naasa Securities Co. Ltd.,Dakshinkali Investment & Securities Pvt. Ltd.,280,720.0,201600.0,2025-08-11 11:10:38.171472
2025-08-11,94522,2025081103000406,MFIL,Siprabi Securities Pvt. Ltd.,Dakshinkali Investment & Securities Pvt. Ltd.,65,720.0,46800.0,2025-08-11 11:10:38.171509
2025-08-11,94521,2025081103000407,MFIL,Trishakti Securities Public Limited,Dakshinkali Investment & Securities Pvt. Ltd.,50,720.0,36000.0,2025-08-11 11:10:38.171554
2025-08-11,94385,2025081103000441,MFIL,Ashutosh Brokerage & Securities (PVT) Ltd.,Trishakti Securities Public Limited,17,719.0,12223.0,2025-08-11 11:10:55.981906
2025-08-11,94384,2025081103000442,MFIL,South Asian Bulls Pvt. Ltd.,Trishakti Securities Public Limited,985,719.0,708215.0,2025-08-11 11:10:55.982019
2025-08-11,93544,2025081103000575,MFIL,South Asian Bulls Pvt. Ltd.,Dakshinkali Investment & Securities Pvt. Ltd.,15,719.0,10785.0,2025-08-11 11:12:48.275270
2025-08-11,92904,2025081103000663,MFIL,Naasa Securities Co. Ltd.,Thrive Brokerage House Pvt. Ltd,100,718.0,71800.0,2025-08-11 11:14:14.524903
2025-08-11,92903,2025081103000664,MFIL,Trishakti Securities Public Limited,Thrive Brokerage House Pvt. Ltd,50,718.0,35900.0,2025-08-11 11:14:14.524946
2025-08-11,92902,2025081103000665,MFIL,Dynamic Money Managers Securities Pvt. Ltd.,Thrive Brokerage House Pvt. Ltd,25,717.0,17925.0,2025-08-11 11:14:14.524973
2025-08-11,92901,2025081103000666,MFIL,Online Securities Pvt. Ltd.,Thrive Brokerage House Pvt. Ltd,70,716.1,50127.0,2025-08-11 11:14:14.525011
2025-08-11,92900,2025081103000667,MFIL,Kohinoor Investment & Securities Pvt. Ltd.,Thrive Brokerage House Pvt. Ltd,1000,716.1,716100.0,2025-08-11 11:14:14.525058
2025-08-11,92899,2025081103000668,MFIL,Ashutosh Brokerage & Securities (PVT) Ltd.,Thrive Brokerage House Pvt. Ltd,755,716.0,540580.0,2025-08-11 11:14:14.525090
2025-08-11,92096,2025081103000789,MFIL,Vision Securities Pvt. Ltd,ABC Securities Private Limited,50,716.1,35805.0,2025-08-11 11:16:09.133468
2025-08-11,92095,2025081103000790,MFIL,Secured Securities Ltd.,ABC Securities Private Limited,10,716.1,7161.0,2025-08-11 11:16:09.133583
2025-08-11,92094,2025081103000791,MFIL,Naasa Securities Co. Ltd.,ABC Securities Private Limited,200,716.1,143220.0,2025-08-11 11:16:09.133626
2025-08-11,92093,2025081103000792,MFIL,Ashutosh Brokerage & Securities (PVT) Ltd.,ABC Securities Private Limited,2240,716.0,1603840.0,2025-08-11 11:16:09.133680
2025-08-11,91694,2025081103000841,MFIL,Sani Securities Company Ltd.,Sumeru Securities Pvt. Ltd.,300,716.0,214800.0,2025-08-11 11:16:55.608599
2025-08-11,91665,2025081103000846,MFIL,Sundhara Securities Limited,Dakshinkali Investment & Securities Pvt. Ltd.,250,715.0,178750.0,2025-08-11 11:17:02.563521
2025-08-11,91664,2025081103000847,MFIL,Secured Securities Ltd.,Dakshinkali Investment & Securities Pvt. Ltd.,50,715.0,35750.0,2025-08-11 11:17:02.563662
2025-08-11,91663,2025081103000848,MFIL,Oxford Securities Pvt. Ltd.,Dakshinkali Investment & Securities Pvt. Ltd.,500,715.0,357500.0,2025-08-11 11:17:02.563706
2025-08-11,91662,2025081103000849,MFIL,Shree Krishna Securities Ltd.,Dakshinkali Investment & Securities Pvt. Ltd.,500,715.0,357500.0,2025-08-11 11:17:02.563751
2025-08-11,91661,2025081103000850,MFIL,Online Securities Pvt. Ltd.,Dakshinkali Investment & Securities Pvt. Ltd.,22,715.0,15730.0,2025-08-11 11:17:02.563791
2025-08-11,91660,2025081103000851,MFIL,Naasa Securities Co. Ltd.,Dakshinkali Investment & Securities Pvt. Ltd.,11,715.0,7865.0,2025-08-11 11:17:02.563853
2025-08-11,91281,2025081103000891,MFIL,Sundhara Securities Limited,Dakshinkali Investment & Securities Pvt. Ltd.,77,715.0,55055.0,2025-08-11 11:17:56.080739
2025-08-11,90978,2025081103000945,MFIL,Capital Max Securities Ltd,Sani Securities Company Ltd.,41,715.0,29315.0,2025-08-11 11:18:44.988636
2025-08-11,90323,2025081103001043,MFIL,Cristal Kanchanjanga Securites Pvt. Ltd.,Oxford Securities Pvt. Ltd.,50,713.1,35655.0,2025-08-11 11:20:09.590506
2025-08-11,90322,2025081103001044,MFIL,Secured Securities Ltd.,Oxford Securities Pvt. Ltd.,10,713.1,7131.0,2025-08-11 11:20:09.590633
2025-08-11,90321,2025081103001045,MFIL,Naasa Securities Co. Ltd.,Oxford Securities Pvt. Ltd.,100,713.1,71310.0,2025-08-11 11:20:09.590681
2025-08-11,90320,2025081103001046,MFIL,Oxford Securities Pvt. Ltd.,Oxford Securities Pvt. Ltd.,100,713.0,71300.0,2025-08-11 11:20:09.590727
2025-08-11,90319,2025081103001047,MFIL,Kohinoor Investment & Securities Pvt. Ltd.,Oxford Securities Pvt. Ltd.,240,713.0,171120.0,2025-08-11 11:20:09.590768
2025-08-11,89932,2025081103001080,MFIL,Asian Securities Private Ltd.,Imperial Securities Company Pvt. Ltd.,40,713.2,28528.0,2025-08-11 11:21:05.558450
2025-08-11,89180,2025081103001138,MFIL,Asian Securities Private Ltd.,Aryatara Investment & Securities,960,713.2,684672.0,2025-08-11 11:23:12.075918
2025-08-11,89179,2025081103001139,MFIL,Dipshikha Dhitopatra Karobar Co. Pvt Ltd.,Aryatara Investment & Securities,500,713.1,356550.0,2025-08-11 11:23:12.076036
2025-08-11,89178,2025081103001140,MFIL,Kohinoor Investment & Securities Pvt. Ltd.,Aryatara Investment & Securities,740,713.0,527620.0,2025-08-11 11:23:12.076108
2025-08-11,89025,2025081103001156,MFIL,Kohinoor Investment & Securities Pvt. Ltd.,Aryatara Investment & Securities,20,713.0,14260.0,2025-08-11 11:23:34.593993
2025-08-11,89024,2025081103001157,MFIL,Vision Securities Pvt. Ltd,Aryatara Investment & Securities,80,713.0,57040.0,2025-08-11 11:23:34.594138
2025-08-11,88953,2025081103001165,MFIL,Vision Securities Pvt. Ltd,Nepal Stock House (PVT) Ltd.,20,713.0,14260.0,2025-08-11 11:23:47.393874
2025-08-11,88728,2025081103001206,MFIL,Capital Max Securities Ltd,Nepal Stock House (PVT) Ltd.,22,713.0,15686.0,2025-08-11 11:24:19.470093
2025-08-11,88463,2025081103001251,MFIL,Bhrikuti Stock Broking Co. Pvt. Ltd.,Nepal Stock House (PVT) Ltd.,278,713.0,198214.0,2025-08-11 11:24:57.858594
2025-08-11,88363,2025081103001255,MFIL,Bhrikuti Stock Broking Co. Pvt. Ltd.,Nepal Investment And Securities Trading Private Limited,100,715.0,71500.0,2025-08-11 11:25:10.968453
2025-08-11,88362,2025081103001256,MFIL,Bhrikuti Stock Broking Co. Pvt. Ltd.,Sumeru Securities Pvt. Ltd.,900,716.0,644400.0,2025-08-11 11:25:10.968560
2025-08-11,88209,2025081103001276,MFIL,Bhrikuti Stock Broking Co. Pvt. Ltd.,Sumeru Securities Pvt. Ltd.,1000,716.0,716000.0,2025-08-11 11:25:30.099899
2025-08-11,87836,2025081103001333,MFIL,Bhrikuti Stock Broking Co. Pvt. Ltd.,Sumeru Securities Pvt. Ltd.,300,716.0,214800.0,2025-08-11 11:26:22.563720
2025-08-11,87835,2025081103001334,MFIL,Bhrikuti Stock Broking Co. Pvt. Ltd.,South Asian Bulls Pvt. Ltd.,78,725.0,56550.0,2025-08-11 11:26:22.563824
2025-08-11,87834,2025081103001335,MFIL,Bhrikuti Stock Broking Co. Pvt. Ltd.,J.F. Securites (PVT) Ltd.,20,725.0,14500.0,2025-08-11 11:26:22.563905
2025-08-11,87833,2025081103001336,MFIL,Bhrikuti Stock Broking Co. Pvt. Ltd.,Linch Stock Market Ltd.,102,725.0,73950.0,2025-08-11 11:26:22.563973
2025-08-11,82424,2025081103002052,MFIL,Thrive Brokerage House Pvt. Ltd,Vision Securities Pvt. Ltd,200,716.0,143200.0,2025-08-11 11:38:19.083297
2025-08-11,82423,2025081103002053,MFIL,Dynamic Money Managers Securities Pvt. Ltd.,Vision Securities Pvt. Ltd,200,716.0,143200.0,2025-08-11 11:38:19.083548
2025-08-11,80890,2025081103002296,MFIL,Creative Securities Pvt Ltd,Trishakti Securities Public Limited,500,716.0,358000.0,2025-08-11 11:41:58.195224
2025-08-11,80322,2025081103002393,MFIL,Sundhara Securities Limited,Trishakti Securities Public Limited,200,715.1,143020.0,2025-08-11 11:43:30.866341
2025-08-11,80321,2025081103002394,MFIL,Vision Securities Pvt. Ltd,Trishakti Securities Public Limited,1000,715.0,715000.0,2025-08-11 11:43:30.866511
2025-08-11,80320,2025081103002395,MFIL,Shree Krishna Securities Ltd.,Trishakti Securities Public Limited,500,715.0,357500.0,2025-08-11 11:43:30.866574
2025-08-11,78759,2025081103002657,MFIL,Cristal Kanchanjanga Securites Pvt. Ltd.,Nepal Stock House (PVT) Ltd.,50,713.2,35660.0,2025-08-11 11:47:27.145357
2025-08-11,78758,2025081103002658,MFIL,Kumari Securities Private Limited,Nepal Stock House (PVT) Ltd.,317,713.0,226021.0,2025-08-11 11:47:27.145681
2025-08-11,77922,2025081103002814,MFIL,Bhrikuti Stock Broking Co. Pvt. Ltd.,Sani Securities Company Ltd.,100,716.0,71600.0,2025-08-11 11:49:43.390841
2025-08-11,77812,2025081103002842,MFIL,Bhrikuti Stock Broking Co. Pvt. Ltd.,Sani Securities Company Ltd.,79,716.0,56564.0,2025-08-11 11:49:57.554239
2025-08-11,77811,2025081103002843,MFIL,Bhrikuti Stock Broking Co. Pvt. Ltd.,Trishakti Securities Public Limited,100,719.0,71900.0,2025-08-11 11:49:57.554293
2025-08-11,77810,2025081103002844,MFIL,Bhrikuti Stock Broking Co. Pvt. Ltd.,Nepal Investment And Securities Trading Private Limited,21,720.0,15120.0,2025-08-11 11:49:57.554321
2025-08-11,77719,2025081103002878,MFIL,Bhrikuti Stock Broking Co. Pvt. Ltd.,Nepal Investment And Securities Trading Private Limited,49,720.0,35280.0,2025-08-11 11:50:11.675214
2025-08-11,77718,2025081103002879,MFIL,Bhrikuti Stock Broking Co. Pvt. Ltd.,N.M.B. SECURITIES LIMITED,50,720.0,36000.0,2025-08-11 11:50:11.675265
2025-08-11,77717,2025081103002880,MFIL,Bhrikuti Stock Broking Co. Pvt. Ltd.,ABC Securities Private Limited,20,720.0,14400.0,2025-08-11 11:50:11.675295
2025-08-11,77716,2025081103002881,MFIL,Bhrikuti Stock Broking Co. Pvt. Ltd.,Trisul Securities & Invt. Ltd.,81,722.0,58482.0,2025-08-11 11:50:11.675323
2025-08-11,77241,2025081103003017,MFIL,Bhrikuti Stock Broking Co. Pvt. Ltd.,Vision Securities Pvt. Ltd,200,714.0,142800.0,2025-08-11 11:51:22.135482
2025-08-11,75797,2025081103003325,MFIL,Bhrikuti Stock Broking Co. Pvt. Ltd.,Kohinoor Investment & Securities Pvt. Ltd.,200,716.0,143200.0,2025-08-11 11:54:45.737653
2025-08-11,74407,2025081103003654,MFIL,Bhrikuti Stock Broking Co. Pvt. Ltd.,Bhrikuti Stock Broking Co. Pvt. Ltd.,100,716.0,71600.0,2025-08-11 11:58:12.803275
2025-08-11,74406,2025081103003655,MFIL,Shree Krishna Securities Ltd.,Bhrikuti Stock Broking Co. Pvt. Ltd.,2900,715.0,2073500.0,2025-08-11 11:58:12.803602
2025-08-11,73733,2025081103003806,MFIL,Sagarmatha Securities Private Limited,Sharepro Securities Private Limited,30,716.0,21480.0,2025-08-11 11:59:40.080165
2025-08-11,73732,2025081103003807,MFIL,Shree Krishna Securities Ltd.,Sharepro Securities Private Limited,100,715.0,71500.0,2025-08-11 11:59:40.080259
2025-08-11,73731,2025081103003808,MFIL,Dynamic Money Managers Securities Pvt. Ltd.,Sharepro Securities Private Limited,100,714.6,71460.0,2025-08-11 11:59:40.080332
2025-08-11,73730,2025081103003809,MFIL,Thrive Brokerage House Pvt. Ltd,Sharepro Securities Private Limited,1000,714.5,714500.0,2025-08-11 11:59:40.080404
2025-08-11,73729,2025081103003810,MFIL,Vision Securities Pvt. Ltd,Sharepro Securities Private Limited,200,714.0,142800.0,2025-08-11 11:59:40.080476
2025-08-11,73728,2025081103003811,MFIL,Kumari Securities Private Limited,Sharepro Securities Private Limited,183,713.0,130479.0,2025-08-11 11:59:40.080550
2025-08-11,73727,2025081103003812,MFIL,Vision Securities Pvt. Ltd,Sharepro Securities Private Limited,120,712.0,85440.0,2025-08-11 11:59:40.080625
2025-08-11,73726,2025081103003813,MFIL,Vision Securities Pvt. Ltd,Sharepro Securities Private Limited,267,711.1,189863.7,2025-08-11 11:59:40.080692
2025-08-11,73526,2025081103003842,MFIL,Bhrikuti Stock Broking Co. Pvt. Ltd.,Online Securities Pvt. Ltd.,200,721.8,144360.0,2025-08-11 12:00:19.780144
2025-08-11,73305,2025081103003871,MFIL,Dipshikha Dhitopatra Karobar Co. Pvt Ltd.,Sharepro Securities Private Limited,1000,717.0,717000.0,2025-08-11 12:00:51.409288
2025-08-11,73304,2025081103003872,MFIL,Dipshikha Dhitopatra Karobar Co. Pvt Ltd.,Sharepro Securities Private Limited,1500,714.0,1071000.0,2025-08-11 12:00:51.409326
2025-08-11,70082,2025081103004399,MFIL,Sagarmatha Securities Private Limited,Online Securities Pvt. Ltd.,10,713.0,7130.0,2025-08-11 12:10:11.797455
2025-08-11,69453,2025081103004527,MFIL,Capital Max Securities Ltd,Online Securities Pvt. Ltd.,12,713.0,8556.0,2025-08-11 12:11:46.095143
2025-08-11,67754,2025081103004891,MFIL,Vision Securities Pvt. Ltd,Nagarik Stock Dealer ,10,712.5,7125.0,2025-08-11 12:15:49.903302
2025-08-11,66613,2025081103005074,MFIL,Asian Securities Private Ltd.,Secured Securities Ltd.,300,715.0,214500.0,2025-08-11 12:19:01.237702
2025-08-11,66494,2025081103005093,MFIL,Asian Securities Private Ltd.,Sanima Securities Limited,200,715.0,143000.0,2025-08-11 12:19:23.081838
2025-08-11,66132,2025081103005155,MFIL,Vision Securities Pvt. Ltd,Deevyaa Securities & Stock House Pvt. Ltd,160,714.0,114240.0,2025-08-11 12:20:29.376811
2025-08-11,65829,2025081103005215,MFIL,Asian Securities Private Ltd.,Deevyaa Securities & Stock House Pvt. Ltd,130,713.0,92690.0,2025-08-11 12:21:08.260688
2025-08-11,64891,2025081103005391,MFIL,Asian Securities Private Ltd.,Online Securities Pvt. Ltd.,370,713.0,263810.0,2025-08-11 12:23:28.899991
2025-08-11,64890,2025081103005392,MFIL,Vision Securities Pvt. Ltd,Online Securities Pvt. Ltd.,40,712.5,28500.0,2025-08-11 12:23:28.900364
2025-08-11,64889,2025081103005393,MFIL,Bhrikuti Stock Broking Co. Pvt. Ltd.,Online Securities Pvt. Ltd.,590,712.1,420139.0,2025-08-11 12:23:28.900579
2025-08-11,64784,2025081103005408,MFIL,Bhrikuti Stock Broking Co. Pvt. Ltd.,Midas Stock Broking Company Private Limited,150,712.1,106815.0,2025-08-11 12:23:54.077594
2025-08-11,63306,2025081103005637,MFIL,Investment Management Nepal Pvt. Ltd.,Kohinoor Investment & Securities Pvt. Ltd.,190,712.3,135337.0,2025-08-11 12:28:30.140315
2025-08-11,60034,2025081103006170,MFIL,Sagarmatha Securities Private Limited,Agrawal Securities (PVT) Ltd.,10,715.0,7150.0,2025-08-11 12:39:23.338944
2025-08-11,59380,2025081103006282,MFIL,Vision Securities Pvt. Ltd,Oxford Securities Pvt. Ltd.,100,713.0,71300.0,2025-08-11 12:41:37.651418
2025-08-11,59379,2025081103006283,MFIL,Naasa Securities Co. Ltd.,Oxford Securities Pvt. Ltd.,500,713.0,356500.0,2025-08-11 12:41:37.651644
2025-08-11,59378,2025081103006284,MFIL,Secured Securities Ltd.,Oxford Securities Pvt. Ltd.,20,712.5,14250.0,2025-08-11 12:41:37.651722
2025-08-11,59377,2025081103006285,MFIL,Vision Securities Pvt. Ltd,Oxford Securities Pvt. Ltd.,100,712.4,71240.0,2025-08-11 12:41:37.651791
2025-08-11,59376,2025081103006286,MFIL,Investment Management Nepal Pvt. Ltd.,Oxford Securities Pvt. Ltd.,10,712.3,7123.0,2025-08-11 12:41:37.651860
2025-08-11,59375,2025081103006287,MFIL,Bhrikuti Stock Broking Co. Pvt. Ltd.,Oxford Securities Pvt. Ltd.,20,712.2,14244.0,2025-08-11 12:41:37.651929
2025-08-11,59374,2025081103006288,MFIL,Bhrikuti Stock Broking Co. Pvt. Ltd.,Oxford Securities Pvt. Ltd.,250,712.1,178025.0,2025-08-11 12:41:37.652010
2025-08-11,57091,2025081103006713,MFIL,Online Securities Pvt. Ltd.,Aryatara Investment & Securities,15,714.0,10710.0,2025-08-11 12:50:37.237577
2025-08-11,57070,2025081103006715,MFIL,Bhrikuti Stock Broking Co. Pvt. Ltd.,Sani Securities Company Ltd.,10,712.1,7121.0,2025-08-11 12:50:45.697452
2025-08-11,57069,2025081103006716,MFIL,Aryatara Investment & Securities,Sani Securities Company Ltd.,90,712.1,64089.0,2025-08-11 12:50:45.697650
2025-08-11,56422,2025081103006821,MFIL,Sagarmatha Securities Private Limited,Aryatara Investment & Securities,10,714.0,7140.0,2025-08-11 12:52:59.545120
2025-08-11,55659,2025081103006934,MFIL,Aryatara Investment & Securities,ABC Securities Private Limited,70,713.0,49910.0,2025-08-11 12:55:40.401907
2025-08-11,55658,2025081103006935,MFIL,Aryatara Investment & Securities,ABC Securities Private Limited,125,712.1,89012.5,2025-08-11 12:55:40.402144
2025-08-11,54343,2025081103007175,MFIL,Vision Securities Pvt. Ltd,K.B.L. Securities Limited ,150,713.0,106950.0,2025-08-11 13:00:34.663406
2025-08-11,54342,2025081103007176,MFIL,Aryatara Investment & Securities,K.B.L. Securities Limited ,25,712.1,17802.5,2025-08-11 13:00:34.663761
2025-08-11,54341,2025081103007177,MFIL,Dynamic Money Managers Securities Pvt. Ltd.,K.B.L. Securities Limited ,25,711.6,17790.0,2025-08-11 13:00:34.664002
2025-08-11,54264,2025081103007186,MFIL,Investment Management Nepal Pvt. Ltd.,Aryatara Investment & Securities,150,713.0,106950.0,2025-08-11 13:01:00.809315
2025-08-11,54007,2025081103007232,MFIL,Investment Management Nepal Pvt. Ltd.,South Asian Bulls Pvt. Ltd.,20,713.1,14262.0,2025-08-11 13:01:49.694718
2025-08-11,50714,2025081103007858,MFIL,Investment Management Nepal Pvt. Ltd.,Bhrikuti Stock Broking Co. Pvt. Ltd.,130,713.1,92703.0,2025-08-11 13:12:48.610114
2025-08-11,50713,2025081103007859,MFIL,Secured Securities Ltd.,Bhrikuti Stock Broking Co. Pvt. Ltd.,10,712.0,7120.0,2025-08-11 13:12:48.610312
2025-08-11,50712,2025081103007860,MFIL,Vision Securities Pvt. Ltd,Bhrikuti Stock Broking Co. Pvt. Ltd.,200,712.0,142400.0,2025-08-11 13:12:48.610412
2025-08-11,50711,2025081103007861,MFIL,Dynamic Money Managers Securities Pvt. Ltd.,Bhrikuti Stock Broking Co. Pvt. Ltd.,75,711.6,53370.0,2025-08-11 13:12:48.610487
2025-08-11,50710,2025081103007862,MFIL,Sharepro Securities Private Limited,Bhrikuti Stock Broking Co. Pvt. Ltd.,4585,711.6,3262686.0,2025-08-11 13:12:48.610560
2025-08-11,49889,2025081103008030,MFIL,Sharepro Securities Private Limited,Vision Securities Pvt. Ltd,267,711.6,189997.2,2025-08-11 13:15:12.826867
2025-08-11,49322,2025081103008121,MFIL,Sharepro Securities Private Limited,Agrawal Securities (PVT) Ltd.,75,711.6,53370.0,2025-08-11 13:17:02.714817
2025-08-11,48627,2025081103008250,MFIL,Sharepro Securities Private Limited,Bhrikuti Stock Broking Co. Pvt. Ltd.,73,711.6,51946.8,2025-08-11 13:19:17.567223
2025-08-11,48626,2025081103008251,MFIL,Aryatara Investment & Securities,Bhrikuti Stock Broking Co. Pvt. Ltd.,150,711.5,106725.0,2025-08-11 13:19:17.567272
2025-08-11,48625,2025081103008252,MFIL,J.F. Securites (PVT) Ltd.,Bhrikuti Stock Broking Co. Pvt. Ltd.,100,711.5,71150.0,2025-08-11 13:19:17.567300
2025-08-11,48624,2025081103008253,MFIL,Dynamic Money Managers Securities Pvt. Ltd.,Bhrikuti Stock Broking Co. Pvt. Ltd.,25,711.2,17780.0,2025-08-11 13:19:17.567326
2025-08-11,48623,2025081103008254,MFIL,Shree Krishna Securities Ltd.,Bhrikuti Stock Broking Co. Pvt. Ltd.,652,711.1,463637.2,2025-08-11 13:19:17.567372
2025-08-11,48159,2025081103008324,MFIL,Shree Krishna Securities Ltd.,Bhrikuti Stock Broking Co. Pvt. Ltd.,18,711.1,12799.8,2025-08-11 13:20:35.109547
2025-08-11,48158,2025081103008325,MFIL,Oxford Securities Pvt. Ltd.,Bhrikuti Stock Broking Co. Pvt. Ltd.,100,711.0,71100.0,2025-08-11 13:20:35.109604
2025-08-11,48157,2025081103008326,MFIL,Vision Securities Pvt. Ltd,Bhrikuti Stock Broking Co. Pvt. Ltd.,100,711.0,71100.0,2025-08-11 13:20:35.109633
2025-08-11,48156,2025081103008327,MFIL,Naasa Securities Co. Ltd.,Bhrikuti Stock Broking Co. Pvt. Ltd.,24,710.5,17052.0,2025-08-11 13:20:35.109676
2025-08-11,48155,2025081103008328,MFIL,Dipshikha Dhitopatra Karobar Co. Pvt Ltd.,Bhrikuti Stock Broking Co. Pvt. Ltd.,500,710.2,355100.0,2025-08-11 13:20:35.109712
2025-08-11,48154,2025081103008329,MFIL,Dipshikha Dhitopatra Karobar Co. Pvt Ltd.,Bhrikuti Stock Broking Co. Pvt. Ltd.,70,710.0,49700.0,2025-08-11 13:20:35.109736
2025-08-11,48153,2025081103008330,MFIL,Premier Securities Company Ltd.,Bhrikuti Stock Broking Co. Pvt. Ltd.,300,710.0,213000.0,2025-08-11 13:20:35.109762
2025-08-11,48152,2025081103008331,MFIL,Vision Securities Pvt. Ltd,Bhrikuti Stock Broking Co. Pvt. Ltd.,200,710.0,142000.0,2025-08-11 13:20:35.109785
2025-08-11,48151,2025081103008332,MFIL,Sundhara Securities Limited,Bhrikuti Stock Broking Co. Pvt. Ltd.,250,710.0,177500.0,2025-08-11 13:20:35.109806
2025-08-11,48150,2025081103008333,MFIL,Bhrikuti Stock Broking Co. Pvt. Ltd.,Bhrikuti Stock Broking Co. Pvt. Ltd.,15,710.0,10650.0,2025-08-11 13:20:35.109827
2025-08-11,48149,2025081103008334,MFIL,Vision Securities Pvt. Ltd,Bhrikuti Stock Broking Co. Pvt. Ltd.,100,710.0,71000.0,2025-08-11 13:20:35.109849
2025-08-11,48148,2025081103008335,MFIL,Secured Securities Ltd.,Bhrikuti Stock Broking Co. Pvt. Ltd.,323,710.0,229330.0,2025-08-11 13:20:35.109871
2025-08-11,48076,2025081103008339,MFIL,Secured Securities Ltd.,Sanima Securities Limited,100,710.0,71000.0,2025-08-11 13:20:51.149744
2025-08-11,46513,2025081103008644,MFIL,Ashutosh Brokerage & Securities (PVT) Ltd.,Asian Securities Private Ltd.,5,716.0,3580.0,2025-08-11 13:25:48.844710
2025-08-11,46458,2025081103008653,MFIL,Sipla Securities Private Limited,Online Securities Pvt. Ltd.,20,713.0,14260.0,2025-08-11 13:26:01.909831
2025-08-11,44758,2025081103008978,MFIL,Agrawal Securities (PVT) Ltd.,Hatemalo Financial Services Private Limited,10,713.0,7130.0,2025-08-11 13:31:16.762837
2025-08-11,44757,2025081103008979,MFIL,Dynamic Money Managers Securities Pvt. Ltd.,Hatemalo Financial Services Private Limited,100,710.1,71010.0,2025-08-11 13:31:16.763052
2025-08-11,44756,2025081103008980,MFIL,Secured Securities Ltd.,Hatemalo Financial Services Private Limited,77,710.0,54670.0,2025-08-11 13:31:16.763127
2025-08-11,44755,2025081103008981,MFIL,Kumari Securities Private Limited,Hatemalo Financial Services Private Limited,50,710.0,35500.0,2025-08-11 13:31:16.763198
2025-08-11,44754,2025081103008982,MFIL,Vision Securities Pvt. Ltd,Hatemalo Financial Services Private Limited,98,710.0,69580.0,2025-08-11 13:31:16.763289
2025-08-11,43835,2025081103009136,MFIL,Vision Securities Pvt. Ltd,Hatemalo Financial Services Private Limited,52,710.0,36920.0,2025-08-11 13:33:27.136243
2025-08-11,43834,2025081103009137,MFIL,Sweta Securities Private Limited,Hatemalo Financial Services Private Limited,120,710.0,85200.0,2025-08-11 13:33:27.136593
2025-08-11,43833,2025081103009138,MFIL,Sani Securities Company Ltd.,Hatemalo Financial Services Private Limited,20,710.0,14200.0,2025-08-11 13:33:27.136814
2025-08-11,42519,2025081103009353,MFIL,Vision Securities Pvt. Ltd,Dipshikha Dhitopatra Karobar Co. Pvt Ltd.,50,709.1,35455.0,2025-08-11 13:36:24.849662
2025-08-11,42518,2025081103009354,MFIL,Trishakti Securities Public Limited,Dipshikha Dhitopatra Karobar Co. Pvt Ltd.,50,709.0,35450.0,2025-08-11 13:36:24.849878
2025-08-11,42393,2025081103009367,MFIL,Bhrikuti Stock Broking Co. Pvt. Ltd.,Hatemalo Financial Services Private Limited,258,709.0,182922.0,2025-08-11 13:36:44.708003
2025-08-11,42232,2025081103009399,MFIL,Bhrikuti Stock Broking Co. Pvt. Ltd.,S.P.S.A. Securities Limited,500,709.0,354500.0,2025-08-11 13:37:05.826824
2025-08-11,42210,2025081103009413,MFIL,Bhrikuti Stock Broking Co. Pvt. Ltd.,S.P.S.A. Securities Limited,500,709.0,354500.0,2025-08-11 13:37:11.846554
2025-08-11,42175,2025081103009419,MFIL,Bhrikuti Stock Broking Co. Pvt. Ltd.,S.P.S.A. Securities Limited,300,709.0,212700.0,2025-08-11 13:37:17.873534
2025-08-11,42158,2025081103009422,MFIL,Bhrikuti Stock Broking Co. Pvt. Ltd.,BHOLE GANESH SECURITIES LTD,800,709.0,567200.0,2025-08-11 13:37:19.387887
2025-08-11,41844,2025081103009458,MFIL,Bhrikuti Stock Broking Co. Pvt. Ltd.,BHOLE GANESH SECURITIES LTD,100,709.0,70900.0,2025-08-11 13:38:20.605687
2025-08-11,40312,2025081103009666,MFIL,Sharepro Securities Private Limited,Bhrikuti Stock Broking Co. Pvt. Ltd.,2000,709.0,1418000.0,2025-08-11 13:42:24.003487
2025-08-11,40311,2025081103009667,MFIL,Vision Securities Pvt. Ltd,Bhrikuti Stock Broking Co. Pvt. Ltd.,100,708.0,70800.0,2025-08-11 13:42:24.003563
2025-08-11,40310,2025081103009668,MFIL,Himalayan Brokerage Company Limited,Bhrikuti Stock Broking Co. Pvt. Ltd.,200,708.0,141600.0,2025-08-11 13:42:24.003623
2025-08-11,40309,2025081103009669,MFIL,J.F. Securites (PVT) Ltd.,Bhrikuti Stock Broking Co. Pvt. Ltd.,200,708.0,141600.0,2025-08-11 13:42:24.003650
2025-08-11,40308,2025081103009670,MFIL,Sharepro Securities Private Limited,Bhrikuti Stock Broking Co. Pvt. Ltd.,2500,708.0,1770000.0,2025-08-11 13:42:24.003674
2025-08-11,40023,2025081103009737,MFIL,Sharepro Securities Private Limited,Investment Management Nepal Pvt. Ltd.,500,708.0,354000.0,2025-08-11 13:43:12.817547
2025-08-11,39402,2025081103009871,MFIL,Vision Securities Pvt. Ltd,Bhrikuti Stock Broking Co. Pvt. Ltd.,200,707.0,141400.0,2025-08-11 13:44:43.065756
2025-08-11,39401,2025081103009872,MFIL,Dynamic Money Managers Securities Pvt. Ltd.,Bhrikuti Stock Broking Co. Pvt. Ltd.,100,706.0,70600.0,2025-08-11 13:44:43.065805
2025-08-11,39400,2025081103009873,MFIL,Premier Securities Company Ltd.,Bhrikuti Stock Broking Co. Pvt. Ltd.,10,705.9,7059.0,2025-08-11 13:44:43.065854
2025-08-11,39399,2025081103009874,MFIL,Vision Securities Pvt. Ltd,Bhrikuti Stock Broking Co. Pvt. Ltd.,300,705.0,211500.0,2025-08-11 13:44:43.065883
2025-08-11,39398,2025081103009875,MFIL,Trisul Securities & Invt. Ltd.,Bhrikuti Stock Broking Co. Pvt. Ltd.,1000,705.0,705000.0,2025-08-11 13:44:43.065910
2025-08-11,39397,2025081103009876,MFIL,Nepal Investment And Securities Trading Private Limited,Bhrikuti Stock Broking Co. Pvt. Ltd.,1244,705.0,877020.0,2025-08-11 13:44:43.065929
2025-08-11,39396,2025081103009877,MFIL,Bhrikuti Stock Broking Co. Pvt. Ltd.,Bhrikuti Stock Broking Co. Pvt. Ltd.,25,705.0,17625.0,2025-08-11 13:44:43.065952
2025-08-11,39395,2025081103009878,MFIL,Sundhara Securities Limited,Bhrikuti Stock Broking Co. Pvt. Ltd.,621,705.0,437805.0,2025-08-11 13:44:43.065977
2025-08-11,38970,2025081103009971,MFIL,Sundhara Securities Limited,Dakshinkali Investment & Securities Pvt. Ltd.,379,705.0,267195.0,2025-08-11 13:46:07.569446
2025-08-11,38969,2025081103009972,MFIL,Online Securities Pvt. Ltd.,Dakshinkali Investment & Securities Pvt. Ltd.,121,705.0,85305.0,2025-08-11 13:46:07.569807
2025-08-11,38777,2025081103010001,MFIL,Online Securities Pvt. Ltd.,Bhrikuti Stock Broking Co. Pvt. Ltd.,79,705.0,55695.0,2025-08-11 13:46:57.964323
2025-08-11,38776,2025081103010002,MFIL,Dynamic Money Managers Securities Pvt. Ltd.,Bhrikuti Stock Broking Co. Pvt. Ltd.,20,705.0,14100.0,2025-08-11 13:46:57.964490
2025-08-11,38775,2025081103010003,MFIL,Sipla Securities Private Limited,Bhrikuti Stock Broking Co. Pvt. Ltd.,10,705.0,7050.0,2025-08-11 13:46:57.964578
2025-08-11,38774,2025081103010004,MFIL,Sani Securities Company Ltd.,Bhrikuti Stock Broking Co. Pvt. Ltd.,10,705.0,7050.0,2025-08-11 13:46:57.964643
2025-08-11,37933,2025081103010193,MFIL,Nagarik Stock Dealer ,Bhrikuti Stock Broking Co. Pvt. Ltd.,1000,705.0,705000.0,2025-08-11 13:49:30.154646
2025-08-11,37932,2025081103010194,MFIL,Aryatara Investment & Securities,Bhrikuti Stock Broking Co. Pvt. Ltd.,255,704.0,179520.0,2025-08-11 13:49:30.154759
2025-08-11,37931,2025081103010195,MFIL,South Asian Bulls Pvt. Ltd.,Bhrikuti Stock Broking Co. Pvt. Ltd.,1000,703.1,703100.0,2025-08-11 13:49:30.154839
2025-08-11,37930,2025081103010196,MFIL,Vision Securities Pvt. Ltd,Bhrikuti Stock Broking Co. Pvt. Ltd.,300,703.0,210900.0,2025-08-11 13:49:30.154910
2025-08-11,37929,2025081103010197,MFIL,Bhrikuti Stock Broking Co. Pvt. Ltd.,Bhrikuti Stock Broking Co. Pvt. Ltd.,100,703.0,70300.0,2025-08-11 13:49:30.154978
2025-08-11,37928,2025081103010198,MFIL,Vision Securities Pvt. Ltd,Bhrikuti Stock Broking Co. Pvt. Ltd.,300,703.0,210900.0,2025-08-11 13:49:30.155095
2025-08-11,37927,2025081103010199,MFIL,Linch Stock Market Ltd.,Bhrikuti Stock Broking Co. Pvt. Ltd.,45,702.1,31594.5,2025-08-11 13:49:30.155195
2025-08-11,37519,2025081103010278,MFIL,Nagarik Stock Dealer ,Sagarmatha Securities Private Limited,1000,703.1,703100.0,2025-08-11 13:50:32.598934
2025-08-11,34445,2025081103010732,MFIL,Secured Securities Ltd.,Shree Krishna Securities Ltd.,10,705.0,7050.0,2025-08-11 14:00:03.624976
2025-08-11,34213,2025081103010774,MFIL,Aryatara Investment & Securities,Bhrikuti Stock Broking Co. Pvt. Ltd.,240,705.0,169200.0,2025-08-11 14:00:58.392840
2025-08-11,34212,2025081103010775,MFIL,Secured Securities Ltd.,Bhrikuti Stock Broking Co. Pvt. Ltd.,10,704.5,7045.0,2025-08-11 14:00:58.392887
2025-08-11,34211,2025081103010776,MFIL,Siprabi Securities Pvt. Ltd.,Bhrikuti Stock Broking Co. Pvt. Ltd.,500,704.0,352000.0,2025-08-11 14:00:58.392968
2025-08-11,34210,2025081103010777,MFIL,Dynamic Money Managers Securities Pvt. Ltd.,Bhrikuti Stock Broking Co. Pvt. Ltd.,311,703.3,218726.3,2025-08-11 14:00:58.392993
2025-08-11,33996,2025081103010818,MFIL,J.F. Securites (PVT) Ltd.,Nepal Stock House (PVT) Ltd.,100,705.0,70500.0,2025-08-11 14:01:45.940360
2025-08-11,33802,2025081103010832,MFIL,Investment Management Nepal Pvt. Ltd.,Nepal Stock House (PVT) Ltd.,100,705.0,70500.0,2025-08-11 14:02:26.058387
2025-08-11,33205,2025081103010926,MFIL,Aryatara Investment & Securities,Nepal Stock House (PVT) Ltd.,20,704.0,14080.0,2025-08-11 14:04:41.166424
2025-08-11,32776,2025081103010985,MFIL,J.F. Securites (PVT) Ltd.,Bhrikuti Stock Broking Co. Pvt. Ltd.,100,704.0,70400.0,2025-08-11 14:05:56.666561
2025-08-11,32775,2025081103010986,MFIL,Naasa Securities Co. Ltd.,Bhrikuti Stock Broking Co. Pvt. Ltd.,38,704.0,26752.0,2025-08-11 14:05:56.666668
2025-08-11,32774,2025081103010987,MFIL,Deevyaa Securities & Stock House Pvt. Ltd,Bhrikuti Stock Broking Co. Pvt. Ltd.,100,703.0,70300.0,2025-08-11 14:05:56.666786
2025-08-11,32773,2025081103010988,MFIL,Cristal Kanchanjanga Securites Pvt. Ltd.,Bhrikuti Stock Broking Co. Pvt. Ltd.,50,703.0,35150.0,2025-08-11 14:05:56.666862
2025-08-11,32772,2025081103010989,MFIL,Vision Securities Pvt. Ltd,Bhrikuti Stock Broking Co. Pvt. Ltd.,54,702.5,37935.0,2025-08-11 14:05:56.666940
2025-08-11,32532,2025081103011035,MFIL,Bhrikuti Stock Broking Co. Pvt. Ltd.,Imperial Securities Company Pvt. Ltd.,25,703.0,17575.0,2025-08-11 14:06:39.010436
2025-08-11,31240,2025081103011240,MFIL,Kohinoor Investment & Securities Pvt. Ltd.,Nepal Stock House (PVT) Ltd.,100,705.0,70500.0,2025-08-11 14:09:55.513234
2025-08-11,30858,2025081103011315,MFIL,Investment Management Nepal Pvt. Ltd.,Naasa Securities Co. Ltd.,10,704.0,7040.0,2025-08-11 14:11:01.052461
2025-08-11,30857,2025081103011316,MFIL,J.F. Securites (PVT) Ltd.,Naasa Securities Co. Ltd.,100,704.0,70400.0,2025-08-11 14:11:01.052788
2025-08-11,30856,2025081103011317,MFIL,Imperial Securities Company Pvt. Ltd.,Naasa Securities Co. Ltd.,200,703.4,140680.0,2025-08-11 14:11:01.053007
2025-08-11,30855,2025081103011318,MFIL,Investment Management Nepal Pvt. Ltd.,Naasa Securities Co. Ltd.,190,703.3,133627.0,2025-08-11 14:11:01.053244
2025-08-11,30704,2025081103011354,MFIL,Investment Management Nepal Pvt. Ltd.,Dakshinkali Investment & Securities Pvt. Ltd.,110,703.3,77363.0,2025-08-11 14:11:28.995244
2025-08-11,30703,2025081103011355,MFIL,Sundhara Securities Limited,Dakshinkali Investment & Securities Pvt. Ltd.,200,703.2,140640.0,2025-08-11 14:11:28.995456
2025-08-11,30702,2025081103011356,MFIL,Thrive Brokerage House Pvt. Ltd,Dakshinkali Investment & Securities Pvt. Ltd.,100,703.2,70320.0,2025-08-11 14:11:28.995628
2025-08-11,30701,2025081103011357,MFIL,Nagarik Stock Dealer ,Dakshinkali Investment & Securities Pvt. Ltd.,590,703.1,414829.0,2025-08-11 14:11:28.995698
2025-08-11,28218,2025081103011761,MFIL,Investment Management Nepal Pvt. Ltd.,Nepal Stock House (PVT) Ltd.,100,705.0,70500.0,2025-08-11 14:18:15.261756
2025-08-11,28104,2025081103011771,MFIL,Kohinoor Investment & Securities Pvt. Ltd.,Nepal Stock House (PVT) Ltd.,10,705.0,7050.0,2025-08-11 14:18:40.280437
2025-08-11,26082,2025081103012105,MFIL,Sundhara Securities Limited,Sumeru Securities Pvt. Ltd.,200,705.0,141000.0,2025-08-11 14:24:25.714333
2025-08-11,25745,2025081103012156,MFIL,Investment Management Nepal Pvt. Ltd.,Bhrikuti Stock Broking Co. Pvt. Ltd.,100,705.0,70500.0,2025-08-11 14:24:59.644782
2025-08-11,25744,2025081103012157,MFIL,Thrive Brokerage House Pvt. Ltd,Bhrikuti Stock Broking Co. Pvt. Ltd.,500,703.5,351750.0,2025-08-11 14:24:59.644840
2025-08-11,25743,2025081103012158,MFIL,Secured Securities Ltd.,Bhrikuti Stock Broking Co. Pvt. Ltd.,10,703.4,7034.0,2025-08-11 14:24:59.644877
2025-08-11,25742,2025081103012159,MFIL,Capital Max Securities Ltd,Bhrikuti Stock Broking Co. Pvt. Ltd.,50,703.4,35170.0,2025-08-11 14:24:59.644905
2025-08-11,25741,2025081103012160,MFIL,Vision Securities Pvt. Ltd,Bhrikuti Stock Broking Co. Pvt. Ltd.,100,703.3,70330.0,2025-08-11 14:24:59.644929
2025-08-11,25740,2025081103012161,MFIL,Vision Securities Pvt. Ltd,Bhrikuti Stock Broking Co. Pvt. Ltd.,40,703.3,28132.0,2025-08-11 14:24:59.644952
2025-08-11,25739,2025081103012162,MFIL,Sundhara Securities Limited,Bhrikuti Stock Broking Co. Pvt. Ltd.,300,703.2,210960.0,2025-08-11 14:24:59.644978
2025-08-11,25738,2025081103012163,MFIL,Nagarik Stock Dealer ,Bhrikuti Stock Broking Co. Pvt. Ltd.,410,703.1,288271.0,2025-08-11 14:24:59.645033
2025-08-11,25737,2025081103012164,MFIL,Sharepro Securities Private Limited,Bhrikuti Stock Broking Co. Pvt. Ltd.,2490,703.1,1750719.0,2025-08-11 14:24:59.645064
2025-08-11,25490,2025081103012232,MFIL,Dakshinkali Investment & Securities Pvt. Ltd.,Investment Management Nepal Pvt. Ltd.,50,704.0,35200.0,2025-08-11 14:25:31.936118
2025-08-11,25397,2025081103012241,MFIL,Oxford Securities Pvt. Ltd.,Bhrikuti Stock Broking Co. Pvt. Ltd.,500,704.1,352050.0,2025-08-11 14:25:56.121322
2025-08-11,25304,2025081103012250,MFIL,Oxford Securities Pvt. Ltd.,Bhrikuti Stock Broking Co. Pvt. Ltd.,500,704.1,352050.0,2025-08-11 14:26:14.264769
2025-08-11,23988,2025081103012472,MFIL,Vision Securities Pvt. Ltd,Bhrikuti Stock Broking Co. Pvt. Ltd.,100,704.6,70460.0,2025-08-11 14:29:41.261055
2025-08-11,23987,2025081103012473,MFIL,Secured Securities Ltd.,Bhrikuti Stock Broking Co. Pvt. Ltd.,10,704.5,7045.0,2025-08-11 14:29:41.261095
2025-08-11,23986,2025081103012474,MFIL,Sani Securities Company Ltd.,Bhrikuti Stock Broking Co. Pvt. Ltd.,40,704.2,28168.0,2025-08-11 14:29:41.261121
2025-08-11,23985,2025081103012475,MFIL,Sundhara Securities Limited,Bhrikuti Stock Broking Co. Pvt. Ltd.,100,704.1,70410.0,2025-08-11 14:29:41.261146
2025-08-11,23984,2025081103012476,MFIL,South Asian Bulls Pvt. Ltd.,Bhrikuti Stock Broking Co. Pvt. Ltd.,1000,704.1,704100.0,2025-08-11 14:29:41.261197
2025-08-11,23983,2025081103012477,MFIL,Dynamic Money Managers Securities Pvt. Ltd.,Bhrikuti Stock Broking Co. Pvt. Ltd.,189,703.2,132904.8,2025-08-11 14:29:41.261220
2025-08-11,23982,2025081103012478,MFIL,Sharepro Securities Private Limited,Bhrikuti Stock Broking Co. Pvt. Ltd.,510,703.1,358581.0,2025-08-11 14:29:41.261254
2025-08-11,23981,2025081103012479,MFIL,Linch Stock Market Ltd.,Bhrikuti Stock Broking Co. Pvt. Ltd.,51,703.1,35858.1,2025-08-11 14:29:41.261277
2025-08-11,23671,2025081103012526,MFIL,Bhrikuti Stock Broking Co. Pvt. Ltd.,Vision Securities Pvt. Ltd,10480,703.0,7367440.0,2025-08-11 14:30:32.378816
2025-08-11,22848,2025081103012643,MFIL,Ashutosh Brokerage & Securities (PVT) Ltd.,Sweta Securities Private Limited,400,704.0,281600.0,2025-08-11 14:32:19.468870
2025-08-11,20978,2025081103012951,MFIL,Sumeru Securities Pvt. Ltd.,Nepal Stock House (PVT) Ltd.,1000,703.2,703200.0,2025-08-11 14:36:29.627407
2025-08-11,20977,2025081103012952,MFIL,Imperial Securities Company Pvt. Ltd.,Nepal Stock House (PVT) Ltd.,300,703.1,210930.0,2025-08-11 14:36:29.627592
2025-08-11,20976,2025081103012953,MFIL,Bhrikuti Stock Broking Co. Pvt. Ltd.,Nepal Stock House (PVT) Ltd.,1200,703.0,843600.0,2025-08-11 14:36:29.627664
2025-08-11,20362,2025081103013063,MFIL,Trishakti Securities Public Limited,Bhrikuti Stock Broking Co. Pvt. Ltd.,200,704.0,140800.0,2025-08-11 14:37:51.000379
2025-08-11,18832,2025081103013333,MFIL,Linch Stock Market Ltd.,Bhrikuti Stock Broking Co. Pvt. Ltd.,154,703.1,108277.4,2025-08-11 14:40:30.279377
2025-08-11,18731,2025081103013345,MFIL,Bhrikuti Stock Broking Co. Pvt. Ltd.,Sagarmatha Securities Private Limited,100,703.0,70300.0,2025-08-11 14:40:40.316866
2025-08-11,18303,2025081103013465,MFIL,Bhrikuti Stock Broking Co. Pvt. Ltd.,Nepal Stock House (PVT) Ltd.,300,703.0,210900.0,2025-08-11 14:41:20.290375
2025-08-11,18093,2025081103013528,MFIL,Premier Securities Company Ltd.,Bhrikuti Stock Broking Co. Pvt. Ltd.,26,703.1,18280.6,2025-08-11 14:41:43.945499
2025-08-11,17509,2025081103013634,MFIL,Bhrikuti Stock Broking Co. Pvt. Ltd.,Citizens Share Broker Limited,500,703.0,351500.0,2025-08-11 14:42:27.793155
2025-08-11,17106,2025081103013701,MFIL,Bhrikuti Stock Broking Co. Pvt. Ltd.,Vision Securities Pvt. Ltd,395,703.0,277685.0,2025-08-11 14:43:06.039358
2025-08-11,15284,2025081103014128,MFIL,Bhrikuti Stock Broking Co. Pvt. Ltd.,Sri Hari Securities Pvt. Ltd.,75,703.1,52732.5,2025-08-11 14:45:30.245528
2025-08-11,15283,2025081103014129,MFIL,Bhrikuti Stock Broking Co. Pvt. Ltd.,Nepal Stock House (PVT) Ltd.,200,708.0,141600.0,2025-08-11 14:45:30.245660
2025-08-11,15282,2025081103014130,MFIL,Bhrikuti Stock Broking Co. Pvt. Ltd.,Dipshikha Dhitopatra Karobar Co. Pvt Ltd.,100,708.9,70890.0,2025-08-11 14:45:30.245806
2025-08-11,15281,2025081103014131,MFIL,Bhrikuti Stock Broking Co. Pvt. Ltd.,Imperial Securities Company Pvt. Ltd.,250,709.3,177325.0,2025-08-11 14:45:30.245931
2025-08-11,15280,2025081103014132,MFIL,Bhrikuti Stock Broking Co. Pvt. Ltd.,K.B.L. Securities Limited ,1000,710.0,710000.0,2025-08-11 14:45:30.246046
2025-08-11,15279,2025081103014133,MFIL,Bhrikuti Stock Broking Co. Pvt. Ltd.,Sani Securities Company Ltd.,310,710.0,220100.0,2025-08-11 14:45:30.246140
2025-08-11,15278,2025081103014134,MFIL,Bhrikuti Stock Broking Co. Pvt. Ltd.,Imperial Securities Company Pvt. Ltd.,100,710.0,71000.0,2025-08-11 14:45:30.246242
2025-08-11,15277,2025081103014135,MFIL,Bhrikuti Stock Broking Co. Pvt. Ltd.,Neev Securities Pvt. Ltd.,100,710.0,71000.0,2025-08-11 14:45:30.246352
2025-08-11,15276,2025081103014136,MFIL,Bhrikuti Stock Broking Co. Pvt. Ltd.,Sani Securities Company Ltd.,100,711.0,71100.0,2025-08-11 14:45:30.246427
2025-08-11,15275,2025081103014137,MFIL,Bhrikuti Stock Broking Co. Pvt. Ltd.,Imperial Securities Company Pvt. Ltd.,337,712.0,239944.0,2025-08-11 14:45:30.246517
2025-08-11,15274,2025081103014138,MFIL,Bhrikuti Stock Broking Co. Pvt. Ltd.,Aryatara Investment & Securities,200,712.0,142400.0,2025-08-11 14:45:30.246586
2025-08-11,15273,2025081103014139,MFIL,Bhrikuti Stock Broking Co. Pvt. Ltd.,Naasa Securities Co. Ltd.,334,715.0,238810.0,2025-08-11 14:45:30.246678
2025-08-11,15272,2025081103014140,MFIL,Bhrikuti Stock Broking Co. Pvt. Ltd.,Siprabi Securities Pvt. Ltd.,301,715.0,215215.0,2025-08-11 14:45:30.246785
2025-08-11,15271,2025081103014141,MFIL,Bhrikuti Stock Broking Co. Pvt. Ltd.,Aryatara Investment & Securities,10,715.0,7150.0,2025-08-11 14:45:30.246876
2025-08-11,15270,2025081103014142,MFIL,Bhrikuti Stock Broking Co. Pvt. Ltd.,Kumari Securities Private Limited,500,715.0,357500.0,2025-08-11 14:45:30.247039
2025-08-11,15269,2025081103014143,MFIL,Bhrikuti Stock Broking Co. Pvt. Ltd.,Kumari Securities Private Limited,100,715.0,71500.0,2025-08-11 14:45:30.247132
2025-08-11,15268,2025081103014144,MFIL,Bhrikuti Stock Broking Co. Pvt. Ltd.,Vision Securities Pvt. Ltd,200,715.0,143000.0,2025-08-11 14:45:30.247219
2025-08-11,15267,2025081103014145,MFIL,Bhrikuti Stock Broking Co. Pvt. Ltd.,Bhrikuti Stock Broking Co. Pvt. Ltd.,300,715.0,214500.0,2025-08-11 14:45:30.247287
2025-08-11,15266,2025081103014146,MFIL,Bhrikuti Stock Broking Co. Pvt. Ltd.,Bhrikuti Stock Broking Co. Pvt. Ltd.,1000,715.0,715000.0,2025-08-11 14:45:30.247373
2025-08-11,15265,2025081103014147,MFIL,Bhrikuti Stock Broking Co. Pvt. Ltd.,Bhrikuti Stock Broking Co. Pvt. Ltd.,1000,715.0,715000.0,2025-08-11 14:45:30.247475
2025-08-11,15264,2025081103014148,MFIL,Bhrikuti Stock Broking Co. Pvt. Ltd.,Bhrikuti Stock Broking Co. Pvt. Ltd.,1400,715.0,1001000.0,2025-08-11 14:45:30.247555
2025-08-11,15263,2025081103014149,MFIL,Bhrikuti Stock Broking Co. Pvt. Ltd.,Bhrikuti Stock Broking Co. Pvt. Ltd.,500,715.0,357500.0,2025-08-11 14:45:30.247634
2025-08-11,15262,2025081103014150,MFIL,Bhrikuti Stock Broking Co. Pvt. Ltd.,Bhrikuti Stock Broking Co. Pvt. Ltd.,320,716.0,229120.0,2025-08-11 14:45:30.247726
2025-08-11,15261,2025081103014151,MFIL,Bhrikuti Stock Broking Co. Pvt. Ltd.,Online Securities Pvt. Ltd.,10,717.0,7170.0,2025-08-11 14:45:30.247818
2025-08-11,15260,2025081103014152,MFIL,Bhrikuti Stock Broking Co. Pvt. Ltd.,Aryatara Investment & Securities,10,717.0,7170.0,2025-08-11 14:45:30.247997
2025-08-11,15259,2025081103014153,MFIL,Bhrikuti Stock Broking Co. Pvt. Ltd.,J.F. Securites (PVT) Ltd.,390,717.0,279630.0,2025-08-11 14:45:30.248094
2025-08-11,15258,2025081103014154,MFIL,Bhrikuti Stock Broking Co. Pvt. Ltd.,Sipla Securities Private Limited,20,717.9,14358.0,2025-08-11 14:45:30.248237
2025-08-11,15257,2025081103014155,MFIL,Bhrikuti Stock Broking Co. Pvt. Ltd.,Primo Securities (PVT) Ltd.,550,718.0,394900.0,2025-08-11 14:45:30.248339
2025-08-11,15256,2025081103014156,MFIL,Bhrikuti Stock Broking Co. Pvt. Ltd.,J.F. Securites (PVT) Ltd.,283,718.0,203194.0,2025-08-11 14:45:30.248438
2025-08-11,11640,2025081103014878,MFIL,Aryatara Investment & Securities,Swarna Laxmi Securities Pvt. Ltd.,4,725.0,2900.0,2025-08-11 14:49:49.101426
2025-08-11,10124,2025081103015224,MFIL,Asian Securities Private Ltd.,Bhrikuti Stock Broking Co. Pvt. Ltd.,1000,706.1,706100.0,2025-08-11 14:51:51.626504
2025-08-11,10123,2025081103015225,MFIL,South Asian Bulls Pvt. Ltd.,Bhrikuti Stock Broking Co. Pvt. Ltd.,260,706.0,183560.0,2025-08-11 14:51:51.626685
2025-08-11,10000,2025081103015278,MFIL,South Asian Bulls Pvt. Ltd.,Pragyan Securities (PVT) Ltd.,100,706.0,70600.0,2025-08-11 14:52:00.007399
2025-08-11,9024,2025081103015460,MFIL,Capital Max Securities Ltd,Investment Management Nepal Pvt. Ltd.,40,710.0,28400.0,2025-08-11 14:53:08.382665
2025-08-11,8678,2025081103015543,MFIL,South Asian Bulls Pvt. Ltd.,Bhrikuti Stock Broking Co. Pvt. Ltd.,44,706.0,31064.0,2025-08-11 14:53:28.811410
2025-08-11,7578,2025081103015765,MFIL,Aryatara Investment & Securities,Asian Securities Private Ltd.,10,707.0,7070.0,2025-08-11 14:54:48.127685
2025-08-11,7577,2025081103015766,MFIL,South Asian Bulls Pvt. Ltd.,Asian Securities Private Ltd.,490,706.0,345940.0,2025-08-11 14:54:48.127886
2025-08-11,7054,2025081103015911,MFIL,South Asian Bulls Pvt. Ltd.,Thrive Brokerage House Pvt. Ltd,77,706.0,54362.0,2025-08-11 14:55:17.712224
2025-08-11,6239,2025081103016054,MFIL,South Asian Bulls Pvt. Ltd.,Investment Management Nepal Pvt. Ltd.,100,706.0,70600.0,2025-08-11 14:56:03.901420
2025-08-11,6081,2025081103016074,MFIL,South Asian Bulls Pvt. Ltd.,Imperial Securities Company Pvt. Ltd.,25,706.0,17650.0,2025-08-11 14:56:12.264359
2025-08-11,3571,2025081103016676,MFIL,South Asian Bulls Pvt. Ltd.,Trishakti Securities Public Limited,164,709.9,116423.6,2025-08-11 14:58:12.574637
2025-08-11,2395,2025081103016889,MFIL,Linch Stock Market Ltd.,Aryatara Investment & Securities,100,707.0,70700.0,2025-08-11 14:58:57.566195
2025-08-11,2394,2025081103016890,MFIL,South Asian Bulls Pvt. Ltd.,Aryatara Investment & Securities,40,707.0,28280.0,2025-08-11 14:58:57.566374
2025-08-11,1802,2025081103016999,MFIL,Imperial Securities Company Pvt. Ltd.,Aryatara Investment & Securities,45,706.1,31774.5,2025-08-11 14:59:19.281304
2025-08-11,1801,2025081103017000,MFIL,Online Securities Pvt. Ltd.,Aryatara Investment & Securities,32,706.0,22592.0,2025-08-11 14:59:19.281474
2025-08-11,1800,2025081103017001,MFIL,J.F. Securites (PVT) Ltd.,Aryatara Investment & Securities,283,706.0,199798.0,2025-08-11 14:59:19.281549
2025-08-11,1010,2025081103017150,MFIL,Bhrikuti Stock Broking Co. Pvt. Ltd.,Online Securities Pvt. Ltd.,20,707.0,14140.0,2025-08-11 14:59:38.115777
2025-08-11,1009,2025081103017151,MFIL,Bhrikuti Stock Broking Co. Pvt. Ltd.,Trishakti Securities Public Limited,136,709.9,96546.4,2025-08-11 14:59:38.115959
2025-08-11,1008,2025081103017152,MFIL,Bhrikuti Stock Broking Co. Pvt. Ltd.,Investment Management Nepal Pvt. Ltd.,60,710.0,42600.0,2025-08-11 14:59:38.116049
2025-08-11,1007,2025081103017153,MFIL,Bhrikuti Stock Broking Co. Pvt. Ltd.,Imperial Securities Company Pvt. Ltd.,126,710.0,89460.0,2025-08-11 14:59:38.116129
2025-08-11,302,2025081103017325,MFIL,Bhrikuti Stock Broking Co. Pvt. Ltd.,Imperial Securities Company Pvt. Ltd.,174,710.0,123540.0,2025-08-11 14:59:54.445461
2025-08-11,301,2025081103017326,MFIL,Bhrikuti Stock Broking Co. Pvt. Ltd.,Naasa Securities Co. Ltd.,60,710.0,42600.0,2025-08-11 14:59:54.445830
2025-08-11,300,2025081103017327,MFIL,Bhrikuti Stock Broking Co. Pvt. Ltd.,Online Securities Pvt. Ltd.,42,710.0,29820.0,2025-08-11 14:59:54.446077
2025-08-11,299,2025081103017328,MFIL,Bhrikuti Stock Broking Co. Pvt. Ltd.,Deevyaa Securities & Stock House Pvt. Ltd,100,714.9,71490.0,2025-08-11 14:59:54.446319
2025-08-11,298,2025081103017329,MFIL,Bhrikuti Stock Broking Co. Pvt. Ltd.,Citizens Share Broker Limited,124,715.0,88660.0,2025-08-11 14:59:54.446551
