Date,S.N.,contract_id,symbol,buyer_broker,seller_broker,volume,price,amount,transaction_time
2025-08-05,129038,2025080504000050,BPCL,Nepal Investment And Securities Trading Private Limited,Nepal Investment And Securities Trading Private Limited,10,952.0,9520.0,2025-08-05 11:01:29.569725
2025-08-05,128444,2025080504000062,BPCL,SUN SECURITIES PVT LTD,Nepal Investment And Securities Trading Private Limited,10,931.0,9310.0,2025-08-05 11:01:47.781082
2025-08-05,128404,2025080504000063,BPCL,SUN SECURITIES PVT LTD,SHUBHAKAMANA SECURITIES PVT. LTD,10,931.0,9310.0,2025-08-05 11:01:49.557637
2025-08-05,125341,2025080504000159,BPCL,Oxford Securities Pvt. Ltd.,SUN SECURITIES PVT LTD,10,948.9,9489.0,2025-08-05 11:03:54.161334
2025-08-05,125340,2025080504000160,BPCL,Nepal Investment And Securities Trading Private Limited,SUN SECURITIES PVT LTD,10,935.0,9350.0,2025-08-05 11:03:54.161441
2025-08-05,124972,2025080504000178,BPCL,Nepal Investment And Securities Trading Private Limited,Capital Max Securities Ltd,90,935.0,84150.0,2025-08-05 11:04:09.271990
2025-08-05,124971,2025080504000179,BPCL,SUN SECURITIES PVT LTD,Capital Max Securities Ltd,980,934.1,915418.0,2025-08-05 11:04:09.272091
2025-08-05,124970,2025080504000180,BPCL,Property Wiard Limited,Capital Max Securities Ltd,1000,934.0,934000.0,2025-08-05 11:04:09.272127
2025-08-05,124969,2025080504000181,BPCL,Bhrikuti Stock Broking Co. Pvt. Ltd.,Capital Max Securities Ltd,10,933.1,9331.0,2025-08-05 11:04:09.272158
2025-08-05,124968,2025080504000182,BPCL,Agrawal Securities (PVT) Ltd.,Capital Max Securities Ltd,1000,933.1,933100.0,2025-08-05 11:04:09.272191
2025-08-05,124967,2025080504000183,BPCL,SUN SECURITIES PVT LTD,Capital Max Securities Ltd,590,933.0,550470.0,2025-08-05 11:04:09.272221
2025-08-05,115869,2025080504000693,BPCL,Roadshow securities limited,Sri Hari Securities Pvt. Ltd.,1000,943.0,943000.0,2025-08-05 11:12:31.965693
2025-08-05,114926,2025080504000776,BPCL,Nepal Investment And Securities Trading Private Limited,SUN SECURITIES PVT LTD,10,944.0,9440.0,2025-08-05 11:13:22.766596
2025-08-05,114925,2025080504000777,BPCL,Nepal Investment And Securities Trading Private Limited,Garima Securities Limited,40,944.0,37760.0,2025-08-05 11:13:22.766832
2025-08-05,113760,2025080504000869,BPCL,Imperial Securities Company Pvt. Ltd.,Nagarik Stock Dealer ,100,940.0,94000.0,2025-08-05 11:14:37.387446
2025-08-05,113759,2025080504000870,BPCL,Kohinoor Investment & Securities Pvt. Ltd.,Nagarik Stock Dealer ,20,940.0,18800.0,2025-08-05 11:14:37.387571
2025-08-05,113680,2025080504000893,BPCL,SUN SECURITIES PVT LTD,Nagarik Stock Dealer ,50,940.0,47000.0,2025-08-05 11:14:41.295200
2025-08-05,113587,2025080504000908,BPCL,Kumari Securities Private Limited,Garima Securities Limited,100,938.0,93800.0,2025-08-05 11:14:48.429124
2025-08-05,113586,2025080504000909,BPCL,Bhrikuti Stock Broking Co. Pvt. Ltd.,Garima Securities Limited,300,937.0,281100.0,2025-08-05 11:14:48.429258
2025-08-05,113585,2025080504000910,BPCL,J.F. Securites (PVT) Ltd.,Garima Securities Limited,100,937.0,93700.0,2025-08-05 11:14:48.429337
2025-08-05,113403,2025080504000926,BPCL,NIMB Stock Markets Limited,Nagarik Stock Dealer ,3000,940.0,2820000.0,2025-08-05 11:15:00.375356
2025-08-05,113344,2025080504000935,BPCL,J.F. Securites (PVT) Ltd.,Garima Securities Limited,460,937.0,431020.0,2025-08-05 11:15:06.476240
2025-08-05,113285,2025080504000941,BPCL,J.F. Securites (PVT) Ltd.,Agrawal Securities (PVT) Ltd.,200,937.0,187400.0,2025-08-05 11:15:11.054481
2025-08-05,113025,2025080504000965,BPCL,J.F. Securites (PVT) Ltd.,Sri Hari Securities Pvt. Ltd.,1240,937.0,1161880.0,2025-08-05 11:15:31.824083
2025-08-05,113024,2025080504000966,BPCL,Citizens Share Broker Limited,Sri Hari Securities Pvt. Ltd.,760,936.2,711512.0,2025-08-05 11:15:31.824229
2025-08-05,112500,2025080504001051,BPCL,Sani Securities Company Ltd.,Sri Hari Securities Pvt. Ltd.,107,937.1,100269.7,2025-08-05 11:16:19.985271
2025-08-05,112499,2025080504001052,BPCL,Citizens Share Broker Limited,Sri Hari Securities Pvt. Ltd.,240,936.2,224688.0,2025-08-05 11:16:19.985437
2025-08-05,112498,2025080504001053,BPCL,Online Securities Pvt. Ltd.,Sri Hari Securities Pvt. Ltd.,31,936.0,29016.0,2025-08-05 11:16:19.985506
2025-08-05,112497,2025080504001054,BPCL,ABC Securities Private Limited,Sri Hari Securities Pvt. Ltd.,422,936.0,394992.0,2025-08-05 11:16:19.985557
2025-08-05,112332,2025080504001074,BPCL,Bhrikuti Stock Broking Co. Pvt. Ltd.,Sri Hari Securities Pvt. Ltd.,300,937.0,281100.0,2025-08-05 11:16:34.242727
2025-08-05,112331,2025080504001075,BPCL,ABC Securities Private Limited,Sri Hari Securities Pvt. Ltd.,78,936.0,73008.0,2025-08-05 11:16:34.242988
2025-08-05,112330,2025080504001076,BPCL,J.F. Securites (PVT) Ltd.,Sri Hari Securities Pvt. Ltd.,130,935.4,121602.0,2025-08-05 11:16:34.243154
2025-08-05,112329,2025080504001077,BPCL,SUN SECURITIES PVT LTD,Sri Hari Securities Pvt. Ltd.,1100,935.4,1028940.0,2025-08-05 11:16:34.243351
2025-08-05,112328,2025080504001078,BPCL,KALASH STOCK MARKET PVT. LTD.,Sri Hari Securities Pvt. Ltd.,392,935.3,366637.6,2025-08-05 11:16:34.243514
2025-08-05,111799,2025080504001179,BPCL,KALASH STOCK MARKET PVT. LTD.,Nagarik Stock Dealer ,108,935.3,101012.4,2025-08-05 11:17:15.867589
2025-08-05,111798,2025080504001180,BPCL,Hatemalo Financial Services Private Limited,Nagarik Stock Dealer ,22,935.2,20574.4,2025-08-05 11:17:15.867727
2025-08-05,111589,2025080504001211,BPCL,Ashutosh Brokerage & Securities (PVT) Ltd.,Ashutosh Brokerage & Securities (PVT) Ltd.,1,925.0,925.0,2025-08-05 11:17:32.603673
2025-08-05,110771,2025080504001282,BPCL,Premier Securities Company Ltd.,Himalayan Brokerage Company Limited,200,938.0,187600.0,2025-08-05 11:18:32.884585
2025-08-05,110511,2025080504001306,BPCL,SUN SECURITIES PVT LTD,Himalayan Brokerage Company Limited,10,938.0,9380.0,2025-08-05 11:18:53.609862
2025-08-05,110401,2025080504001313,BPCL,Premier Securities Company Ltd.,Himalayan Brokerage Company Limited,790,938.0,741020.0,2025-08-05 11:19:02.107988
2025-08-05,110400,2025080504001314,BPCL,Premier Securities Company Ltd.,Thrive Brokerage House Pvt. Ltd,100,943.8,94380.0,2025-08-05 11:19:02.108053
2025-08-05,110399,2025080504001315,BPCL,Premier Securities Company Ltd.,Sani Securities Company Ltd.,500,943.9,471950.0,2025-08-05 11:19:02.108081
2025-08-05,110398,2025080504001316,BPCL,Premier Securities Company Ltd.,Thrive Brokerage House Pvt. Ltd,100,943.9,94390.0,2025-08-05 11:19:02.108102
2025-08-05,110397,2025080504001317,BPCL,Premier Securities Company Ltd.,SUN SECURITIES PVT LTD,910,943.9,858949.0,2025-08-05 11:19:02.108126
2025-08-05,110090,2025080504001345,BPCL,Premier Securities Company Ltd.,SUN SECURITIES PVT LTD,10,943.8,9438.0,2025-08-05 11:19:28.243713
2025-08-05,110089,2025080504001346,BPCL,Premier Securities Company Ltd.,SUN SECURITIES PVT LTD,10,943.9,9439.0,2025-08-05 11:19:28.243762
2025-08-05,109984,2025080504001356,BPCL,SUN SECURITIES PVT LTD,Bhrikuti Stock Broking Co. Pvt. Ltd.,10,942.0,9420.0,2025-08-05 11:19:44.338261
2025-08-05,109543,2025080504001399,BPCL,SUN SECURITIES PVT LTD,Bhrikuti Stock Broking Co. Pvt. Ltd.,10,942.0,9420.0,2025-08-05 11:20:20.906125
2025-08-05,109431,2025080504001415,BPCL,SUN SECURITIES PVT LTD,Opal Securities Investment (PVT) Ltd.,20,939.0,18780.0,2025-08-05 11:20:32.983884
2025-08-05,109430,2025080504001416,BPCL,Nepal Investment And Securities Trading Private Limited,Opal Securities Investment (PVT) Ltd.,50,936.0,46800.0,2025-08-05 11:20:32.983941
2025-08-05,109429,2025080504001417,BPCL,INDEX SECURITIES LIMITED,Opal Securities Investment (PVT) Ltd.,300,935.3,280590.0,2025-08-05 11:20:32.983969
2025-08-05,109428,2025080504001418,BPCL,Hatemalo Financial Services Private Limited,Opal Securities Investment (PVT) Ltd.,78,935.2,72945.6,2025-08-05 11:20:32.983998
2025-08-05,109286,2025080504001440,BPCL,Kohinoor Investment & Securities Pvt. Ltd.,Aryatara Investment & Securities,30,940.0,28200.0,2025-08-05 11:20:45.719764
2025-08-05,108523,2025080504001545,BPCL,Ashutosh Brokerage & Securities (PVT) Ltd.,Thrive Brokerage House Pvt. Ltd,5,923.2,4616.0,2025-08-05 11:21:51.199898
2025-08-05,107642,2025080504001692,BPCL,Kohinoor Investment & Securities Pvt. Ltd.,Nepal Stock House (PVT) Ltd.,10,936.0,9360.0,2025-08-05 11:23:02.338508
2025-08-05,105778,2025080504001872,BPCL,Kohinoor Investment & Securities Pvt. Ltd.,Nepal Investment And Securities Trading Private Limited,10,936.0,9360.0,2025-08-05 11:25:31.650887
2025-08-05,105777,2025080504001873,BPCL,Hatemalo Financial Services Private Limited,Nepal Investment And Securities Trading Private Limited,200,936.0,187200.0,2025-08-05 11:25:31.651081
2025-08-05,105776,2025080504001874,BPCL,Imperial Securities Company Pvt. Ltd.,Nepal Investment And Securities Trading Private Limited,100,935.5,93550.0,2025-08-05 11:25:31.651147
2025-08-05,105775,2025080504001875,BPCL,Nepal Investment And Securities Trading Private Limited,Nepal Investment And Securities Trading Private Limited,50,935.5,46775.0,2025-08-05 11:25:31.651217
2025-08-05,105774,2025080504001876,BPCL,S.P.S.A. Securities Limited,Nepal Investment And Securities Trading Private Limited,120,935.3,112236.0,2025-08-05 11:25:31.651277
2025-08-05,105773,2025080504001877,BPCL,Opal Securities Investment (PVT) Ltd.,Nepal Investment And Securities Trading Private Limited,20,935.0,18700.0,2025-08-05 11:25:31.651352
2025-08-05,105772,2025080504001878,BPCL,Sumeru Securities Pvt. Ltd.,Nepal Investment And Securities Trading Private Limited,100,935.0,93500.0,2025-08-05 11:25:31.651414
2025-08-05,105771,2025080504001879,BPCL,NIMB Stock Markets Limited,Nepal Investment And Securities Trading Private Limited,400,935.0,374000.0,2025-08-05 11:25:31.651477
2025-08-05,105628,2025080504001885,BPCL,NIMB Stock Markets Limited,Nepal Investment And Securities Trading Private Limited,1000,935.0,935000.0,2025-08-05 11:25:40.715179
2025-08-05,105549,2025080504001891,BPCL,NIMB Stock Markets Limited,Dynamic Money Managers Securities Pvt. Ltd.,600,935.0,561000.0,2025-08-05 11:25:47.806393
2025-08-05,105548,2025080504001892,BPCL,Hatemalo Financial Services Private Limited,Dynamic Money Managers Securities Pvt. Ltd.,300,935.0,280500.0,2025-08-05 11:25:47.806569
2025-08-05,105436,2025080504001916,BPCL,Premier Securities Company Ltd.,Dynamic Money Managers Securities Pvt. Ltd.,10,935.0,9350.0,2025-08-05 11:26:01.134396
2025-08-05,104079,2025080504002066,BPCL,S.P.S.A. Securities Limited,Dynamic Money Managers Securities Pvt. Ltd.,90,933.0,83970.0,2025-08-05 11:28:12.377693
2025-08-05,103760,2025080504002110,BPCL,Kumari Securities Private Limited,Sri Hari Securities Pvt. Ltd.,30,933.0,27990.0,2025-08-05 11:28:54.334227
2025-08-05,103759,2025080504002111,BPCL,Agrawal Securities (PVT) Ltd.,Sri Hari Securities Pvt. Ltd.,200,932.0,186400.0,2025-08-05 11:28:54.334390
2025-08-05,103758,2025080504002112,BPCL,ABC Securities Private Limited,Sri Hari Securities Pvt. Ltd.,500,931.0,465500.0,2025-08-05 11:28:54.334461
2025-08-05,103757,2025080504002113,BPCL,Agrawal Securities (PVT) Ltd.,Sri Hari Securities Pvt. Ltd.,700,931.0,651700.0,2025-08-05 11:28:54.334524
2025-08-05,103756,2025080504002114,BPCL,Sumeru Securities Pvt. Ltd.,Sri Hari Securities Pvt. Ltd.,100,931.0,93100.0,2025-08-05 11:28:54.334582
2025-08-05,103755,2025080504002115,BPCL,Naasa Securities Co. Ltd.,Sri Hari Securities Pvt. Ltd.,100,931.0,93100.0,2025-08-05 11:28:54.334645
2025-08-05,103754,2025080504002116,BPCL,Himalayan Brokerage Company Limited,Sri Hari Securities Pvt. Ltd.,10,931.0,9310.0,2025-08-05 11:28:54.334707
2025-08-05,103753,2025080504002117,BPCL,Capital Max Securities Ltd,Sri Hari Securities Pvt. Ltd.,100,931.0,93100.0,2025-08-05 11:28:54.334769
2025-08-05,103752,2025080504002118,BPCL,Elite Stock House Limited,Sri Hari Securities Pvt. Ltd.,100,930.3,93030.0,2025-08-05 11:28:54.334859
2025-08-05,103751,2025080504002119,BPCL,Neev Securities Pvt. Ltd.,Sri Hari Securities Pvt. Ltd.,200,930.2,186040.0,2025-08-05 11:28:54.334920
2025-08-05,103750,2025080504002120,BPCL,Sani Securities Company Ltd.,Sri Hari Securities Pvt. Ltd.,31,930.0,28830.0,2025-08-05 11:28:54.334981
2025-08-05,103749,2025080504002121,BPCL,Sipla Securities Private Limited,Sri Hari Securities Pvt. Ltd.,1000,930.0,930000.0,2025-08-05 11:28:54.335042
2025-08-05,103748,2025080504002122,BPCL,Sanima Securities Limited,Sri Hari Securities Pvt. Ltd.,200,930.0,186000.0,2025-08-05 11:28:54.335100
2025-08-05,103747,2025080504002123,BPCL,ABC Securities Private Limited,Sri Hari Securities Pvt. Ltd.,300,930.0,279000.0,2025-08-05 11:28:54.335159
2025-08-05,103746,2025080504002124,BPCL,SUN SECURITIES PVT LTD,Sri Hari Securities Pvt. Ltd.,25,930.0,23250.0,2025-08-05 11:28:54.335213
2025-08-05,103745,2025080504002125,BPCL,Indira securities pvt. ltd,Sri Hari Securities Pvt. Ltd.,200,930.0,186000.0,2025-08-05 11:28:54.335274
2025-08-05,103744,2025080504002126,BPCL,Neev Securities Pvt. Ltd.,Sri Hari Securities Pvt. Ltd.,510,930.0,474300.0,2025-08-05 11:28:54.335353
2025-08-05,103743,2025080504002127,BPCL,S.P.S.A. Securities Limited,Sri Hari Securities Pvt. Ltd.,410,930.0,381300.0,2025-08-05 11:28:54.335415
2025-08-05,103434,2025080504002161,BPCL,Asian Securities Private Ltd.,Asian Securities Private Ltd.,3,933.0,2799.0,2025-08-05 11:29:27.931084
2025-08-05,103343,2025080504002173,BPCL,Roadshow securities limited,Naasa Securities Co. Ltd.,30,928.0,27840.0,2025-08-05 11:29:39.083258
2025-08-05,103252,2025080504002184,BPCL,SUN SECURITIES PVT LTD,Creative Securities Pvt Ltd,111,929.0,103119.0,2025-08-05 11:29:49.440810
2025-08-05,103251,2025080504002185,BPCL,Roadshow securities limited,Creative Securities Pvt Ltd,34,928.0,31552.0,2025-08-05 11:29:49.441130
2025-08-05,103170,2025080504002195,BPCL,Nabil Stock Dealer Ltd.,Agrawal Securities (PVT) Ltd.,10,933.9,9339.0,2025-08-05 11:30:02.133925
2025-08-05,102074,2025080504002373,BPCL,Kohinoor Investment & Securities Pvt. Ltd.,Trisul Securities & Invt. Ltd.,10,930.0,9300.0,2025-08-05 11:32:23.912233
2025-08-05,100497,2025080504002604,BPCL,Trishakti Securities Public Limited,Trisul Securities & Invt. Ltd.,82,930.0,76260.0,2025-08-05 11:35:18.076748
2025-08-05,100496,2025080504002605,BPCL,Trishakti Securities Public Limited,Aryatara Investment & Securities,78,930.0,72540.0,2025-08-05 11:35:18.076908
2025-08-05,100470,2025080504002608,BPCL,Stoxkarts Securities Limited,Aryatara Investment & Securities,200,930.0,186000.0,2025-08-05 11:35:20.109849
2025-08-05,100438,2025080504002610,BPCL,Capital Max Securities Ltd,Aryatara Investment & Securities,100,930.0,93000.0,2025-08-05 11:35:25.191515
2025-08-05,100333,2025080504002628,BPCL,SUN SECURITIES PVT LTD,MILKY WAY SHARE BROKER COMPANY LTD ,111,929.5,103174.5,2025-08-05 11:35:35.812872
2025-08-05,100332,2025080504002629,BPCL,S.P.S.A. Securities Limited,MILKY WAY SHARE BROKER COMPANY LTD ,50,928.2,46410.0,2025-08-05 11:35:35.812934
2025-08-05,100331,2025080504002630,BPCL,Nepal Investment And Securities Trading Private Limited,MILKY WAY SHARE BROKER COMPANY LTD ,100,928.2,92820.0,2025-08-05 11:35:35.812959
2025-08-05,100330,2025080504002631,BPCL,Premier Securities Company Ltd.,MILKY WAY SHARE BROKER COMPANY LTD ,200,928.1,185620.0,2025-08-05 11:35:35.812983
2025-08-05,100329,2025080504002632,BPCL,Kumari Securities Private Limited,MILKY WAY SHARE BROKER COMPANY LTD ,50,928.1,46405.0,2025-08-05 11:35:35.813035
2025-08-05,100328,2025080504002633,BPCL,Investment Management Nepal Pvt. Ltd.,MILKY WAY SHARE BROKER COMPANY LTD ,1289,928.1,1196320.9,2025-08-05 11:35:35.813060
2025-08-05,98907,2025080504002827,BPCL,Malla & Malla Stock Broking Company Pvt. Limited,Sri Hari Securities Pvt. Ltd.,1000,929.2,929200.0,2025-08-05 11:38:07.995325
2025-08-05,98906,2025080504002828,BPCL,Investment Management Nepal Pvt. Ltd.,Sri Hari Securities Pvt. Ltd.,211,929.1,196040.1,2025-08-05 11:38:07.995552
2025-08-05,98905,2025080504002829,BPCL,Kohinoor Investment & Securities Pvt. Ltd.,Sri Hari Securities Pvt. Ltd.,789,929.0,732981.0,2025-08-05 11:38:07.995741
2025-08-05,98575,2025080504002861,BPCL,Property Wiard Limited,Property Wiard Limited,10000,929.5,9295000.0,2025-08-05 11:38:40.317658
2025-08-05,98252,2025080504002898,BPCL,Bhrikuti Stock Broking Co. Pvt. Ltd.,Aryatara Investment & Securities,22,930.0,20460.0,2025-08-05 11:39:22.683685
2025-08-05,97503,2025080504003000,BPCL,Vision Securities Pvt. Ltd,Naasa Securities Co. Ltd.,1,920.0,920.0,2025-08-05 11:40:54.714984
2025-08-05,97359,2025080504003015,BPCL,SUN SECURITIES PVT LTD,Sri Hari Securities Pvt. Ltd.,110,931.0,102410.0,2025-08-05 11:41:16.154724
2025-08-05,96337,2025080504003169,BPCL,SUN SECURITIES PVT LTD,Machhapuchchhre Securities Limited,10,931.0,9310.0,2025-08-05 11:43:42.891894
2025-08-05,96336,2025080504003170,BPCL,Midas Stock Broking Company Private Limited,Machhapuchchhre Securities Limited,50,930.6,46530.0,2025-08-05 11:43:42.891974
2025-08-05,96260,2025080504003183,BPCL,Midas Stock Broking Company Private Limited,Machhapuchchhre Securities Limited,200,930.6,186120.0,2025-08-05 11:43:54.924474
2025-08-05,96205,2025080504003188,BPCL,Midas Stock Broking Company Private Limited,Miyo Securities Pvt Ltd,250,930.6,232650.0,2025-08-05 11:44:05.296266
2025-08-05,96204,2025080504003189,BPCL,Bhrikuti Stock Broking Co. Pvt. Ltd.,Miyo Securities Pvt Ltd,250,930.0,232500.0,2025-08-05 11:44:05.296447
2025-08-05,95808,2025080504003218,BPCL,Ashutosh Brokerage & Securities (PVT) Ltd.,Sani Securities Company Ltd.,1,920.0,920.0,2025-08-05 11:45:00.939186
2025-08-05,95797,2025080504003221,BPCL,Bhrikuti Stock Broking Co. Pvt. Ltd.,Opal Securities Investment (PVT) Ltd.,20,930.0,18600.0,2025-08-05 11:45:03.596290
2025-08-05,95376,2025080504003275,BPCL,Elite Stock House Limited,Property Wiard Limited,12,931.0,11172.0,2025-08-05 11:46:03.184299
2025-08-05,95337,2025080504003285,BPCL,Bhrikuti Stock Broking Co. Pvt. Ltd.,Linch Stock Market Ltd.,8,930.0,7440.0,2025-08-05 11:46:07.594881
2025-08-05,95239,2025080504003296,BPCL,Sri Hari Securities Pvt. Ltd.,Nabil Stock Dealer Ltd.,300,930.0,279000.0,2025-08-05 11:46:25.912492
2025-08-05,95238,2025080504003297,BPCL,Premier Securities Company Ltd.,Nabil Stock Dealer Ltd.,100,930.0,93000.0,2025-08-05 11:46:25.912658
2025-08-05,94997,2025080504003330,BPCL,Nabil Stock Dealer Ltd.,Agrawal Securities (PVT) Ltd.,75,932.9,69967.5,2025-08-05 11:47:00.011480
2025-08-05,94996,2025080504003331,BPCL,Nabil Stock Dealer Ltd.,Vision Securities Pvt. Ltd,425,933.0,396525.0,2025-08-05 11:47:00.011679
2025-08-05,94842,2025080504003353,BPCL,Secured Securities Ltd.,Nabil Stock Dealer Ltd.,200,930.0,186000.0,2025-08-05 11:47:18.063355
2025-08-05,94836,2025080504003356,BPCL,Property Wiard Limited,Property Wiard Limited,17900,931.0,16664900.0,2025-08-05 11:47:19.745200
2025-08-05,94724,2025080504003376,BPCL,SUN SECURITIES PVT LTD,Imperial Securities Company Pvt. Ltd.,15,931.0,13965.0,2025-08-05 11:47:36.942209
2025-08-05,93551,2025080504003525,BPCL,Nabil Stock Dealer Ltd.,Naasa Securities Co. Ltd.,30,931.0,27930.0,2025-08-05 11:49:47.510657
2025-08-05,93550,2025080504003526,BPCL,Nabil Stock Dealer Ltd.,Vision Securities Pvt. Ltd,75,933.0,69975.0,2025-08-05 11:49:47.510840
2025-08-05,93347,2025080504003571,BPCL,Nabil Stock Dealer Ltd.,Nabil Stock Dealer Ltd.,395,933.0,368535.0,2025-08-05 11:50:14.592354
2025-08-05,92352,2025080504003643,BPCL,SUN SECURITIES PVT LTD,Malla & Malla Stock Broking Company Pvt. Limited,20,930.0,18600.0,2025-08-05 11:51:57.362827
2025-08-05,92351,2025080504003644,BPCL,Indira securities pvt. ltd,Malla & Malla Stock Broking Company Pvt. Limited,50,929.1,46455.0,2025-08-05 11:51:57.363032
2025-08-05,92350,2025080504003645,BPCL,SUN SECURITIES PVT LTD,Malla & Malla Stock Broking Company Pvt. Limited,49,929.1,45525.9,2025-08-05 11:51:57.363102
2025-08-05,92266,2025080504003657,BPCL,Kohinoor Investment & Securities Pvt. Ltd.,Capital Max Securities Ltd,20,930.1,18602.0,2025-08-05 11:52:06.375215
2025-08-05,91968,2025080504003707,BPCL,SUN SECURITIES PVT LTD,Online Securities Pvt. Ltd.,15,929.1,13936.5,2025-08-05 11:52:45.284931
2025-08-05,91716,2025080504003741,BPCL,Sumeru Securities Pvt. Ltd.,Sani Securities Company Ltd.,15,929.2,13938.0,2025-08-05 11:53:17.884915
2025-08-05,91183,2025080504003818,BPCL,SUN SECURITIES PVT LTD,Capital Max Securities Ltd,100,930.0,93000.0,2025-08-05 11:54:25.406435
2025-08-05,91060,2025080504003834,BPCL,Sumeru Securities Pvt. Ltd.,Miyo Securities Pvt Ltd,285,929.2,264822.0,2025-08-05 11:54:40.858035
2025-08-05,91059,2025080504003835,BPCL,SUN SECURITIES PVT LTD,Miyo Securities Pvt Ltd,186,929.1,172812.6,2025-08-05 11:54:40.858241
2025-08-05,91058,2025080504003836,BPCL,Kohinoor Investment & Securities Pvt. Ltd.,Miyo Securities Pvt Ltd,29,929.0,26941.0,2025-08-05 11:54:40.858352
2025-08-05,90535,2025080504003921,BPCL,Kohinoor Investment & Securities Pvt. Ltd.,Malla & Malla Stock Broking Company Pvt. Limited,109,929.0,101261.0,2025-08-05 11:55:53.700452
2025-08-05,89137,2025080504004116,BPCL,Kohinoor Investment & Securities Pvt. Ltd.,Sri Hari Securities Pvt. Ltd.,73,929.0,67817.0,2025-08-05 11:59:00.911097
2025-08-05,89136,2025080504004117,BPCL,Roadshow securities limited,Sri Hari Securities Pvt. Ltd.,411,928.0,381408.0,2025-08-05 11:59:00.911477
2025-08-05,88818,2025080504004171,BPCL,Roadshow securities limited,Dipshikha Dhitopatra Karobar Co. Pvt Ltd.,120,928.0,111360.0,2025-08-05 11:59:42.270545
2025-08-05,88799,2025080504004176,BPCL,Roadshow securities limited,ABC Securities Private Limited,905,928.0,839840.0,2025-08-05 11:59:44.434388
2025-08-05,88798,2025080504004177,BPCL,Sanima Securities Limited,ABC Securities Private Limited,30,928.0,27840.0,2025-08-05 11:59:44.434586
2025-08-05,88797,2025080504004178,BPCL,Sumeru Securities Pvt. Ltd.,ABC Securities Private Limited,20,928.0,18560.0,2025-08-05 11:59:44.434653
2025-08-05,88776,2025080504004182,BPCL,Shree Krishna Securities Ltd.,ABC Securities Private Limited,45,928.0,41760.0,2025-08-05 11:59:46.398782
2025-08-05,88599,2025080504004193,BPCL,Shree Krishna Securities Ltd.,Nepal Stock House (PVT) Ltd.,11,928.0,10208.0,2025-08-05 12:00:04.048132
2025-08-05,88428,2025080504004212,BPCL,Shree Krishna Securities Ltd.,Ashutosh Brokerage & Securities (PVT) Ltd.,54,928.0,50112.0,2025-08-05 12:00:27.545936
2025-08-05,86052,2025080504004546,BPCL,SUN SECURITIES PVT LTD,Kumari Securities Private Limited,111,925.5,102730.5,2025-08-05 12:06:26.793183
2025-08-05,86051,2025080504004547,BPCL,Primo Securities (PVT) Ltd.,Kumari Securities Private Limited,100,925.3,92530.0,2025-08-05 12:06:26.793416
2025-08-05,86050,2025080504004548,BPCL,Hatemalo Financial Services Private Limited,Kumari Securities Private Limited,100,925.2,92520.0,2025-08-05 12:06:26.793495
2025-08-05,86049,2025080504004549,BPCL,Sumeru Securities Pvt. Ltd.,Kumari Securities Private Limited,100,925.2,92520.0,2025-08-05 12:06:26.793568
2025-08-05,86048,2025080504004550,BPCL,Capital Max Securities Ltd,Kumari Securities Private Limited,500,925.1,462550.0,2025-08-05 12:06:26.793641
2025-08-05,86047,2025080504004551,BPCL,Dakshinkali Investment & Securities Pvt. Ltd.,Kumari Securities Private Limited,189,925.1,174843.9,2025-08-05 12:06:26.793714
2025-08-05,85981,2025080504004562,BPCL,Dakshinkali Investment & Securities Pvt. Ltd.,Sani Securities Company Ltd.,111,925.1,102686.1,2025-08-05 12:06:39.865269
2025-08-05,85980,2025080504004563,BPCL,Investment Management Nepal Pvt. Ltd.,Sani Securities Company Ltd.,500,925.1,462550.0,2025-08-05 12:06:39.865530
2025-08-05,85881,2025080504004576,BPCL,Sanima Securities Limited,Sani Securities Company Ltd.,100,925.0,92500.0,2025-08-05 12:07:00.179568
2025-08-05,85880,2025080504004577,BPCL,S.P.S.A. Securities Limited,Sani Securities Company Ltd.,50,925.0,46250.0,2025-08-05 12:07:00.179782
2025-08-05,85879,2025080504004578,BPCL,Hatemalo Financial Services Private Limited,Sani Securities Company Ltd.,35,925.0,32375.0,2025-08-05 12:07:00.179861
2025-08-05,85878,2025080504004579,BPCL,Sri Hari Securities Pvt. Ltd.,Sani Securities Company Ltd.,704,925.0,651200.0,2025-08-05 12:07:00.179932
2025-08-05,85687,2025080504004601,BPCL,Sri Hari Securities Pvt. Ltd.,Shree Krishna Securities Ltd.,500,925.0,462500.0,2025-08-05 12:07:30.671055
2025-08-05,85609,2025080504004622,BPCL,Sri Hari Securities Pvt. Ltd.,Shree Krishna Securities Ltd.,296,925.0,273800.0,2025-08-05 12:07:40.702251
2025-08-05,85608,2025080504004623,BPCL,Citizens Share Broker Limited,Shree Krishna Securities Ltd.,50,925.0,46250.0,2025-08-05 12:07:40.702494
2025-08-05,85607,2025080504004624,BPCL,Kumari Securities Private Limited,Shree Krishna Securities Ltd.,50,925.0,46250.0,2025-08-05 12:07:40.702566
2025-08-05,85606,2025080504004625,BPCL,ABC Securities Private Limited,Shree Krishna Securities Ltd.,100,925.0,92500.0,2025-08-05 12:07:40.702640
2025-08-05,85600,2025080504004628,BPCL,NIMB Stock Markets Limited,Naasa Securities Co. Ltd.,19,925.0,17575.0,2025-08-05 12:07:42.650843
2025-08-05,85551,2025080504004638,BPCL,Nepal Investment And Securities Trading Private Limited,Online Securities Pvt. Ltd.,10,925.1,9251.0,2025-08-05 12:07:48.770328
2025-08-05,85550,2025080504004639,BPCL,NIMB Stock Markets Limited,Online Securities Pvt. Ltd.,90,925.0,83250.0,2025-08-05 12:07:48.770677
2025-08-05,85542,2025080504004640,BPCL,NIMB Stock Markets Limited,Shree Krishna Securities Ltd.,11,925.0,10175.0,2025-08-05 12:07:49.742567
2025-08-05,85541,2025080504004641,BPCL,Sundhara Securities Limited,Shree Krishna Securities Ltd.,50,925.0,46250.0,2025-08-05 12:07:49.742829
2025-08-05,85540,2025080504004642,BPCL,Dynamic Money Managers Securities Pvt. Ltd.,Shree Krishna Securities Ltd.,439,925.0,406075.0,2025-08-05 12:07:49.742926
2025-08-05,85481,2025080504004652,BPCL,Dynamic Money Managers Securities Pvt. Ltd.,SUN SECURITIES PVT LTD,200,925.0,185000.0,2025-08-05 12:07:58.823395
2025-08-05,85470,2025080504004654,BPCL,Dynamic Money Managers Securities Pvt. Ltd.,Shree Krishna Securities Ltd.,500,925.0,462500.0,2025-08-05 12:08:01.790155
2025-08-05,85447,2025080504004659,BPCL,Dynamic Money Managers Securities Pvt. Ltd.,Sri Hari Securities Pvt. Ltd.,109,925.0,100825.0,2025-08-05 12:08:08.942567
2025-08-05,85440,2025080504004661,BPCL,Dynamic Money Managers Securities Pvt. Ltd.,Ashutosh Brokerage & Securities (PVT) Ltd.,284,925.0,262700.0,2025-08-05 12:08:10.701278
2025-08-05,85251,2025080504004689,BPCL,Dynamic Money Managers Securities Pvt. Ltd.,Sharepro Securities Private Limited,468,925.0,432900.0,2025-08-05 12:08:35.875804
2025-08-05,85250,2025080504004690,BPCL,Sagarmatha Securities Private Limited,Sharepro Securities Private Limited,32,924.0,29568.0,2025-08-05 12:08:35.876007
2025-08-05,84815,2025080504004727,BPCL,Nabil Stock Dealer Ltd.,Creative Securities Pvt Ltd,300,927.5,278250.0,2025-08-05 12:09:41.924434
2025-08-05,84814,2025080504004728,BPCL,Nabil Stock Dealer Ltd.,SUN SECURITIES PVT LTD,200,928.0,185600.0,2025-08-05 12:09:41.924625
2025-08-05,84668,2025080504004747,BPCL,Sagarmatha Securities Private Limited,Online Securities Pvt. Ltd.,68,924.0,62832.0,2025-08-05 12:10:04.384040
2025-08-05,84667,2025080504004748,BPCL,Premier Securities Company Ltd.,Online Securities Pvt. Ltd.,100,921.3,92130.0,2025-08-05 12:10:04.384239
2025-08-05,84622,2025080504004761,BPCL,Bhrikuti Stock Broking Co. Pvt. Ltd.,Nagarik Stock Dealer ,100,921.2,92120.0,2025-08-05 12:10:12.773620
2025-08-05,84621,2025080504004762,BPCL,Ashutosh Brokerage & Securities (PVT) Ltd.,Nagarik Stock Dealer ,188,921.1,173166.8,2025-08-05 12:10:12.773689
2025-08-05,84620,2025080504004763,BPCL,Roadshow securities limited,Nagarik Stock Dealer ,3000,921.0,2763000.0,2025-08-05 12:10:12.773716
2025-08-05,84619,2025080504004764,BPCL,Imperial Securities Company Pvt. Ltd.,Nagarik Stock Dealer ,25,920.8,23020.0,2025-08-05 12:10:12.773739
2025-08-05,84618,2025080504004765,BPCL,S.P.S.A. Securities Limited,Nagarik Stock Dealer ,1000,920.1,920100.0,2025-08-05 12:10:12.773760
2025-08-05,84617,2025080504004766,BPCL,Vision Securities Pvt. Ltd,Nagarik Stock Dealer ,200,920.0,184000.0,2025-08-05 12:10:12.773783
2025-08-05,84616,2025080504004767,BPCL,Neev Securities Pvt. Ltd.,Nagarik Stock Dealer ,200,920.0,184000.0,2025-08-05 12:10:12.773811
2025-08-05,84615,2025080504004768,BPCL,Dipshikha Dhitopatra Karobar Co. Pvt Ltd.,Nagarik Stock Dealer ,320,920.0,294400.0,2025-08-05 12:10:12.773835
2025-08-05,84614,2025080504004769,BPCL,S.P.S.A. Securities Limited,Nagarik Stock Dealer ,50,920.0,46000.0,2025-08-05 12:10:12.773912
2025-08-05,84613,2025080504004770,BPCL,SUN SECURITIES PVT LTD,Nagarik Stock Dealer ,25,920.0,23000.0,2025-08-05 12:10:12.773935
2025-08-05,84612,2025080504004771,BPCL,Aryatara Investment & Securities,Nagarik Stock Dealer ,200,920.0,184000.0,2025-08-05 12:10:12.773964
2025-08-05,84611,2025080504004772,BPCL,Bhrikuti Stock Broking Co. Pvt. Ltd.,Nagarik Stock Dealer ,10,920.0,9200.0,2025-08-05 12:10:12.773993
2025-08-05,84610,2025080504004773,BPCL,Agrawal Securities (PVT) Ltd.,Nagarik Stock Dealer ,100,920.0,92000.0,2025-08-05 12:10:12.774025
2025-08-05,84609,2025080504004774,BPCL,Secured Securities Ltd.,Nagarik Stock Dealer ,50,920.0,46000.0,2025-08-05 12:10:12.774050
2025-08-05,84608,2025080504004775,BPCL,SUN SECURITIES PVT LTD,Nagarik Stock Dealer ,500,920.0,460000.0,2025-08-05 12:10:12.774074
2025-08-05,84607,2025080504004776,BPCL,S.P.S.A. Securities Limited,Nagarik Stock Dealer ,15,920.0,13800.0,2025-08-05 12:10:12.774098
2025-08-05,84606,2025080504004777,BPCL,Creative Securities Pvt Ltd,Nagarik Stock Dealer ,500,920.0,460000.0,2025-08-05 12:10:12.774121
2025-08-05,84605,2025080504004778,BPCL,Dynamic Money Managers Securities Pvt. Ltd.,Nagarik Stock Dealer ,2000,920.0,1840000.0,2025-08-05 12:10:12.774145
2025-08-05,84604,2025080504004779,BPCL,Dipshikha Dhitopatra Karobar Co. Pvt Ltd.,Nagarik Stock Dealer ,10,920.0,9200.0,2025-08-05 12:10:12.774170
2025-08-05,84603,2025080504004780,BPCL,Trademow Securities Private Limited,Nagarik Stock Dealer ,100,918.3,91830.0,2025-08-05 12:10:12.774204
2025-08-05,84602,2025080504004781,BPCL,Sumeru Securities Pvt. Ltd.,Nagarik Stock Dealer ,200,918.0,183600.0,2025-08-05 12:10:12.774232
2025-08-05,84601,2025080504004782,BPCL,Vision Securities Pvt. Ltd,Nagarik Stock Dealer ,1000,917.0,917000.0,2025-08-05 12:10:12.774257
2025-08-05,84600,2025080504004783,BPCL,Midas Stock Broking Company Private Limited,Nagarik Stock Dealer ,100,916.6,91660.0,2025-08-05 12:10:12.774285
2025-08-05,84599,2025080504004784,BPCL,Imperial Securities Company Pvt. Ltd.,Nagarik Stock Dealer ,25,915.5,22887.5,2025-08-05 12:10:12.774310
2025-08-05,84598,2025080504004785,BPCL,Nepal Stock House (PVT) Ltd.,Nagarik Stock Dealer ,100,915.3,91530.0,2025-08-05 12:10:12.774348
2025-08-05,84597,2025080504004786,BPCL,Imperial Securities Company Pvt. Ltd.,Nagarik Stock Dealer ,200,915.0,183000.0,2025-08-05 12:10:12.774370
2025-08-05,84596,2025080504004787,BPCL,Dakshinkali Investment & Securities Pvt. Ltd.,Nagarik Stock Dealer ,200,915.0,183000.0,2025-08-05 12:10:12.774395
2025-08-05,84595,2025080504004788,BPCL,N.M.B. SECURITIES LIMITED,Nagarik Stock Dealer ,1000,915.0,915000.0,2025-08-05 12:10:12.774418
2025-08-05,84594,2025080504004789,BPCL,Neev Securities Pvt. Ltd.,Nagarik Stock Dealer ,100,915.0,91500.0,2025-08-05 12:10:12.774439
2025-08-05,84593,2025080504004790,BPCL,Infinity Securities Limited,Nagarik Stock Dealer ,1000,915.0,915000.0,2025-08-05 12:10:12.774458
2025-08-05,84592,2025080504004791,BPCL,Miyo Securities Pvt Ltd,Nagarik Stock Dealer ,200,915.0,183000.0,2025-08-05 12:10:12.774480
2025-08-05,84591,2025080504004792,BPCL,Agrawal Securities (PVT) Ltd.,Nagarik Stock Dealer ,200,915.0,183000.0,2025-08-05 12:10:12.774514
2025-08-05,84590,2025080504004793,BPCL,Nepal Investment And Securities Trading Private Limited,Nagarik Stock Dealer ,100,914.5,91450.0,2025-08-05 12:10:12.774536
2025-08-05,84589,2025080504004794,BPCL,Dynamic Money Managers Securities Pvt. Ltd.,Nagarik Stock Dealer ,1000,914.4,914400.0,2025-08-05 12:10:12.774557
2025-08-05,84588,2025080504004795,BPCL,Trisul Securities & Invt. Ltd.,Nagarik Stock Dealer ,70,912.4,63868.0,2025-08-05 12:10:12.774578
2025-08-05,84587,2025080504004796,BPCL,Dynamic Money Managers Securities Pvt. Ltd.,Nagarik Stock Dealer ,50,912.0,45600.0,2025-08-05 12:10:12.774603
2025-08-05,84586,2025080504004797,BPCL,Secured Securities Ltd.,Nagarik Stock Dealer ,50,912.0,45600.0,2025-08-05 12:10:12.774656
2025-08-05,84585,2025080504004798,BPCL,Hatemalo Financial Services Private Limited,Nagarik Stock Dealer ,200,911.4,182280.0,2025-08-05 12:10:12.774689
2025-08-05,84584,2025080504004799,BPCL,Naasa Securities Co. Ltd.,Nagarik Stock Dealer ,4000,910.6,3642400.0,2025-08-05 12:10:12.774717
2025-08-05,84583,2025080504004800,BPCL,Agrawal Securities (PVT) Ltd.,Nagarik Stock Dealer ,3000,910.5,2731500.0,2025-08-05 12:10:12.774748
2025-08-05,84582,2025080504004801,BPCL,Agrawal Securities (PVT) Ltd.,Nagarik Stock Dealer ,140,910.5,127470.0,2025-08-05 12:10:12.774776
2025-08-05,84581,2025080504004802,BPCL,Aryatara Investment & Securities,Nagarik Stock Dealer ,100,910.5,91050.0,2025-08-05 12:10:12.774802
2025-08-05,84580,2025080504004803,BPCL,SUN SECURITIES PVT LTD,Nagarik Stock Dealer ,273,910.0,248430.0,2025-08-05 12:10:12.774826
2025-08-05,84579,2025080504004804,BPCL,Agrawal Securities (PVT) Ltd.,Nagarik Stock Dealer ,1500,910.0,1365000.0,2025-08-05 12:10:12.774855
2025-08-05,84578,2025080504004805,BPCL,Agrawal Securities (PVT) Ltd.,Nagarik Stock Dealer ,300,909.6,272880.0,2025-08-05 12:10:12.774888
2025-08-05,84577,2025080504004806,BPCL,Sharepro Securities Private Limited,Nagarik Stock Dealer ,200,909.6,181920.0,2025-08-05 12:10:12.774919
2025-08-05,84576,2025080504004807,BPCL,SUN SECURITIES PVT LTD,Nagarik Stock Dealer ,2060,909.5,1873570.0,2025-08-05 12:10:12.774942
2025-08-05,84575,2025080504004808,BPCL,Kalika Securities Pvt. Ltd.,Nagarik Stock Dealer ,10,909.5,9095.0,2025-08-05 12:10:12.774971
2025-08-05,84574,2025080504004809,BPCL,Kohinoor Investment & Securities Pvt. Ltd.,Nagarik Stock Dealer ,80,908.0,72640.0,2025-08-05 12:10:12.774996
2025-08-05,84573,2025080504004810,BPCL,Vision Securities Pvt. Ltd,Nagarik Stock Dealer ,300,907.9,272370.0,2025-08-05 12:10:12.775018
2025-08-05,84572,2025080504004811,BPCL,SUN SECURITIES PVT LTD,Nagarik Stock Dealer ,200,907.0,181400.0,2025-08-05 12:10:12.775042
2025-08-05,84571,2025080504004812,BPCL,Nepal Investment And Securities Trading Private Limited,Nagarik Stock Dealer ,449,907.0,407243.0,2025-08-05 12:10:12.775078
2025-08-05,84415,2025080504004840,BPCL,Investment Management Nepal Pvt. Ltd.,Imperial Securities Company Pvt. Ltd.,1000,921.1,921100.0,2025-08-05 12:10:34.394886
2025-08-05,83963,2025080504004904,BPCL,Oxford Securities Pvt. Ltd.,SUN SECURITIES PVT LTD,10,928.0,9280.0,2025-08-05 12:12:00.114010
2025-08-05,83867,2025080504004935,BPCL,Sumeru Securities Pvt. Ltd.,Nagarik Stock Dealer ,150,917.3,137595.0,2025-08-05 12:12:13.055875
2025-08-05,83866,2025080504004936,BPCL,Dipshikha Dhitopatra Karobar Co. Pvt Ltd.,Nagarik Stock Dealer ,10,917.2,9172.0,2025-08-05 12:12:13.055935
2025-08-05,83865,2025080504004937,BPCL,Ashutosh Brokerage & Securities (PVT) Ltd.,Nagarik Stock Dealer ,40,917.2,36688.0,2025-08-05 12:12:13.055960
2025-08-05,83649,2025080504004955,BPCL,Naasa Securities Co. Ltd.,SUN SECURITIES PVT LTD,15,918.0,13770.0,2025-08-05 12:12:52.593232
2025-08-05,83648,2025080504004956,BPCL,Agrawal Securities (PVT) Ltd.,SUN SECURITIES PVT LTD,85,917.5,77987.5,2025-08-05 12:12:52.593419
2025-08-05,83584,2025080504004975,BPCL,Oxford Securities Pvt. Ltd.,Imperial Securities Company Pvt. Ltd.,10,927.9,9279.0,2025-08-05 12:13:02.563591
2025-08-05,83219,2025080504005014,BPCL,Trademow Securities Private Limited,SUN SECURITIES PVT LTD,20,918.0,18360.0,2025-08-05 12:13:56.790642
2025-08-05,83075,2025080504005037,BPCL,Vision Securities Pvt. Ltd,SHUBHAKAMANA SECURITIES PVT. LTD,226,927.0,209502.0,2025-08-05 12:14:16.272439
2025-08-05,80999,2025080504005387,BPCL,Neev Securities Pvt. Ltd.,Trishakti Securities Public Limited,349,920.0,321080.0,2025-08-05 12:18:44.670994
2025-08-05,80995,2025080504005388,BPCL,Himalayan Securities Limited,Sri Hari Securities Pvt. Ltd.,15,925.0,13875.0,2025-08-05 12:18:45.096922
2025-08-05,80994,2025080504005389,BPCL,Himalayan Securities Limited,Sweta Securities Private Limited,50,925.0,46250.0,2025-08-05 12:18:45.096998
2025-08-05,80993,2025080504005390,BPCL,Himalayan Securities Limited,Agrawal Securities (PVT) Ltd.,100,926.9,92690.0,2025-08-05 12:18:45.097037
2025-08-05,80992,2025080504005391,BPCL,Himalayan Securities Limited,Agrawal Securities (PVT) Ltd.,235,926.9,217821.5,2025-08-05 12:18:45.097058
2025-08-05,80958,2025080504005395,BPCL,Himalayan Securities Limited,Agrawal Securities (PVT) Ltd.,65,926.9,60248.5,2025-08-05 12:18:49.110114
2025-08-05,80957,2025080504005396,BPCL,Himalayan Securities Limited,Trisul Securities & Invt. Ltd.,35,927.0,32445.0,2025-08-05 12:18:49.110214
2025-08-05,80934,2025080504005401,BPCL,Neev Securities Pvt. Ltd.,Agrawal Securities (PVT) Ltd.,150,920.0,138000.0,2025-08-05 12:18:53.456382
2025-08-05,80884,2025080504005425,BPCL,Ashutosh Brokerage & Securities (PVT) Ltd.,Agrawal Securities (PVT) Ltd.,110,918.2,101002.0,2025-08-05 12:19:02.543200
2025-08-05,80833,2025080504005439,BPCL,SUN SECURITIES PVT LTD,Himalayan Brokerage Company Limited,50,918.1,45905.0,2025-08-05 12:19:11.064778
2025-08-05,80832,2025080504005440,BPCL,Sweta Securities Private Limited,Himalayan Brokerage Company Limited,10,917.8,9178.0,2025-08-05 12:19:11.064959
2025-08-05,80831,2025080504005441,BPCL,Sweta Securities Private Limited,Himalayan Brokerage Company Limited,10,917.7,9177.0,2025-08-05 12:19:11.065033
2025-08-05,80830,2025080504005442,BPCL,Swarna Laxmi Securities Pvt. Ltd.,Himalayan Brokerage Company Limited,130,917.7,119301.0,2025-08-05 12:19:11.065155
2025-08-05,80689,2025080504005478,BPCL,Swarna Laxmi Securities Pvt. Ltd.,Trisul Securities & Invt. Ltd.,380,917.7,348726.0,2025-08-05 12:19:27.738966
2025-08-05,80688,2025080504005479,BPCL,Indira securities pvt. ltd,Trisul Securities & Invt. Ltd.,85,917.1,77953.5,2025-08-05 12:19:27.739305
2025-08-05,80582,2025080504005492,BPCL,Kohinoor Investment & Securities Pvt. Ltd.,Trisul Securities & Invt. Ltd.,50,918.0,45900.0,2025-08-05 12:19:43.802992
2025-08-05,80581,2025080504005493,BPCL,Indira securities pvt. ltd,Trisul Securities & Invt. Ltd.,65,917.1,59611.5,2025-08-05 12:19:43.803054
2025-08-05,80580,2025080504005494,BPCL,J.F. Securites (PVT) Ltd.,Trisul Securities & Invt. Ltd.,35,917.0,32095.0,2025-08-05 12:19:43.803099
2025-08-05,80392,2025080504005530,BPCL,J.F. Securites (PVT) Ltd.,Premier Securities Company Ltd.,15,917.0,13755.0,2025-08-05 12:20:11.256396
2025-08-05,80391,2025080504005531,BPCL,Hatemalo Financial Services Private Limited,Premier Securities Company Ltd.,150,916.1,137415.0,2025-08-05 12:20:11.256760
2025-08-05,80296,2025080504005555,BPCL,Hatemalo Financial Services Private Limited,Miyo Securities Pvt Ltd,80,916.1,73288.0,2025-08-05 12:20:21.422848
2025-08-05,79900,2025080504005651,BPCL,Hatemalo Financial Services Private Limited,Dipshikha Dhitopatra Karobar Co. Pvt Ltd.,15,916.1,13741.5,2025-08-05 12:21:26.651325
2025-08-05,79752,2025080504005685,BPCL,Capital Max Securities Ltd,Capital Max Securities Ltd,200,916.2,183240.0,2025-08-05 12:21:51.093710
2025-08-05,79751,2025080504005686,BPCL,Hatemalo Financial Services Private Limited,Capital Max Securities Ltd,55,916.1,50385.5,2025-08-05 12:21:51.093883
2025-08-05,79750,2025080504005687,BPCL,S.P.S.A. Securities Limited,Capital Max Securities Ltd,20,916.1,18322.0,2025-08-05 12:21:51.093958
2025-08-05,79749,2025080504005688,BPCL,S.P.S.A. Securities Limited,Capital Max Securities Ltd,105,916.1,96190.5,2025-08-05 12:21:51.094028
2025-08-05,79325,2025080504005743,BPCL,Roadshow securities limited,Online Securities Pvt. Ltd.,32,923.0,29536.0,2025-08-05 12:22:59.361922
2025-08-05,79273,2025080504005759,BPCL,Citizens Share Broker Limited,Agrawal Securities (PVT) Ltd.,300,923.8,277140.0,2025-08-05 12:23:08.544827
2025-08-05,79272,2025080504005760,BPCL,Citizens Share Broker Limited,Nepal Investment And Securities Trading Private Limited,558,924.0,515592.0,2025-08-05 12:23:08.545075
2025-08-05,79271,2025080504005761,BPCL,Citizens Share Broker Limited,Infinity Securities Limited,142,924.0,131208.0,2025-08-05 12:23:08.545185
2025-08-05,79056,2025080504005777,BPCL,Aryatara Investment & Securities,Agrawal Securities (PVT) Ltd.,41,923.8,37875.8,2025-08-05 12:23:33.418397
2025-08-05,79022,2025080504005779,BPCL,SUN SECURITIES PVT LTD,Naasa Securities Co. Ltd.,10,917.0,9170.0,2025-08-05 12:23:38.520074
2025-08-05,78464,2025080504005824,BPCL,Swarna Laxmi Securities Pvt. Ltd.,Asian Securities Private Ltd.,200,918.5,183700.0,2025-08-05 12:25:03.143704
2025-08-05,78456,2025080504005825,BPCL,S.P.S.A. Securities Limited,Asian Securities Private Ltd.,50,918.5,45925.0,2025-08-05 12:25:06.819572
2025-08-05,78198,2025080504005845,BPCL,S.P.S.A. Securities Limited,Vision Securities Pvt. Ltd,100,923.0,92300.0,2025-08-05 12:25:43.920085
2025-08-05,78197,2025080504005846,BPCL,S.P.S.A. Securities Limited,SUN SECURITIES PVT LTD,500,923.0,461500.0,2025-08-05 12:25:43.920489
2025-08-05,78196,2025080504005847,BPCL,S.P.S.A. Securities Limited,Agrawal Securities (PVT) Ltd.,259,923.8,239264.2,2025-08-05 12:25:43.920721
2025-08-05,78195,2025080504005848,BPCL,S.P.S.A. Securities Limited,Infinity Securities Limited,91,924.0,84084.0,2025-08-05 12:25:43.920964
2025-08-05,78135,2025080504005862,BPCL,S.P.S.A. Securities Limited,Infinity Securities Limited,267,924.0,246708.0,2025-08-05 12:25:51.943511
2025-08-05,78134,2025080504005863,BPCL,S.P.S.A. Securities Limited,Infinity Securities Limited,128,924.0,118272.0,2025-08-05 12:25:51.943734
2025-08-05,77770,2025080504005924,BPCL,Prabhu Stock Market Limited,Miyo Securities Pvt Ltd,131,917.6,120205.6,2025-08-05 12:26:51.049198
2025-08-05,77700,2025080504005932,BPCL,Bhrikuti Stock Broking Co. Pvt. Ltd.,Online Securities Pvt. Ltd.,300,918.0,275400.0,2025-08-05 12:27:04.322006
2025-08-05,77699,2025080504005933,BPCL,SUN SECURITIES PVT LTD,Online Securities Pvt. Ltd.,200,917.7,183540.0,2025-08-05 12:27:04.322432
2025-08-05,77698,2025080504005934,BPCL,Prabhu Stock Market Limited,Online Securities Pvt. Ltd.,369,917.6,338594.4,2025-08-05 12:27:04.322672
2025-08-05,77697,2025080504005935,BPCL,Secured Securities Ltd.,Online Securities Pvt. Ltd.,400,917.5,367000.0,2025-08-05 12:27:04.322958
2025-08-05,77696,2025080504005936,BPCL,SUN SECURITIES PVT LTD,Online Securities Pvt. Ltd.,90,917.0,82530.0,2025-08-05 12:27:04.323214
2025-08-05,77695,2025080504005937,BPCL,Naasa Securities Co. Ltd.,Online Securities Pvt. Ltd.,15,917.0,13755.0,2025-08-05 12:27:04.323569
2025-08-05,77694,2025080504005938,BPCL,Indira securities pvt. ltd,Online Securities Pvt. Ltd.,1000,917.0,917000.0,2025-08-05 12:27:04.323815
2025-08-05,77693,2025080504005939,BPCL,Indira securities pvt. ltd,Online Securities Pvt. Ltd.,1000,917.0,917000.0,2025-08-05 12:27:04.324055
2025-08-05,77692,2025080504005940,BPCL,Neev Securities Pvt. Ltd.,Online Securities Pvt. Ltd.,1000,916.2,916200.0,2025-08-05 12:27:04.324296
2025-08-05,77691,2025080504005941,BPCL,Capital Max Securities Ltd,Online Securities Pvt. Ltd.,100,916.1,91610.0,2025-08-05 12:27:04.324549
2025-08-05,77690,2025080504005942,BPCL,Online Securities Pvt. Ltd.,Online Securities Pvt. Ltd.,250,916.0,229000.0,2025-08-05 12:27:04.324803
2025-08-05,77689,2025080504005943,BPCL,Nabil Stock Dealer Ltd.,Online Securities Pvt. Ltd.,2276,916.0,2084816.0,2025-08-05 12:27:04.325057
2025-08-05,77493,2025080504005991,BPCL,Primo Securities (PVT) Ltd.,Aakashbhairab Securities Ltd.,100,917.1,91710.0,2025-08-05 12:27:32.475326
2025-08-05,77492,2025080504005992,BPCL,Indira securities pvt. ltd,Aakashbhairab Securities Ltd.,1000,917.0,917000.0,2025-08-05 12:27:32.475556
2025-08-05,77491,2025080504005993,BPCL,Sri Hari Securities Pvt. Ltd.,Aakashbhairab Securities Ltd.,100,917.0,91700.0,2025-08-05 12:27:32.475638
2025-08-05,77490,2025080504005994,BPCL,Nabil Stock Dealer Ltd.,Aakashbhairab Securities Ltd.,2724,916.0,2495184.0,2025-08-05 12:27:32.475712
2025-08-05,77489,2025080504005995,BPCL,INDEX SECURITIES LIMITED,Aakashbhairab Securities Ltd.,40,916.0,36640.0,2025-08-05 12:27:32.475792
2025-08-05,77488,2025080504005996,BPCL,Sri Hari Securities Pvt. Ltd.,Aakashbhairab Securities Ltd.,280,916.0,256480.0,2025-08-05 12:27:32.475870
2025-08-05,77487,2025080504005997,BPCL,K.B.L. Securities Limited ,Aakashbhairab Securities Ltd.,500,916.0,458000.0,2025-08-05 12:27:32.475968
2025-08-05,77486,2025080504005998,BPCL,Imperial Securities Company Pvt. Ltd.,Aakashbhairab Securities Ltd.,256,916.0,234496.0,2025-08-05 12:27:32.476081
2025-08-05,77398,2025080504006017,BPCL,Imperial Securities Company Pvt. Ltd.,Aakashbhairab Securities Ltd.,700,916.0,641200.0,2025-08-05 12:27:49.529586
2025-08-05,77346,2025080504006026,BPCL,Imperial Securities Company Pvt. Ltd.,Online Securities Pvt. Ltd.,44,916.0,40304.0,2025-08-05 12:27:55.153855
2025-08-05,77133,2025080504006061,BPCL,Dynamic Money Managers Securities Pvt. Ltd.,Online Securities Pvt. Ltd.,200,916.0,183200.0,2025-08-05 12:28:34.928124
2025-08-05,77103,2025080504006067,BPCL,ABC Securities Private Limited,Online Securities Pvt. Ltd.,500,916.0,458000.0,2025-08-05 12:28:40.485892
2025-08-05,76972,2025080504006083,BPCL,ABC Securities Private Limited,Pragyan Securities (PVT) Ltd.,200,916.1,183220.0,2025-08-05 12:28:59.572060
2025-08-05,76971,2025080504006084,BPCL,ABC Securities Private Limited,Pragyan Securities (PVT) Ltd.,170,916.0,155720.0,2025-08-05 12:28:59.572293
2025-08-05,76109,2025080504006220,BPCL,ABC Securities Private Limited,Agrawal Securities (PVT) Ltd.,30,916.0,27480.0,2025-08-05 12:31:07.593892
2025-08-05,76108,2025080504006221,BPCL,Agrawal Securities (PVT) Ltd.,Agrawal Securities (PVT) Ltd.,200,915.9,183180.0,2025-08-05 12:31:07.594244
2025-08-05,75763,2025080504006298,BPCL,ABC Securities Private Limited,Agrawal Securities (PVT) Ltd.,500,916.0,458000.0,2025-08-05 12:31:57.214653
2025-08-05,75157,2025080504006410,BPCL,Imperial Securities Company Pvt. Ltd.,SUN SECURITIES PVT LTD,25,915.8,22895.0,2025-08-05 12:33:23.252580
2025-08-05,75156,2025080504006411,BPCL,Himalayan Brokerage Company Limited,SUN SECURITIES PVT LTD,10,915.6,9156.0,2025-08-05 12:33:23.252840
2025-08-05,75155,2025080504006412,BPCL,Sweta Securities Private Limited,SUN SECURITIES PVT LTD,10,915.5,9155.0,2025-08-05 12:33:23.252936
2025-08-05,75154,2025080504006413,BPCL,Sweta Securities Private Limited,SUN SECURITIES PVT LTD,10,915.4,9154.0,2025-08-05 12:33:23.253016
2025-08-05,75153,2025080504006414,BPCL,Sweta Securities Private Limited,SUN SECURITIES PVT LTD,10,915.3,9153.0,2025-08-05 12:33:23.253097
2025-08-05,75152,2025080504006415,BPCL,Prabhu Stock Market Limited,SUN SECURITIES PVT LTD,500,915.3,457650.0,2025-08-05 12:33:23.253177
2025-08-05,75151,2025080504006416,BPCL,Roadshow securities limited,SUN SECURITIES PVT LTD,500,915.2,457600.0,2025-08-05 12:33:23.253255
2025-08-05,75150,2025080504006417,BPCL,S.P.S.A. Securities Limited,SUN SECURITIES PVT LTD,500,915.2,457600.0,2025-08-05 12:33:23.253346
2025-08-05,75149,2025080504006418,BPCL,SUN SECURITIES PVT LTD,SUN SECURITIES PVT LTD,965,915.1,883071.5,2025-08-05 12:33:23.253426
2025-08-05,75098,2025080504006430,BPCL,Agrawal Securities (PVT) Ltd.,Online Securities Pvt. Ltd.,145,915.3,132718.5,2025-08-05 12:33:34.358470
2025-08-05,74928,2025080504006453,BPCL,Asian Securities Private Ltd.,Asian Securities Private Ltd.,6,915.0,5490.0,2025-08-05 12:33:56.964596
2025-08-05,74684,2025080504006502,BPCL,Agrawal Securities (PVT) Ltd.,Nepal Stock House (PVT) Ltd.,300,916.0,274800.0,2025-08-05 12:34:32.972120
2025-08-05,74638,2025080504006517,BPCL,Agrawal Securities (PVT) Ltd.,Agrawal Securities (PVT) Ltd.,50,916.0,45800.0,2025-08-05 12:34:41.306697
2025-08-05,74588,2025080504006529,BPCL,Sumeru Securities Pvt. Ltd.,Magnet Securities and Investment Company Private Limited,100,915.0,91500.0,2025-08-05 12:34:50.626254
2025-08-05,74587,2025080504006530,BPCL,Thrive Brokerage House Pvt. Ltd,Magnet Securities and Investment Company Private Limited,100,915.0,91500.0,2025-08-05 12:34:50.626475
2025-08-05,74305,2025080504006570,BPCL,Thrive Brokerage House Pvt. Ltd,Himalayan Brokerage Company Limited,500,915.0,457500.0,2025-08-05 12:35:24.113196
2025-08-05,74304,2025080504006571,BPCL,Primo Securities (PVT) Ltd.,Himalayan Brokerage Company Limited,30,915.0,27450.0,2025-08-05 12:35:24.113453
2025-08-05,74303,2025080504006572,BPCL,SHUBHAKAMANA SECURITIES PVT. LTD,Himalayan Brokerage Company Limited,20,915.0,18300.0,2025-08-05 12:35:24.113540
2025-08-05,74302,2025080504006573,BPCL,Ashutosh Brokerage & Securities (PVT) Ltd.,Himalayan Brokerage Company Limited,17,915.0,15555.0,2025-08-05 12:35:24.113625
2025-08-05,74301,2025080504006574,BPCL,Thrive Brokerage House Pvt. Ltd,Himalayan Brokerage Company Limited,600,915.0,549000.0,2025-08-05 12:35:24.113708
2025-08-05,74300,2025080504006575,BPCL,Sumeru Securities Pvt. Ltd.,Himalayan Brokerage Company Limited,200,911.3,182260.0,2025-08-05 12:35:24.113789
2025-08-05,74299,2025080504006576,BPCL,SUN SECURITIES PVT LTD,Himalayan Brokerage Company Limited,2000,911.2,1822400.0,2025-08-05 12:35:24.113868
2025-08-05,74298,2025080504006577,BPCL,Midas Stock Broking Company Private Limited,Himalayan Brokerage Company Limited,239,911.1,217752.9,2025-08-05 12:35:24.113946
2025-08-05,73526,2025080504006689,BPCL,Secured Securities Ltd.,Online Securities Pvt. Ltd.,100,912.0,91200.0,2025-08-05 12:37:06.001083
2025-08-05,73525,2025080504006690,BPCL,Online Securities Pvt. Ltd.,Online Securities Pvt. Ltd.,100,912.0,91200.0,2025-08-05 12:37:06.001125
2025-08-05,73524,2025080504006691,BPCL,Agrawal Securities (PVT) Ltd.,Online Securities Pvt. Ltd.,300,911.2,273360.0,2025-08-05 12:37:06.001153
2025-08-05,73523,2025080504006692,BPCL,Midas Stock Broking Company Private Limited,Online Securities Pvt. Ltd.,100,911.1,91110.0,2025-08-05 12:37:06.001179
2025-08-05,73137,2025080504006720,BPCL,Arun Securities (PVT) Ltd.,Online Securities Pvt. Ltd.,20,911.4,18228.0,2025-08-05 12:38:01.718989
2025-08-05,73136,2025080504006721,BPCL,Arun Securities (PVT) Ltd.,Online Securities Pvt. Ltd.,20,911.3,18226.0,2025-08-05 12:38:01.719042
2025-08-05,73135,2025080504006722,BPCL,Sumeru Securities Pvt. Ltd.,Online Securities Pvt. Ltd.,10,911.2,9112.0,2025-08-05 12:38:01.719068
2025-08-05,73134,2025080504006723,BPCL,Neev Securities Pvt. Ltd.,Online Securities Pvt. Ltd.,77,911.2,70162.4,2025-08-05 12:38:01.719091
2025-08-05,73133,2025080504006724,BPCL,Midas Stock Broking Company Private Limited,Online Securities Pvt. Ltd.,661,911.1,602237.1,2025-08-05 12:38:01.719119
2025-08-05,73132,2025080504006725,BPCL,Naasa Securities Co. Ltd.,Online Securities Pvt. Ltd.,50,911.0,45550.0,2025-08-05 12:38:01.719153
2025-08-05,73131,2025080504006726,BPCL,Prabhu Stock Market Limited,Online Securities Pvt. Ltd.,152,910.5,138396.0,2025-08-05 12:38:01.719182
2025-08-05,72801,2025080504006792,BPCL,Agrawal Securities (PVT) Ltd.,Machhapuchchhre Securities Limited,15,910.7,13660.5,2025-08-05 12:38:47.002449
2025-08-05,72686,2025080504006803,BPCL,Agrawal Securities (PVT) Ltd.,Online Securities Pvt. Ltd.,10,910.7,9107.0,2025-08-05 12:39:03.507487
2025-08-05,72439,2025080504006863,BPCL,Agrawal Securities (PVT) Ltd.,Midas Stock Broking Company Private Limited,15,910.7,13660.5,2025-08-05 12:39:35.361884
2025-08-05,72251,2025080504006883,BPCL,Citizens Share Broker Limited,Imperial Securities Company Pvt. Ltd.,2,900.0,1800.0,2025-08-05 12:40:05.270084
2025-08-05,71491,2025080504006997,BPCL,Sri Hari Securities Pvt. Ltd.,SHUBHAKAMANA SECURITIES PVT. LTD,14,914.0,12796.0,2025-08-05 12:42:16.718523
2025-08-05,71490,2025080504006998,BPCL,Sri Hari Securities Pvt. Ltd.,Midas Stock Broking Company Private Limited,200,914.5,182900.0,2025-08-05 12:42:16.718778
2025-08-05,71489,2025080504006999,BPCL,Sri Hari Securities Pvt. Ltd.,Magnet Securities and Investment Company Private Limited,100,914.8,91480.0,2025-08-05 12:42:16.718873
2025-08-05,71410,2025080504007012,BPCL,Dipshikha Dhitopatra Karobar Co. Pvt Ltd.,Shree Krishna Securities Ltd.,50,915.0,45750.0,2025-08-05 12:42:30.143649
2025-08-05,71145,2025080504007055,BPCL,Sri Hari Securities Pvt. Ltd.,Himalayan Brokerage Company Limited,500,915.0,457500.0,2025-08-05 12:43:21.585187
2025-08-05,71144,2025080504007056,BPCL,Sri Hari Securities Pvt. Ltd.,Sri Hari Securities Pvt. Ltd.,1000,915.0,915000.0,2025-08-05 12:43:21.585462
2025-08-05,70686,2025080504007120,BPCL,Sri Hari Securities Pvt. Ltd.,Sundhara Securities Limited,100,918.5,91850.0,2025-08-05 12:44:37.523044
2025-08-05,70464,2025080504007146,BPCL,Agrawal Securities (PVT) Ltd.,Shree Krishna Securities Ltd.,74,918.0,67932.0,2025-08-05 12:45:14.121019
2025-08-05,70463,2025080504007147,BPCL,Agrawal Securities (PVT) Ltd.,Sri Hari Securities Pvt. Ltd.,226,918.0,207468.0,2025-08-05 12:45:14.121519
2025-08-05,70379,2025080504007161,BPCL,Sumeru Securities Pvt. Ltd.,Sri Hari Securities Pvt. Ltd.,500,918.0,459000.0,2025-08-05 12:45:31.601253
2025-08-05,70360,2025080504007171,BPCL,Sri Hari Securities Pvt. Ltd.,Sri Hari Securities Pvt. Ltd.,136,918.0,124848.0,2025-08-05 12:45:36.774630
2025-08-05,70326,2025080504007176,BPCL,ABC Securities Private Limited,Sri Hari Securities Pvt. Ltd.,30,918.0,27540.0,2025-08-05 12:45:44.214730
2025-08-05,70306,2025080504007178,BPCL,Indira securities pvt. ltd,Sri Hari Securities Pvt. Ltd.,108,918.0,99144.0,2025-08-05 12:45:49.255832
2025-08-05,70283,2025080504007182,BPCL,Premier Securities Company Ltd.,Himalayan Brokerage Company Limited,500,918.8,459400.0,2025-08-05 12:45:53.343459
2025-08-05,70282,2025080504007183,BPCL,Premier Securities Company Ltd.,Agrawal Securities (PVT) Ltd.,60,918.9,55134.0,2025-08-05 12:45:53.343730
2025-08-05,70281,2025080504007184,BPCL,Premier Securities Company Ltd.,SUN SECURITIES PVT LTD,440,918.9,404316.0,2025-08-05 12:45:53.343827
2025-08-05,70211,2025080504007190,BPCL,Indira securities pvt. ltd,Sri Hari Securities Pvt. Ltd.,392,918.0,359856.0,2025-08-05 12:46:00.122954
2025-08-05,70198,2025080504007191,BPCL,Online Securities Pvt. Ltd.,Sri Hari Securities Pvt. Ltd.,608,918.0,558144.0,2025-08-05 12:46:01.288495
2025-08-05,70197,2025080504007192,BPCL,Online Securities Pvt. Ltd.,SUN SECURITIES PVT LTD,60,918.9,55134.0,2025-08-05 12:46:01.288752
2025-08-05,70196,2025080504007193,BPCL,Online Securities Pvt. Ltd.,Sundhara Securities Limited,100,918.9,91890.0,2025-08-05 12:46:01.288842
2025-08-05,70071,2025080504007200,BPCL,Linch Stock Market Ltd.,Magnet Securities and Investment Company Private Limited,200,919.9,183980.0,2025-08-05 12:46:15.308000
2025-08-05,70070,2025080504007201,BPCL,Linch Stock Market Ltd.,Dynamic Money Managers Securities Pvt. Ltd.,300,919.9,275970.0,2025-08-05 12:46:15.308044
2025-08-05,70062,2025080504007202,BPCL,Dynamic Money Managers Securities Pvt. Ltd.,Sri Hari Securities Pvt. Ltd.,1000,919.0,919000.0,2025-08-05 12:46:16.334984
2025-08-05,70001,2025080504007206,BPCL,Online Securities Pvt. Ltd.,Dynamic Money Managers Securities Pvt. Ltd.,200,919.9,183980.0,2025-08-05 12:46:19.546261
2025-08-05,69901,2025080504007211,BPCL,Online Securities Pvt. Ltd.,Sri Hari Securities Pvt. Ltd.,32,919.9,29436.8,2025-08-05 12:46:28.768285
2025-08-05,69859,2025080504007231,BPCL,Himalayan Brokerage Company Limited,Sri Hari Securities Pvt. Ltd.,968,919.0,889592.0,2025-08-05 12:46:35.094706
2025-08-05,69858,2025080504007232,BPCL,Himalayan Brokerage Company Limited,Naasa Securities Co. Ltd.,46,920.0,42320.0,2025-08-05 12:46:35.094987
2025-08-05,69857,2025080504007233,BPCL,Himalayan Brokerage Company Limited,Capital Max Securities Ltd,486,920.0,447120.0,2025-08-05 12:46:35.095088
2025-08-05,69622,2025080504007274,BPCL,Online Securities Pvt. Ltd.,Sri Hari Securities Pvt. Ltd.,968,919.0,889592.0,2025-08-05 12:47:19.696826
2025-08-05,69621,2025080504007275,BPCL,Kalika Securities Pvt. Ltd.,Sri Hari Securities Pvt. Ltd.,32,919.0,29408.0,2025-08-05 12:47:19.697115
2025-08-05,69566,2025080504007284,BPCL,Himalayan Brokerage Company Limited,Capital Max Securities Ltd,14,920.0,12880.0,2025-08-05 12:47:27.253434
2025-08-05,69565,2025080504007285,BPCL,Himalayan Brokerage Company Limited,Oxford Securities Pvt. Ltd.,57,920.0,52440.0,2025-08-05 12:47:27.253868
2025-08-05,69553,2025080504007286,BPCL,Himalayan Brokerage Company Limited,Himalayan Brokerage Company Limited,58,920.0,53360.0,2025-08-05 12:47:30.263438
2025-08-05,69344,2025080504007318,BPCL,Capital Max Securities Ltd,Capital Max Securities Ltd,500,919.9,459950.0,2025-08-05 12:48:08.488066
2025-08-05,69343,2025080504007319,BPCL,Kalika Securities Pvt. Ltd.,Capital Max Securities Ltd,66,919.0,60654.0,2025-08-05 12:48:08.488361
2025-08-05,69342,2025080504007320,BPCL,N.M.B. SECURITIES LIMITED,Capital Max Securities Ltd,100,918.0,91800.0,2025-08-05 12:48:08.488498
2025-08-05,69341,2025080504007321,BPCL,Agrawal Securities (PVT) Ltd.,Capital Max Securities Ltd,200,916.1,183220.0,2025-08-05 12:48:08.488591
2025-08-05,69340,2025080504007322,BPCL,Online Securities Pvt. Ltd.,Capital Max Securities Ltd,100,916.0,91600.0,2025-08-05 12:48:08.488682
2025-08-05,69339,2025080504007323,BPCL,Linch Stock Market Ltd.,Capital Max Securities Ltd,12,916.0,10992.0,2025-08-05 12:48:08.488769
2025-08-05,69338,2025080504007324,BPCL,KALASH STOCK MARKET PVT. LTD.,Capital Max Securities Ltd,87,915.0,79605.0,2025-08-05 12:48:08.488855
2025-08-05,69058,2025080504007361,BPCL,SUN SECURITIES PVT LTD,Himalayan Brokerage Company Limited,1000,914.1,914100.0,2025-08-05 12:48:38.505945
2025-08-05,69057,2025080504007362,BPCL,Primo Securities (PVT) Ltd.,Himalayan Brokerage Company Limited,600,914.0,548400.0,2025-08-05 12:48:38.506195
2025-08-05,68871,2025080504007390,BPCL,Primo Securities (PVT) Ltd.,SUN SECURITIES PVT LTD,490,914.0,447860.0,2025-08-05 12:49:08.383117
2025-08-05,68534,2025080504007459,BPCL,Online Securities Pvt. Ltd.,Sri Hari Securities Pvt. Ltd.,1000,915.0,915000.0,2025-08-05 12:49:55.367224
2025-08-05,68473,2025080504007465,BPCL,Machhapuchchhre Securities Limited,Sri Hari Securities Pvt. Ltd.,10,920.0,9200.0,2025-08-05 12:50:08.075631
2025-08-05,67910,2025080504007548,BPCL,Indira securities pvt. ltd,Sri Hari Securities Pvt. Ltd.,70,915.0,64050.0,2025-08-05 12:51:50.938035
2025-08-05,67850,2025080504007559,BPCL,Kohinoor Investment & Securities Pvt. Ltd.,Sri Hari Securities Pvt. Ltd.,50,915.0,45750.0,2025-08-05 12:52:06.585611
2025-08-05,67795,2025080504007569,BPCL,SUN SECURITIES PVT LTD,Online Securities Pvt. Ltd.,100,914.1,91410.0,2025-08-05 12:52:15.340029
2025-08-05,67414,2025080504007601,BPCL,NIMB Stock Markets Limited,Sri Hari Securities Pvt. Ltd.,1880,915.0,1720200.0,2025-08-05 12:52:47.935466
2025-08-05,67281,2025080504007625,BPCL,Machhapuchchhre Securities Limited,Agrawal Securities (PVT) Ltd.,10,918.9,9189.0,2025-08-05 12:53:17.220079
2025-08-05,67258,2025080504007639,BPCL,SUN SECURITIES PVT LTD,Sri Hari Securities Pvt. Ltd.,150,915.1,137265.0,2025-08-05 12:53:22.078655
2025-08-05,67257,2025080504007640,BPCL,NIMB Stock Markets Limited,Sri Hari Securities Pvt. Ltd.,4850,915.0,4437750.0,2025-08-05 12:53:22.079099
2025-08-05,67177,2025080504007647,BPCL,Machhapuchchhre Securities Limited,Market Securities & Exchange (PVT) Ltd.,10,918.0,9180.0,2025-08-05 12:53:34.270737
2025-08-05,66890,2025080504007683,BPCL,Nepal Investment And Securities Trading Private Limited,NIMB Stock Markets Limited,30,916.0,27480.0,2025-08-05 12:54:27.087320
2025-08-05,66698,2025080504007725,BPCL,Indira securities pvt. ltd,Market Securities & Exchange (PVT) Ltd.,100,918.0,91800.0,2025-08-05 12:55:07.675282
2025-08-05,66689,2025080504007726,BPCL,Nepal Investment And Securities Trading Private Limited,Vision Securities Pvt. Ltd,20,916.0,18320.0,2025-08-05 12:55:08.869675
2025-08-05,66688,2025080504007727,BPCL,Premier Securities Company Ltd.,Vision Securities Pvt. Ltd,480,915.1,439248.0,2025-08-05 12:55:08.869945
2025-08-05,66189,2025080504007828,BPCL,Nepal Investment And Securities Trading Private Limited,Himalayan Brokerage Company Limited,400,917.0,366800.0,2025-08-05 12:56:24.998664
2025-08-05,65909,2025080504007884,BPCL,Primo Securities (PVT) Ltd.,Sri Hari Securities Pvt. Ltd.,410,915.2,375232.0,2025-08-05 12:57:12.711292
2025-08-05,65908,2025080504007885,BPCL,Premier Securities Company Ltd.,Sri Hari Securities Pvt. Ltd.,20,915.1,18302.0,2025-08-05 12:57:12.711623
2025-08-05,65907,2025080504007886,BPCL,NIMB Stock Markets Limited,Sri Hari Securities Pvt. Ltd.,270,915.0,247050.0,2025-08-05 12:57:12.711726
2025-08-05,65906,2025080504007887,BPCL,Indira securities pvt. ltd,Sri Hari Securities Pvt. Ltd.,50,915.0,45750.0,2025-08-05 12:57:12.711818
2025-08-05,65905,2025080504007888,BPCL,Deevyaa Securities & Stock House Pvt. Ltd,Sri Hari Securities Pvt. Ltd.,100,915.0,91500.0,2025-08-05 12:57:12.711909
2025-08-05,65904,2025080504007889,BPCL,Capital Max Securities Ltd,Sri Hari Securities Pvt. Ltd.,400,915.0,366000.0,2025-08-05 12:57:12.712067
2025-08-05,65805,2025080504007907,BPCL,Dynamic Money Managers Securities Pvt. Ltd.,Sri Hari Securities Pvt. Ltd.,500,915.0,457500.0,2025-08-05 12:57:25.185901
2025-08-05,65803,2025080504007908,BPCL,Primo Securities (PVT) Ltd.,Sri Hari Securities Pvt. Ltd.,500,915.0,457500.0,2025-08-05 12:57:25.717811
2025-08-05,65734,2025080504007913,BPCL,Indira securities pvt. ltd,SUN SECURITIES PVT LTD,100,914.0,91400.0,2025-08-05 12:57:37.905340
2025-08-05,64879,2025080504008085,BPCL,Online Securities Pvt. Ltd.,Sewa Securities Pvt. Ltd.,10,914.0,9140.0,2025-08-05 12:59:52.356348
2025-08-05,64708,2025080504008104,BPCL,Secured Securities Ltd.,Property Wiard Limited,235,914.1,214813.5,2025-08-05 13:00:18.484448
2025-08-05,64631,2025080504008115,BPCL,Secured Securities Ltd.,Himalayan Brokerage Company Limited,115,914.1,105121.5,2025-08-05 13:00:29.980351
2025-08-05,64630,2025080504008116,BPCL,Online Securities Pvt. Ltd.,Himalayan Brokerage Company Limited,77,914.0,70378.0,2025-08-05 13:00:29.980391
2025-08-05,64622,2025080504008118,BPCL,Online Securities Pvt. Ltd.,Capital Max Securities Ltd,13,914.0,11882.0,2025-08-05 13:00:31.770550
2025-08-05,64621,2025080504008119,BPCL,Sumeru Securities Pvt. Ltd.,Capital Max Securities Ltd,10,912.5,9125.0,2025-08-05 13:00:31.770618
2025-08-05,64620,2025080504008120,BPCL,Sumeru Securities Pvt. Ltd.,Capital Max Securities Ltd,10,912.4,9124.0,2025-08-05 13:00:31.770645
2025-08-05,64619,2025080504008121,BPCL,Agrawal Securities (PVT) Ltd.,Capital Max Securities Ltd,200,912.4,182480.0,2025-08-05 13:00:31.770668
2025-08-05,64618,2025080504008122,BPCL,Agrawal Securities (PVT) Ltd.,Capital Max Securities Ltd,167,912.3,152354.1,2025-08-05 13:00:31.770696
2025-08-05,64505,2025080504008158,BPCL,Agrawal Securities (PVT) Ltd.,Capital Max Securities Ltd,400,912.3,364920.0,2025-08-05 13:00:47.837615
2025-08-05,64471,2025080504008166,BPCL,Agrawal Securities (PVT) Ltd.,Siprabi Securities Pvt. Ltd.,433,912.3,395025.9,2025-08-05 13:00:54.495513
2025-08-05,64470,2025080504008167,BPCL,Hatemalo Financial Services Private Limited,Siprabi Securities Pvt. Ltd.,300,912.3,273690.0,2025-08-05 13:00:54.495954
2025-08-05,64469,2025080504008168,BPCL,Dipshikha Dhitopatra Karobar Co. Pvt Ltd.,Siprabi Securities Pvt. Ltd.,200,912.0,182400.0,2025-08-05 13:00:54.496233
2025-08-05,64468,2025080504008169,BPCL,Imperial Securities Company Pvt. Ltd.,Siprabi Securities Pvt. Ltd.,110,912.0,100320.0,2025-08-05 13:00:54.496510
2025-08-05,64467,2025080504008170,BPCL,K.B.L. Securities Limited ,Siprabi Securities Pvt. Ltd.,667,912.0,608304.0,2025-08-05 13:00:54.496784
2025-08-05,64462,2025080504008172,BPCL,K.B.L. Securities Limited ,Capital Max Securities Ltd,333,912.0,303696.0,2025-08-05 13:00:55.870152
2025-08-05,64461,2025080504008173,BPCL,Naasa Securities Co. Ltd.,Capital Max Securities Ltd,67,912.0,61104.0,2025-08-05 13:00:55.870211
2025-08-05,64432,2025080504008178,BPCL,Agrawal Securities (PVT) Ltd.,Capital Max Securities Ltd,300,912.4,273720.0,2025-08-05 13:01:03.900051
2025-08-05,64384,2025080504008189,BPCL,Naasa Securities Co. Ltd.,Citizens Share Broker Limited,33,912.0,30096.0,2025-08-05 13:01:12.619220
2025-08-05,64383,2025080504008190,BPCL,J.F. Securites (PVT) Ltd.,Citizens Share Broker Limited,50,912.0,45600.0,2025-08-05 13:01:12.619290
2025-08-05,64382,2025080504008191,BPCL,Sri Hari Securities Pvt. Ltd.,Citizens Share Broker Limited,20,912.0,18240.0,2025-08-05 13:01:12.619341
2025-08-05,64381,2025080504008192,BPCL,Primo Securities (PVT) Ltd.,Citizens Share Broker Limited,500,911.5,455750.0,2025-08-05 13:01:12.619367
2025-08-05,64380,2025080504008193,BPCL,Linch Stock Market Ltd.,Citizens Share Broker Limited,100,911.3,91130.0,2025-08-05 13:01:12.619392
2025-08-05,64379,2025080504008194,BPCL,ABC Securities Private Limited,Citizens Share Broker Limited,250,911.1,227775.0,2025-08-05 13:01:12.619446
2025-08-05,64378,2025080504008195,BPCL,Hatemalo Financial Services Private Limited,Citizens Share Broker Limited,300,911.0,273300.0,2025-08-05 13:01:12.619473
2025-08-05,64377,2025080504008196,BPCL,Roadshow securities limited,Citizens Share Broker Limited,12,910.9,10930.8,2025-08-05 13:01:12.619517
2025-08-05,64323,2025080504008225,BPCL,Roadshow securities limited,Citizens Share Broker Limited,16,910.9,14574.4,2025-08-05 13:01:20.645422
2025-08-05,64050,2025080504008297,BPCL,Capital Max Securities Ltd,Magnet Securities and Investment Company Private Limited,200,911.0,182200.0,2025-08-05 13:02:12.172752
2025-08-05,63676,2025080504008352,BPCL,Agrawal Securities (PVT) Ltd.,Vision Securities Pvt. Ltd,325,913.0,296725.0,2025-08-05 13:03:15.895354
2025-08-05,63431,2025080504008390,BPCL,Naasa Securities Co. Ltd.,Capital Max Securities Ltd,330,912.0,300960.0,2025-08-05 13:04:05.648778
2025-08-05,63430,2025080504008391,BPCL,Arun Securities (PVT) Ltd.,Capital Max Securities Ltd,20,911.2,18224.0,2025-08-05 13:04:05.649012
2025-08-05,63429,2025080504008392,BPCL,Secured Securities Ltd.,Capital Max Securities Ltd,100,911.1,91110.0,2025-08-05 13:04:05.649140
2025-08-05,63428,2025080504008393,BPCL,Premier Securities Company Ltd.,Capital Max Securities Ltd,200,911.1,182220.0,2025-08-05 13:04:05.649229
2025-08-05,63427,2025080504008394,BPCL,Capital Max Securities Ltd,Capital Max Securities Ltd,248,911.0,225928.0,2025-08-05 13:04:05.649324
2025-08-05,63426,2025080504008395,BPCL,Agrawal Securities (PVT) Ltd.,Capital Max Securities Ltd,160,911.0,145760.0,2025-08-05 13:04:05.649413
2025-08-05,63425,2025080504008396,BPCL,Shree Krishna Securities Ltd.,Capital Max Securities Ltd,500,911.0,455500.0,2025-08-05 13:04:05.649499
2025-08-05,63424,2025080504008397,BPCL,Dipshikha Dhitopatra Karobar Co. Pvt Ltd.,Capital Max Securities Ltd,10,911.0,9110.0,2025-08-05 13:04:05.649580
2025-08-05,63423,2025080504008398,BPCL,Kumari Securities Private Limited,Capital Max Securities Ltd,50,911.0,45550.0,2025-08-05 13:04:05.649670
2025-08-05,63422,2025080504008399,BPCL,Roadshow securities limited,Capital Max Securities Ltd,42,910.9,38257.8,2025-08-05 13:04:05.649757
2025-08-05,63364,2025080504008420,BPCL,Roadshow securities limited,Dipshikha Dhitopatra Karobar Co. Pvt Ltd.,130,910.9,118417.0,2025-08-05 13:04:16.046952
2025-08-05,63363,2025080504008421,BPCL,Sri Hari Securities Pvt. Ltd.,Dipshikha Dhitopatra Karobar Co. Pvt Ltd.,500,910.8,455400.0,2025-08-05 13:04:16.047051
2025-08-05,63362,2025080504008422,BPCL,Property Wiard Limited,Dipshikha Dhitopatra Karobar Co. Pvt Ltd.,100,910.8,91080.0,2025-08-05 13:04:16.047128
2025-08-05,63361,2025080504008423,BPCL,Indira securities pvt. ltd,Dipshikha Dhitopatra Karobar Co. Pvt Ltd.,500,910.8,455400.0,2025-08-05 13:04:16.047199
2025-08-05,63360,2025080504008424,BPCL,Indira securities pvt. ltd,Dipshikha Dhitopatra Karobar Co. Pvt Ltd.,570,910.8,519156.0,2025-08-05 13:04:16.047278
2025-08-05,63244,2025080504008449,BPCL,Agrawal Securities (PVT) Ltd.,Midas Stock Broking Company Private Limited,500,912.0,456000.0,2025-08-05 13:04:46.736142
2025-08-05,63005,2025080504008473,BPCL,Dynamic Money Managers Securities Pvt. Ltd.,Sweta Securities Private Limited,500,911.8,455900.0,2025-08-05 13:05:17.904543
2025-08-05,63004,2025080504008474,BPCL,ABC Securities Private Limited,Sweta Securities Private Limited,100,911.3,91130.0,2025-08-05 13:05:17.905008
2025-08-05,63003,2025080504008475,BPCL,Indira securities pvt. ltd,Sweta Securities Private Limited,400,910.8,364320.0,2025-08-05 13:05:17.905273
2025-08-05,62616,2025080504008588,BPCL,Premier Securities Company Ltd.,Linch Stock Market Ltd.,50,911.0,45550.0,2025-08-05 13:06:21.554989
2025-08-05,62611,2025080504008589,BPCL,Premier Securities Company Ltd.,Shree Krishna Securities Ltd.,43,911.0,39173.0,2025-08-05 13:06:22.947530
2025-08-05,62511,2025080504008608,BPCL,Agrawal Securities (PVT) Ltd.,Agrawal Securities (PVT) Ltd.,530,911.1,482883.0,2025-08-05 13:06:38.257070
2025-08-05,62510,2025080504008609,BPCL,Premier Securities Company Ltd.,Agrawal Securities (PVT) Ltd.,107,911.0,97477.0,2025-08-05 13:06:38.257332
2025-08-05,62509,2025080504008610,BPCL,Kohinoor Investment & Securities Pvt. Ltd.,Agrawal Securities (PVT) Ltd.,163,911.0,148493.0,2025-08-05 13:06:38.257424
2025-08-05,62034,2025080504008681,BPCL,Kohinoor Investment & Securities Pvt. Ltd.,Magnet Securities and Investment Company Private Limited,37,911.0,33707.0,2025-08-05 13:07:57.187445
2025-08-05,62033,2025080504008682,BPCL,Premier Securities Company Ltd.,Magnet Securities and Investment Company Private Limited,163,911.0,148493.0,2025-08-05 13:07:57.187873
2025-08-05,61767,2025080504008734,BPCL,Dynamic Money Managers Securities Pvt. Ltd.,Vision Securities Pvt. Ltd,50,911.1,45555.0,2025-08-05 13:08:39.448931
2025-08-05,61766,2025080504008735,BPCL,Premier Securities Company Ltd.,Vision Securities Pvt. Ltd,37,911.0,33707.0,2025-08-05 13:08:39.449198
2025-08-05,61765,2025080504008736,BPCL,Shree Krishna Securities Ltd.,Vision Securities Pvt. Ltd,43,911.0,39173.0,2025-08-05 13:08:39.449291
2025-08-05,61675,2025080504008750,BPCL,Ashutosh Brokerage & Securities (PVT) Ltd.,Vision Securities Pvt. Ltd,270,911.0,245970.0,2025-08-05 13:08:54.194910
2025-08-05,61583,2025080504008767,BPCL,Cristal Kanchanjanga Securites Pvt. Ltd.,SUN SECURITIES PVT LTD,20,911.0,18220.0,2025-08-05 13:09:13.094963
2025-08-05,61582,2025080504008768,BPCL,Indira securities pvt. ltd,SUN SECURITIES PVT LTD,30,910.8,27324.0,2025-08-05 13:09:13.095086
2025-08-05,61581,2025080504008769,BPCL,K.B.L. Securities Limited ,SUN SECURITIES PVT LTD,10,910.8,9108.0,2025-08-05 13:09:13.095154
2025-08-05,61580,2025080504008770,BPCL,Roadshow securities limited,SUN SECURITIES PVT LTD,140,910.7,127498.0,2025-08-05 13:09:13.095253
2025-08-05,61556,2025080504008778,BPCL,SUN SECURITIES PVT LTD,Aryatara Investment & Securities,15,912.0,13680.0,2025-08-05 13:09:17.109853
2025-08-05,61478,2025080504008783,BPCL,SUN SECURITIES PVT LTD,Agrawal Securities (PVT) Ltd.,10,913.8,9138.0,2025-08-05 13:09:30.154619
2025-08-05,61388,2025080504008808,BPCL,Premier Securities Company Ltd.,Vision Securities Pvt. Ltd,108,910.8,98366.4,2025-08-05 13:09:47.306216
2025-08-05,61262,2025080504008830,BPCL,Premier Securities Company Ltd.,Premier Securities Company Ltd.,92,910.8,83793.6,2025-08-05 13:10:08.524874
2025-08-05,61261,2025080504008831,BPCL,Roadshow securities limited,Premier Securities Company Ltd.,360,910.7,327852.0,2025-08-05 13:10:08.524938
2025-08-05,61260,2025080504008832,BPCL,Kumari Securities Private Limited,Premier Securities Company Ltd.,20,910.7,18214.0,2025-08-05 13:10:08.524966
2025-08-05,61259,2025080504008833,BPCL,Magnet Securities and Investment Company Private Limited,Premier Securities Company Ltd.,500,910.7,455350.0,2025-08-05 13:10:08.524991
2025-08-05,61258,2025080504008834,BPCL,Dipshikha Dhitopatra Karobar Co. Pvt Ltd.,Premier Securities Company Ltd.,500,910.6,455300.0,2025-08-05 13:10:08.525018
2025-08-05,61257,2025080504008835,BPCL,Prabhu Stock Market Limited,Premier Securities Company Ltd.,348,910.5,316854.0,2025-08-05 13:10:08.525050
2025-08-05,61256,2025080504008836,BPCL,Cristal Kanchanjanga Securites Pvt. Ltd.,Premier Securities Company Ltd.,100,910.4,91040.0,2025-08-05 13:10:08.525087
2025-08-05,61255,2025080504008837,BPCL,S.P.S.A. Securities Limited,Premier Securities Company Ltd.,500,910.3,455150.0,2025-08-05 13:10:08.525173
2025-08-05,61254,2025080504008838,BPCL,Hatemalo Financial Services Private Limited,Premier Securities Company Ltd.,300,910.1,273030.0,2025-08-05 13:10:08.525201
2025-08-05,61253,2025080504008839,BPCL,SUN SECURITIES PVT LTD,Premier Securities Company Ltd.,280,910.1,254828.0,2025-08-05 13:10:08.525225
2025-08-05,61215,2025080504008845,BPCL,SUN SECURITIES PVT LTD,SUN SECURITIES PVT LTD,1000,910.1,910100.0,2025-08-05 13:10:13.282043
2025-08-05,61039,2025080504008908,BPCL,Sagarmatha Securities Private Limited,Midas Stock Broking Company Private Limited,100,910.2,91020.0,2025-08-05 13:10:37.061959
2025-08-05,61038,2025080504008909,BPCL,Prabhu Stock Market Limited,Midas Stock Broking Company Private Limited,100,910.2,91020.0,2025-08-05 13:10:37.062412
2025-08-05,60998,2025080504008914,BPCL,Prabhu Stock Market Limited,Premier Securities Company Ltd.,400,910.2,364080.0,2025-08-05 13:10:42.741575
2025-08-05,60997,2025080504008915,BPCL,SUN SECURITIES PVT LTD,Premier Securities Company Ltd.,1815,910.1,1651831.5,2025-08-05 13:10:42.741616
2025-08-05,60847,2025080504008936,BPCL,SHUBHAKAMANA SECURITIES PVT. LTD,Sweta Securities Private Limited,500,910.2,455100.0,2025-08-05 13:11:06.006488
2025-08-05,60765,2025080504008966,BPCL,SHUBHAKAMANA SECURITIES PVT. LTD,ABC Securities Private Limited,92,910.2,83738.4,2025-08-05 13:11:11.422798
2025-08-05,60747,2025080504008969,BPCL,SHUBHAKAMANA SECURITIES PVT. LTD,Agrawal Securities (PVT) Ltd.,158,910.2,143811.6,2025-08-05 13:11:13.531364
2025-08-05,60746,2025080504008970,BPCL,SUN SECURITIES PVT LTD,Agrawal Securities (PVT) Ltd.,940,910.1,855494.0,2025-08-05 13:11:13.531589
2025-08-05,60745,2025080504008971,BPCL,Cristal Kanchanjanga Securites Pvt. Ltd.,Agrawal Securities (PVT) Ltd.,10,910.1,9101.0,2025-08-05 13:11:13.531680
2025-08-05,60744,2025080504008972,BPCL,K.B.L. Securities Limited ,Agrawal Securities (PVT) Ltd.,100,910.0,91000.0,2025-08-05 13:11:13.531767
2025-08-05,60743,2025080504008973,BPCL,Creative Securities Pvt Ltd,Agrawal Securities (PVT) Ltd.,500,910.0,455000.0,2025-08-05 13:11:13.531855
2025-08-05,60742,2025080504008974,BPCL,Trademow Securities Private Limited,Agrawal Securities (PVT) Ltd.,10,910.0,9100.0,2025-08-05 13:11:13.531941
2025-08-05,60741,2025080504008975,BPCL,Naasa Securities Co. Ltd.,Agrawal Securities (PVT) Ltd.,20,910.0,18200.0,2025-08-05 13:11:13.532025
2025-08-05,60740,2025080504008976,BPCL,N.M.B. SECURITIES LIMITED,Agrawal Securities (PVT) Ltd.,100,910.0,91000.0,2025-08-05 13:11:13.532119
2025-08-05,60739,2025080504008977,BPCL,Neev Securities Pvt. Ltd.,Agrawal Securities (PVT) Ltd.,100,910.0,91000.0,2025-08-05 13:11:13.532202
2025-08-05,60738,2025080504008978,BPCL,Dynamic Money Managers Securities Pvt. Ltd.,Agrawal Securities (PVT) Ltd.,62,910.0,56420.0,2025-08-05 13:11:13.532287
2025-08-05,60732,2025080504008983,BPCL,Dynamic Money Managers Securities Pvt. Ltd.,Sri Hari Securities Pvt. Ltd.,938,910.0,853580.0,2025-08-05 13:11:14.355507
2025-08-05,60731,2025080504008984,BPCL,Dipshikha Dhitopatra Karobar Co. Pvt Ltd.,Sri Hari Securities Pvt. Ltd.,10,910.0,9100.0,2025-08-05 13:11:14.355723
2025-08-05,60730,2025080504008985,BPCL,Sumeru Securities Pvt. Ltd.,Sri Hari Securities Pvt. Ltd.,50,910.0,45500.0,2025-08-05 13:11:14.355813
2025-08-05,60729,2025080504008986,BPCL,K.B.L. Securities Limited ,Sri Hari Securities Pvt. Ltd.,10,910.0,9100.0,2025-08-05 13:11:14.355900
2025-08-05,60684,2025080504008995,BPCL,Nepal Investment And Securities Trading Private Limited,Magnet Securities and Investment Company Private Limited,100,909.0,90900.0,2025-08-05 13:11:20.759302
2025-08-05,60683,2025080504008996,BPCL,Nepal Investment And Securities Trading Private Limited,Magnet Securities and Investment Company Private Limited,200,909.0,181800.0,2025-08-05 13:11:20.759368
2025-08-05,60526,2025080504009011,BPCL,Arun Securities (PVT) Ltd.,Sri Hari Securities Pvt. Ltd.,100,910.0,91000.0,2025-08-05 13:11:49.534483
2025-08-05,60386,2025080504009040,BPCL,Sri Hari Securities Pvt. Ltd.,Sri Hari Securities Pvt. Ltd.,110,910.0,100100.0,2025-08-05 13:12:12.093878
2025-08-05,60374,2025080504009042,BPCL,Premier Securities Company Ltd.,Sri Hari Securities Pvt. Ltd.,582,910.0,529620.0,2025-08-05 13:12:14.544287
2025-08-05,60373,2025080504009043,BPCL,Premier Securities Company Ltd.,Sri Hari Securities Pvt. Ltd.,750,910.0,682500.0,2025-08-05 13:12:14.544576
2025-08-05,60372,2025080504009044,BPCL,Premier Securities Company Ltd.,Sweta Securities Private Limited,500,910.0,455000.0,2025-08-05 13:12:14.544686
2025-08-05,60292,2025080504009058,BPCL,Premier Securities Company Ltd.,Magnet Securities and Investment Company Private Limited,168,910.0,152880.0,2025-08-05 13:12:28.957972
2025-08-05,60291,2025080504009059,BPCL,Roadshow securities limited,Magnet Securities and Investment Company Private Limited,32,909.1,29091.2,2025-08-05 13:12:28.958083
2025-08-05,60195,2025080504009075,BPCL,Sumeru Securities Pvt. Ltd.,Midas Stock Broking Company Private Limited,100,910.0,91000.0,2025-08-05 13:12:43.849073
2025-08-05,59662,2025080504009202,BPCL,Nepal Investment And Securities Trading Private Limited,Agrawal Securities (PVT) Ltd.,200,910.0,182000.0,2025-08-05 13:14:12.751327
2025-08-05,59558,2025080504009241,BPCL,Property Wiard Limited,Agrawal Securities (PVT) Ltd.,490,910.0,445900.0,2025-08-05 13:14:34.032986
2025-08-05,59518,2025080504009247,BPCL,Property Wiard Limited,Thrive Brokerage House Pvt. Ltd,510,910.0,464100.0,2025-08-05 13:14:40.741605
2025-08-05,59473,2025080504009250,BPCL,Ashutosh Brokerage & Securities (PVT) Ltd.,Agrawal Securities (PVT) Ltd.,230,909.3,209139.0,2025-08-05 13:14:47.213880
2025-08-05,59472,2025080504009251,BPCL,Indira securities pvt. ltd,Agrawal Securities (PVT) Ltd.,170,909.2,154564.0,2025-08-05 13:14:47.214343
2025-08-05,59414,2025080504009267,BPCL,Indira securities pvt. ltd,Agrawal Securities (PVT) Ltd.,230,909.2,209116.0,2025-08-05 13:14:55.313981
2025-08-05,59413,2025080504009268,BPCL,Indira securities pvt. ltd,Agrawal Securities (PVT) Ltd.,170,909.2,154564.0,2025-08-05 13:14:55.314268
2025-08-05,59270,2025080504009302,BPCL,Indira securities pvt. ltd,Agrawal Securities (PVT) Ltd.,230,909.2,209116.0,2025-08-05 13:15:19.704369
2025-08-05,59269,2025080504009303,BPCL,Roadshow securities limited,Agrawal Securities (PVT) Ltd.,68,909.1,61818.8,2025-08-05 13:15:19.704653
2025-08-05,59268,2025080504009304,BPCL,Indira securities pvt. ltd,Agrawal Securities (PVT) Ltd.,100,909.1,90910.0,2025-08-05 13:15:19.704745
2025-08-05,59267,2025080504009305,BPCL,Online Securities Pvt. Ltd.,Agrawal Securities (PVT) Ltd.,20,909.1,18182.0,2025-08-05 13:15:19.704833
2025-08-05,59266,2025080504009306,BPCL,Cristal Kanchanjanga Securites Pvt. Ltd.,Agrawal Securities (PVT) Ltd.,20,909.0,18180.0,2025-08-05 13:15:19.704920
2025-08-05,59265,2025080504009307,BPCL,Kumari Securities Private Limited,Agrawal Securities (PVT) Ltd.,40,909.0,36360.0,2025-08-05 13:15:19.705007
2025-08-05,59264,2025080504009308,BPCL,Indira securities pvt. ltd,Agrawal Securities (PVT) Ltd.,22,909.0,19998.0,2025-08-05 13:15:19.705108
2025-08-05,59159,2025080504009327,BPCL,Indira securities pvt. ltd,Imperial Securities Company Pvt. Ltd.,11,910.0,10010.0,2025-08-05 13:15:31.611608
2025-08-05,58960,2025080504009356,BPCL,Indira securities pvt. ltd,Agrawal Securities (PVT) Ltd.,30,910.0,27300.0,2025-08-05 13:16:00.247296
2025-08-05,58818,2025080504009394,BPCL,Indira securities pvt. ltd,Citizens Share Broker Limited,78,909.0,70902.0,2025-08-05 13:16:19.952269
2025-08-05,58817,2025080504009395,BPCL,Premier Securities Company Ltd.,Citizens Share Broker Limited,200,909.0,181800.0,2025-08-05 13:16:19.952350
2025-08-05,58816,2025080504009396,BPCL,Nepal Investment And Securities Trading Private Limited,Citizens Share Broker Limited,200,909.0,181800.0,2025-08-05 13:16:19.952378
2025-08-05,58815,2025080504009397,BPCL,Indira securities pvt. ltd,Citizens Share Broker Limited,400,908.9,363560.0,2025-08-05 13:16:19.952405
2025-08-05,58814,2025080504009398,BPCL,Indira securities pvt. ltd,Citizens Share Broker Limited,400,908.9,363560.0,2025-08-05 13:16:19.952428
2025-08-05,58813,2025080504009399,BPCL,Imperial Securities Company Pvt. Ltd.,Citizens Share Broker Limited,25,908.8,22720.0,2025-08-05 13:16:19.952452
2025-08-05,58812,2025080504009400,BPCL,Premier Securities Company Ltd.,Citizens Share Broker Limited,200,908.8,181760.0,2025-08-05 13:16:19.952516
2025-08-05,58811,2025080504009401,BPCL,Premier Securities Company Ltd.,Citizens Share Broker Limited,200,908.8,181760.0,2025-08-05 13:16:19.952547
2025-08-05,58810,2025080504009402,BPCL,Indira securities pvt. ltd,Citizens Share Broker Limited,400,908.3,363320.0,2025-08-05 13:16:19.952572
2025-08-05,58809,2025080504009403,BPCL,Hatemalo Financial Services Private Limited,Citizens Share Broker Limited,300,908.2,272460.0,2025-08-05 13:16:19.952596
2025-08-05,58808,2025080504009404,BPCL,Dynamic Money Managers Securities Pvt. Ltd.,Citizens Share Broker Limited,15,908.1,13621.5,2025-08-05 13:16:19.952623
2025-08-05,58807,2025080504009405,BPCL,Dipshikha Dhitopatra Karobar Co. Pvt Ltd.,Citizens Share Broker Limited,1000,908.0,908000.0,2025-08-05 13:16:19.952648
2025-08-05,58806,2025080504009406,BPCL,Malla & Malla Stock Broking Company Pvt. Limited,Citizens Share Broker Limited,100,908.0,90800.0,2025-08-05 13:16:19.952676
2025-08-05,58805,2025080504009407,BPCL,Kumari Securities Private Limited,Citizens Share Broker Limited,50,908.0,45400.0,2025-08-05 13:16:19.952700
2025-08-05,58804,2025080504009408,BPCL,Naasa Securities Co. Ltd.,Citizens Share Broker Limited,220,908.0,199760.0,2025-08-05 13:16:19.952724
2025-08-05,58803,2025080504009409,BPCL,Neev Securities Pvt. Ltd.,Citizens Share Broker Limited,100,907.3,90730.0,2025-08-05 13:16:19.952748
2025-08-05,58802,2025080504009410,BPCL,Capital Max Securities Ltd,Citizens Share Broker Limited,500,907.1,453550.0,2025-08-05 13:16:19.952773
2025-08-05,58801,2025080504009411,BPCL,Agrawal Securities (PVT) Ltd.,Citizens Share Broker Limited,500,907.0,453500.0,2025-08-05 13:16:19.952798
2025-08-05,58800,2025080504009412,BPCL,SUN SECURITIES PVT LTD,Citizens Share Broker Limited,20,907.0,18140.0,2025-08-05 13:16:19.952824
2025-08-05,58799,2025080504009413,BPCL,Dipshikha Dhitopatra Karobar Co. Pvt Ltd.,Citizens Share Broker Limited,200,907.0,181400.0,2025-08-05 13:16:19.952849
2025-08-05,58798,2025080504009414,BPCL,Agrawal Securities (PVT) Ltd.,Citizens Share Broker Limited,50,907.0,45350.0,2025-08-05 13:16:19.952881
2025-08-05,58797,2025080504009415,BPCL,Indira securities pvt. ltd,Citizens Share Broker Limited,500,907.0,453500.0,2025-08-05 13:16:19.952905
2025-08-05,58796,2025080504009416,BPCL,Dipshikha Dhitopatra Karobar Co. Pvt Ltd.,Citizens Share Broker Limited,200,906.0,181200.0,2025-08-05 13:16:19.952928
2025-08-05,58795,2025080504009417,BPCL,Secured Securities Ltd.,Citizens Share Broker Limited,50,906.0,45300.0,2025-08-05 13:16:19.952952
2025-08-05,58794,2025080504009418,BPCL,Magnet Securities and Investment Company Private Limited,Citizens Share Broker Limited,92,905.1,83269.2,2025-08-05 13:16:19.952979
2025-08-05,58502,2025080504009443,BPCL,Stoxkarts Securities Limited,Sumeru Securities Pvt. Ltd.,10,910.0,9100.0,2025-08-05 13:17:06.599819
2025-08-05,58501,2025080504009444,BPCL,Stoxkarts Securities Limited,Midas Stock Broking Company Private Limited,10,910.0,9100.0,2025-08-05 13:17:06.600243
2025-08-05,57804,2025080504009599,BPCL,Cristal Kanchanjanga Securites Pvt. Ltd.,Midas Stock Broking Company Private Limited,50,910.0,45500.0,2025-08-05 13:19:07.351051
2025-08-05,57772,2025080504009610,BPCL,KALASH STOCK MARKET PVT. LTD.,Midas Stock Broking Company Private Limited,40,910.0,36400.0,2025-08-05 13:19:11.827123
2025-08-05,57771,2025080504009611,BPCL,KALASH STOCK MARKET PVT. LTD.,Magnet Securities and Investment Company Private Limited,60,910.0,54600.0,2025-08-05 13:19:11.827607
2025-08-05,57196,2025080504009681,BPCL,Premier Securities Company Ltd.,Magnet Securities and Investment Company Private Limited,140,910.0,127400.0,2025-08-05 13:20:27.099836
2025-08-05,57195,2025080504009682,BPCL,Premier Securities Company Ltd.,Sweta Securities Private Limited,460,910.0,418600.0,2025-08-05 13:20:27.100104
2025-08-05,57193,2025080504009683,BPCL,Property Wiard Limited,Sweta Securities Private Limited,40,910.0,36400.0,2025-08-05 13:20:27.742584
2025-08-05,56957,2025080504009726,BPCL,Property Wiard Limited,Midas Stock Broking Company Private Limited,360,910.0,327600.0,2025-08-05 13:21:01.354622
2025-08-05,56727,2025080504009771,BPCL,SUN SECURITIES PVT LTD,Thrive Brokerage House Pvt. Ltd,68,910.1,61886.8,2025-08-05 13:21:47.618853
2025-08-05,56657,2025080504009780,BPCL,SUN SECURITIES PVT LTD,Midas Stock Broking Company Private Limited,400,910.1,364040.0,2025-08-05 13:22:04.605745
2025-08-05,56494,2025080504009825,BPCL,Arun Securities (PVT) Ltd.,Midas Stock Broking Company Private Limited,100,912.0,91200.0,2025-08-05 13:22:28.992563
2025-08-05,56319,2025080504009847,BPCL,Trishakti Securities Public Limited,Sharepro Securities Private Limited,100,910.2,91020.0,2025-08-05 13:22:57.842389
2025-08-05,56318,2025080504009848,BPCL,SUN SECURITIES PVT LTD,Sharepro Securities Private Limited,400,910.1,364040.0,2025-08-05 13:22:57.842677
2025-08-05,56255,2025080504009858,BPCL,SUN SECURITIES PVT LTD,Midas Stock Broking Company Private Limited,10,913.0,9130.0,2025-08-05 13:23:09.700573
2025-08-05,56254,2025080504009859,BPCL,SUN SECURITIES PVT LTD,Midas Stock Broking Company Private Limited,90,913.0,82170.0,2025-08-05 13:23:09.700833
2025-08-05,56198,2025080504009864,BPCL,SUN SECURITIES PVT LTD,Naasa Securities Co. Ltd.,132,910.1,120133.2,2025-08-05 13:23:22.975513
2025-08-05,56197,2025080504009865,BPCL,Bhrikuti Stock Broking Co. Pvt. Ltd.,Naasa Securities Co. Ltd.,10,910.1,9101.0,2025-08-05 13:23:22.975846
2025-08-05,56014,2025080504009904,BPCL,SUN SECURITIES PVT LTD,Asian Securities Private Ltd.,20,911.0,18220.0,2025-08-05 13:24:02.683042
2025-08-05,56013,2025080504009905,BPCL,INDEX SECURITIES LIMITED,Asian Securities Private Ltd.,10,910.1,9101.0,2025-08-05 13:24:02.683679
2025-08-05,56012,2025080504009906,BPCL,Property Wiard Limited,Asian Securities Private Ltd.,970,910.0,882700.0,2025-08-05 13:24:02.684067
2025-08-05,55982,2025080504009916,BPCL,Property Wiard Limited,Naasa Securities Co. Ltd.,630,910.0,573300.0,2025-08-05 13:24:07.916185
2025-08-05,55981,2025080504009917,BPCL,Naasa Securities Co. Ltd.,Naasa Securities Co. Ltd.,270,910.0,245700.0,2025-08-05 13:24:07.916457
2025-08-05,55956,2025080504009924,BPCL,Naasa Securities Co. Ltd.,Midas Stock Broking Company Private Limited,230,910.0,209300.0,2025-08-05 13:24:13.428966
2025-08-05,55955,2025080504009925,BPCL,Sumeru Securities Pvt. Ltd.,Midas Stock Broking Company Private Limited,10,910.0,9100.0,2025-08-05 13:24:13.429457
2025-08-05,55929,2025080504009932,BPCL,Naasa Securities Co. Ltd.,Midas Stock Broking Company Private Limited,30,910.0,27300.0,2025-08-05 13:24:19.215255
2025-08-05,55823,2025080504009969,BPCL,Asian Securities Private Ltd.,Midas Stock Broking Company Private Limited,30,910.0,27300.0,2025-08-05 13:24:40.883619
2025-08-05,55723,2025080504010008,BPCL,ABC Securities Private Limited,Naasa Securities Co. Ltd.,50,909.0,45450.0,2025-08-05 13:24:58.694987
2025-08-05,55044,2025080504010123,BPCL,Machhapuchchhre Securities Limited,Midas Stock Broking Company Private Limited,10,913.0,9130.0,2025-08-05 13:27:10.993019
2025-08-05,54968,2025080504010137,BPCL,Trishakti Securities Public Limited,Midas Stock Broking Company Private Limited,10,913.0,9130.0,2025-08-05 13:27:18.058152
2025-08-05,54926,2025080504010141,BPCL,Citizens Share Broker Limited,Midas Stock Broking Company Private Limited,90,913.0,82170.0,2025-08-05 13:27:29.885401
2025-08-05,54925,2025080504010142,BPCL,Citizens Share Broker Limited,Asian Securities Private Ltd.,188,913.7,171775.6,2025-08-05 13:27:29.885871
2025-08-05,54924,2025080504010143,BPCL,Citizens Share Broker Limited,Midas Stock Broking Company Private Limited,200,914.0,182800.0,2025-08-05 13:27:29.886166
2025-08-05,54713,2025080504010198,BPCL,Citizens Share Broker Limited,Midas Stock Broking Company Private Limited,22,914.0,20108.0,2025-08-05 13:28:07.954720
2025-08-05,54712,2025080504010199,BPCL,Sumeru Securities Pvt. Ltd.,Midas Stock Broking Company Private Limited,28,911.0,25508.0,2025-08-05 13:28:07.954782
2025-08-05,54430,2025080504010229,BPCL,SUN SECURITIES PVT LTD,Online Securities Pvt. Ltd.,16,914.5,14632.0,2025-08-05 13:29:06.023764
2025-08-05,53361,2025080504010426,BPCL,Aryatara Investment & Securities,Midas Stock Broking Company Private Limited,90,912.0,82080.0,2025-08-05 13:32:30.726940
2025-08-05,53360,2025080504010427,BPCL,Sumeru Securities Pvt. Ltd.,Midas Stock Broking Company Private Limited,92,912.0,83904.0,2025-08-05 13:32:30.727234
2025-08-05,53359,2025080504010428,BPCL,Sewa Securities Pvt. Ltd.,Midas Stock Broking Company Private Limited,100,912.0,91200.0,2025-08-05 13:32:30.727343
2025-08-05,52725,2025080504010497,BPCL,Dipshikha Dhitopatra Karobar Co. Pvt Ltd.,Dynamic Money Managers Securities Pvt. Ltd.,10,911.0,9110.0,2025-08-05 13:34:32.296629
2025-08-05,52724,2025080504010498,BPCL,Thrive Brokerage House Pvt. Ltd,Dynamic Money Managers Securities Pvt. Ltd.,100,911.0,91100.0,2025-08-05 13:34:32.296939
2025-08-05,52709,2025080504010503,BPCL,Roadshow securities limited,Agrawal Securities (PVT) Ltd.,100,911.0,91100.0,2025-08-05 13:34:37.434068
2025-08-05,52708,2025080504010504,BPCL,SUN SECURITIES PVT LTD,Agrawal Securities (PVT) Ltd.,100,911.0,91100.0,2025-08-05 13:34:37.434601
2025-08-05,52485,2025080504010573,BPCL,Sewa Securities Pvt. Ltd.,Midas Stock Broking Company Private Limited,18,912.0,16416.0,2025-08-05 13:35:08.669619
2025-08-05,52484,2025080504010574,BPCL,Sewa Securities Pvt. Ltd.,Dipshikha Dhitopatra Karobar Co. Pvt Ltd.,10,912.0,9120.0,2025-08-05 13:35:08.670125
2025-08-05,52483,2025080504010575,BPCL,Sewa Securities Pvt. Ltd.,KALASH STOCK MARKET PVT. LTD.,50,912.0,45600.0,2025-08-05 13:35:08.670484
2025-08-05,52482,2025080504010576,BPCL,Sewa Securities Pvt. Ltd.,Nepal Stock House (PVT) Ltd.,10,913.0,9130.0,2025-08-05 13:35:08.670896
2025-08-05,52481,2025080504010577,BPCL,Sewa Securities Pvt. Ltd.,Midas Stock Broking Company Private Limited,112,913.0,102256.0,2025-08-05 13:35:08.671245
2025-08-05,52290,2025080504010612,BPCL,Dipshikha Dhitopatra Karobar Co. Pvt Ltd.,Midas Stock Broking Company Private Limited,88,913.0,80344.0,2025-08-05 13:35:46.413626
2025-08-05,52268,2025080504010614,BPCL,Prabhu Stock Market Limited,Agrawal Securities (PVT) Ltd.,300,913.9,274170.0,2025-08-05 13:35:48.042132
2025-08-05,52267,2025080504010615,BPCL,Prabhu Stock Market Limited,Sundhara Securities Limited,200,914.0,182800.0,2025-08-05 13:35:48.042636
2025-08-05,52206,2025080504010634,BPCL,Citizens Share Broker Limited,Naasa Securities Co. Ltd.,8,910.0,7280.0,2025-08-05 13:35:57.406617
2025-08-05,52146,2025080504010641,BPCL,Citizens Share Broker Limited,Naasa Securities Co. Ltd.,3,910.0,2730.0,2025-08-05 13:36:07.441718
2025-08-05,52014,2025080504010663,BPCL,Roadshow securities limited,Sundhara Securities Limited,300,914.0,274200.0,2025-08-05 13:36:27.357441
2025-08-05,51819,2025080504010709,BPCL,Sri Hari Securities Pvt. Ltd.,Infinity Securities Limited,350,914.9,320215.0,2025-08-05 13:36:54.516653
2025-08-05,51818,2025080504010710,BPCL,Sri Hari Securities Pvt. Ltd.,Premier Securities Company Ltd.,46,914.9,42085.4,2025-08-05 13:36:54.516950
2025-08-05,51817,2025080504010711,BPCL,Sri Hari Securities Pvt. Ltd.,Dipshikha Dhitopatra Karobar Co. Pvt Ltd.,200,915.0,183000.0,2025-08-05 13:36:54.517062
2025-08-05,51816,2025080504010712,BPCL,Sri Hari Securities Pvt. Ltd.,Dakshinkali Investment & Securities Pvt. Ltd.,50,915.0,45750.0,2025-08-05 13:36:54.517167
2025-08-05,51815,2025080504010713,BPCL,Sri Hari Securities Pvt. Ltd.,Nepal Investment And Securities Trading Private Limited,50,915.0,45750.0,2025-08-05 13:36:54.517487
2025-08-05,51755,2025080504010725,BPCL,K.B.L. Securities Limited ,Kohinoor Investment & Securities Pvt. Ltd.,18,916.0,16488.0,2025-08-05 13:37:04.091282
2025-08-05,51754,2025080504010726,BPCL,K.B.L. Securities Limited ,Midas Stock Broking Company Private Limited,200,916.0,183200.0,2025-08-05 13:37:04.091367
2025-08-05,51753,2025080504010727,BPCL,K.B.L. Securities Limited ,Agrawal Securities (PVT) Ltd.,300,917.9,275370.0,2025-08-05 13:37:04.091402
2025-08-05,51752,2025080504010728,BPCL,K.B.L. Securities Limited ,Market Securities & Exchange (PVT) Ltd.,290,918.0,266220.0,2025-08-05 13:37:04.091426
2025-08-05,51751,2025080504010729,BPCL,K.B.L. Securities Limited ,Citizens Share Broker Limited,492,918.0,451656.0,2025-08-05 13:37:04.091451
2025-08-05,51711,2025080504010742,BPCL,Shree Krishna Securities Ltd.,Citizens Share Broker Limited,200,918.0,183600.0,2025-08-05 13:37:13.178964
2025-08-05,51565,2025080504010764,BPCL,Aryatara Investment & Securities,Citizens Share Broker Limited,127,918.0,116586.0,2025-08-05 13:37:32.967618
2025-08-05,50446,2025080504010902,BPCL,Citizens Share Broker Limited,Neev Securities Pvt. Ltd.,1,910.0,910.0,2025-08-05 13:40:11.198884
2025-08-05,50282,2025080504010921,BPCL,Citizens Share Broker Limited,Dynamic Money Managers Securities Pvt. Ltd.,6,911.0,5466.0,2025-08-05 13:40:32.256485
2025-08-05,49654,2025080504010990,BPCL,Sewa Securities Pvt. Ltd.,Citizens Share Broker Limited,100,918.0,91800.0,2025-08-05 13:42:14.261604
2025-08-05,49434,2025080504011029,BPCL,Primo Securities (PVT) Ltd.,Citizens Share Broker Limited,30,918.0,27540.0,2025-08-05 13:42:58.859794
2025-08-05,49235,2025080504011061,BPCL,Shree Krishna Securities Ltd.,Citizens Share Broker Limited,51,918.0,46818.0,2025-08-05 13:43:34.687208
2025-08-05,49234,2025080504011062,BPCL,Shree Krishna Securities Ltd.,Sundhara Securities Limited,149,918.0,136782.0,2025-08-05 13:43:34.687497
2025-08-05,49009,2025080504011096,BPCL,Naasa Securities Co. Ltd.,Kumari Securities Private Limited,10,916.0,9160.0,2025-08-05 13:44:06.305131
2025-08-05,48824,2025080504011127,BPCL,Aryatara Investment & Securities,SUN SECURITIES PVT LTD,100,916.0,91600.0,2025-08-05 13:44:37.353969
2025-08-05,47759,2025080504011254,BPCL,Shree Krishna Securities Ltd.,Sundhara Securities Limited,315,918.0,289170.0,2025-08-05 13:47:34.064059
2025-08-05,47720,2025080504011269,BPCL,SUN SECURITIES PVT LTD,NIMB Stock Markets Limited,700,916.1,641270.0,2025-08-05 13:47:40.045043
2025-08-05,47527,2025080504011286,BPCL,Aryatara Investment & Securities,Sundhara Securities Limited,30,918.0,27540.0,2025-08-05 13:48:15.825395
2025-08-05,47371,2025080504011305,BPCL,Roadshow securities limited,Sundhara Securities Limited,100,918.0,91800.0,2025-08-05 13:48:51.160073
2025-08-05,47312,2025080504011309,BPCL,Ashutosh Brokerage & Securities (PVT) Ltd.,Imperial Securities Company Pvt. Ltd.,5,905.0,4525.0,2025-08-05 13:49:03.901541
2025-08-05,47267,2025080504011316,BPCL,Aakashbhairab Securities Ltd.,Shree Krishna Securities Ltd.,565,918.8,519122.0,2025-08-05 13:49:10.911974
2025-08-05,47208,2025080504011343,BPCL,INDEX SECURITIES LIMITED,SUN SECURITIES PVT LTD,100,918.5,91850.0,2025-08-05 13:49:20.224722
2025-08-05,47053,2025080504011370,BPCL,Sewa Securities Pvt. Ltd.,Sundhara Securities Limited,100,919.0,91900.0,2025-08-05 13:49:46.492897
2025-08-05,46905,2025080504011397,BPCL,Dipshikha Dhitopatra Karobar Co. Pvt Ltd.,Agrawal Securities (PVT) Ltd.,55,919.8,50589.0,2025-08-05 13:50:08.731241
2025-08-05,46904,2025080504011398,BPCL,Dipshikha Dhitopatra Karobar Co. Pvt Ltd.,Agrawal Securities (PVT) Ltd.,200,919.8,183960.0,2025-08-05 13:50:08.731890
2025-08-05,46777,2025080504011415,BPCL,Secured Securities Ltd.,Dynamic Money Managers Securities Pvt. Ltd.,50,920.0,46000.0,2025-08-05 13:50:31.953788
2025-08-05,46776,2025080504011416,BPCL,Secured Securities Ltd.,Shree Krishna Securities Ltd.,200,920.0,184000.0,2025-08-05 13:50:31.954342
2025-08-05,46724,2025080504011421,BPCL,Roadshow securities limited,Shree Krishna Securities Ltd.,150,920.0,138000.0,2025-08-05 13:50:38.428813
2025-08-05,46528,2025080504011441,BPCL,Vision Securities Pvt. Ltd,Shree Krishna Securities Ltd.,10,920.0,9200.0,2025-08-05 13:51:08.677889
2025-08-05,46165,2025080504011495,BPCL,Deevyaa Securities & Stock House Pvt. Ltd,Shree Krishna Securities Ltd.,200,920.0,184000.0,2025-08-05 13:52:24.660724
2025-08-05,46024,2025080504011506,BPCL,SHUBHAKAMANA SECURITIES PVT. LTD,SUN SECURITIES PVT LTD,100,919.9,91990.0,2025-08-05 13:52:55.580372
2025-08-05,45979,2025080504011518,BPCL,Nabil Stock Dealer Ltd.,Shree Krishna Securities Ltd.,90,920.0,82800.0,2025-08-05 13:53:02.699150
2025-08-05,45978,2025080504011519,BPCL,Nabil Stock Dealer Ltd.,J.F. Securites (PVT) Ltd.,30,920.0,27600.0,2025-08-05 13:53:02.699711
2025-08-05,45854,2025080504011545,BPCL,Aryatara Investment & Securities,Midas Stock Broking Company Private Limited,10,923.0,9230.0,2025-08-05 13:53:27.352409
2025-08-05,45849,2025080504011547,BPCL,SUN SECURITIES PVT LTD,Midas Stock Broking Company Private Limited,10,923.0,9230.0,2025-08-05 13:53:28.145673
2025-08-05,45773,2025080504011571,BPCL,Aryatara Investment & Securities,Midas Stock Broking Company Private Limited,80,923.0,73840.0,2025-08-05 13:53:46.619366
2025-08-05,45530,2025080504011593,BPCL,SUN SECURITIES PVT LTD,Investment Management Nepal Pvt. Ltd.,10,924.8,9248.0,2025-08-05 13:54:29.372351
2025-08-05,45385,2025080504011620,BPCL,Aryatara Investment & Securities,Investment Management Nepal Pvt. Ltd.,20,924.8,18496.0,2025-08-05 13:54:54.473685
2025-08-05,44218,2025080504011812,BPCL,Ashutosh Brokerage & Securities (PVT) Ltd.,Naasa Securities Co. Ltd.,8,915.0,7320.0,2025-08-05 13:57:47.361796
2025-08-05,43895,2025080504011885,BPCL,Deevyaa Securities & Stock House Pvt. Ltd,Opal Securities Investment (PVT) Ltd.,100,920.1,92010.0,2025-08-05 13:58:34.954255
2025-08-05,43833,2025080504011887,BPCL,Deevyaa Securities & Stock House Pvt. Ltd,Infinity Securities Limited,100,920.1,92010.0,2025-08-05 13:58:43.735371
2025-08-05,43832,2025080504011888,BPCL,Kohinoor Investment & Securities Pvt. Ltd.,Infinity Securities Limited,2400,920.1,2208240.0,2025-08-05 13:58:43.735861
2025-08-05,43758,2025080504011902,BPCL,Nabil Stock Dealer Ltd.,SUN SECURITIES PVT LTD,180,920.0,165600.0,2025-08-05 13:58:56.911154
2025-08-05,43757,2025080504011903,BPCL,Miyo Securities Pvt Ltd,SUN SECURITIES PVT LTD,400,920.0,368000.0,2025-08-05 13:58:56.911701
2025-08-05,43756,2025080504011904,BPCL,Thrive Brokerage House Pvt. Ltd,SUN SECURITIES PVT LTD,100,920.0,92000.0,2025-08-05 13:58:56.912039
2025-08-05,43755,2025080504011905,BPCL,Vision Securities Pvt. Ltd,SUN SECURITIES PVT LTD,100,920.0,92000.0,2025-08-05 13:58:56.912353
2025-08-05,43496,2025080504011942,BPCL,SUN SECURITIES PVT LTD,South Asian Bulls Pvt. Ltd.,10,923.0,9230.0,2025-08-05 13:59:33.047521
2025-08-05,43495,2025080504011943,BPCL,SUN SECURITIES PVT LTD,Agrawal Securities (PVT) Ltd.,10,923.9,9239.0,2025-08-05 13:59:33.047582
2025-08-05,43378,2025080504011966,BPCL,Premier Securities Company Ltd.,Midas Stock Broking Company Private Limited,100,920.0,92000.0,2025-08-05 13:59:50.884218
2025-08-05,43195,2025080504012003,BPCL,SUN SECURITIES PVT LTD,Infinity Securities Limited,10,923.0,9230.0,2025-08-05 14:00:22.191412
2025-08-05,43178,2025080504012007,BPCL,Dynamic Money Managers Securities Pvt. Ltd.,Opal Securities Investment (PVT) Ltd.,50,919.0,45950.0,2025-08-05 14:00:23.971852
2025-08-05,43095,2025080504012031,BPCL,SUN SECURITIES PVT LTD,Infinity Securities Limited,10,923.0,9230.0,2025-08-05 14:00:34.234586
2025-08-05,41851,2025080504012271,BPCL,Dipshikha Dhitopatra Karobar Co. Pvt Ltd.,Agrawal Securities (PVT) Ltd.,250,919.3,229825.0,2025-08-05 14:04:01.635044
2025-08-05,41850,2025080504012272,BPCL,Naasa Securities Co. Ltd.,Agrawal Securities (PVT) Ltd.,500,919.2,459600.0,2025-08-05 14:04:01.635377
