Date,S.N.,Contract ID,Symbol,Buyer Broker,Seller Broker,volume,rate,amount,transaction_time
2025-08-05,127367,2025080503000047,GBBL,Naasa Securities Co. Ltd.,Nepal Investment And Securities Trading Private Limited,120,446.0,53520.0,2025-08-05 11:02:25.222420
2025-08-05,127366,2025080503000048,GBBL,Sani Securities Company Ltd.,Nepal Investment And Securities Trading Private Limited,79,446.0,35234.0,2025-08-05 11:02:25.222464
2025-08-05,126392,2025080503000062,GBBL,Naasa Securities Co. Ltd.,Dynamic Money Managers Securities Pvt. Ltd.,120,447.0,53640.0,2025-08-05 11:03:03.182140
2025-08-05,124098,2025080503000098,GBBL,South Asian Bulls Pvt. Ltd.,Malla & Malla Stock Broking Company Pvt. Limited,200,451.8,90360.0,2025-08-05 11:04:50.265167
2025-08-05,124097,2025080503000099,GBBL,South Asian Bulls Pvt. Ltd.,Nepal Stock House (PVT) Ltd.,300,451.9,135570.0,2025-08-05 11:04:50.265225
2025-08-05,120021,2025080503000224,GBBL,Agrawal Securities (PVT) Ltd.,Aryatara Investment & Securities,500,450.9,225450.0,2025-08-05 11:08:26.344500
2025-08-05,119663,2025080503000234,GBBL,Vision Securities Pvt. Ltd,Sumeru Securities Pvt. Ltd.,35,447.0,15645.0,2025-08-05 11:08:47.923665
2025-08-05,119662,2025080503000235,GBBL,Bhrikuti Stock Broking Co. Pvt. Ltd.,Sumeru Securities Pvt. Ltd.,50,446.2,22310.0,2025-08-05 11:08:47.923707
2025-08-05,119661,2025080503000236,GBBL,Sani Securities Company Ltd.,Sumeru Securities Pvt. Ltd.,100,446.1,44610.0,2025-08-05 11:08:47.923733
2025-08-05,119660,2025080503000237,GBBL,Hatemalo Financial Services Private Limited,Sumeru Securities Pvt. Ltd.,815,446.0,363490.0,2025-08-05 11:08:47.923757
2025-08-05,115943,2025080503000424,GBBL,Midas Stock Broking Company Private Limited,Thrive Brokerage House Pvt. Ltd,10,450.0,4500.0,2025-08-05 11:12:28.875346
2025-08-05,115347,2025080503000450,GBBL,Sagarmatha Securities Private Limited,Thrive Brokerage House Pvt. Ltd,50,450.0,22500.0,2025-08-05 11:12:56.664917
2025-08-05,114406,2025080503000527,GBBL,Vision Securities Pvt. Ltd,Thrive Brokerage House Pvt. Ltd,40,450.0,18000.0,2025-08-05 11:13:57.187582
2025-08-05,114405,2025080503000528,GBBL,Vision Securities Pvt. Ltd,Trishakti Securities Public Limited,70,450.0,31500.0,2025-08-05 11:13:57.187746
2025-08-05,113521,2025080503000588,GBBL,Sani Securities Company Ltd.,KALASH STOCK MARKET PVT. LTD.,10,449.9,4499.0,2025-08-05 11:14:52.578918
2025-08-05,113520,2025080503000589,GBBL,Sani Securities Company Ltd.,Trishakti Securities Public Limited,411,450.0,184950.0,2025-08-05 11:14:52.578996
2025-08-05,112533,2025080503000694,GBBL,Deevyaa Securities & Stock House Pvt. Ltd,Agrawal Securities (PVT) Ltd.,157,447.0,70179.0,2025-08-05 11:16:15.776661
2025-08-05,111669,2025080503000767,GBBL,Naasa Securities Co. Ltd.,Nagarik Stock Dealer ,20,448.9,8978.0,2025-08-05 11:17:27.130625
2025-08-05,110472,2025080503000897,GBBL,Agrawal Securities (PVT) Ltd.,Opal Securities Investment (PVT) Ltd.,100,446.5,44650.0,2025-08-05 11:18:57.030600
2025-08-05,107986,2025080503001102,GBBL,Agrawal Securities (PVT) Ltd.,Opal Securities Investment (PVT) Ltd.,30,446.5,13395.0,2025-08-05 11:22:37.417948
2025-08-05,107985,2025080503001103,GBBL,Creative Securities Pvt Ltd,Opal Securities Investment (PVT) Ltd.,40,446.5,17860.0,2025-08-05 11:22:37.417996
2025-08-05,107984,2025080503001104,GBBL,Naasa Securities Co. Ltd.,Opal Securities Investment (PVT) Ltd.,31,446.2,13832.2,2025-08-05 11:22:37.418047
2025-08-05,107983,2025080503001105,GBBL,Aryatara Investment & Securities,Opal Securities Investment (PVT) Ltd.,29,446.1,12936.9,2025-08-05 11:22:37.418086
2025-08-05,107861,2025080503001110,GBBL,Aryatara Investment & Securities,Nagarik Stock Dealer ,171,446.1,76283.1,2025-08-05 11:22:44.898147
2025-08-05,107860,2025080503001111,GBBL,Sani Securities Company Ltd.,Nagarik Stock Dealer ,100,446.1,44610.0,2025-08-05 11:22:44.898249
2025-08-05,107859,2025080503001112,GBBL,Hatemalo Financial Services Private Limited,Nagarik Stock Dealer ,185,446.0,82510.0,2025-08-05 11:22:44.898315
2025-08-05,107858,2025080503001113,GBBL,Kumari Securities Private Limited,Nagarik Stock Dealer ,335,446.0,149410.0,2025-08-05 11:22:44.898357
2025-08-05,107857,2025080503001114,GBBL,Opal Securities Investment (PVT) Ltd.,Nagarik Stock Dealer ,189,446.0,84294.0,2025-08-05 11:22:44.898397
2025-08-05,106603,2025080503001240,GBBL,Sumeru Securities Pvt. Ltd.,Opal Securities Investment (PVT) Ltd.,100,446.2,44620.0,2025-08-05 11:24:35.304961
2025-08-05,106602,2025080503001241,GBBL,KALASH STOCK MARKET PVT. LTD.,Opal Securities Investment (PVT) Ltd.,100,446.1,44610.0,2025-08-05 11:24:35.305008
2025-08-05,106302,2025080503001267,GBBL,KALASH STOCK MARKET PVT. LTD.,Deevyaa Securities & Stock House Pvt. Ltd,100,446.1,44610.0,2025-08-05 11:24:52.857904
2025-08-05,106026,2025080503001282,GBBL,Opal Securities Investment (PVT) Ltd.,Dipshikha Dhitopatra Karobar Co. Pvt Ltd.,225,446.0,100350.0,2025-08-05 11:25:17.775703
2025-08-05,104402,2025080503001394,GBBL,Opal Securities Investment (PVT) Ltd.,Agrawal Securities (PVT) Ltd.,100,446.0,44600.0,2025-08-05 11:27:30.274183
2025-08-05,104132,2025080503001414,GBBL,Opal Securities Investment (PVT) Ltd.,Deevyaa Securities & Stock House Pvt. Ltd,53,446.1,23643.3,2025-08-05 11:28:06.708523
2025-08-05,104092,2025080503001417,GBBL,Opal Securities Investment (PVT) Ltd.,Dipshikha Dhitopatra Karobar Co. Pvt Ltd.,433,446.1,193161.3,2025-08-05 11:28:10.802781
2025-08-05,104091,2025080503001418,GBBL,Linch Stock Market Ltd.,Dipshikha Dhitopatra Karobar Co. Pvt Ltd.,47,446.0,20962.0,2025-08-05 11:28:10.802878
2025-08-05,104064,2025080503001421,GBBL,Linch Stock Market Ltd.,Opal Securities Investment (PVT) Ltd.,56,446.0,24976.0,2025-08-05 11:28:13.753031
2025-08-05,103107,2025080503001504,GBBL,Linch Stock Market Ltd.,Indira securities pvt. ltd,97,446.0,43262.0,2025-08-05 11:30:09.602113
2025-08-05,103106,2025080503001505,GBBL,Sundhara Securities Limited,Indira securities pvt. ltd,150,446.0,66900.0,2025-08-05 11:30:09.602215
2025-08-05,103105,2025080503001506,GBBL,South Asian Bulls Pvt. Ltd.,Indira securities pvt. ltd,100,446.0,44600.0,2025-08-05 11:30:09.602259
2025-08-05,103104,2025080503001507,GBBL,Naasa Securities Co. Ltd.,Indira securities pvt. ltd,153,446.0,68238.0,2025-08-05 11:30:09.602304
2025-08-05,97782,2025080503001943,GBBL,Sumeru Securities Pvt. Ltd.,Vision Securities Pvt. Ltd,53,447.0,23691.0,2025-08-05 11:40:22.422752
2025-08-05,96999,2025080503002018,GBBL,Miyo Securities Pvt Ltd,Cristal Kanchanjanga Securites Pvt. Ltd.,40,446.1,17844.0,2025-08-05 11:42:04.790459
2025-08-05,96998,2025080503002019,GBBL,Sani Securities Company Ltd.,Cristal Kanchanjanga Securites Pvt. Ltd.,200,446.0,89200.0,2025-08-05 11:42:04.790587
2025-08-05,96997,2025080503002020,GBBL,Naasa Securities Co. Ltd.,Cristal Kanchanjanga Securites Pvt. Ltd.,20,446.0,8920.0,2025-08-05 11:42:04.790649
2025-08-05,96996,2025080503002021,GBBL,Vision Securities Pvt. Ltd,Cristal Kanchanjanga Securites Pvt. Ltd.,1000,445.3,445300.0,2025-08-05 11:42:04.790715
2025-08-05,96995,2025080503002022,GBBL,Premier Securities Company Ltd.,Cristal Kanchanjanga Securites Pvt. Ltd.,100,445.0,44500.0,2025-08-05 11:42:04.790766
2025-08-05,96994,2025080503002023,GBBL,Sundhara Securities Limited,Cristal Kanchanjanga Securites Pvt. Ltd.,100,445.0,44500.0,2025-08-05 11:42:04.790819
2025-08-05,96993,2025080503002024,GBBL,Vision Securities Pvt. Ltd,Cristal Kanchanjanga Securites Pvt. Ltd.,32,445.0,14240.0,2025-08-05 11:42:04.790871
2025-08-05,96992,2025080503002025,GBBL,Siprabi Securities Pvt. Ltd.,Cristal Kanchanjanga Securites Pvt. Ltd.,10,445.0,4450.0,2025-08-05 11:42:04.790916
2025-08-05,96544,2025080503002075,GBBL,Imperial Securities Company Pvt. Ltd.,Cristal Kanchanjanga Securites Pvt. Ltd.,200,445.0,89000.0,2025-08-05 11:43:12.531438
2025-08-05,96049,2025080503002124,GBBL,Trishakti Securities Public Limited,Swarna Laxmi Securities Pvt. Ltd.,400,443.5,177400.0,2025-08-05 11:44:30.080436
2025-08-05,96048,2025080503002125,GBBL,Dynamic Money Managers Securities Pvt. Ltd.,Swarna Laxmi Securities Pvt. Ltd.,300,443.2,132960.0,2025-08-05 11:44:30.080664
2025-08-05,96047,2025080503002126,GBBL,Agrawal Securities (PVT) Ltd.,Swarna Laxmi Securities Pvt. Ltd.,300,443.1,132930.0,2025-08-05 11:44:30.080812
2025-08-05,94805,2025080503002199,GBBL,Nepal Investment And Securities Trading Private Limited,Cristal Kanchanjanga Securites Pvt. Ltd.,298,445.0,132610.0,2025-08-05 11:47:23.098653
2025-08-05,93527,2025080503002308,GBBL,Vision Securities Pvt. Ltd,Nepal Stock House (PVT) Ltd.,1000,445.5,445500.0,2025-08-05 11:49:52.759588
2025-08-05,92039,2025080503002398,GBBL,Linch Stock Market Ltd.,Primo Securities (PVT) Ltd.,10,445.0,4450.0,2025-08-05 11:52:36.073761
2025-08-05,91188,2025080503002477,GBBL,Agrawal Securities (PVT) Ltd.,Cristal Kanchanjanga Securites Pvt. Ltd.,30,443.1,13293.0,2025-08-05 11:54:24.575546
2025-08-05,91187,2025080503002478,GBBL,Vision Securities Pvt. Ltd,Cristal Kanchanjanga Securites Pvt. Ltd.,970,443.1,429807.0,2025-08-05 11:54:24.575642
2025-08-05,91012,2025080503002499,GBBL,Nepal Investment And Securities Trading Private Limited,Primo Securities (PVT) Ltd.,52,445.0,23140.0,2025-08-05 11:54:48.558955
2025-08-05,90453,2025080503002580,GBBL,Aryatara Investment & Securities,Cristal Kanchanjanga Securites Pvt. Ltd.,500,445.0,222500.0,2025-08-05 11:56:08.965474
2025-08-05,89624,2025080503002696,GBBL,Nepal Investment And Securities Trading Private Limited,Deevyaa Securities & Stock House Pvt. Ltd,100,445.0,44500.0,2025-08-05 11:57:56.533158
2025-08-05,88348,2025080503002865,GBBL,Aryatara Investment & Securities,Agrawal Securities (PVT) Ltd.,10,446.9,4469.0,2025-08-05 12:00:38.081946
2025-08-05,88347,2025080503002866,GBBL,Aryatara Investment & Securities,Vision Securities Pvt. Ltd,141,447.0,63027.0,2025-08-05 12:00:38.082073
2025-08-05,88346,2025080503002867,GBBL,Aryatara Investment & Securities,Dynamic Money Managers Securities Pvt. Ltd.,49,447.8,21942.2,2025-08-05 12:00:38.082128
2025-08-05,85213,2025080503003237,GBBL,Swarna Laxmi Securities Pvt. Ltd.,Asian Securities Private Ltd.,500,445.0,222500.0,2025-08-05 12:08:45.129446
2025-08-05,85054,2025080503003249,GBBL,Swarna Laxmi Securities Pvt. Ltd.,Trishakti Securities Public Limited,1500,445.0,667500.0,2025-08-05 12:09:08.674538
2025-08-05,84245,2025080503003311,GBBL,ABC Securities Private Limited,Oxford Securities Pvt. Ltd.,6,436.1,2616.6,2025-08-05 12:11:11.082898
2025-08-05,84170,2025080503003320,GBBL,Sundhara Securities Limited,Asian Securities Private Ltd.,500,445.0,222500.0,2025-08-05 12:11:28.271867
2025-08-05,83871,2025080503003356,GBBL,Market Securities & Exchange (PVT) Ltd.,Malla & Malla Stock Broking Company Pvt. Limited,100,446.0,44600.0,2025-08-05 12:12:12.229838
2025-08-05,82198,2025080503003646,GBBL,Nepal Investment And Securities Trading Private Limited,Aryatara Investment & Securities,50,445.0,22250.0,2025-08-05 12:16:04.912432
2025-08-05,81402,2025080503003838,GBBL,Sri Hari Securities Pvt. Ltd.,Nepal Stock House (PVT) Ltd.,150,444.0,66600.0,2025-08-05 12:17:58.006711
2025-08-05,81401,2025080503003839,GBBL,Vision Securities Pvt. Ltd,Nepal Stock House (PVT) Ltd.,30,443.1,13293.0,2025-08-05 12:17:58.006858
2025-08-05,81400,2025080503003840,GBBL,Bhrikuti Stock Broking Co. Pvt. Ltd.,Nepal Stock House (PVT) Ltd.,100,443.0,44300.0,2025-08-05 12:17:58.006930
2025-08-05,81399,2025080503003841,GBBL,Siprabi Securities Pvt. Ltd.,Nepal Stock House (PVT) Ltd.,100,442.2,44220.0,2025-08-05 12:17:58.006985
2025-08-05,81398,2025080503003842,GBBL,Linch Stock Market Ltd.,Nepal Stock House (PVT) Ltd.,100,442.1,44210.0,2025-08-05 12:17:58.007044
2025-08-05,81397,2025080503003843,GBBL,Bhrikuti Stock Broking Co. Pvt. Ltd.,Nepal Stock House (PVT) Ltd.,100,442.0,44200.0,2025-08-05 12:17:58.007096
2025-08-05,81396,2025080503003844,GBBL,Sri Hari Securities Pvt. Ltd.,Nepal Stock House (PVT) Ltd.,120,442.0,53040.0,2025-08-05 12:17:58.007143
2025-08-05,81302,2025080503003852,GBBL,Sri Hari Securities Pvt. Ltd.,Cristal Kanchanjanga Securites Pvt. Ltd.,880,442.0,388960.0,2025-08-05 12:18:09.271745
2025-08-05,81301,2025080503003853,GBBL,Sani Securities Company Ltd.,Cristal Kanchanjanga Securites Pvt. Ltd.,250,442.0,110500.0,2025-08-05 12:18:09.271995
2025-08-05,81300,2025080503003854,GBBL,Naasa Securities Co. Ltd.,Cristal Kanchanjanga Securites Pvt. Ltd.,80,442.0,35360.0,2025-08-05 12:18:09.272192
2025-08-05,81299,2025080503003855,GBBL,Siprabi Securities Pvt. Ltd.,Cristal Kanchanjanga Securites Pvt. Ltd.,100,441.5,44150.0,2025-08-05 12:18:09.272347
2025-08-05,81298,2025080503003856,GBBL,Capital Max Securities Ltd,Cristal Kanchanjanga Securites Pvt. Ltd.,2000,441.5,883000.0,2025-08-05 12:18:09.272486
2025-08-05,81297,2025080503003857,GBBL,Dynamic Money Managers Securities Pvt. Ltd.,Cristal Kanchanjanga Securites Pvt. Ltd.,500,441.3,220650.0,2025-08-05 12:18:09.272634
2025-08-05,81296,2025080503003858,GBBL,Pragyan Securities (PVT) Ltd.,Cristal Kanchanjanga Securites Pvt. Ltd.,200,441.0,88200.0,2025-08-05 12:18:09.272800
2025-08-05,81295,2025080503003859,GBBL,Trisul Securities & Invt. Ltd.,Cristal Kanchanjanga Securites Pvt. Ltd.,100,441.0,44100.0,2025-08-05 12:18:09.272942
2025-08-05,81294,2025080503003860,GBBL,Bhrikuti Stock Broking Co. Pvt. Ltd.,Cristal Kanchanjanga Securites Pvt. Ltd.,100,441.0,44100.0,2025-08-05 12:18:09.273107
2025-08-05,81293,2025080503003861,GBBL,Siprabi Securities Pvt. Ltd.,Cristal Kanchanjanga Securites Pvt. Ltd.,100,441.0,44100.0,2025-08-05 12:18:09.273247
2025-08-05,81292,2025080503003862,GBBL,Sani Securities Company Ltd.,Cristal Kanchanjanga Securites Pvt. Ltd.,100,440.5,44050.0,2025-08-05 12:18:09.273400
2025-08-05,81291,2025080503003863,GBBL,Online Securities Pvt. Ltd.,Cristal Kanchanjanga Securites Pvt. Ltd.,1000,440.0,440000.0,2025-08-05 12:18:09.273534
2025-08-05,81290,2025080503003864,GBBL,Neev Securities Pvt. Ltd.,Cristal Kanchanjanga Securites Pvt. Ltd.,400,440.0,176000.0,2025-08-05 12:18:09.273670
2025-08-05,81289,2025080503003865,GBBL,Neev Securities Pvt. Ltd.,Cristal Kanchanjanga Securites Pvt. Ltd.,200,440.0,88000.0,2025-08-05 12:18:09.273808
2025-08-05,81288,2025080503003866,GBBL,Sundhara Securities Limited,Cristal Kanchanjanga Securites Pvt. Ltd.,100,440.0,44000.0,2025-08-05 12:18:09.273955
2025-08-05,81287,2025080503003867,GBBL,Online Securities Pvt. Ltd.,Cristal Kanchanjanga Securites Pvt. Ltd.,3000,440.0,1320000.0,2025-08-05 12:18:09.274105
2025-08-05,81286,2025080503003868,GBBL,Kalika Securities Pvt. Ltd.,Cristal Kanchanjanga Securites Pvt. Ltd.,850,440.0,374000.0,2025-08-05 12:18:09.274246
2025-08-05,81285,2025080503003869,GBBL,Sumeru Securities Pvt. Ltd.,Cristal Kanchanjanga Securites Pvt. Ltd.,40,440.0,17600.0,2025-08-05 12:18:09.274370
2025-08-05,80077,2025080503004022,GBBL,Online Securities Pvt. Ltd.,Sweta Securities Private Limited,1,436.1,436.1,2025-08-05 12:20:54.405730
2025-08-05,78680,2025080503004214,GBBL,Sumeru Securities Pvt. Ltd.,Kohinoor Investment & Securities Pvt. Ltd.,60,440.0,26400.0,2025-08-05 12:24:23.405491
2025-08-05,78679,2025080503004215,GBBL,Sewa Securities Pvt. Ltd.,Kohinoor Investment & Securities Pvt. Ltd.,155,440.0,68200.0,2025-08-05 12:24:23.405617
2025-08-05,77900,2025080503004298,GBBL,Sewa Securities Pvt. Ltd.,ABC Securities Private Limited,45,440.0,19800.0,2025-08-05 12:26:32.466236
2025-08-05,77899,2025080503004299,GBBL,Sani Securities Company Ltd.,ABC Securities Private Limited,10,440.0,4400.0,2025-08-05 12:26:32.466276
2025-08-05,77898,2025080503004300,GBBL,South Asian Bulls Pvt. Ltd.,ABC Securities Private Limited,200,440.0,88000.0,2025-08-05 12:26:32.466301
2025-08-05,77897,2025080503004301,GBBL,Arun Securities (PVT) Ltd.,ABC Securities Private Limited,100,439.0,43900.0,2025-08-05 12:26:32.466326
2025-08-05,77896,2025080503004302,GBBL,Trishakti Securities Public Limited,ABC Securities Private Limited,50,439.0,21950.0,2025-08-05 12:26:32.466363
2025-08-05,77895,2025080503004303,GBBL,Miyo Securities Pvt Ltd,ABC Securities Private Limited,200,439.0,87800.0,2025-08-05 12:26:32.466393
2025-08-05,77894,2025080503004304,GBBL,Dynamic Money Managers Securities Pvt. Ltd.,ABC Securities Private Limited,500,438.3,219150.0,2025-08-05 12:26:32.466417
2025-08-05,77893,2025080503004305,GBBL,Agrawal Securities (PVT) Ltd.,ABC Securities Private Limited,200,438.2,87640.0,2025-08-05 12:26:32.466446
2025-08-05,77892,2025080503004306,GBBL,Sewa Securities Pvt. Ltd.,ABC Securities Private Limited,196,438.1,85867.6,2025-08-05 12:26:32.466469
2025-08-05,77663,2025080503004329,GBBL,Sewa Securities Pvt. Ltd.,South Asian Bulls Pvt. Ltd.,1100,438.1,481910.0,2025-08-05 12:27:08.292362
2025-08-05,77495,2025080503004361,GBBL,ABC Securities Private Limited,Imperial Securities Company Pvt. Ltd.,1,436.1,436.1,2025-08-05 12:27:31.946854
2025-08-05,77344,2025080503004373,GBBL,Online Securities Pvt. Ltd.,Neev Securities Pvt. Ltd.,1,431.2,431.2,2025-08-05 12:27:55.386492
2025-08-05,76612,2025080503004483,GBBL,Sani Securities Company Ltd.,Machhapuchchhre Securities Limited,20,439.0,8780.0,2025-08-05 12:29:57.602108
2025-08-05,76611,2025080503004484,GBBL,Sewa Securities Pvt. Ltd.,Machhapuchchhre Securities Limited,80,438.1,35048.0,2025-08-05 12:29:57.602170
2025-08-05,75245,2025080503004701,GBBL,Creative Securities Pvt Ltd,Trishakti Securities Public Limited,60,438.2,26292.0,2025-08-05 12:33:08.898105
2025-08-05,75244,2025080503004702,GBBL,SHUBHAKAMANA SECURITIES PVT. LTD,Trishakti Securities Public Limited,200,438.1,87620.0,2025-08-05 12:33:08.898387
2025-08-05,75243,2025080503004703,GBBL,Sundhara Securities Limited,Trishakti Securities Public Limited,140,438.1,61334.0,2025-08-05 12:33:08.898553
2025-08-05,74793,2025080503004763,GBBL,Sundhara Securities Limited,Imperial Securities Company Pvt. Ltd.,60,438.1,26286.0,2025-08-05 12:34:16.924238
2025-08-05,74792,2025080503004764,GBBL,ABC Securities Private Limited,Imperial Securities Company Pvt. Ltd.,100,438.0,43800.0,2025-08-05 12:34:16.924401
2025-08-05,74791,2025080503004765,GBBL,Sharepro Securities Private Limited,Imperial Securities Company Pvt. Ltd.,50,438.0,21900.0,2025-08-05 12:34:16.924462
2025-08-05,74790,2025080503004766,GBBL,Kumari Securities Private Limited,Imperial Securities Company Pvt. Ltd.,1000,438.0,438000.0,2025-08-05 12:34:16.924515
2025-08-05,74789,2025080503004767,GBBL,Sewa Securities Pvt. Ltd.,Imperial Securities Company Pvt. Ltd.,575,438.0,251850.0,2025-08-05 12:34:16.924568
2025-08-05,74660,2025080503004779,GBBL,Sundhara Securities Limited,Vision Securities Pvt. Ltd,400,438.1,175240.0,2025-08-05 12:34:37.038773
2025-08-05,74659,2025080503004780,GBBL,Sewa Securities Pvt. Ltd.,Vision Securities Pvt. Ltd,49,438.0,21462.0,2025-08-05 12:34:37.038926
2025-08-05,74658,2025080503004781,GBBL,Online Securities Pvt. Ltd.,Vision Securities Pvt. Ltd,1551,438.0,679338.0,2025-08-05 12:34:37.039008
2025-08-05,74481,2025080503004801,GBBL,Online Securities Pvt. Ltd.,Imperial Securities Company Pvt. Ltd.,300,438.0,131400.0,2025-08-05 12:35:06.490586
2025-08-05,73718,2025080503004909,GBBL,Online Securities Pvt. Ltd.,Sweta Securities Private Limited,1,429.4,429.4,2025-08-05 12:36:52.753359
2025-08-05,72628,2025080503005147,GBBL,ABC Securities Private Limited,Aryatara Investment & Securities,4,435.0,1740.0,2025-08-05 12:39:09.807556
2025-08-05,71846,2025080503005318,GBBL,Sani Securities Company Ltd.,Aakashbhairab Securities Ltd.,51,439.0,22389.0,2025-08-05 12:41:16.921051
2025-08-05,71692,2025080503005354,GBBL,Sani Securities Company Ltd.,Deevyaa Securities & Stock House Pvt. Ltd,100,440.0,44000.0,2025-08-05 12:41:40.708561
2025-08-05,71219,2025080503005434,GBBL,Sani Securities Company Ltd.,Aryatara Investment & Securities,189,440.0,83160.0,2025-08-05 12:43:10.826643
2025-08-05,71218,2025080503005435,GBBL,Shree Krishna Securities Ltd.,Aryatara Investment & Securities,40,439.0,17560.0,2025-08-05 12:43:10.826800
2025-08-05,71217,2025080503005436,GBBL,Midas Stock Broking Company Private Limited,Aryatara Investment & Securities,30,438.3,13149.0,2025-08-05 12:43:10.826863
2025-08-05,71216,2025080503005437,GBBL,Online Securities Pvt. Ltd.,Aryatara Investment & Securities,241,438.3,105630.3,2025-08-05 12:43:10.826918
2025-08-05,68907,2025080503005741,GBBL,Linch Stock Market Ltd.,Vision Securities Pvt. Ltd,100,439.0,43900.0,2025-08-05 12:49:00.946552
2025-08-05,68906,2025080503005742,GBBL,KALASH STOCK MARKET PVT. LTD.,Vision Securities Pvt. Ltd,100,439.0,43900.0,2025-08-05 12:49:00.946843
2025-08-05,68695,2025080503005760,GBBL,Vision Securities Pvt. Ltd,Trishakti Securities Public Limited,10,443.0,4430.0,2025-08-05 12:49:35.318061
2025-08-05,68139,2025080503005812,GBBL,Creative Securities Pvt Ltd,Trishakti Securities Public Limited,200,443.0,88600.0,2025-08-05 12:51:14.490064
2025-08-05,67158,2025080503005937,GBBL,Naasa Securities Co. Ltd.,Dynamic Money Managers Securities Pvt. Ltd.,70,442.9,31003.0,2025-08-05 12:53:37.088404
2025-08-05,66911,2025080503005987,GBBL,Shree Krishna Securities Ltd.,Trishakti Securities Public Limited,30,442.0,13260.0,2025-08-05 12:54:25.163180
2025-08-05,66242,2025080503006074,GBBL,Neev Securities Pvt. Ltd.,Cristal Kanchanjanga Securites Pvt. Ltd.,200,439.0,87800.0,2025-08-05 12:56:20.920768
2025-08-05,66241,2025080503006075,GBBL,Dipshikha Dhitopatra Karobar Co. Pvt Ltd.,Cristal Kanchanjanga Securites Pvt. Ltd.,300,439.0,131700.0,2025-08-05 12:56:20.921100
2025-08-05,66240,2025080503006076,GBBL,Malla & Malla Stock Broking Company Pvt. Limited,Cristal Kanchanjanga Securites Pvt. Ltd.,50,438.5,21925.0,2025-08-05 12:56:20.921295
2025-08-05,66239,2025080503006077,GBBL,Imperial Securities Company Pvt. Ltd.,Cristal Kanchanjanga Securites Pvt. Ltd.,1000,438.5,438500.0,2025-08-05 12:56:20.921499
2025-08-05,66238,2025080503006078,GBBL,NIMB Stock Markets Limited,Cristal Kanchanjanga Securites Pvt. Ltd.,500,438.4,219200.0,2025-08-05 12:56:20.921685
2025-08-05,66237,2025080503006079,GBBL,Oxford Securities Pvt. Ltd.,Cristal Kanchanjanga Securites Pvt. Ltd.,200,438.4,87680.0,2025-08-05 12:56:20.921854
2025-08-05,66236,2025080503006080,GBBL,Online Securities Pvt. Ltd.,Cristal Kanchanjanga Securites Pvt. Ltd.,2759,438.3,1209269.7,2025-08-05 12:56:20.922037
2025-08-05,66235,2025080503006081,GBBL,Miyo Securities Pvt Ltd,Cristal Kanchanjanga Securites Pvt. Ltd.,200,438.3,87660.0,2025-08-05 12:56:20.922216
2025-08-05,66234,2025080503006082,GBBL,Online Securities Pvt. Ltd.,Cristal Kanchanjanga Securites Pvt. Ltd.,320,438.2,140224.0,2025-08-05 12:56:20.922384
2025-08-05,66233,2025080503006083,GBBL,Linch Stock Market Ltd.,Cristal Kanchanjanga Securites Pvt. Ltd.,100,438.1,43810.0,2025-08-05 12:56:20.922575
2025-08-05,66232,2025080503006084,GBBL,Sundhara Securities Limited,Cristal Kanchanjanga Securites Pvt. Ltd.,200,438.1,87620.0,2025-08-05 12:56:20.922743
2025-08-05,66231,2025080503006085,GBBL,Online Securities Pvt. Ltd.,Cristal Kanchanjanga Securites Pvt. Ltd.,149,438.0,65262.0,2025-08-05 12:56:20.922920
2025-08-05,66230,2025080503006086,GBBL,Online Securities Pvt. Ltd.,Cristal Kanchanjanga Securites Pvt. Ltd.,1000,438.0,438000.0,2025-08-05 12:56:20.923082
2025-08-05,66229,2025080503006087,GBBL,Sumeru Securities Pvt. Ltd.,Cristal Kanchanjanga Securites Pvt. Ltd.,50,438.0,21900.0,2025-08-05 12:56:20.923263
2025-08-05,66228,2025080503006088,GBBL,Trishakti Securities Public Limited,Cristal Kanchanjanga Securites Pvt. Ltd.,500,438.0,219000.0,2025-08-05 12:56:20.923434
2025-08-05,66227,2025080503006089,GBBL,Online Securities Pvt. Ltd.,Cristal Kanchanjanga Securites Pvt. Ltd.,100,438.0,43800.0,2025-08-05 12:56:20.923639
2025-08-05,66226,2025080503006090,GBBL,Bhrikuti Stock Broking Co. Pvt. Ltd.,Cristal Kanchanjanga Securites Pvt. Ltd.,500,438.0,219000.0,2025-08-05 12:56:20.923798
2025-08-05,66225,2025080503006091,GBBL,Sani Securities Company Ltd.,Cristal Kanchanjanga Securites Pvt. Ltd.,10,438.0,4380.0,2025-08-05 12:56:20.923964
2025-08-05,65388,2025080503006255,GBBL,Investment Management Nepal Pvt. Ltd.,Cristal Kanchanjanga Securites Pvt. Ltd.,79,438.0,34602.0,2025-08-05 12:58:44.140221
2025-08-05,65219,2025080503006274,GBBL,Aryatara Investment & Securities,Cristal Kanchanjanga Securites Pvt. Ltd.,300,438.0,131400.0,2025-08-05 12:59:06.090310
2025-08-05,65044,2025080503006304,GBBL,Dipshikha Dhitopatra Karobar Co. Pvt Ltd.,Vision Securities Pvt. Ltd,25,437.5,10937.5,2025-08-05 12:59:32.033503
2025-08-05,65043,2025080503006305,GBBL,Vision Securities Pvt. Ltd,Vision Securities Pvt. Ltd,100,437.3,43730.0,2025-08-05 12:59:32.033674
2025-08-05,65042,2025080503006306,GBBL,Agrawal Securities (PVT) Ltd.,Vision Securities Pvt. Ltd,250,437.2,109300.0,2025-08-05 12:59:32.033733
2025-08-05,65041,2025080503006307,GBBL,Kumari Securities Private Limited,Vision Securities Pvt. Ltd,100,437.1,43710.0,2025-08-05 12:59:32.033793
2025-08-05,65040,2025080503006308,GBBL,Primo Securities (PVT) Ltd.,Vision Securities Pvt. Ltd,525,437.0,229425.0,2025-08-05 12:59:32.033848
2025-08-05,64941,2025080503006311,GBBL,Primo Securities (PVT) Ltd.,Trishakti Securities Public Limited,305,437.0,133285.0,2025-08-05 12:59:43.780772
2025-08-05,64940,2025080503006312,GBBL,Sundhara Securities Limited,Trishakti Securities Public Limited,100,437.0,43700.0,2025-08-05 12:59:43.780907
2025-08-05,64939,2025080503006313,GBBL,Nepal Stock House (PVT) Ltd.,Trishakti Securities Public Limited,355,437.0,155135.0,2025-08-05 12:59:43.780978
2025-08-05,64809,2025080503006328,GBBL,Nepal Stock House (PVT) Ltd.,Trishakti Securities Public Limited,645,437.0,281865.0,2025-08-05 12:59:59.873218
2025-08-05,64702,2025080503006356,GBBL,ABC Securities Private Limited,Trishakti Securities Public Limited,100,436.5,43650.0,2025-08-05 13:00:18.981215
2025-08-05,64701,2025080503006357,GBBL,Sharepro Securities Private Limited,Trishakti Securities Public Limited,100,436.4,43640.0,2025-08-05 13:00:18.981356
2025-08-05,64700,2025080503006358,GBBL,Dynamic Money Managers Securities Pvt. Ltd.,Trishakti Securities Public Limited,155,436.3,67626.5,2025-08-05 13:00:18.981409
2025-08-05,63883,2025080503006494,GBBL,ABC Securities Private Limited,Arun Securities (PVT) Ltd.,200,436.5,87300.0,2025-08-05 13:02:40.516667
2025-08-05,63827,2025080503006500,GBBL,Sani Securities Company Ltd.,Arun Securities (PVT) Ltd.,800,436.5,349200.0,2025-08-05 13:02:49.707127
2025-08-05,63345,2025080503006578,GBBL,Kumari Securities Private Limited,Siprabi Securities Pvt. Ltd.,100,437.9,43790.0,2025-08-05 13:04:21.567844
2025-08-05,62480,2025080503006733,GBBL,Sumeru Securities Pvt. Ltd.,Imperial Securities Company Pvt. Ltd.,100,437.8,43780.0,2025-08-05 13:06:42.037700
2025-08-05,62264,2025080503006756,GBBL,Imperial Securities Company Pvt. Ltd.,Cristal Kanchanjanga Securites Pvt. Ltd.,200,438.0,87600.0,2025-08-05 13:07:20.916938
2025-08-05,61285,2025080503006954,GBBL,Vision Securities Pvt. Ltd,Trishakti Securities Public Limited,200,436.6,87320.0,2025-08-05 13:10:06.102184
2025-08-05,61284,2025080503006955,GBBL,Linch Stock Market Ltd.,Trishakti Securities Public Limited,100,436.6,43660.0,2025-08-05 13:10:06.102340
2025-08-05,61271,2025080503006956,GBBL,Sani Securities Company Ltd.,Secured Securities Ltd.,200,436.5,87300.0,2025-08-05 13:10:07.908203
2025-08-05,61270,2025080503006957,GBBL,Miyo Securities Pvt Ltd,Secured Securities Ltd.,100,436.5,43650.0,2025-08-05 13:10:07.908363
2025-08-05,61269,2025080503006958,GBBL,Imperial Securities Company Pvt. Ltd.,Secured Securities Ltd.,100,436.5,43650.0,2025-08-05 13:10:07.908419
2025-08-05,61268,2025080503006959,GBBL,Imperial Securities Company Pvt. Ltd.,Secured Securities Ltd.,30,436.5,13095.0,2025-08-05 13:10:07.908477
2025-08-05,60911,2025080503007038,GBBL,Imperial Securities Company Pvt. Ltd.,Vision Securities Pvt. Ltd,70,436.5,30555.0,2025-08-05 13:10:57.619645
2025-08-05,60910,2025080503007039,GBBL,J.F. Securites (PVT) Ltd.,Vision Securities Pvt. Ltd,500,436.4,218200.0,2025-08-05 13:10:57.619856
2025-08-05,60909,2025080503007040,GBBL,Dynamic Money Managers Securities Pvt. Ltd.,Vision Securities Pvt. Ltd,345,436.3,150523.5,2025-08-05 13:10:57.619916
2025-08-05,60908,2025080503007041,GBBL,Sundhara Securities Limited,Vision Securities Pvt. Ltd,100,436.3,43630.0,2025-08-05 13:10:57.619989
2025-08-05,60907,2025080503007042,GBBL,Sani Securities Company Ltd.,Vision Securities Pvt. Ltd,1000,436.0,436000.0,2025-08-05 13:10:57.620062
2025-08-05,60906,2025080503007043,GBBL,Naasa Securities Co. Ltd.,Vision Securities Pvt. Ltd,20,436.0,8720.0,2025-08-05 13:10:57.620118
2025-08-05,60905,2025080503007044,GBBL,Online Securities Pvt. Ltd.,Vision Securities Pvt. Ltd,50,436.0,21800.0,2025-08-05 13:10:57.620172
2025-08-05,60904,2025080503007045,GBBL,Oxford Securities Pvt. Ltd.,Vision Securities Pvt. Ltd,50,435.0,21750.0,2025-08-05 13:10:57.620232
2025-08-05,60903,2025080503007046,GBBL,Sani Securities Company Ltd.,Vision Securities Pvt. Ltd,100,435.0,43500.0,2025-08-05 13:10:57.620286
2025-08-05,60902,2025080503007047,GBBL,Kumari Securities Private Limited,Vision Securities Pvt. Ltd,100,435.0,43500.0,2025-08-05 13:10:57.620341
2025-08-05,60901,2025080503007048,GBBL,Nepal Stock House (PVT) Ltd.,Vision Securities Pvt. Ltd,500,435.0,217500.0,2025-08-05 13:10:57.620393
2025-08-05,60900,2025080503007049,GBBL,Miyo Securities Pvt Ltd,Vision Securities Pvt. Ltd,1000,435.0,435000.0,2025-08-05 13:10:57.620446
2025-08-05,60899,2025080503007050,GBBL,Capital Hub P. Ltd,Vision Securities Pvt. Ltd,165,435.0,71775.0,2025-08-05 13:10:57.620513
2025-08-05,60517,2025080503007102,GBBL,Vision Securities Pvt. Ltd,Trishakti Securities Public Limited,74,435.1,32197.4,2025-08-05 13:11:49.997410
2025-08-05,59738,2025080503007205,GBBL,Midas Stock Broking Company Private Limited,Midas Stock Broking Company Private Limited,200,437.9,87580.0,2025-08-05 13:14:04.354168
2025-08-05,58730,2025080503007400,GBBL,J.F. Securites (PVT) Ltd.,Midas Stock Broking Company Private Limited,400,437.9,175160.0,2025-08-05 13:16:30.789637
2025-08-05,58729,2025080503007401,GBBL,J.F. Securites (PVT) Ltd.,Cristal Kanchanjanga Securites Pvt. Ltd.,600,438.0,262800.0,2025-08-05 13:16:30.789792
2025-08-05,58629,2025080503007413,GBBL,Naasa Securities Co. Ltd.,Imperial Securities Company Pvt. Ltd.,100,436.0,43600.0,2025-08-05 13:16:45.882101
2025-08-05,58283,2025080503007483,GBBL,Kalika Securities Pvt. Ltd.,KALASH STOCK MARKET PVT. LTD.,50,436.1,21805.0,2025-08-05 13:17:42.540044
2025-08-05,58137,2025080503007504,GBBL,Naasa Securities Co. Ltd.,Imperial Securities Company Pvt. Ltd.,138,436.0,60168.0,2025-08-05 13:18:08.149941
2025-08-05,58136,2025080503007505,GBBL,Trishakti Securities Public Limited,Imperial Securities Company Pvt. Ltd.,1010,435.2,439552.0,2025-08-05 13:18:08.150073
2025-08-05,58135,2025080503007506,GBBL,Vision Securities Pvt. Ltd,Imperial Securities Company Pvt. Ltd.,176,435.1,76577.6,2025-08-05 13:18:08.150155
2025-08-05,58134,2025080503007507,GBBL,Miyo Securities Pvt Ltd,Imperial Securities Company Pvt. Ltd.,185,435.1,80493.5,2025-08-05 13:18:08.150218
2025-08-05,58133,2025080503007508,GBBL,Capital Hub P. Ltd,Imperial Securities Company Pvt. Ltd.,35,435.0,15225.0,2025-08-05 13:18:08.150282
2025-08-05,58132,2025080503007509,GBBL,Imperial Securities Company Pvt. Ltd.,Imperial Securities Company Pvt. Ltd.,250,435.0,108750.0,2025-08-05 13:18:08.150347
2025-08-05,58131,2025080503007510,GBBL,Online Securities Pvt. Ltd.,Imperial Securities Company Pvt. Ltd.,100,435.0,43500.0,2025-08-05 13:18:08.150408
2025-08-05,58130,2025080503007511,GBBL,Premier Securities Company Ltd.,Imperial Securities Company Pvt. Ltd.,100,435.0,43500.0,2025-08-05 13:18:08.150497
2025-08-05,58129,2025080503007512,GBBL,Kalika Securities Pvt. Ltd.,Imperial Securities Company Pvt. Ltd.,50,435.0,21750.0,2025-08-05 13:18:08.150612
2025-08-05,58128,2025080503007513,GBBL,Online Securities Pvt. Ltd.,Imperial Securities Company Pvt. Ltd.,115,435.0,50025.0,2025-08-05 13:18:08.150717
2025-08-05,58127,2025080503007514,GBBL,Kumari Securities Private Limited,Imperial Securities Company Pvt. Ltd.,100,435.0,43500.0,2025-08-05 13:18:08.150797
2025-08-05,58126,2025080503007515,GBBL,Imperial Securities Company Pvt. Ltd.,Imperial Securities Company Pvt. Ltd.,100,435.0,43500.0,2025-08-05 13:18:08.150864
2025-08-05,58125,2025080503007516,GBBL,Sweta Securities Private Limited,Imperial Securities Company Pvt. Ltd.,1000,435.0,435000.0,2025-08-05 13:18:08.150925
2025-08-05,58124,2025080503007517,GBBL,Imperial Securities Company Pvt. Ltd.,Imperial Securities Company Pvt. Ltd.,200,435.0,87000.0,2025-08-05 13:18:08.150984
2025-08-05,58123,2025080503007518,GBBL,Naasa Securities Co. Ltd.,Imperial Securities Company Pvt. Ltd.,200,434.3,86860.0,2025-08-05 13:18:08.151091
2025-08-05,58122,2025080503007519,GBBL,Naasa Securities Co. Ltd.,Imperial Securities Company Pvt. Ltd.,200,434.0,86800.0,2025-08-05 13:18:08.151185
2025-08-05,58121,2025080503007520,GBBL,Opal Securities Investment (PVT) Ltd.,Imperial Securities Company Pvt. Ltd.,241,434.0,104594.0,2025-08-05 13:18:08.151248
2025-08-05,56278,2025080503007759,GBBL,J.F. Securites (PVT) Ltd.,KALASH STOCK MARKET PVT. LTD.,50,436.0,21800.0,2025-08-05 13:23:04.493600
2025-08-05,54714,2025080503008065,GBBL,Sweta Securities Private Limited,Nepal Stock House (PVT) Ltd.,100,435.0,43500.0,2025-08-05 13:28:07.494743
2025-08-05,54596,2025080503008086,GBBL,Sundhara Securities Limited,KALASH STOCK MARKET PVT. LTD.,20,437.0,8740.0,2025-08-05 13:28:28.494896
2025-08-05,54463,2025080503008105,GBBL,Sundhara Securities Limited,Midas Stock Broking Company Private Limited,10,437.2,4372.0,2025-08-05 13:28:55.644264
2025-08-05,54462,2025080503008106,GBBL,Sundhara Securities Limited,Midas Stock Broking Company Private Limited,10,437.3,4373.0,2025-08-05 13:28:55.644532
2025-08-05,54461,2025080503008107,GBBL,Sundhara Securities Limited,Midas Stock Broking Company Private Limited,10,437.4,4374.0,2025-08-05 13:28:55.644602
2025-08-05,54460,2025080503008108,GBBL,Sundhara Securities Limited,KALASH STOCK MARKET PVT. LTD.,10,437.5,4375.0,2025-08-05 13:28:55.644666
2025-08-05,54459,2025080503008109,GBBL,Sundhara Securities Limited,KALASH STOCK MARKET PVT. LTD.,10,437.6,4376.0,2025-08-05 13:28:55.644729
2025-08-05,54433,2025080503008112,GBBL,Sundhara Securities Limited,Midas Stock Broking Company Private Limited,30,437.6,13128.0,2025-08-05 13:29:05.358298
2025-08-05,54432,2025080503008113,GBBL,Deevyaa Securities & Stock House Pvt. Ltd,Midas Stock Broking Company Private Limited,50,437.0,21850.0,2025-08-05 13:29:05.358467
2025-08-05,53423,2025080503008283,GBBL,Imperial Securities Company Pvt. Ltd.,Oxford Securities Pvt. Ltd.,100,436.5,43650.0,2025-08-05 13:32:21.033689
2025-08-05,53342,2025080503008301,GBBL,Capital Hub P. Ltd,Midas Stock Broking Company Private Limited,10,437.0,4370.0,2025-08-05 13:32:34.354869
2025-08-05,53296,2025080503008312,GBBL,Capital Hub P. Ltd,Midas Stock Broking Company Private Limited,10,437.1,4371.0,2025-08-05 13:32:46.401292
2025-08-05,53194,2025080503008329,GBBL,Capital Hub P. Ltd,Midas Stock Broking Company Private Limited,10,437.2,4372.0,2025-08-05 13:32:56.435395
2025-08-05,53167,2025080503008334,GBBL,Capital Hub P. Ltd,Midas Stock Broking Company Private Limited,170,437.2,74324.0,2025-08-05 13:33:03.876934
2025-08-05,53166,2025080503008335,GBBL,Kohinoor Investment & Securities Pvt. Ltd.,Midas Stock Broking Company Private Limited,80,437.0,34960.0,2025-08-05 13:33:03.877290
2025-08-05,52446,2025080503008449,GBBL,Sundhara Securities Limited,Midas Stock Broking Company Private Limited,10,437.1,4371.0,2025-08-05 13:35:16.682592
2025-08-05,52361,2025080503008456,GBBL,Kohinoor Investment & Securities Pvt. Ltd.,KALASH STOCK MARKET PVT. LTD.,20,437.0,8740.0,2025-08-05 13:35:33.862443
2025-08-05,52360,2025080503008457,GBBL,Naasa Securities Co. Ltd.,KALASH STOCK MARKET PVT. LTD.,80,437.0,34960.0,2025-08-05 13:35:33.862653
2025-08-05,52338,2025080503008461,GBBL,Online Securities Pvt. Ltd.,Midas Stock Broking Company Private Limited,10,437.2,4372.0,2025-08-05 13:35:37.706436
2025-08-05,52275,2025080503008480,GBBL,Sundhara Securities Limited,Midas Stock Broking Company Private Limited,10,437.3,4373.0,2025-08-05 13:35:47.844619
2025-08-05,52152,2025080503008519,GBBL,Sundhara Securities Limited,Midas Stock Broking Company Private Limited,10,437.4,4374.0,2025-08-05 13:36:05.930421
2025-08-05,52059,2025080503008541,GBBL,Naasa Securities Co. Ltd.,Midas Stock Broking Company Private Limited,10,437.5,4375.0,2025-08-05 13:36:21.747042
2025-08-05,52058,2025080503008542,GBBL,Naasa Securities Co. Ltd.,Midas Stock Broking Company Private Limited,10,437.6,4376.0,2025-08-05 13:36:21.747192
2025-08-05,51928,2025080503008570,GBBL,Sundhara Securities Limited,Cristal Kanchanjanga Securites Pvt. Ltd.,10,437.5,4375.0,2025-08-05 13:36:37.944483
2025-08-05,51927,2025080503008571,GBBL,R.B.B. Securities Company Ltd,Cristal Kanchanjanga Securites Pvt. Ltd.,500,437.2,218600.0,2025-08-05 13:36:37.944655
2025-08-05,51926,2025080503008572,GBBL,Naasa Securities Co. Ltd.,Cristal Kanchanjanga Securites Pvt. Ltd.,120,437.0,52440.0,2025-08-05 13:36:37.944745
2025-08-05,51662,2025080503008643,GBBL,Imperial Securities Company Pvt. Ltd.,KALASH STOCK MARKET PVT. LTD.,100,436.5,43650.0,2025-08-05 13:37:21.163571
2025-08-05,51539,2025080503008663,GBBL,Kumari Securities Private Limited,Cristal Kanchanjanga Securites Pvt. Ltd.,53,437.0,23161.0,2025-08-05 13:37:39.272767
2025-08-05,51538,2025080503008664,GBBL,Kumari Securities Private Limited,KALASH STOCK MARKET PVT. LTD.,47,437.2,20548.4,2025-08-05 13:37:39.273114
2025-08-05,50912,2025080503008794,GBBL,Machhapuchchhre Securities Limited,Midas Stock Broking Company Private Limited,500,437.9,218950.0,2025-08-05 13:39:13.033085
2025-08-05,50911,2025080503008795,GBBL,Machhapuchchhre Securities Limited,Linch Stock Market Ltd.,123,438.0,53874.0,2025-08-05 13:39:13.033144
2025-08-05,50910,2025080503008796,GBBL,Machhapuchchhre Securities Limited,Sewa Securities Pvt. Ltd.,135,438.0,59130.0,2025-08-05 13:39:13.033167
2025-08-05,50216,2025080503008926,GBBL,Machhapuchchhre Securities Limited,Online Securities Pvt. Ltd.,815,440.0,358600.0,2025-08-05 13:40:39.265282
2025-08-05,49827,2025080503009045,GBBL,Sundhara Securities Limited,Nepal Stock House (PVT) Ltd.,4,435.0,1740.0,2025-08-05 13:41:45.776514
2025-08-05,49609,2025080503009110,GBBL,Sundhara Securities Limited,Sweta Securities Private Limited,4,437.0,1748.0,2025-08-05 13:42:26.996105
2025-08-05,49515,2025080503009135,GBBL,Machhapuchchhre Securities Limited,Midas Stock Broking Company Private Limited,185,442.8,81918.0,2025-08-05 13:42:42.595909
2025-08-05,49155,2025080503009200,GBBL,Premier Securities Company Ltd.,Online Securities Pvt. Ltd.,50,439.0,21950.0,2025-08-05 13:43:45.532056
2025-08-05,49103,2025080503009223,GBBL,Machhapuchchhre Securities Limited,Online Securities Pvt. Ltd.,41,439.0,17999.0,2025-08-05 13:43:50.785034
2025-08-05,49102,2025080503009224,GBBL,Machhapuchchhre Securities Limited,Midas Stock Broking Company Private Limited,471,442.7,208511.7,2025-08-05 13:43:50.785089
2025-08-05,48993,2025080503009250,GBBL,Sundhara Securities Limited,Malla & Malla Stock Broking Company Pvt. Limited,1,437.2,437.2,2025-08-05 13:44:11.625046
2025-08-05,48876,2025080503009285,GBBL,Sundhara Securities Limited,KALASH STOCK MARKET PVT. LTD.,1,437.2,437.2,2025-08-05 13:44:29.728053
2025-08-05,48872,2025080503009286,GBBL,Deevyaa Securities & Stock House Pvt. Ltd,Naasa Securities Co. Ltd.,20,440.0,8800.0,2025-08-05 13:44:30.374132
2025-08-05,48533,2025080503009393,GBBL,Deevyaa Securities & Stock House Pvt. Ltd,Midas Stock Broking Company Private Limited,70,440.0,30800.0,2025-08-05 13:45:31.910981
2025-08-05,48400,2025080503009418,GBBL,Deevyaa Securities & Stock House Pvt. Ltd,Midas Stock Broking Company Private Limited,10,440.0,4400.0,2025-08-05 13:46:01.099641
2025-08-05,48399,2025080503009419,GBBL,Trisul Securities & Invt. Ltd.,Midas Stock Broking Company Private Limited,100,440.0,44000.0,2025-08-05 13:46:01.099833
2025-08-05,48060,2025080503009491,GBBL,Aryatara Investment & Securities,Midas Stock Broking Company Private Limited,50,438.0,21900.0,2025-08-05 13:46:45.483406
2025-08-05,48059,2025080503009492,GBBL,Sewa Securities Pvt. Ltd.,Midas Stock Broking Company Private Limited,25,437.1,10927.5,2025-08-05 13:46:45.483600
2025-08-05,48058,2025080503009493,GBBL,Dipshikha Dhitopatra Karobar Co. Pvt Ltd.,Midas Stock Broking Company Private Limited,500,437.0,218500.0,2025-08-05 13:46:45.483673
2025-08-05,47840,2025080503009553,GBBL,Trisul Securities & Invt. Ltd.,Midas Stock Broking Company Private Limited,100,437.0,43700.0,2025-08-05 13:47:20.672051
2025-08-05,47648,2025080503009592,GBBL,Neev Securities Pvt. Ltd.,Nepal Stock House (PVT) Ltd.,200,436.1,87220.0,2025-08-05 13:47:55.188962
2025-08-05,47647,2025080503009593,GBBL,Creative Securities Pvt Ltd,Nepal Stock House (PVT) Ltd.,115,436.1,50151.5,2025-08-05 13:47:55.189296
2025-08-05,47646,2025080503009594,GBBL,Deevyaa Securities & Stock House Pvt. Ltd,Nepal Stock House (PVT) Ltd.,50,436.0,21800.0,2025-08-05 13:47:55.189492
2025-08-05,47645,2025080503009595,GBBL,ABC Securities Private Limited,Nepal Stock House (PVT) Ltd.,10,436.0,4360.0,2025-08-05 13:47:55.189724
2025-08-05,47644,2025080503009596,GBBL,Market Securities & Exchange (PVT) Ltd.,Nepal Stock House (PVT) Ltd.,300,435.0,130500.0,2025-08-05 13:47:55.189920
2025-08-05,47643,2025080503009597,GBBL,Kohinoor Investment & Securities Pvt. Ltd.,Nepal Stock House (PVT) Ltd.,70,435.0,30450.0,2025-08-05 13:47:55.190189
2025-08-05,47642,2025080503009598,GBBL,Dynamic Money Managers Securities Pvt. Ltd.,Nepal Stock House (PVT) Ltd.,300,435.0,130500.0,2025-08-05 13:47:55.190409
2025-08-05,47641,2025080503009599,GBBL,Neev Securities Pvt. Ltd.,Nepal Stock House (PVT) Ltd.,300,435.0,130500.0,2025-08-05 13:47:55.190611
2025-08-05,47640,2025080503009600,GBBL,Nagarik Stock Dealer ,Nepal Stock House (PVT) Ltd.,100,435.0,43500.0,2025-08-05 13:47:55.190796
2025-08-05,47639,2025080503009601,GBBL,Premier Securities Company Ltd.,Nepal Stock House (PVT) Ltd.,200,435.0,87000.0,2025-08-05 13:47:55.190975
2025-08-05,47638,2025080503009602,GBBL,Blue Chip Securities Ltd,Nepal Stock House (PVT) Ltd.,1000,435.0,435000.0,2025-08-05 13:47:55.191202
2025-08-05,47637,2025080503009603,GBBL,ABC Securities Private Limited,Nepal Stock House (PVT) Ltd.,20,435.0,8700.0,2025-08-05 13:47:55.191505
2025-08-05,47636,2025080503009604,GBBL,Sundhara Securities Limited,Nepal Stock House (PVT) Ltd.,500,435.0,217500.0,2025-08-05 13:47:55.191684
2025-08-05,47583,2025080503009610,GBBL,Online Securities Pvt. Ltd.,Nepal Stock House (PVT) Ltd.,114,435.0,49590.0,2025-08-05 13:48:02.524358
2025-08-05,47385,2025080503009656,GBBL,Sanima Securities Limited,Naasa Securities Co. Ltd.,50,438.0,21900.0,2025-08-05 13:48:49.155205
2025-08-05,47384,2025080503009657,GBBL,Sanima Securities Limited,Nepal Stock House (PVT) Ltd.,875,439.0,384125.0,2025-08-05 13:48:49.155413
2025-08-05,47112,2025080503009688,GBBL,Sanima Securities Limited,Midas Stock Broking Company Private Limited,75,439.0,32925.0,2025-08-05 13:49:37.510807
2025-08-05,47069,2025080503009707,GBBL,Imperial Securities Company Pvt. Ltd.,Midas Stock Broking Company Private Limited,200,439.0,87800.0,2025-08-05 13:49:43.359725
2025-08-05,46393,2025080503009897,GBBL,Trishakti Securities Public Limited,Midas Stock Broking Company Private Limited,600,436.0,261600.0,2025-08-05 13:51:35.211187
2025-08-05,45371,2025080503010191,GBBL,Dipshikha Dhitopatra Karobar Co. Pvt Ltd.,Midas Stock Broking Company Private Limited,100,436.5,43650.0,2025-08-05 13:54:56.309010
2025-08-05,45370,2025080503010192,GBBL,Bhrikuti Stock Broking Co. Pvt. Ltd.,Midas Stock Broking Company Private Limited,100,436.1,43610.0,2025-08-05 13:54:56.309391
2025-08-05,45369,2025080503010193,GBBL,Primo Securities (PVT) Ltd.,Midas Stock Broking Company Private Limited,50,436.0,21800.0,2025-08-05 13:54:56.309679
2025-08-05,45185,2025080503010250,GBBL,Primo Securities (PVT) Ltd.,Midas Stock Broking Company Private Limited,50,436.0,21800.0,2025-08-05 13:55:22.423489
2025-08-05,45184,2025080503010251,GBBL,Imperial Securities Company Pvt. Ltd.,Midas Stock Broking Company Private Limited,100,436.0,43600.0,2025-08-05 13:55:22.423670
2025-08-05,45183,2025080503010252,GBBL,Kohinoor Investment & Securities Pvt. Ltd.,Midas Stock Broking Company Private Limited,250,436.0,109000.0,2025-08-05 13:55:22.423774
2025-08-05,44341,2025080503010490,GBBL,Trishakti Securities Public Limited,Midas Stock Broking Company Private Limited,500,437.0,218500.0,2025-08-05 13:57:29.137895
2025-08-05,44300,2025080503010501,GBBL,Trishakti Securities Public Limited,Opal Securities Investment (PVT) Ltd.,125,437.0,54625.0,2025-08-05 13:57:35.643096
2025-08-05,44171,2025080503010543,GBBL,Trishakti Securities Public Limited,Midas Stock Broking Company Private Limited,200,437.3,87460.0,2025-08-05 13:57:54.248858
2025-08-05,44170,2025080503010544,GBBL,Trishakti Securities Public Limited,Midas Stock Broking Company Private Limited,125,437.0,54625.0,2025-08-05 13:57:54.249107
2025-08-05,43985,2025080503010595,GBBL,Trishakti Securities Public Limited,Midas Stock Broking Company Private Limited,100,437.0,43700.0,2025-08-05 13:58:22.412730
2025-08-05,43891,2025080503010603,GBBL,Trishakti Securities Public Limited,Opal Securities Investment (PVT) Ltd.,73,437.0,31901.0,2025-08-05 13:58:35.960849
2025-08-05,43405,2025080503010724,GBBL,Dipshikha Dhitopatra Karobar Co. Pvt Ltd.,Dynamic Money Managers Securities Pvt. Ltd.,80,442.0,35360.0,2025-08-05 13:59:47.103569
2025-08-05,42885,2025080503010913,GBBL,Secured Securities Ltd.,Midas Stock Broking Company Private Limited,100,441.9,44190.0,2025-08-05 14:01:10.271961
2025-08-05,42692,2025080503010960,GBBL,Trishakti Securities Public Limited,Midas Stock Broking Company Private Limited,4500,441.0,1984500.0,2025-08-05 14:01:31.677605
2025-08-05,42479,2025080503011013,GBBL,Trishakti Securities Public Limited,Cristal Kanchanjanga Securites Pvt. Ltd.,77,441.0,33957.0,2025-08-05 14:02:11.040422
2025-08-05,42478,2025080503011014,GBBL,ABC Securities Private Limited,Cristal Kanchanjanga Securites Pvt. Ltd.,1923,440.0,846120.0,2025-08-05 14:02:11.040460
2025-08-05,42222,2025080503011075,GBBL,ABC Securities Private Limited,Opal Securities Investment (PVT) Ltd.,50,440.0,22000.0,2025-08-05 14:02:51.053215
2025-08-05,41904,2025080503011173,GBBL,ABC Securities Private Limited,R.B.B. Securities Company Ltd,27,440.0,11880.0,2025-08-05 14:03:50.819856
2025-08-05,41342,2025080503011331,GBBL,Primo Securities (PVT) Ltd.,Opal Securities Investment (PVT) Ltd.,100,438.0,43800.0,2025-08-05 14:05:25.054572
2025-08-05,40687,2025080503011529,GBBL,Vision Securities Pvt. Ltd,R.B.B. Securities Company Ltd,100,437.2,43720.0,2025-08-05 14:07:06.365808
2025-08-05,40686,2025080503011530,GBBL,Trisul Securities & Invt. Ltd.,R.B.B. Securities Company Ltd,100,437.1,43710.0,2025-08-05 14:07:06.366205
2025-08-05,40685,2025080503011531,GBBL,Vision Securities Pvt. Ltd,R.B.B. Securities Company Ltd,100,437.1,43710.0,2025-08-05 14:07:06.366414
2025-08-05,40346,2025080503011641,GBBL,Sani Securities Company Ltd.,Opal Securities Investment (PVT) Ltd.,15,437.0,6555.0,2025-08-05 14:08:09.148669
2025-08-05,40345,2025080503011642,GBBL,Market Securities & Exchange (PVT) Ltd.,Opal Securities Investment (PVT) Ltd.,55,437.0,24035.0,2025-08-05 14:08:09.148713
2025-08-05,38930,2025080503012043,GBBL,Trishakti Securities Public Limited,R.B.B. Securities Company Ltd,173,437.1,75618.3,2025-08-05 14:11:59.174772
2025-08-05,37179,2025080503012397,GBBL,Midas Stock Broking Company Private Limited,Online Securities Pvt. Ltd.,50,438.0,21900.0,2025-08-05 14:15:18.202658
2025-08-05,36429,2025080503012591,GBBL,Midas Stock Broking Company Private Limited,Midas Stock Broking Company Private Limited,190,438.0,83220.0,2025-08-05 14:16:23.051517
2025-08-05,36305,2025080503012625,GBBL,Midas Stock Broking Company Private Limited,Midas Stock Broking Company Private Limited,10,438.0,4380.0,2025-08-05 14:16:34.200265
2025-08-05,35062,2025080503012823,GBBL,Linch Stock Market Ltd.,Malla & Malla Stock Broking Company Pvt. Limited,100,439.0,43900.0,2025-08-05 14:18:45.836733
2025-08-05,34372,2025080503012974,GBBL,Linch Stock Market Ltd.,Cristal Kanchanjanga Securites Pvt. Ltd.,19,439.0,8341.0,2025-08-05 14:20:16.658289
2025-08-05,34371,2025080503012975,GBBL,Midas Stock Broking Company Private Limited,Cristal Kanchanjanga Securites Pvt. Ltd.,25,438.0,10950.0,2025-08-05 14:20:16.658465
2025-08-05,34370,2025080503012976,GBBL,KALASH STOCK MARKET PVT. LTD.,Cristal Kanchanjanga Securites Pvt. Ltd.,307,437.7,134373.9,2025-08-05 14:20:16.658541
2025-08-05,34369,2025080503012977,GBBL,Trishakti Securities Public Limited,Cristal Kanchanjanga Securites Pvt. Ltd.,27,437.1,11801.7,2025-08-05 14:20:16.658616
2025-08-05,34368,2025080503012978,GBBL,Sumeru Securities Pvt. Ltd.,Cristal Kanchanjanga Securites Pvt. Ltd.,100,437.1,43710.0,2025-08-05 14:20:16.658689
2025-08-05,34367,2025080503012979,GBBL,Midas Stock Broking Company Private Limited,Cristal Kanchanjanga Securites Pvt. Ltd.,50,437.1,21855.0,2025-08-05 14:20:16.658760
2025-08-05,34366,2025080503012980,GBBL,Market Securities & Exchange (PVT) Ltd.,Cristal Kanchanjanga Securites Pvt. Ltd.,45,437.0,19665.0,2025-08-05 14:20:16.658834
2025-08-05,34365,2025080503012981,GBBL,Online Securities Pvt. Ltd.,Cristal Kanchanjanga Securites Pvt. Ltd.,250,437.0,109250.0,2025-08-05 14:20:16.658908
2025-08-05,34364,2025080503012982,GBBL,Thrive Brokerage House Pvt. Ltd,Cristal Kanchanjanga Securites Pvt. Ltd.,300,437.0,131100.0,2025-08-05 14:20:16.658978
2025-08-05,34363,2025080503012983,GBBL,Sumeru Securities Pvt. Ltd.,Cristal Kanchanjanga Securites Pvt. Ltd.,100,437.0,43700.0,2025-08-05 14:20:16.659058
2025-08-05,34362,2025080503012984,GBBL,Linch Stock Market Ltd.,Cristal Kanchanjanga Securites Pvt. Ltd.,350,437.0,152950.0,2025-08-05 14:20:16.659128
2025-08-05,34361,2025080503012985,GBBL,Kumari Securities Private Limited,Cristal Kanchanjanga Securites Pvt. Ltd.,100,436.3,43630.0,2025-08-05 14:20:16.659198
2025-08-05,34360,2025080503012986,GBBL,Neev Securities Pvt. Ltd.,Cristal Kanchanjanga Securites Pvt. Ltd.,50,436.2,21810.0,2025-08-05 14:20:16.659267
2025-08-05,34359,2025080503012987,GBBL,Primo Securities (PVT) Ltd.,Cristal Kanchanjanga Securites Pvt. Ltd.,100,436.1,43610.0,2025-08-05 14:20:16.659333
2025-08-05,34358,2025080503012988,GBBL,Secured Securities Ltd.,Cristal Kanchanjanga Securites Pvt. Ltd.,100,436.0,43600.0,2025-08-05 14:20:16.659405
2025-08-05,34357,2025080503012989,GBBL,Asian Securities Private Ltd.,Cristal Kanchanjanga Securites Pvt. Ltd.,50,436.0,21800.0,2025-08-05 14:20:16.659474
2025-08-05,34091,2025080503013091,GBBL,Sagarmatha Securities Private Limited,Cristal Kanchanjanga Securites Pvt. Ltd.,500,436.0,218000.0,2025-08-05 14:20:44.412791
2025-08-05,33276,2025080503013291,GBBL,Oxford Securities Pvt. Ltd.,Online Securities Pvt. Ltd.,50,435.2,21760.0,2025-08-05 14:22:31.464664
2025-08-05,33266,2025080503013294,GBBL,Agrawal Securities (PVT) Ltd.,Cristal Kanchanjanga Securites Pvt. Ltd.,30,436.0,13080.0,2025-08-05 14:22:34.197038
2025-08-05,31681,2025080503013650,GBBL,Trisul Securities & Invt. Ltd.,Cristal Kanchanjanga Securites Pvt. Ltd.,100,435.3,43530.0,2025-08-05 14:26:29.447569
2025-08-05,31680,2025080503013651,GBBL,Trademow Securities Private Limited,Cristal Kanchanjanga Securites Pvt. Ltd.,500,435.3,217650.0,2025-08-05 14:26:29.447778
2025-08-05,31679,2025080503013652,GBBL,Oxford Securities Pvt. Ltd.,Cristal Kanchanjanga Securites Pvt. Ltd.,65,435.2,28288.0,2025-08-05 14:26:29.447853
2025-08-05,31678,2025080503013653,GBBL,Imperial Securities Company Pvt. Ltd.,Cristal Kanchanjanga Securites Pvt. Ltd.,15,435.2,6528.0,2025-08-05 14:26:29.447923
2025-08-05,31677,2025080503013654,GBBL,Trisul Securities & Invt. Ltd.,Cristal Kanchanjanga Securites Pvt. Ltd.,100,435.2,43520.0,2025-08-05 14:26:29.447994
2025-08-05,31676,2025080503013655,GBBL,Agrawal Securities (PVT) Ltd.,Cristal Kanchanjanga Securites Pvt. Ltd.,376,435.0,163560.0,2025-08-05 14:26:29.448072
2025-08-05,31675,2025080503013656,GBBL,Linch Stock Market Ltd.,Cristal Kanchanjanga Securites Pvt. Ltd.,20,435.0,8700.0,2025-08-05 14:26:29.448143
2025-08-05,31674,2025080503013657,GBBL,Primo Securities (PVT) Ltd.,Cristal Kanchanjanga Securites Pvt. Ltd.,1000,435.0,435000.0,2025-08-05 14:26:29.448211
2025-08-05,31673,2025080503013658,GBBL,Aryatara Investment & Securities,Cristal Kanchanjanga Securites Pvt. Ltd.,60,435.0,26100.0,2025-08-05 14:26:29.448289
2025-08-05,31672,2025080503013659,GBBL,Imperial Securities Company Pvt. Ltd.,Cristal Kanchanjanga Securites Pvt. Ltd.,100,435.0,43500.0,2025-08-05 14:26:29.448366
2025-08-05,31671,2025080503013660,GBBL,Nagarik Stock Dealer ,Cristal Kanchanjanga Securites Pvt. Ltd.,300,435.0,130500.0,2025-08-05 14:26:29.448443
2025-08-05,31670,2025080503013661,GBBL,Imperial Securities Company Pvt. Ltd.,Cristal Kanchanjanga Securites Pvt. Ltd.,100,435.0,43500.0,2025-08-05 14:26:29.448510
2025-08-05,31669,2025080503013662,GBBL,Online Securities Pvt. Ltd.,Cristal Kanchanjanga Securites Pvt. Ltd.,90,435.0,39150.0,2025-08-05 14:26:29.448578
2025-08-05,31668,2025080503013663,GBBL,Opal Securities Investment (PVT) Ltd.,Cristal Kanchanjanga Securites Pvt. Ltd.,759,435.0,330165.0,2025-08-05 14:26:29.448648
2025-08-05,31667,2025080503013664,GBBL,Aryatara Investment & Securities,Cristal Kanchanjanga Securites Pvt. Ltd.,247,435.0,107445.0,2025-08-05 14:26:29.448714
2025-08-05,30470,2025080503013870,GBBL,Aryatara Investment & Securities,Imperial Securities Company Pvt. Ltd.,253,435.0,110055.0,2025-08-05 14:29:25.773310
2025-08-05,30469,2025080503013871,GBBL,Kumari Securities Private Limited,Imperial Securities Company Pvt. Ltd.,100,435.0,43500.0,2025-08-05 14:29:25.773355
2025-08-05,30468,2025080503013872,GBBL,Sani Securities Company Ltd.,Imperial Securities Company Pvt. Ltd.,21,435.0,9135.0,2025-08-05 14:29:25.773383
2025-08-05,30467,2025080503013873,GBBL,Dynamic Money Managers Securities Pvt. Ltd.,Imperial Securities Company Pvt. Ltd.,400,434.4,173760.0,2025-08-05 14:29:25.773408
2025-08-05,30466,2025080503013874,GBBL,ABC Securities Private Limited,Imperial Securities Company Pvt. Ltd.,10,434.3,4343.0,2025-08-05 14:29:25.773435
2025-08-05,30465,2025080503013875,GBBL,KALASH STOCK MARKET PVT. LTD.,Imperial Securities Company Pvt. Ltd.,16,434.3,6948.8,2025-08-05 14:29:25.773474
2025-08-05,30249,2025080503013897,GBBL,KALASH STOCK MARKET PVT. LTD.,Imperial Securities Company Pvt. Ltd.,100,434.3,43430.0,2025-08-05 14:29:55.203779
2025-08-05,30152,2025080503013921,GBBL,KALASH STOCK MARKET PVT. LTD.,Sri Hari Securities Pvt. Ltd.,84,434.3,36481.2,2025-08-05 14:30:08.643168
2025-08-05,30151,2025080503013922,GBBL,Linch Stock Market Ltd.,Sri Hari Securities Pvt. Ltd.,100,434.1,43410.0,2025-08-05 14:30:08.643549
2025-08-05,30150,2025080503013923,GBBL,Trishakti Securities Public Limited,Sri Hari Securities Pvt. Ltd.,1150,434.1,499215.0,2025-08-05 14:30:08.643864
2025-08-05,30149,2025080503013924,GBBL,Trishakti Securities Public Limited,Sri Hari Securities Pvt. Ltd.,666,434.1,289110.6,2025-08-05 14:30:08.644201
2025-08-05,30041,2025080503013947,GBBL,Trishakti Securities Public Limited,Aryatara Investment & Securities,484,434.1,210104.4,2025-08-05 14:30:25.770745
2025-08-05,30040,2025080503013948,GBBL,Imperial Securities Company Pvt. Ltd.,Aryatara Investment & Securities,500,434.1,217050.0,2025-08-05 14:30:25.771087
2025-08-05,27978,2025080503014356,GBBL,Sri Hari Securities Pvt. Ltd.,S.P.S.A. Securities Limited,45,435.0,19575.0,2025-08-05 14:34:49.855208
2025-08-05,27977,2025080503014357,GBBL,Online Securities Pvt. Ltd.,S.P.S.A. Securities Limited,100,434.1,43410.0,2025-08-05 14:34:49.855542
2025-08-05,27976,2025080503014358,GBBL,Aryatara Investment & Securities,S.P.S.A. Securities Limited,100,434.1,43410.0,2025-08-05 14:34:49.855758
2025-08-05,27975,2025080503014359,GBBL,Imperial Securities Company Pvt. Ltd.,S.P.S.A. Securities Limited,100,434.0,43400.0,2025-08-05 14:34:49.855985
2025-08-05,27974,2025080503014360,GBBL,Imperial Securities Company Pvt. Ltd.,S.P.S.A. Securities Limited,100,434.0,43400.0,2025-08-05 14:34:49.856264
2025-08-05,27973,2025080503014361,GBBL,Naasa Securities Co. Ltd.,S.P.S.A. Securities Limited,142,434.0,61628.0,2025-08-05 14:34:49.856512
2025-08-05,27467,2025080503014443,GBBL,Linch Stock Market Ltd.,Bhrikuti Stock Broking Co. Pvt. Ltd.,50,436.0,21800.0,2025-08-05 14:35:40.404882
2025-08-05,27343,2025080503014484,GBBL,Dipshikha Dhitopatra Karobar Co. Pvt Ltd.,Neev Securities Pvt. Ltd.,200,434.2,86840.0,2025-08-05 14:35:50.840794
2025-08-05,25604,2025080503014791,GBBL,Imperial Securities Company Pvt. Ltd.,Opal Securities Investment (PVT) Ltd.,100,434.1,43410.0,2025-08-05 14:38:10.057215
2025-08-05,25603,2025080503014792,GBBL,Naasa Securities Co. Ltd.,Opal Securities Investment (PVT) Ltd.,858,434.0,372372.0,2025-08-05 14:38:10.057384
2025-08-05,25602,2025080503014793,GBBL,Kumari Securities Private Limited,Opal Securities Investment (PVT) Ltd.,100,434.0,43400.0,2025-08-05 14:38:10.057449
2025-08-05,25601,2025080503014794,GBBL,Market Securities & Exchange (PVT) Ltd.,Opal Securities Investment (PVT) Ltd.,100,434.0,43400.0,2025-08-05 14:38:10.057518
2025-08-05,25600,2025080503014795,GBBL,Imperial Securities Company Pvt. Ltd.,Opal Securities Investment (PVT) Ltd.,142,434.0,61628.0,2025-08-05 14:38:10.057584
2025-08-05,25074,2025080503014908,GBBL,Linch Stock Market Ltd.,Bhrikuti Stock Broking Co. Pvt. Ltd.,139,436.0,60604.0,2025-08-05 14:38:45.491828
2025-08-05,24424,2025080503015038,GBBL,Linch Stock Market Ltd.,Online Securities Pvt. Ltd.,11,436.0,4796.0,2025-08-05 14:39:28.354006
2025-08-05,23742,2025080503015179,GBBL,Kalika Securities Pvt. Ltd.,Premier Securities Company Ltd.,20,434.2,8684.0,2025-08-05 14:40:20.407795
2025-08-05,23741,2025080503015180,GBBL,Deevyaa Securities & Stock House Pvt. Ltd,Premier Securities Company Ltd.,75,434.1,32557.5,2025-08-05 14:40:20.408176
2025-08-05,22733,2025080503015343,GBBL,Deevyaa Securities & Stock House Pvt. Ltd,Capital Max Securities Ltd,12,434.1,5209.2,2025-08-05 14:41:29.348018
2025-08-05,20772,2025080503015683,GBBL,Creative Securities Pvt Ltd,Thrive Brokerage House Pvt. Ltd,30,434.2,13026.0,2025-08-05 14:43:38.309006
2025-08-05,20771,2025080503015684,GBBL,Deevyaa Securities & Stock House Pvt. Ltd,Thrive Brokerage House Pvt. Ltd,70,434.1,30387.0,2025-08-05 14:43:38.309180
2025-08-05,20553,2025080503015746,GBBL,Miyo Securities Pvt Ltd,Naasa Securities Co. Ltd.,10,434.4,4344.0,2025-08-05 14:43:52.963946
2025-08-05,20552,2025080503015747,GBBL,Deevyaa Securities & Stock House Pvt. Ltd,Naasa Securities Co. Ltd.,90,434.1,39069.0,2025-08-05 14:43:52.964148
2025-08-05,19853,2025080503015894,GBBL,Online Securities Pvt. Ltd.,Sewa Securities Pvt. Ltd.,14,434.2,6078.8,2025-08-05 14:44:42.451128
2025-08-05,19428,2025080503015969,GBBL,Sajilo Broker Limited,Online Securities Pvt. Ltd.,39,435.0,16965.0,2025-08-05 14:45:00.861766
2025-08-05,17451,2025080503016262,GBBL,Sajilo Broker Limited,Citizens Share Broker Limited,11,435.0,4785.0,2025-08-05 14:46:51.121271
2025-08-05,17450,2025080503016263,GBBL,Agrawal Securities (PVT) Ltd.,Citizens Share Broker Limited,89,435.0,38715.0,2025-08-05 14:46:51.121434
2025-08-05,16793,2025080503016389,GBBL,Agrawal Securities (PVT) Ltd.,Nepal Stock House (PVT) Ltd.,300,435.0,130500.0,2025-08-05 14:47:27.800229
2025-08-05,14222,2025080503016844,GBBL,Agrawal Securities (PVT) Ltd.,Sani Securities Company Ltd.,11,435.0,4785.0,2025-08-05 14:49:58.043228
2025-08-05,14221,2025080503016845,GBBL,Deevyaa Securities & Stock House Pvt. Ltd,Sani Securities Company Ltd.,78,435.0,33930.0,2025-08-05 14:49:58.043375
2025-08-05,14220,2025080503016846,GBBL,Trisul Securities & Invt. Ltd.,Sani Securities Company Ltd.,11,435.0,4785.0,2025-08-05 14:49:58.043446
2025-08-05,13719,2025080503016906,GBBL,Trisul Securities & Invt. Ltd.,Thrive Brokerage House Pvt. Ltd,89,435.0,38715.0,2025-08-05 14:50:25.331074
2025-08-05,13718,2025080503016907,GBBL,Sani Securities Company Ltd.,Thrive Brokerage House Pvt. Ltd,11,435.0,4785.0,2025-08-05 14:50:25.331270
2025-08-05,12730,2025080503017066,GBBL,Sani Securities Company Ltd.,Oxford Securities Pvt. Ltd.,39,435.0,16965.0,2025-08-05 14:51:26.859509
2025-08-05,12729,2025080503017067,GBBL,Online Securities Pvt. Ltd.,Oxford Securities Pvt. Ltd.,661,434.2,287006.2,2025-08-05 14:51:26.859672
2025-08-05,12638,2025080503017112,GBBL,Machhapuchchhre Securities Limited,Aryatara Investment & Securities,65,436.0,28340.0,2025-08-05 14:51:30.558079
2025-08-05,12637,2025080503017113,GBBL,Machhapuchchhre Securities Limited,Vision Securities Pvt. Ltd,400,436.0,174400.0,2025-08-05 14:51:30.558183
2025-08-05,12636,2025080503017114,GBBL,Machhapuchchhre Securities Limited,Oxford Securities Pvt. Ltd.,1000,436.9,436900.0,2025-08-05 14:51:30.558263
2025-08-05,12635,2025080503017115,GBBL,Machhapuchchhre Securities Limited,Investment Management Nepal Pvt. Ltd.,35,437.0,15295.0,2025-08-05 14:51:30.558338
2025-08-05,12483,2025080503017141,GBBL,Online Securities Pvt. Ltd.,Premier Securities Company Ltd.,325,434.2,141115.0,2025-08-05 14:51:40.496768
2025-08-05,12482,2025080503017142,GBBL,Imperial Securities Company Pvt. Ltd.,Premier Securities Company Ltd.,858,434.0,372372.0,2025-08-05 14:51:40.496864
2025-08-05,12481,2025080503017143,GBBL,Investment Management Nepal Pvt. Ltd.,Premier Securities Company Ltd.,100,434.0,43400.0,2025-08-05 14:51:40.496939
2025-08-05,12480,2025080503017144,GBBL,Sundhara Securities Limited,Premier Securities Company Ltd.,200,434.0,86800.0,2025-08-05 14:51:40.497011
2025-08-05,12479,2025080503017145,GBBL,Linch Stock Market Ltd.,Premier Securities Company Ltd.,100,434.0,43400.0,2025-08-05 14:51:40.497090
2025-08-05,12478,2025080503017146,GBBL,Bhrikuti Stock Broking Co. Pvt. Ltd.,Premier Securities Company Ltd.,200,434.0,86800.0,2025-08-05 14:51:40.497173
2025-08-05,12477,2025080503017147,GBBL,Aryatara Investment & Securities,Premier Securities Company Ltd.,200,433.3,86660.0,2025-08-05 14:51:40.497250
2025-08-05,12476,2025080503017148,GBBL,Siprabi Securities Pvt. Ltd.,Premier Securities Company Ltd.,17,433.2,7364.4,2025-08-05 14:51:40.497325
2025-08-05,11865,2025080503017302,GBBL,Machhapuchchhre Securities Limited,Sundhara Securities Limited,94,434.2,40814.8,2025-08-05 14:52:21.714244
2025-08-05,11864,2025080503017303,GBBL,Machhapuchchhre Securities Limited,Neev Securities Pvt. Ltd.,136,435.0,59160.0,2025-08-05 14:52:21.714286
2025-08-05,11455,2025080503017387,GBBL,Kumari Securities Private Limited,Kohinoor Investment & Securities Pvt. Ltd.,50,434.2,21710.0,2025-08-05 14:52:41.397089
2025-08-05,11138,2025080503017427,GBBL,Kumari Securities Private Limited,Online Securities Pvt. Ltd.,50,434.2,21710.0,2025-08-05 14:52:59.492275
2025-08-05,11014,2025080503017447,GBBL,Kumari Securities Private Limited,Premier Securities Company Ltd.,100,434.2,43420.0,2025-08-05 14:53:05.407173
2025-08-05,11013,2025080503017448,GBBL,Premier Securities Company Ltd.,Premier Securities Company Ltd.,364,433.3,157721.2,2025-08-05 14:53:05.407223
2025-08-05,11012,2025080503017449,GBBL,Siprabi Securities Pvt. Ltd.,Premier Securities Company Ltd.,183,433.2,79275.6,2025-08-05 14:53:05.407250
2025-08-05,11011,2025080503017450,GBBL,Oxford Securities Pvt. Ltd.,Premier Securities Company Ltd.,200,433.2,86640.0,2025-08-05 14:53:05.407285
2025-08-05,11010,2025080503017451,GBBL,Imperial Securities Company Pvt. Ltd.,Premier Securities Company Ltd.,100,433.2,43320.0,2025-08-05 14:53:05.407307
2025-08-05,11009,2025080503017452,GBBL,Sumeru Securities Pvt. Ltd.,Premier Securities Company Ltd.,100,433.2,43320.0,2025-08-05 14:53:05.407333
2025-08-05,11008,2025080503017453,GBBL,Aryatara Investment & Securities,Premier Securities Company Ltd.,100,433.2,43320.0,2025-08-05 14:53:05.407362
2025-08-05,11007,2025080503017454,GBBL,Imperial Securities Company Pvt. Ltd.,Premier Securities Company Ltd.,15,433.2,6498.0,2025-08-05 14:53:05.407392
2025-08-05,11006,2025080503017455,GBBL,Sani Securities Company Ltd.,Premier Securities Company Ltd.,838,433.1,362937.8,2025-08-05 14:53:05.407421
2025-08-05,10550,2025080503017527,GBBL,Sani Securities Company Ltd.,Arun Securities (PVT) Ltd.,162,433.1,70162.2,2025-08-05 14:53:29.438050
2025-08-05,10148,2025080503017581,GBBL,Agrawal Securities (PVT) Ltd.,Premier Securities Company Ltd.,100,433.0,43300.0,2025-08-05 14:53:45.836513
2025-08-05,10147,2025080503017582,GBBL,Kumari Securities Private Limited,Premier Securities Company Ltd.,100,433.0,43300.0,2025-08-05 14:53:45.836572
2025-08-05,10146,2025080503017583,GBBL,Naasa Securities Co. Ltd.,Premier Securities Company Ltd.,40,433.0,17320.0,2025-08-05 14:53:45.836597
2025-08-05,10145,2025080503017584,GBBL,ABC Securities Private Limited,Premier Securities Company Ltd.,100,433.0,43300.0,2025-08-05 14:53:45.836617
2025-08-05,10144,2025080503017585,GBBL,Kumari Securities Private Limited,Premier Securities Company Ltd.,100,433.0,43300.0,2025-08-05 14:53:45.836640
2025-08-05,10143,2025080503017586,GBBL,Dipshikha Dhitopatra Karobar Co. Pvt Ltd.,Premier Securities Company Ltd.,50,433.0,21650.0,2025-08-05 14:53:45.836669
2025-08-05,10142,2025080503017587,GBBL,Aryatara Investment & Securities,Premier Securities Company Ltd.,500,433.0,216500.0,2025-08-05 14:53:45.836699
2025-08-05,10141,2025080503017588,GBBL,Naasa Securities Co. Ltd.,Premier Securities Company Ltd.,1000,432.5,432500.0,2025-08-05 14:53:45.836721
2025-08-05,10140,2025080503017589,GBBL,Dynamic Money Managers Securities Pvt. Ltd.,Premier Securities Company Ltd.,10,432.3,4323.0,2025-08-05 14:53:45.836744
2025-08-05,9868,2025080503017670,GBBL,Dynamic Money Managers Securities Pvt. Ltd.,J.F. Securites (PVT) Ltd.,650,432.3,280995.0,2025-08-05 14:53:59.892848
2025-08-05,9320,2025080503017816,GBBL,Dynamic Money Managers Securities Pvt. Ltd.,Thrive Brokerage House Pvt. Ltd,40,432.3,17292.0,2025-08-05 14:54:22.200368
2025-08-05,9319,2025080503017817,GBBL,Vision Securities Pvt. Ltd,Thrive Brokerage House Pvt. Ltd,50,432.3,21615.0,2025-08-05 14:54:22.200526
2025-08-05,9318,2025080503017818,GBBL,Sani Securities Company Ltd.,Thrive Brokerage House Pvt. Ltd,100,432.0,43200.0,2025-08-05 14:54:22.200598
2025-08-05,9317,2025080503017819,GBBL,Sani Securities Company Ltd.,Thrive Brokerage House Pvt. Ltd,100,432.0,43200.0,2025-08-05 14:54:22.200667
2025-08-05,9316,2025080503017820,GBBL,South Asian Bulls Pvt. Ltd.,Thrive Brokerage House Pvt. Ltd,215,432.0,92880.0,2025-08-05 14:54:22.200735
2025-08-05,8868,2025080503017903,GBBL,Secured Securities Ltd.,Investment Management Nepal Pvt. Ltd.,200,432.8,86560.0,2025-08-05 14:54:40.013595
2025-08-05,8069,2025080503018037,GBBL,Agrawal Securities (PVT) Ltd.,Online Securities Pvt. Ltd.,50,432.1,21605.0,2025-08-05 14:55:17.758978
2025-08-05,7573,2025080503018120,GBBL,Trisul Securities & Invt. Ltd.,Swarna Laxmi Securities Pvt. Ltd.,200,432.5,86500.0,2025-08-05 14:55:37.763140
2025-08-05,7259,2025080503018193,GBBL,Sewa Securities Pvt. Ltd.,Investment Management Nepal Pvt. Ltd.,265,432.8,114692.0,2025-08-05 14:55:50.618375
2025-08-05,6386,2025080503018348,GBBL,ABC Securities Private Limited,Sani Securities Company Ltd.,100,432.9,43290.0,2025-08-05 14:56:29.452522
2025-08-05,6385,2025080503018349,GBBL,Sewa Securities Pvt. Ltd.,Sani Securities Company Ltd.,235,432.8,101708.0,2025-08-05 14:56:29.452567
2025-08-05,6384,2025080503018350,GBBL,Trisul Securities & Invt. Ltd.,Sani Securities Company Ltd.,235,432.5,101637.5,2025-08-05 14:56:29.452595
2025-08-05,6383,2025080503018351,GBBL,Agrawal Securities (PVT) Ltd.,Sani Securities Company Ltd.,70,432.1,30247.0,2025-08-05 14:56:29.452628
2025-08-05,6382,2025080503018352,GBBL,Naasa Securities Co. Ltd.,Sani Securities Company Ltd.,324,432.1,140000.4,2025-08-05 14:56:29.452649
2025-08-05,5899,2025080503018443,GBBL,Sani Securities Company Ltd.,Citizens Share Broker Limited,20,433.0,8660.0,2025-08-05 14:56:49.166462
2025-08-05,5194,2025080503018582,GBBL,ABC Securities Private Limited,Online Securities Pvt. Ltd.,9,430.0,3870.0,2025-08-05 14:57:22.261534
2025-08-05,4962,2025080503018619,GBBL,Creative Securities Pvt Ltd,Agrawal Securities (PVT) Ltd.,30,432.5,12975.0,2025-08-05 14:57:30.940270
2025-08-05,4724,2025080503018649,GBBL,Premier Securities Company Ltd.,Agrawal Securities (PVT) Ltd.,100,432.5,43250.0,2025-08-05 14:57:34.773887
2025-08-05,4412,2025080503018688,GBBL,Secured Securities Ltd.,Agrawal Securities (PVT) Ltd.,20,432.5,8650.0,2025-08-05 14:57:47.070743
2025-08-05,4142,2025080503018725,GBBL,Secured Securities Ltd.,Citizens Share Broker Limited,80,432.5,34600.0,2025-08-05 14:57:56.757142
2025-08-05,3940,2025080503018761,GBBL,Oxford Securities Pvt. Ltd.,Nepal Stock House (PVT) Ltd.,150,432.5,64875.0,2025-08-05 14:58:06.350318
2025-08-05,3726,2025080503018815,GBBL,Sweta Securities Private Limited,Arun Securities (PVT) Ltd.,40,433.1,17324.0,2025-08-05 14:58:15.086911
2025-08-05,3374,2025080503018895,GBBL,Oxford Securities Pvt. Ltd.,Naasa Securities Co. Ltd.,400,432.5,173000.0,2025-08-05 14:58:27.635468
2025-08-05,2640,2025080503019042,GBBL,R.B.B. Securities Company Ltd,Dakshinkali Investment & Securities Pvt. Ltd.,200,432.3,86460.0,2025-08-05 14:58:55.428020
2025-08-05,2571,2025080503019056,GBBL,Sweta Securities Private Limited,Naasa Securities Co. Ltd.,298,432.5,128885.0,2025-08-05 14:58:57.510138
2025-08-05,2105,2025080503019139,GBBL,Nepal Stock House (PVT) Ltd.,Naasa Securities Co. Ltd.,10,432.5,4325.0,2025-08-05 14:59:11.085216
2025-08-05,1857,2025080503019200,GBBL,Kumari Securities Private Limited,Naasa Securities Co. Ltd.,292,432.5,126290.0,2025-08-05 14:59:18.791286
2025-08-05,1856,2025080503019201,GBBL,Kumari Securities Private Limited,Nepal Stock House (PVT) Ltd.,20,432.5,8650.0,2025-08-05 14:59:18.791326
2025-08-05,1855,2025080503019202,GBBL,Kumari Securities Private Limited,Arun Securities (PVT) Ltd.,188,433.1,81422.8,2025-08-05 14:59:18.791354
2025-08-05,1564,2025080503019269,GBBL,Oxford Securities Pvt. Ltd.,Online Securities Pvt. Ltd.,60,432.2,25932.0,2025-08-05 14:59:26.123845
2025-08-05,1528,2025080503019281,GBBL,Primo Securities (PVT) Ltd.,Naasa Securities Co. Ltd.,500,432.5,216250.0,2025-08-05 14:59:27.118732
2025-08-05,1527,2025080503019282,GBBL,Oxford Securities Pvt. Ltd.,Naasa Securities Co. Ltd.,40,432.2,17288.0,2025-08-05 14:59:27.119085
2025-08-05,1526,2025080503019283,GBBL,Naasa Securities Co. Ltd.,Naasa Securities Co. Ltd.,676,432.1,292099.6,2025-08-05 14:59:27.119298
2025-08-05,1525,2025080503019284,GBBL,Imperial Securities Company Pvt. Ltd.,Naasa Securities Co. Ltd.,44,432.1,19012.4,2025-08-05 14:59:27.119561
2025-08-05,1375,2025080503019315,GBBL,Imperial Securities Company Pvt. Ltd.,Imperial Securities Company Pvt. Ltd.,56,432.1,24197.6,2025-08-05 14:59:30.403037
2025-08-05,1374,2025080503019316,GBBL,Imperial Securities Company Pvt. Ltd.,Imperial Securities Company Pvt. Ltd.,100,432.1,43210.0,2025-08-05 14:59:30.403074
2025-08-05,1373,2025080503019317,GBBL,South Asian Bulls Pvt. Ltd.,Imperial Securities Company Pvt. Ltd.,35,432.0,15120.0,2025-08-05 14:59:30.403101
2025-08-05,1372,2025080503019318,GBBL,Deevyaa Securities & Stock House Pvt. Ltd,Imperial Securities Company Pvt. Ltd.,110,432.0,47520.0,2025-08-05 14:59:30.403124
2025-08-05,1371,2025080503019319,GBBL,Imperial Securities Company Pvt. Ltd.,Imperial Securities Company Pvt. Ltd.,100,432.0,43200.0,2025-08-05 14:59:30.403162
2025-08-05,1370,2025080503019320,GBBL,Imperial Securities Company Pvt. Ltd.,Imperial Securities Company Pvt. Ltd.,100,432.0,43200.0,2025-08-05 14:59:30.403201
2025-08-05,1369,2025080503019321,GBBL,Capital Max Securities Ltd,Imperial Securities Company Pvt. Ltd.,40,432.0,17280.0,2025-08-05 14:59:30.403225
2025-08-05,1368,2025080503019322,GBBL,ABC Securities Private Limited,Imperial Securities Company Pvt. Ltd.,50,432.0,21600.0,2025-08-05 14:59:30.403248
2025-08-05,1367,2025080503019323,GBBL,ABC Securities Private Limited,Imperial Securities Company Pvt. Ltd.,20,432.0,8640.0,2025-08-05 14:59:30.403271
2025-08-05,1366,2025080503019324,GBBL,Asian Securities Private Ltd.,Imperial Securities Company Pvt. Ltd.,389,432.0,168048.0,2025-08-05 14:59:30.403296
2025-08-05,527,2025080503019476,GBBL,Kohinoor Investment & Securities Pvt. Ltd.,Sri Hari Securities Pvt. Ltd.,75,432.5,32437.5,2025-08-05 14:59:49.811787
