Date,S.N.,contract_id,symbol,buyer_broker,seller_broker,volume,price,amount,transaction_time
2025-08-05,130939,2025080503000006,JBBL,Ashutosh Brokerage & Securities (PVT) Ltd.,Vision Securities Pvt. Ltd,10,365.6,3656.0,2025-08-05 10:46:00.031302
2025-08-05,123291,2025080503000114,JBBL,Sumeru Securities Pvt. Ltd.,Online Securities Pvt. Ltd.,2,365.0,730.0,2025-08-05 11:05:29.335591
2025-08-05,123028,2025080503000120,JBBL,Linch Stock Market Ltd.,Dipshikha Dhitopatra Karobar Co. Pvt Ltd.,11,372.0,4092.0,2025-08-05 11:05:43.891316
2025-08-05,122124,2025080503000152,JBBL,Sumeru Securities Pvt. Ltd.,Dipshikha Dhitopatra Karobar Co. Pvt Ltd.,400,379.4,151760.0,2025-08-05 11:06:34.864128
2025-08-05,121556,2025080503000169,JBBL,Imperial Securities Company Pvt. Ltd.,South Asian Bulls Pvt. Ltd.,10,379.0,3790.0,2025-08-05 11:07:07.210588
2025-08-05,121555,2025080503000170,JBBL,Imperial Securities Company Pvt. Ltd.,Linch Stock Market Ltd.,10,379.4,3794.0,2025-08-05 11:07:07.210678
2025-08-05,121554,2025080503000171,JBBL,Imperial Securities Company Pvt. Ltd.,Magnet Securities and Investment Company Private Limited,400,385.0,154000.0,2025-08-05 11:07:07.210730
2025-08-05,121553,2025080503000172,JBBL,Imperial Securities Company Pvt. Ltd.,Malla & Malla Stock Broking Company Pvt. Limited,80,386.0,30880.0,2025-08-05 11:07:07.210768
2025-08-05,119518,2025080503000242,JBBL,Market Securities & Exchange (PVT) Ltd.,Pragyan Securities (PVT) Ltd.,10,381.0,3810.0,2025-08-05 11:08:53.606568
2025-08-05,119287,2025080503000247,JBBL,K.B.L. Securities Limited ,South Asian Bulls Pvt. Ltd.,20,378.3,7566.0,2025-08-05 11:09:08.796589
2025-08-05,118863,2025080503000273,JBBL,K.B.L. Securities Limited ,Kumari Securities Private Limited,100,378.3,37830.0,2025-08-05 11:09:31.500674
2025-08-05,118571,2025080503000299,JBBL,K.B.L. Securities Limited ,Kumari Securities Private Limited,80,378.3,30264.0,2025-08-05 11:09:51.226015
2025-08-05,117858,2025080503000335,JBBL,Oxford Securities Pvt. Ltd.,Beni Securities Pvt.Ltd.,200,378.3,75660.0,2025-08-05 11:10:40.477237
2025-08-05,117857,2025080503000336,JBBL,Naasa Securities Co. Ltd.,Beni Securities Pvt.Ltd.,60,378.3,22698.0,2025-08-05 11:10:40.477368
2025-08-05,117856,2025080503000337,JBBL,KALASH STOCK MARKET PVT. LTD.,Beni Securities Pvt.Ltd.,500,375.1,187550.0,2025-08-05 11:10:40.477474
2025-08-05,116899,2025080503000377,JBBL,Oxford Securities Pvt. Ltd.,Dipshikha Dhitopatra Karobar Co. Pvt Ltd.,1000,372.2,372200.0,2025-08-05 11:11:36.539346
2025-08-05,115607,2025080503000432,JBBL,Sumeru Securities Pvt. Ltd.,Beni Securities Pvt.Ltd.,300,375.0,112500.0,2025-08-05 11:12:41.753353
2025-08-05,115606,2025080503000433,JBBL,Online Securities Pvt. Ltd.,Beni Securities Pvt.Ltd.,500,372.3,186150.0,2025-08-05 11:12:41.753610
2025-08-05,115605,2025080503000434,JBBL,Sweta Securities Private Limited,Beni Securities Pvt.Ltd.,200,372.2,74440.0,2025-08-05 11:12:41.753791
2025-08-05,113910,2025080503000561,JBBL,Sewa Securities Pvt. Ltd.,Beni Securities Pvt.Ltd.,66,372.5,24585.0,2025-08-05 11:14:25.025526
2025-08-05,113909,2025080503000562,JBBL,Sweta Securities Private Limited,Beni Securities Pvt.Ltd.,300,372.2,111660.0,2025-08-05 11:14:25.025654
2025-08-05,113908,2025080503000563,JBBL,Imperial Securities Company Pvt. Ltd.,Beni Securities Pvt.Ltd.,500,372.1,186050.0,2025-08-05 11:14:25.025718
2025-08-05,113907,2025080503000564,JBBL,K.B.L. Securities Limited ,Beni Securities Pvt.Ltd.,134,372.1,49861.4,2025-08-05 11:14:25.025770
2025-08-05,113802,2025080503000573,JBBL,K.B.L. Securities Limited ,Beni Securities Pvt.Ltd.,866,372.1,322238.6,2025-08-05 11:14:35.051823
2025-08-05,113801,2025080503000574,JBBL,Sweta Securities Private Limited,Beni Securities Pvt.Ltd.,134,372.1,49861.4,2025-08-05 11:14:35.051936
2025-08-05,113159,2025080503000617,JBBL,J.F. Securites (PVT) Ltd.,Beni Securities Pvt.Ltd.,200,372.6,74520.0,2025-08-05 11:15:17.156805
2025-08-05,113158,2025080503000618,JBBL,Sweta Securities Private Limited,Beni Securities Pvt.Ltd.,366,372.1,136188.6,2025-08-05 11:15:17.156921
2025-08-05,113157,2025080503000619,JBBL,Linch Stock Market Ltd.,Beni Securities Pvt.Ltd.,89,372.0,33108.0,2025-08-05 11:15:17.156975
2025-08-05,113156,2025080503000620,JBBL,Online Securities Pvt. Ltd.,Beni Securities Pvt.Ltd.,345,372.0,128340.0,2025-08-05 11:15:17.157037
2025-08-05,112886,2025080503000637,JBBL,Online Securities Pvt. Ltd.,Beni Securities Pvt.Ltd.,63,372.0,23436.0,2025-08-05 11:15:45.232008
2025-08-05,112775,2025080503000644,JBBL,Online Securities Pvt. Ltd.,Beni Securities Pvt.Ltd.,10,372.0,3720.0,2025-08-05 11:15:55.263956
2025-08-05,112504,2025080503000698,JBBL,Siprabi Securities Pvt. Ltd.,Sani Securities Company Ltd.,200,375.0,75000.0,2025-08-05 11:16:19.512498
2025-08-05,111838,2025080503000753,JBBL,Linch Stock Market Ltd.,Capital Max Securities Ltd,12,376.0,4512.0,2025-08-05 11:17:13.386499
2025-08-05,111837,2025080503000754,JBBL,Linch Stock Market Ltd.,Nepal Stock House (PVT) Ltd.,53,379.4,20108.2,2025-08-05 11:17:13.386627
2025-08-05,110606,2025080503000881,JBBL,Online Securities Pvt. Ltd.,Beni Securities Pvt.Ltd.,582,372.0,216504.0,2025-08-05 11:18:47.686627
2025-08-05,110605,2025080503000882,JBBL,Ashutosh Brokerage & Securities (PVT) Ltd.,Beni Securities Pvt.Ltd.,490,372.0,182280.0,2025-08-05 11:18:47.686744
2025-08-05,110604,2025080503000883,JBBL,Deevyaa Securities & Stock House Pvt. Ltd,Beni Securities Pvt.Ltd.,1000,372.0,372000.0,2025-08-05 11:18:47.686797
2025-08-05,110603,2025080503000884,JBBL,Dipshikha Dhitopatra Karobar Co. Pvt Ltd.,Beni Securities Pvt.Ltd.,950,372.0,353400.0,2025-08-05 11:18:47.686853
2025-08-05,110602,2025080503000885,JBBL,Imperial Securities Company Pvt. Ltd.,Beni Securities Pvt.Ltd.,48,372.0,17856.0,2025-08-05 11:18:47.686906
2025-08-05,109848,2025080503000944,JBBL,Pragyan Securities (PVT) Ltd.,Beni Securities Pvt.Ltd.,290,372.5,108025.0,2025-08-05 11:19:56.863426
2025-08-05,109738,2025080503000951,JBBL,Siprabi Securities Pvt. Ltd.,Naasa Securities Co. Ltd.,120,379.0,45480.0,2025-08-05 11:20:02.906675
2025-08-05,109737,2025080503000952,JBBL,Siprabi Securities Pvt. Ltd.,Investment Management Nepal Pvt. Ltd.,80,379.0,30320.0,2025-08-05 11:20:02.906805
2025-08-05,107773,2025080503001120,JBBL,Dipshikha Dhitopatra Karobar Co. Pvt Ltd.,Beni Securities Pvt.Ltd.,10,372.7,3727.0,2025-08-05 11:22:52.882616
2025-08-05,107653,2025080503001128,JBBL,Dipshikha Dhitopatra Karobar Co. Pvt Ltd.,Beni Securities Pvt.Ltd.,100,372.6,37260.0,2025-08-05 11:23:01.317669
2025-08-05,107652,2025080503001129,JBBL,Pragyan Securities (PVT) Ltd.,Beni Securities Pvt.Ltd.,10,372.5,3725.0,2025-08-05 11:23:01.317799
2025-08-05,107651,2025080503001130,JBBL,Primo Securities (PVT) Ltd.,Beni Securities Pvt.Ltd.,100,372.0,37200.0,2025-08-05 11:23:01.317857
2025-08-05,107483,2025080503001151,JBBL,Naasa Securities Co. Ltd.,Beni Securities Pvt.Ltd.,30,370.8,11124.0,2025-08-05 11:23:17.358516
2025-08-05,107482,2025080503001152,JBBL,Sani Securities Company Ltd.,Beni Securities Pvt.Ltd.,100,370.2,37020.0,2025-08-05 11:23:17.358641
2025-08-05,107481,2025080503001153,JBBL,Aryatara Investment & Securities,Beni Securities Pvt.Ltd.,160,370.1,59216.0,2025-08-05 11:23:17.358699
2025-08-05,104815,2025080503001349,JBBL,Naasa Securities Co. Ltd.,Dakshinkali Investment & Securities Pvt. Ltd.,456,372.0,169632.0,2025-08-05 11:26:49.293699
2025-08-05,104732,2025080503001355,JBBL,Cristal Kanchanjanga Securites Pvt. Ltd.,Dakshinkali Investment & Securities Pvt. Ltd.,300,372.0,111600.0,2025-08-05 11:27:01.583350
2025-08-05,104513,2025080503001376,JBBL,Creative Securities Pvt Ltd,Dakshinkali Investment & Securities Pvt. Ltd.,100,372.0,37200.0,2025-08-05 11:27:20.200699
2025-08-05,103886,2025080503001435,JBBL,Kohinoor Investment & Securities Pvt. Ltd.,Dakshinkali Investment & Securities Pvt. Ltd.,100,372.0,37200.0,2025-08-05 11:28:37.482033
2025-08-05,103678,2025080503001459,JBBL,Nepal Investment And Securities Trading Private Limited,Dakshinkali Investment & Securities Pvt. Ltd.,44,372.0,16368.0,2025-08-05 11:28:58.912272
2025-08-05,101625,2025080503001619,JBBL,Kumari Securities Private Limited,Siprabi Securities Pvt. Ltd.,46,370.6,17047.6,2025-08-05 11:33:22.969848
2025-08-05,98778,2025080503001808,JBBL,Nepal Investment And Securities Trading Private Limited,Online Securities Pvt. Ltd.,10,371.0,3710.0,2025-08-05 11:38:16.842612
2025-08-05,98163,2025080503001913,JBBL,Nepal Investment And Securities Trading Private Limited,Naasa Securities Co. Ltd.,10,371.0,3710.0,2025-08-05 11:39:36.968870
2025-08-05,95550,2025080503002149,JBBL,Dipshikha Dhitopatra Karobar Co. Pvt Ltd.,Online Securities Pvt. Ltd.,10,373.0,3730.0,2025-08-05 11:45:41.881344
2025-08-05,94891,2025080503002193,JBBL,Vision Securities Pvt. Ltd,Online Securities Pvt. Ltd.,45,373.0,16785.0,2025-08-05 11:47:07.434470
2025-08-05,94545,2025080503002222,JBBL,Ashutosh Brokerage & Securities (PVT) Ltd.,Bhrikuti Stock Broking Co. Pvt. Ltd.,40,374.9,14996.0,2025-08-05 11:48:05.206561
2025-08-05,93833,2025080503002276,JBBL,Naasa Securities Co. Ltd.,Infinity Securities Limited,160,374.0,59840.0,2025-08-05 11:49:15.684861
2025-08-05,93619,2025080503002299,JBBL,Naasa Securities Co. Ltd.,Infinity Securities Limited,40,374.0,14960.0,2025-08-05 11:49:40.145000
2025-08-05,91593,2025080503002428,JBBL,Nepal Investment And Securities Trading Private Limited,Sundhara Securities Limited,61,374.0,22814.0,2025-08-05 11:53:40.791286
2025-08-05,91569,2025080503002432,JBBL,Sumeru Securities Pvt. Ltd.,Midas Stock Broking Company Private Limited,7,370.0,2590.0,2025-08-05 11:53:43.778448
2025-08-05,91403,2025080503002445,JBBL,KALASH STOCK MARKET PVT. LTD.,Sundhara Securities Limited,39,374.0,14586.0,2025-08-05 11:54:01.997829
2025-08-05,91386,2025080503002447,JBBL,KALASH STOCK MARKET PVT. LTD.,Kohinoor Investment & Securities Pvt. Ltd.,61,374.0,22814.0,2025-08-05 11:54:03.943285
2025-08-05,91385,2025080503002448,JBBL,Premier Securities Company Ltd.,Kohinoor Investment & Securities Pvt. Ltd.,39,373.0,14547.0,2025-08-05 11:54:03.943633
2025-08-05,90995,2025080503002502,JBBL,Premier Securities Company Ltd.,Vision Securities Pvt. Ltd,15,373.0,5595.0,2025-08-05 11:54:50.601431
2025-08-05,90812,2025080503002521,JBBL,Neev Securities Pvt. Ltd.,Pragyan Securities (PVT) Ltd.,100,373.0,37300.0,2025-08-05 11:55:10.320093
2025-08-05,89229,2025080503002741,JBBL,Nepal Stock House (PVT) Ltd.,Kohinoor Investment & Securities Pvt. Ltd.,100,373.5,37350.0,2025-08-05 11:58:48.918237
2025-08-05,89001,2025080503002779,JBBL,Beni Securities Pvt.Ltd.,Naasa Securities Co. Ltd.,10,374.0,3740.0,2025-08-05 11:59:22.047221
2025-08-05,88850,2025080503002802,JBBL,Beni Securities Pvt.Ltd.,Naasa Securities Co. Ltd.,10,374.5,3745.0,2025-08-05 11:59:35.088716
2025-08-05,87740,2025080503002954,JBBL,Aryatara Investment & Securities,Sri Hari Securities Pvt. Ltd.,100,373.0,37300.0,2025-08-05 12:02:08.794332
2025-08-05,87739,2025080503002955,JBBL,Imperial Securities Company Pvt. Ltd.,Sri Hari Securities Pvt. Ltd.,100,372.2,37220.0,2025-08-05 12:02:08.794520
2025-08-05,87738,2025080503002956,JBBL,Kohinoor Investment & Securities Pvt. Ltd.,Sri Hari Securities Pvt. Ltd.,800,372.0,297600.0,2025-08-05 12:02:08.794599
2025-08-05,86256,2025080503003165,JBBL,Beni Securities Pvt.Ltd.,Sunrise Securities Limited,10,374.0,3740.0,2025-08-05 12:06:04.966407
2025-08-05,84714,2025080503003278,JBBL,ABC Securities Private Limited,Primo Securities (PVT) Ltd.,10,371.2,3712.0,2025-08-05 12:09:59.428778
2025-08-05,82959,2025080503003508,JBBL,Naasa Securities Co. Ltd.,Himalayan Securities Limited,10,372.0,3720.0,2025-08-05 12:14:33.496331
2025-08-05,82958,2025080503003509,JBBL,ABC Securities Private Limited,Himalayan Securities Limited,90,371.2,33408.0,2025-08-05 12:14:33.496537
2025-08-05,82225,2025080503003639,JBBL,Aryatara Investment & Securities,Secured Securities Ltd.,40,371.5,14860.0,2025-08-05 12:16:00.350352
2025-08-05,82224,2025080503003640,JBBL,ABC Securities Private Limited,Secured Securities Ltd.,100,371.2,37120.0,2025-08-05 12:16:00.350708
2025-08-05,82223,2025080503003641,JBBL,Sani Securities Company Ltd.,Secured Securities Ltd.,216,371.2,80179.2,2025-08-05 12:16:00.350939
2025-08-05,82210,2025080503003643,JBBL,Sundhara Securities Limited,Aryatara Investment & Securities,500,371.1,185550.0,2025-08-05 12:16:03.033659
2025-08-05,82090,2025080503003675,JBBL,Sundhara Securities Limited,Secured Securities Ltd.,134,371.1,49727.4,2025-08-05 12:16:18.615434
2025-08-05,81961,2025080503003703,JBBL,Sundhara Securities Limited,Sundhara Securities Limited,366,371.1,135822.6,2025-08-05 12:16:36.296252
2025-08-05,81633,2025080503003780,JBBL,ABC Securities Private Limited,Sundhara Securities Limited,200,371.0,74200.0,2025-08-05 12:17:21.530980
2025-08-05,81632,2025080503003781,JBBL,South Asian Bulls Pvt. Ltd.,Sundhara Securities Limited,50,371.0,18550.0,2025-08-05 12:17:21.531180
2025-08-05,81631,2025080503003782,JBBL,Siprabi Securities Pvt. Ltd.,Sundhara Securities Limited,20,371.0,7420.0,2025-08-05 12:17:21.531259
2025-08-05,81435,2025080503003826,JBBL,Kumari Securities Private Limited,Bhrikuti Stock Broking Co. Pvt. Ltd.,20,370.6,7412.0,2025-08-05 12:17:54.349388
2025-08-05,81434,2025080503003827,JBBL,Oxford Securities Pvt. Ltd.,Bhrikuti Stock Broking Co. Pvt. Ltd.,100,370.5,37050.0,2025-08-05 12:17:54.349567
2025-08-05,81433,2025080503003828,JBBL,Dipshikha Dhitopatra Karobar Co. Pvt Ltd.,Bhrikuti Stock Broking Co. Pvt. Ltd.,50,370.4,18520.0,2025-08-05 12:17:54.349640
2025-08-05,81432,2025080503003829,JBBL,Oxford Securities Pvt. Ltd.,Bhrikuti Stock Broking Co. Pvt. Ltd.,30,370.4,11112.0,2025-08-05 12:17:54.349716
2025-08-05,81431,2025080503003830,JBBL,Vision Securities Pvt. Ltd,Bhrikuti Stock Broking Co. Pvt. Ltd.,100,370.3,37030.0,2025-08-05 12:17:54.349787
2025-08-05,81430,2025080503003831,JBBL,Pragyan Securities (PVT) Ltd.,Bhrikuti Stock Broking Co. Pvt. Ltd.,300,370.2,111060.0,2025-08-05 12:17:54.349857
2025-08-05,81429,2025080503003832,JBBL,Aryatara Investment & Securities,Bhrikuti Stock Broking Co. Pvt. Ltd.,96,370.1,35529.6,2025-08-05 12:17:54.349927
2025-08-05,81410,2025080503003834,JBBL,Aryatara Investment & Securities,Nepal Stock House (PVT) Ltd.,44,370.1,16284.4,2025-08-05 12:17:56.863258
2025-08-05,81409,2025080503003835,JBBL,Sewa Securities Pvt. Ltd.,Nepal Stock House (PVT) Ltd.,100,370.0,37000.0,2025-08-05 12:17:56.863466
2025-08-05,81408,2025080503003836,JBBL,Vision Securities Pvt. Ltd,Nepal Stock House (PVT) Ltd.,21,370.0,7770.0,2025-08-05 12:17:56.863554
2025-08-05,81407,2025080503003837,JBBL,Capital Max Securities Ltd,Nepal Stock House (PVT) Ltd.,35,370.0,12950.0,2025-08-05 12:17:56.863627
2025-08-05,81337,2025080503003850,JBBL,Sumeru Securities Pvt. Ltd.,ABC Securities Private Limited,3,367.0,1101.0,2025-08-05 12:18:03.457210
2025-08-05,81279,2025080503003870,JBBL,Capital Max Securities Ltd,Dipshikha Dhitopatra Karobar Co. Pvt Ltd.,15,370.0,5550.0,2025-08-05 12:18:10.062301
2025-08-05,81278,2025080503003871,JBBL,Sundhara Securities Limited,Dipshikha Dhitopatra Karobar Co. Pvt Ltd.,100,370.0,37000.0,2025-08-05 12:18:10.062688
2025-08-05,81277,2025080503003872,JBBL,Linch Stock Market Ltd.,Dipshikha Dhitopatra Karobar Co. Pvt Ltd.,1000,370.0,370000.0,2025-08-05 12:18:10.062985
2025-08-05,81276,2025080503003873,JBBL,Naasa Securities Co. Ltd.,Dipshikha Dhitopatra Karobar Co. Pvt Ltd.,60,370.0,22200.0,2025-08-05 12:18:10.063303
2025-08-05,81275,2025080503003874,JBBL,K.B.L. Securities Limited ,Dipshikha Dhitopatra Karobar Co. Pvt Ltd.,500,370.0,185000.0,2025-08-05 12:18:10.063564
2025-08-05,81274,2025080503003875,JBBL,Neev Securities Pvt. Ltd.,Dipshikha Dhitopatra Karobar Co. Pvt Ltd.,1000,370.0,370000.0,2025-08-05 12:18:10.063906
2025-08-05,81273,2025080503003876,JBBL,Kohinoor Investment & Securities Pvt. Ltd.,Dipshikha Dhitopatra Karobar Co. Pvt Ltd.,90,370.0,33300.0,2025-08-05 12:18:10.064215
2025-08-05,81272,2025080503003877,JBBL,South Asian Bulls Pvt. Ltd.,Dipshikha Dhitopatra Karobar Co. Pvt Ltd.,114,370.0,42180.0,2025-08-05 12:18:10.064504
2025-08-05,81271,2025080503003878,JBBL,Primo Securities (PVT) Ltd.,Dipshikha Dhitopatra Karobar Co. Pvt Ltd.,122,370.0,45140.0,2025-08-05 12:18:10.064792
2025-08-05,80673,2025080503003965,JBBL,Primo Securities (PVT) Ltd.,Nepal Stock House (PVT) Ltd.,78,370.0,28860.0,2025-08-05 12:19:29.049569
2025-08-05,80672,2025080503003966,JBBL,Imperial Securities Company Pvt. Ltd.,Nepal Stock House (PVT) Ltd.,22,369.0,8118.0,2025-08-05 12:19:29.049918
2025-08-05,79299,2025080503004139,JBBL,Kumari Securities Private Limited,Aakashbhairab Securities Ltd.,100,370.0,37000.0,2025-08-05 12:23:02.921638
2025-08-05,77912,2025080503004295,JBBL,Sumeru Securities Pvt. Ltd.,Naasa Securities Co. Ltd.,1,363.0,363.0,2025-08-05 12:26:29.344411
2025-08-05,77513,2025080503004360,JBBL,Cristal Kanchanjanga Securites Pvt. Ltd.,Deevyaa Securities & Stock House Pvt. Ltd,100,370.2,37020.0,2025-08-05 12:27:29.564061
2025-08-05,77086,2025080503004421,JBBL,Sumeru Securities Pvt. Ltd.,Cristal Kanchanjanga Securites Pvt. Ltd.,1,365.0,365.0,2025-08-05 12:28:41.950091
2025-08-05,77055,2025080503004432,JBBL,Sani Securities Company Ltd.,Kohinoor Investment & Securities Pvt. Ltd.,74,370.0,27380.0,2025-08-05 12:28:50.080917
2025-08-05,76762,2025080503004469,JBBL,Sani Securities Company Ltd.,Secured Securities Ltd.,276,370.0,102120.0,2025-08-05 12:29:32.208701
2025-08-05,76035,2025080503004586,JBBL,Cristal Kanchanjanga Securites Pvt. Ltd.,Deevyaa Securities & Stock House Pvt. Ltd,100,370.2,37020.0,2025-08-05 12:31:13.616972
2025-08-05,74996,2025080503004729,JBBL,Kumari Securities Private Limited,Opal Securities Investment (PVT) Ltd.,20,369.1,7382.0,2025-08-05 12:33:46.875823
2025-08-05,74995,2025080503004730,JBBL,Imperial Securities Company Pvt. Ltd.,Opal Securities Investment (PVT) Ltd.,28,369.0,10332.0,2025-08-05 12:33:46.875860
2025-08-05,74994,2025080503004731,JBBL,Shree Krishna Securities Ltd.,Opal Securities Investment (PVT) Ltd.,100,369.0,36900.0,2025-08-05 12:33:46.875883
2025-08-05,74993,2025080503004732,JBBL,Oxford Securities Pvt. Ltd.,Opal Securities Investment (PVT) Ltd.,20,368.4,7368.0,2025-08-05 12:33:46.875905
2025-08-05,74992,2025080503004733,JBBL,Naasa Securities Co. Ltd.,Opal Securities Investment (PVT) Ltd.,60,368.4,22104.0,2025-08-05 12:33:46.875924
2025-08-05,74991,2025080503004734,JBBL,Shree Krishna Securities Ltd.,Opal Securities Investment (PVT) Ltd.,140,368.3,51562.0,2025-08-05 12:33:46.875966
2025-08-05,74990,2025080503004735,JBBL,Shree Krishna Securities Ltd.,Opal Securities Investment (PVT) Ltd.,12,368.2,4418.4,2025-08-05 12:33:46.875990
2025-08-05,74717,2025080503004774,JBBL,Shree Krishna Securities Ltd.,Dakshinkali Investment & Securities Pvt. Ltd.,150,368.2,55230.0,2025-08-05 12:34:29.273556
2025-08-05,73779,2025080503004898,JBBL,Kohinoor Investment & Securities Pvt. Ltd.,Creative Securities Pvt Ltd,11,368.3,4051.3,2025-08-05 12:36:45.796552
2025-08-05,73735,2025080503004903,JBBL,Kohinoor Investment & Securities Pvt. Ltd.,Linch Stock Market Ltd.,489,368.3,180098.7,2025-08-05 12:36:49.932464
2025-08-05,73734,2025080503004904,JBBL,Shree Krishna Securities Ltd.,Linch Stock Market Ltd.,338,368.2,124451.6,2025-08-05 12:36:49.932563
2025-08-05,73733,2025080503004905,JBBL,Agrawal Securities (PVT) Ltd.,Linch Stock Market Ltd.,500,368.0,184000.0,2025-08-05 12:36:49.932634
2025-08-05,73732,2025080503004906,JBBL,J.F. Securites (PVT) Ltd.,Linch Stock Market Ltd.,555,368.0,204240.0,2025-08-05 12:36:49.932698
2025-08-05,73731,2025080503004907,JBBL,Sweta Securities Private Limited,Linch Stock Market Ltd.,115,368.0,42320.0,2025-08-05 12:36:49.932759
2025-08-05,72945,2025080503005109,JBBL,Sweta Securities Private Limited,Dipshikha Dhitopatra Karobar Co. Pvt Ltd.,10,368.0,3680.0,2025-08-05 12:38:19.400913
2025-08-05,72284,2025080503005235,JBBL,Kumari Securities Private Limited,Linch Stock Market Ltd.,10,370.0,3700.0,2025-08-05 12:40:00.543316
2025-08-05,71875,2025080503005308,JBBL,Linch Stock Market Ltd.,Online Securities Pvt. Ltd.,10,370.0,3700.0,2025-08-05 12:41:11.435854
2025-08-05,71785,2025080503005340,JBBL,Deevyaa Securities & Stock House Pvt. Ltd,Online Securities Pvt. Ltd.,100,370.0,37000.0,2025-08-05 12:41:26.578576
2025-08-05,69401,2025080503005676,JBBL,Sani Securities Company Ltd.,Nagarik Stock Dealer ,500,369.0,184500.0,2025-08-05 12:47:57.525070
2025-08-05,69400,2025080503005677,JBBL,Online Securities Pvt. Ltd.,Nagarik Stock Dealer ,200,368.1,73620.0,2025-08-05 12:47:57.525505
2025-08-05,69399,2025080503005678,JBBL,Sweta Securities Private Limited,Nagarik Stock Dealer ,140,368.0,51520.0,2025-08-05 12:47:57.525741
2025-08-05,69398,2025080503005679,JBBL,Naasa Securities Co. Ltd.,Nagarik Stock Dealer ,50,367.6,18380.0,2025-08-05 12:47:57.525973
2025-08-05,69397,2025080503005680,JBBL,Naasa Securities Co. Ltd.,Nagarik Stock Dealer ,100,367.5,36750.0,2025-08-05 12:47:57.526280
2025-08-05,69396,2025080503005681,JBBL,Nepal Investment And Securities Trading Private Limited,Nagarik Stock Dealer ,10,367.5,3675.0,2025-08-05 12:47:57.526502
2025-08-05,67877,2025080503005839,JBBL,Creative Securities Pvt Ltd,Online Securities Pvt. Ltd.,390,370.0,144300.0,2025-08-05 12:51:59.820833
2025-08-05,67876,2025080503005840,JBBL,Creative Securities Pvt Ltd,Imperial Securities Company Pvt. Ltd.,200,370.0,74000.0,2025-08-05 12:51:59.821047
2025-08-05,67875,2025080503005841,JBBL,Creative Securities Pvt Ltd,Online Securities Pvt. Ltd.,410,370.0,151700.0,2025-08-05 12:51:59.821132
2025-08-05,67498,2025080503005867,JBBL,Trishakti Securities Public Limited,Online Securities Pvt. Ltd.,90,370.0,33300.0,2025-08-05 12:52:35.847711
2025-08-05,67404,2025080503005890,JBBL,Trishakti Securities Public Limited,Siprabi Securities Pvt. Ltd.,10,370.0,3700.0,2025-08-05 12:52:49.800812
2025-08-05,67403,2025080503005891,JBBL,Naasa Securities Co. Ltd.,Siprabi Securities Pvt. Ltd.,54,370.0,19980.0,2025-08-05 12:52:49.801005
2025-08-05,67063,2025080503005958,JBBL,Agrawal Securities (PVT) Ltd.,Siprabi Securities Pvt. Ltd.,436,370.0,161320.0,2025-08-05 12:53:53.563599
2025-08-05,67062,2025080503005959,JBBL,Agrawal Securities (PVT) Ltd.,Online Securities Pvt. Ltd.,64,370.0,23680.0,2025-08-05 12:53:53.563644
2025-08-05,66397,2025080503006057,JBBL,Aryatara Investment & Securities,J.F. Securites (PVT) Ltd.,100,369.0,36900.0,2025-08-05 12:55:54.305212
2025-08-05,65731,2025080503006184,JBBL,Trishakti Securities Public Limited,Imperial Securities Company Pvt. Ltd.,249,368.0,91632.0,2025-08-05 12:57:38.148361
2025-08-05,64435,2025080503006398,JBBL,Kohinoor Investment & Securities Pvt. Ltd.,Naasa Securities Co. Ltd.,6,372.0,2232.0,2025-08-05 13:01:02.906725
2025-08-05,60164,2025080503007153,JBBL,Kumari Securities Private Limited,Sumeru Securities Pvt. Ltd.,10,369.5,3695.0,2025-08-05 13:12:49.079911
2025-08-05,60035,2025080503007165,JBBL,Shree Krishna Securities Ltd.,Online Securities Pvt. Ltd.,50,369.0,18450.0,2025-08-05 13:13:07.626152
2025-08-05,59976,2025080503007171,JBBL,Kumari Securities Private Limited,Online Securities Pvt. Ltd.,10,369.0,3690.0,2025-08-05 13:13:19.251354
2025-08-05,59285,2025080503007292,JBBL,Neev Securities Pvt. Ltd.,Sweta Securities Private Limited,200,368.5,73700.0,2025-08-05 13:15:16.013163
2025-08-05,59284,2025080503007293,JBBL,Sumeru Securities Pvt. Ltd.,Sweta Securities Private Limited,100,368.0,36800.0,2025-08-05 13:15:16.013596
2025-08-05,59154,2025080503007319,JBBL,Nepal Investment And Securities Trading Private Limited,Neev Securities Pvt. Ltd.,40,367.5,14700.0,2025-08-05 13:15:33.188356
2025-08-05,59153,2025080503007320,JBBL,Investment Management Nepal Pvt. Ltd.,Neev Securities Pvt. Ltd.,200,367.5,73500.0,2025-08-05 13:15:33.188759
2025-08-05,59152,2025080503007321,JBBL,Premier Securities Company Ltd.,Neev Securities Pvt. Ltd.,500,367.5,183750.0,2025-08-05 13:15:33.189007
2025-08-05,59151,2025080503007322,JBBL,Naasa Securities Co. Ltd.,Neev Securities Pvt. Ltd.,87,367.5,31972.5,2025-08-05 13:15:33.189267
2025-08-05,58886,2025080503007375,JBBL,Sundhara Securities Limited,Neev Securities Pvt. Ltd.,19,367.5,6982.5,2025-08-05 13:16:10.623478
2025-08-05,58753,2025080503007385,JBBL,Naasa Securities Co. Ltd.,Online Securities Pvt. Ltd.,325,367.1,119307.5,2025-08-05 13:16:29.193379
2025-08-05,58752,2025080503007386,JBBL,Imperial Securities Company Pvt. Ltd.,Online Securities Pvt. Ltd.,500,367.0,183500.0,2025-08-05 13:16:29.193593
2025-08-05,58751,2025080503007387,JBBL,Agrawal Securities (PVT) Ltd.,Online Securities Pvt. Ltd.,133,367.0,48811.0,2025-08-05 13:16:29.193681
2025-08-05,58750,2025080503007388,JBBL,Sweta Securities Private Limited,Online Securities Pvt. Ltd.,50,367.0,18350.0,2025-08-05 13:16:29.193789
2025-08-05,58749,2025080503007389,JBBL,Sewa Securities Pvt. Ltd.,Online Securities Pvt. Ltd.,100,367.0,36700.0,2025-08-05 13:16:29.193883
2025-08-05,58748,2025080503007390,JBBL,Primo Securities (PVT) Ltd.,Online Securities Pvt. Ltd.,500,367.0,183500.0,2025-08-05 13:16:29.193969
2025-08-05,58747,2025080503007391,JBBL,Naasa Securities Co. Ltd.,Online Securities Pvt. Ltd.,100,367.0,36700.0,2025-08-05 13:16:29.194057
2025-08-05,58746,2025080503007392,JBBL,Kalika Securities Pvt. Ltd.,Online Securities Pvt. Ltd.,200,367.0,73400.0,2025-08-05 13:16:29.194138
2025-08-05,58745,2025080503007393,JBBL,Sani Securities Company Ltd.,Online Securities Pvt. Ltd.,200,367.0,73400.0,2025-08-05 13:16:29.194233
2025-08-05,58744,2025080503007394,JBBL,Midas Stock Broking Company Private Limited,Online Securities Pvt. Ltd.,36,367.0,13212.0,2025-08-05 13:16:29.194328
2025-08-05,58743,2025080503007395,JBBL,Midas Stock Broking Company Private Limited,Online Securities Pvt. Ltd.,500,367.0,183500.0,2025-08-05 13:16:29.194408
2025-08-05,58742,2025080503007396,JBBL,Dipshikha Dhitopatra Karobar Co. Pvt Ltd.,Online Securities Pvt. Ltd.,16,367.0,5872.0,2025-08-05 13:16:29.194505
2025-08-05,58500,2025080503007448,JBBL,Imperial Securities Company Pvt. Ltd.,Sumeru Securities Pvt. Ltd.,120,366.7,44004.0,2025-08-05 13:17:07.355953
2025-08-05,58453,2025080503007454,JBBL,S.P.S.A. Securities Limited,Online Securities Pvt. Ltd.,100,367.0,36700.0,2025-08-05 13:17:17.261587
2025-08-05,58263,2025080503007486,JBBL,Kumari Securities Private Limited,Online Securities Pvt. Ltd.,20,367.0,7340.0,2025-08-05 13:17:47.340075
2025-08-05,58142,2025080503007503,JBBL,Imperial Securities Company Pvt. Ltd.,Sweta Securities Private Limited,315,366.7,115510.5,2025-08-05 13:18:07.176475
2025-08-05,58115,2025080503007521,JBBL,Kohinoor Investment & Securities Pvt. Ltd.,Online Securities Pvt. Ltd.,100,367.0,36700.0,2025-08-05 13:18:10.552718
2025-08-05,58110,2025080503007522,JBBL,Imperial Securities Company Pvt. Ltd.,Kalika Securities Pvt. Ltd.,50,366.7,18335.0,2025-08-05 13:18:10.881089
2025-08-05,57922,2025080503007546,JBBL,Imperial Securities Company Pvt. Ltd.,Neev Securities Pvt. Ltd.,15,366.7,5500.5,2025-08-05 13:18:42.270019
2025-08-05,57745,2025080503007567,JBBL,Sundhara Securities Limited,Sweta Securities Private Limited,100,366.6,36660.0,2025-08-05 13:19:15.693970
2025-08-05,57734,2025080503007569,JBBL,Kumari Securities Private Limited,Sweta Securities Private Limited,10,366.6,3666.0,2025-08-05 13:19:16.832617
2025-08-05,57471,2025080503007615,JBBL,Sani Securities Company Ltd.,Sweta Securities Private Limited,290,366.6,106314.0,2025-08-05 13:19:49.320572
2025-08-05,57391,2025080503007630,JBBL,Kumari Securities Private Limited,Neev Securities Pvt. Ltd.,10,366.7,3667.0,2025-08-05 13:19:58.101760
2025-08-05,57165,2025080503007650,JBBL,Pragyan Securities (PVT) Ltd.,Neev Securities Pvt. Ltd.,400,366.7,146680.0,2025-08-05 13:20:33.988298
2025-08-05,57101,2025080503007657,JBBL,Siprabi Securities Pvt. Ltd.,Neev Securities Pvt. Ltd.,75,366.7,27502.5,2025-08-05 13:20:43.737259
2025-08-05,56914,2025080503007674,JBBL,Siprabi Securities Pvt. Ltd.,Siprabi Securities Pvt. Ltd.,425,366.7,155847.5,2025-08-05 13:21:09.041557
2025-08-05,56849,2025080503007679,JBBL,Kalika Securities Pvt. Ltd.,Siprabi Securities Pvt. Ltd.,400,366.5,146600.0,2025-08-05 13:21:26.182517
2025-08-05,56716,2025080503007692,JBBL,Trishakti Securities Public Limited,Siprabi Securities Pvt. Ltd.,71,366.3,26007.3,2025-08-05 13:21:50.797219
2025-08-05,56457,2025080503007732,JBBL,Sweta Securities Private Limited,Online Securities Pvt. Ltd.,120,367.0,44040.0,2025-08-05 13:22:36.160724
2025-08-05,56293,2025080503007754,JBBL,Sani Securities Company Ltd.,Neev Securities Pvt. Ltd.,10,367.5,3675.0,2025-08-05 13:23:02.279296
2025-08-05,56231,2025080503007771,JBBL,Dipshikha Dhitopatra Karobar Co. Pvt Ltd.,Neev Securities Pvt. Ltd.,144,367.5,52920.0,2025-08-05 13:23:16.942219
2025-08-05,56134,2025080503007783,JBBL,Sumeru Securities Pvt. Ltd.,Swarna Laxmi Securities Pvt. Ltd.,1,361.0,361.0,2025-08-05 13:23:37.139010
2025-08-05,55437,2025080503007912,JBBL,Sumeru Securities Pvt. Ltd.,Sani Securities Company Ltd.,1,368.0,368.0,2025-08-05 13:25:51.422849
2025-08-05,54906,2025080503008030,JBBL,Deevyaa Securities & Stock House Pvt. Ltd,Oxford Securities Pvt. Ltd.,34,367.5,12495.0,2025-08-05 13:27:32.663367
2025-08-05,53286,2025080503008313,JBBL,Deevyaa Securities & Stock House Pvt. Ltd,Online Securities Pvt. Ltd.,105,367.5,38587.5,2025-08-05 13:32:47.431965
2025-08-05,53285,2025080503008314,JBBL,Sweta Securities Private Limited,Online Securities Pvt. Ltd.,80,367.0,29360.0,2025-08-05 13:32:47.432215
2025-08-05,52976,2025080503008363,JBBL,Dipshikha Dhitopatra Karobar Co. Pvt Ltd.,Online Securities Pvt. Ltd.,50,367.0,18350.0,2025-08-05 13:33:43.024085
2025-08-05,52919,2025080503008373,JBBL,Trishakti Securities Public Limited,Imperial Securities Company Pvt. Ltd.,29,366.3,10622.7,2025-08-05 13:33:53.841018
2025-08-05,52918,2025080503008374,JBBL,Naasa Securities Co. Ltd.,Imperial Securities Company Pvt. Ltd.,50,366.2,18310.0,2025-08-05 13:33:53.841458
2025-08-05,52917,2025080503008375,JBBL,Naasa Securities Co. Ltd.,Imperial Securities Company Pvt. Ltd.,20,366.2,7324.0,2025-08-05 13:33:53.841717
2025-08-05,52916,2025080503008376,JBBL,Ashutosh Brokerage & Securities (PVT) Ltd.,Imperial Securities Company Pvt. Ltd.,100,366.2,36620.0,2025-08-05 13:33:53.841969
2025-08-05,52915,2025080503008377,JBBL,Dipshikha Dhitopatra Karobar Co. Pvt Ltd.,Imperial Securities Company Pvt. Ltd.,500,366.2,183100.0,2025-08-05 13:33:53.842252
2025-08-05,52914,2025080503008378,JBBL,Neev Securities Pvt. Ltd.,Imperial Securities Company Pvt. Ltd.,70,366.1,25627.0,2025-08-05 13:33:53.842507
2025-08-05,52826,2025080503008391,JBBL,Sundhara Securities Limited,Kalika Securities Pvt. Ltd.,50,366.2,18310.0,2025-08-05 13:34:13.953956
2025-08-05,52214,2025080503008499,JBBL,Opal Securities Investment (PVT) Ltd.,Online Securities Pvt. Ltd.,150,367.0,55050.0,2025-08-05 13:35:55.343071
2025-08-05,51853,2025080503008591,JBBL,Sumeru Securities Pvt. Ltd.,Online Securities Pvt. Ltd.,50,367.0,18350.0,2025-08-05 13:36:50.561126
2025-08-05,51795,2025080503008618,JBBL,Sewa Securities Pvt. Ltd.,Online Securities Pvt. Ltd.,100,367.0,36700.0,2025-08-05 13:36:57.212922
2025-08-05,51713,2025080503008636,JBBL,Dipshikha Dhitopatra Karobar Co. Pvt Ltd.,Online Securities Pvt. Ltd.,300,367.0,110100.0,2025-08-05 13:37:12.368168
2025-08-05,51616,2025080503008650,JBBL,Dakshinkali Investment & Securities Pvt. Ltd.,Online Securities Pvt. Ltd.,50,367.0,18350.0,2025-08-05 13:37:25.549187
2025-08-05,51437,2025080503008691,JBBL,Dipshikha Dhitopatra Karobar Co. Pvt Ltd.,Online Securities Pvt. Ltd.,100,367.0,36700.0,2025-08-05 13:37:56.912140
2025-08-05,50944,2025080503008785,JBBL,Pragyan Securities (PVT) Ltd.,Online Securities Pvt. Ltd.,15,367.0,5505.0,2025-08-05 13:39:06.559649
2025-08-05,50830,2025080503008806,JBBL,Property Wiard Limited,Asian Securities Private Ltd.,57,366.5,20890.5,2025-08-05 13:39:23.641014
2025-08-05,50292,2025080503008908,JBBL,Beni Securities Pvt.Ltd.,Online Securities Pvt. Ltd.,10,369.8,3698.0,2025-08-05 13:40:30.464103
2025-08-05,50285,2025080503008911,JBBL,Property Wiard Limited,Cristal Kanchanjanga Securites Pvt. Ltd.,18,366.5,6597.0,2025-08-05 13:40:32.005965
2025-08-05,50284,2025080503008912,JBBL,Naasa Securities Co. Ltd.,Cristal Kanchanjanga Securites Pvt. Ltd.,100,366.4,36640.0,2025-08-05 13:40:32.006201
2025-08-05,50283,2025080503008913,JBBL,Sewa Securities Pvt. Ltd.,Cristal Kanchanjanga Securites Pvt. Ltd.,82,366.4,30044.8,2025-08-05 13:40:32.006291
2025-08-05,49642,2025080503009102,JBBL,Beni Securities Pvt.Ltd.,Online Securities Pvt. Ltd.,10,369.8,3698.0,2025-08-05 13:42:18.732736
2025-08-05,48992,2025080503009251,JBBL,Kohinoor Investment & Securities Pvt. Ltd.,Online Securities Pvt. Ltd.,50,369.8,18490.0,2025-08-05 13:44:12.145142
2025-08-05,48405,2025080503009417,JBBL,Kohinoor Investment & Securities Pvt. Ltd.,Online Securities Pvt. Ltd.,25,369.8,9245.0,2025-08-05 13:46:00.009961
2025-08-05,48192,2025080503009443,JBBL,Linch Stock Market Ltd.,Dipshikha Dhitopatra Karobar Co. Pvt Ltd.,10,367.0,3670.0,2025-08-05 13:46:24.280932
2025-08-05,48191,2025080503009444,JBBL,Dynamic Money Managers Securities Pvt. Ltd.,Dipshikha Dhitopatra Karobar Co. Pvt Ltd.,50,367.0,18350.0,2025-08-05 13:46:24.280978
2025-08-05,48190,2025080503009445,JBBL,MILKY WAY SHARE BROKER COMPANY LTD ,Dipshikha Dhitopatra Karobar Co. Pvt Ltd.,496,367.0,182032.0,2025-08-05 13:46:24.281007
2025-08-05,47989,2025080503009499,JBBL,Beni Securities Pvt.Ltd.,Online Securities Pvt. Ltd.,10,369.8,3698.0,2025-08-05 13:46:53.422229
2025-08-05,47550,2025080503009620,JBBL,K.B.L. Securities Limited ,Online Securities Pvt. Ltd.,331,369.8,122403.8,2025-08-05 13:48:10.502428
2025-08-05,45598,2025080503010114,JBBL,Oxford Securities Pvt. Ltd.,MILKY WAY SHARE BROKER COMPANY LTD ,200,369.9,73980.0,2025-08-05 13:54:13.710690
2025-08-05,45201,2025080503010245,JBBL,Sumeru Securities Pvt. Ltd.,Siprabi Securities Pvt. Ltd.,50,369.8,18490.0,2025-08-05 13:55:18.702908
2025-08-05,45148,2025080503010272,JBBL,MILKY WAY SHARE BROKER COMPANY LTD ,MILKY WAY SHARE BROKER COMPANY LTD ,360,369.9,133164.0,2025-08-05 13:55:27.515015
2025-08-05,45147,2025080503010273,JBBL,MILKY WAY SHARE BROKER COMPANY LTD ,Aryatara Investment & Securities,50,370.0,18500.0,2025-08-05 13:55:27.515457
2025-08-05,45146,2025080503010274,JBBL,MILKY WAY SHARE BROKER COMPANY LTD ,Sani Securities Company Ltd.,50,370.0,18500.0,2025-08-05 13:55:27.515727
2025-08-05,45145,2025080503010275,JBBL,MILKY WAY SHARE BROKER COMPANY LTD ,Aryatara Investment & Securities,250,370.0,92500.0,2025-08-05 13:55:27.515984
2025-08-05,45144,2025080503010276,JBBL,MILKY WAY SHARE BROKER COMPANY LTD ,South Asian Bulls Pvt. Ltd.,65,370.0,24050.0,2025-08-05 13:55:27.516269
2025-08-05,45143,2025080503010277,JBBL,MILKY WAY SHARE BROKER COMPANY LTD ,Deevyaa Securities & Stock House Pvt. Ltd,229,370.2,84775.8,2025-08-05 13:55:27.516531
2025-08-05,44413,2025080503010469,JBBL,Online Securities Pvt. Ltd.,Opal Securities Investment (PVT) Ltd.,100,368.0,36800.0,2025-08-05 13:57:18.547449
2025-08-05,44412,2025080503010470,JBBL,ABC Securities Private Limited,Opal Securities Investment (PVT) Ltd.,157,368.0,57776.0,2025-08-05 13:57:18.547551
2025-08-05,44119,2025080503010552,JBBL,Beni Securities Pvt.Ltd.,Deevyaa Securities & Stock House Pvt. Ltd,10,370.2,3702.0,2025-08-05 13:58:01.161092
2025-08-05,43472,2025080503010696,JBBL,Aryatara Investment & Securities,Opal Securities Investment (PVT) Ltd.,100,370.0,37000.0,2025-08-05 13:59:35.284211
2025-08-05,43471,2025080503010697,JBBL,ABC Securities Private Limited,Opal Securities Investment (PVT) Ltd.,55,368.0,20240.0,2025-08-05 13:59:35.284317
2025-08-05,42069,2025080503011113,JBBL,MILKY WAY SHARE BROKER COMPANY LTD ,Infinity Securities Limited,500,370.0,185000.0,2025-08-05 14:03:19.847571
2025-08-05,41880,2025080503011178,JBBL,ABC Securities Private Limited,Online Securities Pvt. Ltd.,30,370.0,11100.0,2025-08-05 14:03:56.645934
2025-08-05,41608,2025080503011241,JBBL,Secured Securities Ltd.,Deevyaa Securities & Stock House Pvt. Ltd,61,370.2,22582.2,2025-08-05 14:04:34.969977
2025-08-05,41568,2025080503011256,JBBL,Secured Securities Ltd.,Opal Securities Investment (PVT) Ltd.,39,370.2,14437.8,2025-08-05 14:04:44.766322
2025-08-05,41567,2025080503011257,JBBL,ABC Securities Private Limited,Opal Securities Investment (PVT) Ltd.,288,368.0,105984.0,2025-08-05 14:04:44.766388
2025-08-05,41566,2025080503011258,JBBL,Naasa Securities Co. Ltd.,Opal Securities Investment (PVT) Ltd.,11,368.0,4048.0,2025-08-05 14:04:44.766422
2025-08-05,41565,2025080503011259,JBBL,Investment Management Nepal Pvt. Ltd.,Opal Securities Investment (PVT) Ltd.,162,367.1,59470.2,2025-08-05 14:04:44.766447
2025-08-05,39294,2025080503011940,JBBL,Malla & Malla Stock Broking Company Pvt. Limited,Dipshikha Dhitopatra Karobar Co. Pvt Ltd.,10,370.0,3700.0,2025-08-05 14:11:12.225009
2025-08-05,38538,2025080503012120,JBBL,Investment Management Nepal Pvt. Ltd.,Agrawal Securities (PVT) Ltd.,46,368.1,16932.6,2025-08-05 14:12:49.559301
2025-08-05,38025,2025080503012228,JBBL,Dipshikha Dhitopatra Karobar Co. Pvt Ltd.,Trishakti Securities Public Limited,250,368.2,92050.0,2025-08-05 14:13:55.716903
2025-08-05,38024,2025080503012229,JBBL,Investment Management Nepal Pvt. Ltd.,Trishakti Securities Public Limited,292,368.1,107485.2,2025-08-05 14:13:55.717399
2025-08-05,38023,2025080503012230,JBBL,Nepal Stock House (PVT) Ltd.,Trishakti Securities Public Limited,458,368.0,168544.0,2025-08-05 14:13:55.717743
2025-08-05,37440,2025080503012321,JBBL,Nepal Stock House (PVT) Ltd.,Siprabi Securities Pvt. Ltd.,42,368.0,15456.0,2025-08-05 14:14:49.961938
2025-08-05,37439,2025080503012322,JBBL,Trishakti Securities Public Limited,Siprabi Securities Pvt. Ltd.,95,368.0,34960.0,2025-08-05 14:14:49.962191
2025-08-05,37294,2025080503012368,JBBL,Imperial Securities Company Pvt. Ltd.,Investment Management Nepal Pvt. Ltd.,50,368.0,18400.0,2025-08-05 14:15:07.321275
2025-08-05,36692,2025080503012496,JBBL,Agrawal Securities (PVT) Ltd.,Investment Management Nepal Pvt. Ltd.,200,368.0,73600.0,2025-08-05 14:16:01.994962
2025-08-05,36510,2025080503012570,JBBL,Aryatara Investment & Securities,Sani Securities Company Ltd.,100,367.5,36750.0,2025-08-05 14:16:19.241049
2025-08-05,36509,2025080503012571,JBBL,MILKY WAY SHARE BROKER COMPANY LTD ,Sani Securities Company Ltd.,1000,367.4,367400.0,2025-08-05 14:16:19.241306
2025-08-05,36508,2025080503012572,JBBL,Naasa Securities Co. Ltd.,Sani Securities Company Ltd.,30,367.3,11019.0,2025-08-05 14:16:19.241405
2025-08-05,36507,2025080503012573,JBBL,Oxford Securities Pvt. Ltd.,Sani Securities Company Ltd.,870,367.2,319464.0,2025-08-05 14:16:19.241502
2025-08-05,35987,2025080503012685,JBBL,Oxford Securities Pvt. Ltd.,Primo Securities (PVT) Ltd.,100,367.2,36720.0,2025-08-05 14:17:10.497994
2025-08-05,35277,2025080503012794,JBBL,Deevyaa Securities & Stock House Pvt. Ltd,ABC Securities Private Limited,113,367.5,41527.5,2025-08-05 14:18:19.112292
2025-08-05,35205,2025080503012800,JBBL,MILKY WAY SHARE BROKER COMPANY LTD ,Investment Management Nepal Pvt. Ltd.,10,368.0,3680.0,2025-08-05 14:18:25.508613
2025-08-05,34510,2025080503012935,JBBL,Sundhara Securities Limited,Investment Management Nepal Pvt. Ltd.,450,368.0,165600.0,2025-08-05 14:20:04.029437
2025-08-05,34301,2025080503013003,JBBL,Sumeru Securities Pvt. Ltd.,Investment Management Nepal Pvt. Ltd.,100,368.0,36800.0,2025-08-05 14:20:24.141821
2025-08-05,34294,2025080503013005,JBBL,Deevyaa Securities & Stock House Pvt. Ltd,South Asian Bulls Pvt. Ltd.,387,367.5,142222.5,2025-08-05 14:20:25.169489
2025-08-05,34293,2025080503013006,JBBL,Oxford Securities Pvt. Ltd.,South Asian Bulls Pvt. Ltd.,1030,367.2,378216.0,2025-08-05 14:20:25.169951
2025-08-05,34292,2025080503013007,JBBL,South Asian Bulls Pvt. Ltd.,South Asian Bulls Pvt. Ltd.,100,367.2,36720.0,2025-08-05 14:20:25.170263
2025-08-05,34291,2025080503013008,JBBL,Vision Securities Pvt. Ltd,South Asian Bulls Pvt. Ltd.,783,367.2,287517.6,2025-08-05 14:20:25.170549
2025-08-05,34039,2025080503013099,JBBL,Vision Securities Pvt. Ltd,Bhrikuti Stock Broking Co. Pvt. Ltd.,114,367.2,41860.8,2025-08-05 14:20:47.755458
2025-08-05,33299,2025080503013284,JBBL,Vision Securities Pvt. Ltd,Asian Securities Private Ltd.,103,367.2,37821.6,2025-08-05 14:22:29.156302
2025-08-05,33298,2025080503013285,JBBL,Sundhara Securities Limited,Asian Securities Private Ltd.,100,367.0,36700.0,2025-08-05 14:22:29.156766
2025-08-05,33297,2025080503013286,JBBL,Aryatara Investment & Securities,Asian Securities Private Ltd.,500,367.0,183500.0,2025-08-05 14:22:29.157073
2025-08-05,33296,2025080503013287,JBBL,Trishakti Securities Public Limited,Asian Securities Private Ltd.,297,367.0,108999.0,2025-08-05 14:22:29.157350
2025-08-05,30915,2025080503013798,JBBL,Sri Hari Securities Pvt. Ltd.,Asian Securities Private Ltd.,176,367.1,64609.6,2025-08-05 14:28:27.038101
2025-08-05,30116,2025080503013927,JBBL,MILKY WAY SHARE BROKER COMPANY LTD ,Investment Management Nepal Pvt. Ltd.,24,368.0,8832.0,2025-08-05 14:30:13.690417
2025-08-05,29617,2025080503014094,JBBL,Dipshikha Dhitopatra Karobar Co. Pvt Ltd.,Aryatara Investment & Securities,100,367.2,36720.0,2025-08-05 14:31:21.730669
2025-08-05,29616,2025080503014095,JBBL,Sri Hari Securities Pvt. Ltd.,Aryatara Investment & Securities,24,367.1,8810.4,2025-08-05 14:31:21.731184
2025-08-05,29615,2025080503014096,JBBL,Trishakti Securities Public Limited,Aryatara Investment & Securities,165,367.0,60555.0,2025-08-05 14:31:21.731519
2025-08-05,29614,2025080503014097,JBBL,Linch Stock Market Ltd.,Aryatara Investment & Securities,150,367.0,55050.0,2025-08-05 14:31:21.731862
2025-08-05,29613,2025080503014098,JBBL,Sundhara Securities Limited,Aryatara Investment & Securities,60,367.0,22020.0,2025-08-05 14:31:21.732206
2025-08-05,28491,2025080503014273,JBBL,Dakshinkali Investment & Securities Pvt. Ltd.,Dynamic Money Managers Securities Pvt. Ltd.,100,367.0,36700.0,2025-08-05 14:33:41.291297
2025-08-05,28490,2025080503014274,JBBL,Secured Securities Ltd.,Dynamic Money Managers Securities Pvt. Ltd.,100,367.0,36700.0,2025-08-05 14:33:41.291766
2025-08-05,27891,2025080503014367,JBBL,Sani Securities Company Ltd.,INDEX SECURITIES LIMITED,150,367.0,55050.0,2025-08-05 14:34:59.177199
2025-08-05,27817,2025080503014382,JBBL,Sani Securities Company Ltd.,Ashutosh Brokerage & Securities (PVT) Ltd.,13,367.0,4771.0,2025-08-05 14:35:10.052845
2025-08-05,27816,2025080503014383,JBBL,Sundhara Securities Limited,Ashutosh Brokerage & Securities (PVT) Ltd.,10,367.0,3670.0,2025-08-05 14:35:10.053342
2025-08-05,26744,2025080503014590,JBBL,Neev Securities Pvt. Ltd.,Deevyaa Securities & Stock House Pvt. Ltd,170,366.5,62305.0,2025-08-05 14:36:40.507401
2025-08-05,26743,2025080503014591,JBBL,Sewa Securities Pvt. Ltd.,Deevyaa Securities & Stock House Pvt. Ltd,100,366.5,36650.0,2025-08-05 14:36:40.507646
2025-08-05,26210,2025080503014684,JBBL,Sanima Securities Limited,Opal Securities Investment (PVT) Ltd.,796,366.4,291654.4,2025-08-05 14:37:23.802064
2025-08-05,25867,2025080503014745,JBBL,Sanima Securities Limited,Dynamic Money Managers Securities Pvt. Ltd.,200,366.4,73280.0,2025-08-05 14:37:47.208675
2025-08-05,25583,2025080503014797,JBBL,South Asian Bulls Pvt. Ltd.,Deevyaa Securities & Stock House Pvt. Ltd,230,366.5,84295.0,2025-08-05 14:38:10.656470
2025-08-05,25329,2025080503014843,JBBL,Sani Securities Company Ltd.,Pragyan Securities (PVT) Ltd.,100,366.3,36630.0,2025-08-05 14:38:26.309322
2025-08-05,25328,2025080503014844,JBBL,Sani Securities Company Ltd.,Pragyan Securities (PVT) Ltd.,100,366.3,36630.0,2025-08-05 14:38:26.309783
2025-08-05,25327,2025080503014845,JBBL,Thrive Brokerage House Pvt. Ltd,Pragyan Securities (PVT) Ltd.,200,366.0,73200.0,2025-08-05 14:38:26.310109
2025-08-05,25323,2025080503014846,JBBL,Arun Securities (PVT) Ltd.,Trishakti Securities Public Limited,226,366.0,82716.0,2025-08-05 14:38:26.870273
2025-08-05,25322,2025080503014847,JBBL,Trishakti Securities Public Limited,Trishakti Securities Public Limited,200,366.0,73200.0,2025-08-05 14:38:26.870747
2025-08-05,25321,2025080503014848,JBBL,Deevyaa Securities & Stock House Pvt. Ltd,Trishakti Securities Public Limited,100,366.0,36600.0,2025-08-05 14:38:26.871057
2025-08-05,25320,2025080503014849,JBBL,South Asian Bulls Pvt. Ltd.,Trishakti Securities Public Limited,10,366.0,3660.0,2025-08-05 14:38:26.871340
2025-08-05,25319,2025080503014850,JBBL,J.F. Securites (PVT) Ltd.,Trishakti Securities Public Limited,100,366.0,36600.0,2025-08-05 14:38:26.871632
2025-08-05,25318,2025080503014851,JBBL,Sani Securities Company Ltd.,Trishakti Securities Public Limited,100,366.0,36600.0,2025-08-05 14:38:26.871920
2025-08-05,25317,2025080503014852,JBBL,Midas Stock Broking Company Private Limited,Trishakti Securities Public Limited,150,366.0,54900.0,2025-08-05 14:38:26.872219
2025-08-05,25069,2025080503014910,JBBL,ABC Securities Private Limited,Trishakti Securities Public Limited,200,365.7,73140.0,2025-08-05 14:38:46.035405
2025-08-05,25068,2025080503014911,JBBL,Vision Securities Pvt. Ltd,Trishakti Securities Public Limited,10,365.6,3656.0,2025-08-05 14:38:46.035845
2025-08-05,25067,2025080503014912,JBBL,Bhrikuti Stock Broking Co. Pvt. Ltd.,Trishakti Securities Public Limited,50,365.6,18280.0,2025-08-05 14:38:46.036180
2025-08-05,25066,2025080503014913,JBBL,Dipshikha Dhitopatra Karobar Co. Pvt Ltd.,Trishakti Securities Public Limited,100,365.6,36560.0,2025-08-05 14:38:46.036478
2025-08-05,25065,2025080503014914,JBBL,Sumeru Securities Pvt. Ltd.,Trishakti Securities Public Limited,100,365.6,36560.0,2025-08-05 14:38:46.036780
2025-08-05,25064,2025080503014915,JBBL,Naasa Securities Co. Ltd.,Trishakti Securities Public Limited,100,365.3,36530.0,2025-08-05 14:38:46.037084
2025-08-05,25063,2025080503014916,JBBL,Vision Securities Pvt. Ltd,Trishakti Securities Public Limited,137,365.3,50046.1,2025-08-05 14:38:46.037366
2025-08-05,25062,2025080503014917,JBBL,Vision Securities Pvt. Ltd,Trishakti Securities Public Limited,27,365.1,9857.7,2025-08-05 14:38:46.037659
2025-08-05,25061,2025080503014918,JBBL,Dipshikha Dhitopatra Karobar Co. Pvt Ltd.,Trishakti Securities Public Limited,100,365.0,36500.0,2025-08-05 14:38:46.037934
2025-08-05,25060,2025080503014919,JBBL,Sumeru Securities Pvt. Ltd.,Trishakti Securities Public Limited,200,365.0,73000.0,2025-08-05 14:38:46.038235
2025-08-05,25059,2025080503014920,JBBL,Online Securities Pvt. Ltd.,Trishakti Securities Public Limited,90,365.0,32850.0,2025-08-05 14:38:46.038517
2025-08-05,24396,2025080503015041,JBBL,Online Securities Pvt. Ltd.,Trishakti Securities Public Limited,410,365.0,149650.0,2025-08-05 14:39:31.407698
2025-08-05,24395,2025080503015042,JBBL,Siprabi Securities Pvt. Ltd.,Trishakti Securities Public Limited,190,365.0,69350.0,2025-08-05 14:39:31.408189
2025-08-05,24394,2025080503015043,JBBL,Imperial Securities Company Pvt. Ltd.,Trishakti Securities Public Limited,500,365.0,182500.0,2025-08-05 14:39:31.408462
2025-08-05,24393,2025080503015044,JBBL,Vision Securities Pvt. Ltd,Trishakti Securities Public Limited,100,365.0,36500.0,2025-08-05 14:39:31.408741
2025-08-05,24392,2025080503015045,JBBL,Premier Securities Company Ltd.,Trishakti Securities Public Limited,100,365.0,36500.0,2025-08-05 14:39:31.409004
2025-08-05,24391,2025080503015046,JBBL,Trishakti Securities Public Limited,Trishakti Securities Public Limited,300,365.0,109500.0,2025-08-05 14:39:31.409274
2025-08-05,24390,2025080503015047,JBBL,K.B.L. Securities Limited ,Trishakti Securities Public Limited,500,365.0,182500.0,2025-08-05 14:39:31.409531
2025-08-05,24389,2025080503015048,JBBL,Siprabi Securities Pvt. Ltd.,Trishakti Securities Public Limited,10,365.0,3650.0,2025-08-05 14:39:31.409805
2025-08-05,24388,2025080503015049,JBBL,Trisul Securities & Invt. Ltd.,Trishakti Securities Public Limited,50,365.0,18250.0,2025-08-05 14:39:31.410085
2025-08-05,24387,2025080503015050,JBBL,Ashutosh Brokerage & Securities (PVT) Ltd.,Trishakti Securities Public Limited,46,365.0,16790.0,2025-08-05 14:39:31.410335
2025-08-05,24386,2025080503015051,JBBL,Neev Securities Pvt. Ltd.,Trishakti Securities Public Limited,200,365.0,73000.0,2025-08-05 14:39:31.410585
2025-08-05,24385,2025080503015052,JBBL,Naasa Securities Co. Ltd.,Trishakti Securities Public Limited,100,365.0,36500.0,2025-08-05 14:39:31.410826
2025-08-05,24384,2025080503015053,JBBL,Sumeru Securities Pvt. Ltd.,Trishakti Securities Public Limited,100,365.0,36500.0,2025-08-05 14:39:31.411084
2025-08-05,24383,2025080503015054,JBBL,Sumeru Securities Pvt. Ltd.,Trishakti Securities Public Limited,10,365.0,3650.0,2025-08-05 14:39:31.411324
2025-08-05,24382,2025080503015055,JBBL,Sweta Securities Private Limited,Trishakti Securities Public Limited,30,365.0,10950.0,2025-08-05 14:39:31.411579
2025-08-05,24381,2025080503015056,JBBL,Thrive Brokerage House Pvt. Ltd,Trishakti Securities Public Limited,354,365.0,129210.0,2025-08-05 14:39:31.411823
2025-08-05,24364,2025080503015059,JBBL,South Asian Bulls Pvt. Ltd.,Sipla Securities Private Limited,200,365.1,73020.0,2025-08-05 14:39:32.867171
2025-08-05,23958,2025080503015143,JBBL,Nepal Investment And Securities Trading Private Limited,Dynamic Money Managers Securities Pvt. Ltd.,20,366.0,7320.0,2025-08-05 14:40:00.771235
2025-08-05,23630,2025080503015205,JBBL,South Asian Bulls Pvt. Ltd.,Trishakti Securities Public Limited,400,365.1,146040.0,2025-08-05 14:40:29.905467
2025-08-05,23629,2025080503015206,JBBL,Thrive Brokerage House Pvt. Ltd,Trishakti Securities Public Limited,600,365.0,219000.0,2025-08-05 14:40:29.905690
2025-08-05,22926,2025080503015313,JBBL,Property Wiard Limited,Himalayan Brokerage Company Limited,25,365.1,9127.5,2025-08-05 14:41:16.948563
2025-08-05,22925,2025080503015314,JBBL,Thrive Brokerage House Pvt. Ltd,Himalayan Brokerage Company Limited,46,365.0,16790.0,2025-08-05 14:41:16.948815
2025-08-05,22924,2025080503015315,JBBL,Sani Securities Company Ltd.,Himalayan Brokerage Company Limited,500,365.0,182500.0,2025-08-05 14:41:16.948905
2025-08-05,22923,2025080503015316,JBBL,Primo Securities (PVT) Ltd.,Himalayan Brokerage Company Limited,200,365.0,73000.0,2025-08-05 14:41:16.948990
2025-08-05,21588,2025080503015546,JBBL,Agrawal Securities (PVT) Ltd.,Sani Securities Company Ltd.,50,365.0,18250.0,2025-08-05 14:42:50.594010
2025-08-05,20809,2025080503015676,JBBL,Agrawal Securities (PVT) Ltd.,Midas Stock Broking Company Private Limited,100,365.0,36500.0,2025-08-05 14:43:36.431412
2025-08-05,20747,2025080503015689,JBBL,Agrawal Securities (PVT) Ltd.,Sani Securities Company Ltd.,50,365.0,18250.0,2025-08-05 14:43:39.842794
2025-08-05,20746,2025080503015690,JBBL,Nepal Investment And Securities Trading Private Limited,Sani Securities Company Ltd.,100,365.0,36500.0,2025-08-05 14:43:39.843222
2025-08-05,20745,2025080503015691,JBBL,Kohinoor Investment & Securities Pvt. Ltd.,Sani Securities Company Ltd.,50,365.0,18250.0,2025-08-05 14:43:39.843492
2025-08-05,20003,2025080503015871,JBBL,Kohinoor Investment & Securities Pvt. Ltd.,Kohinoor Investment & Securities Pvt. Ltd.,50,365.0,18250.0,2025-08-05 14:44:31.292115
2025-08-05,20002,2025080503015872,JBBL,Naasa Securities Co. Ltd.,Kohinoor Investment & Securities Pvt. Ltd.,250,365.0,91250.0,2025-08-05 14:44:31.292330
2025-08-05,19687,2025080503015923,JBBL,Oxford Securities Pvt. Ltd.,Dakshinkali Investment & Securities Pvt. Ltd.,20,365.1,7302.0,2025-08-05 14:44:50.039727
2025-08-05,19686,2025080503015924,JBBL,Naasa Securities Co. Ltd.,Dakshinkali Investment & Securities Pvt. Ltd.,569,365.0,207685.0,2025-08-05 14:44:50.039944
2025-08-05,19685,2025080503015925,JBBL,Premier Securities Company Ltd.,Dakshinkali Investment & Securities Pvt. Ltd.,11,365.0,4015.0,2025-08-05 14:44:50.040048
2025-08-05,19554,2025080503015937,JBBL,Premier Securities Company Ltd.,Trishakti Securities Public Limited,41,365.0,14965.0,2025-08-05 14:44:54.455602
2025-08-05,19553,2025080503015938,JBBL,Nepal Investment And Securities Trading Private Limited,Trishakti Securities Public Limited,20,365.0,7300.0,2025-08-05 14:44:54.455715
2025-08-05,19552,2025080503015939,JBBL,Nepal Investment And Securities Trading Private Limited,Trishakti Securities Public Limited,100,365.0,36500.0,2025-08-05 14:44:54.455813
2025-08-05,19551,2025080503015940,JBBL,Vision Securities Pvt. Ltd,Trishakti Securities Public Limited,339,364.2,123463.8,2025-08-05 14:44:54.455938
2025-08-05,18837,2025080503016060,JBBL,MILKY WAY SHARE BROKER COMPANY LTD ,Online Securities Pvt. Ltd.,11,365.0,4015.0,2025-08-05 14:45:33.425223
2025-08-05,18836,2025080503016061,JBBL,MILKY WAY SHARE BROKER COMPANY LTD ,Dynamic Money Managers Securities Pvt. Ltd.,180,366.0,65880.0,2025-08-05 14:45:33.425457
2025-08-05,18352,2025080503016120,JBBL,Vision Securities Pvt. Ltd,Arun Securities (PVT) Ltd.,161,364.2,58636.2,2025-08-05 14:46:03.207443
2025-08-05,18351,2025080503016121,JBBL,Naasa Securities Co. Ltd.,Arun Securities (PVT) Ltd.,10,364.2,3642.0,2025-08-05 14:46:03.207690
2025-08-05,18350,2025080503016122,JBBL,Online Securities Pvt. Ltd.,Arun Securities (PVT) Ltd.,200,364.2,72840.0,2025-08-05 14:46:03.207806
2025-08-05,18349,2025080503016123,JBBL,Neev Securities Pvt. Ltd.,Arun Securities (PVT) Ltd.,170,364.1,61897.0,2025-08-05 14:46:03.207897
2025-08-05,18348,2025080503016124,JBBL,Vision Securities Pvt. Ltd,Arun Securities (PVT) Ltd.,1000,364.0,364000.0,2025-08-05 14:46:03.207985
2025-08-05,18347,2025080503016125,JBBL,Naasa Securities Co. Ltd.,Arun Securities (PVT) Ltd.,400,364.0,145600.0,2025-08-05 14:46:03.208081
2025-08-05,18346,2025080503016126,JBBL,Aryatara Investment & Securities,Arun Securities (PVT) Ltd.,200,364.0,72800.0,2025-08-05 14:46:03.208166
2025-08-05,18345,2025080503016127,JBBL,Premier Securities Company Ltd.,Arun Securities (PVT) Ltd.,100,364.0,36400.0,2025-08-05 14:46:03.208250
2025-08-05,18344,2025080503016128,JBBL,Dynamic Money Managers Securities Pvt. Ltd.,Arun Securities (PVT) Ltd.,759,364.0,276276.0,2025-08-05 14:46:03.208341
2025-08-05,16979,2025080503016363,JBBL,Aryatara Investment & Securities,INDEX SECURITIES LIMITED,100,364.1,36410.0,2025-08-05 14:47:17.157168
2025-08-05,16978,2025080503016364,JBBL,Dynamic Money Managers Securities Pvt. Ltd.,INDEX SECURITIES LIMITED,241,364.0,87724.0,2025-08-05 14:47:17.157596
2025-08-05,16977,2025080503016365,JBBL,Naasa Securities Co. Ltd.,INDEX SECURITIES LIMITED,50,364.0,18200.0,2025-08-05 14:47:17.157857
2025-08-05,16976,2025080503016366,JBBL,Nepal Investment And Securities Trading Private Limited,INDEX SECURITIES LIMITED,100,364.0,36400.0,2025-08-05 14:47:17.158129
2025-08-05,14737,2025080503016753,JBBL,Naasa Securities Co. Ltd.,S.P.S.A. Securities Limited,100,364.1,36410.0,2025-08-05 14:49:28.147804
2025-08-05,14736,2025080503016754,JBBL,Sani Securities Company Ltd.,S.P.S.A. Securities Limited,100,364.0,36400.0,2025-08-05 14:49:28.148292
2025-08-05,14735,2025080503016755,JBBL,Sani Securities Company Ltd.,S.P.S.A. Securities Limited,200,364.0,72800.0,2025-08-05 14:49:28.148678
2025-08-05,14734,2025080503016756,JBBL,Nepal Investment And Securities Trading Private Limited,S.P.S.A. Securities Limited,100,364.0,36400.0,2025-08-05 14:49:28.149072
2025-08-05,14733,2025080503016757,JBBL,Midas Stock Broking Company Private Limited,S.P.S.A. Securities Limited,100,364.0,36400.0,2025-08-05 14:49:28.149443
2025-08-05,14732,2025080503016758,JBBL,Trisul Securities & Invt. Ltd.,S.P.S.A. Securities Limited,140,364.0,50960.0,2025-08-05 14:49:28.149817
2025-08-05,13935,2025080503016887,JBBL,Trisul Securities & Invt. Ltd.,INDEX SECURITIES LIMITED,300,364.0,109200.0,2025-08-05 14:50:12.647080
2025-08-05,13392,2025080503016960,JBBL,Trisul Securities & Invt. Ltd.,Dipshikha Dhitopatra Karobar Co. Pvt Ltd.,60,364.0,21840.0,2025-08-05 14:50:45.859410
2025-08-05,13391,2025080503016961,JBBL,Creative Securities Pvt Ltd,Dipshikha Dhitopatra Karobar Co. Pvt Ltd.,100,364.0,36400.0,2025-08-05 14:50:45.859651
2025-08-05,13390,2025080503016962,JBBL,ABC Securities Private Limited,Dipshikha Dhitopatra Karobar Co. Pvt Ltd.,300,363.6,109080.0,2025-08-05 14:50:45.859743
2025-08-05,13389,2025080503016963,JBBL,Vision Securities Pvt. Ltd,Dipshikha Dhitopatra Karobar Co. Pvt Ltd.,500,363.1,181550.0,2025-08-05 14:50:45.859834
2025-08-05,13388,2025080503016964,JBBL,Nepal Stock House (PVT) Ltd.,Dipshikha Dhitopatra Karobar Co. Pvt Ltd.,40,363.0,14520.0,2025-08-05 14:50:45.859933
2025-08-05,13290,2025080503016978,JBBL,Nepal Stock House (PVT) Ltd.,Trisul Securities & Invt. Ltd.,914,363.0,331782.0,2025-08-05 14:50:49.717826
2025-08-05,13159,2025080503016999,JBBL,Oxford Securities Pvt. Ltd.,Himalayan Brokerage Company Limited,40,365.0,14600.0,2025-08-05 14:50:58.559544
2025-08-05,13118,2025080503017005,JBBL,Nepal Stock House (PVT) Ltd.,Dipshikha Dhitopatra Karobar Co. Pvt Ltd.,46,363.0,16698.0,2025-08-05 14:51:02.875204
2025-08-05,13117,2025080503017006,JBBL,Sani Securities Company Ltd.,Dipshikha Dhitopatra Karobar Co. Pvt Ltd.,20,363.0,7260.0,2025-08-05 14:51:02.875614
2025-08-05,13116,2025080503017007,JBBL,Sumeru Securities Pvt. Ltd.,Dipshikha Dhitopatra Karobar Co. Pvt Ltd.,50,363.0,18150.0,2025-08-05 14:51:02.875869
2025-08-05,13115,2025080503017008,JBBL,Online Securities Pvt. Ltd.,Dipshikha Dhitopatra Karobar Co. Pvt Ltd.,70,363.0,25410.0,2025-08-05 14:51:02.876131
2025-08-05,13114,2025080503017009,JBBL,Trisul Securities & Invt. Ltd.,Dipshikha Dhitopatra Karobar Co. Pvt Ltd.,814,363.0,295482.0,2025-08-05 14:51:02.876382
2025-08-05,12801,2025080503017051,JBBL,J.F. Securites (PVT) Ltd.,Dipshikha Dhitopatra Karobar Co. Pvt Ltd.,200,364.0,72800.0,2025-08-05 14:51:21.190728
2025-08-05,12800,2025080503017052,JBBL,Market Securities & Exchange (PVT) Ltd.,Dipshikha Dhitopatra Karobar Co. Pvt Ltd.,50,363.0,18150.0,2025-08-05 14:51:21.190982
2025-08-05,12799,2025080503017053,JBBL,Dakshinkali Investment & Securities Pvt. Ltd.,Dipshikha Dhitopatra Karobar Co. Pvt Ltd.,500,363.0,181500.0,2025-08-05 14:51:21.191089
2025-08-05,12798,2025080503017054,JBBL,Linch Stock Market Ltd.,Dipshikha Dhitopatra Karobar Co. Pvt Ltd.,104,363.0,37752.0,2025-08-05 14:51:21.191177
2025-08-05,12797,2025080503017055,JBBL,ABC Securities Private Limited,Dipshikha Dhitopatra Karobar Co. Pvt Ltd.,100,363.0,36300.0,2025-08-05 14:51:21.191264
2025-08-05,12796,2025080503017056,JBBL,South Asian Bulls Pvt. Ltd.,Dipshikha Dhitopatra Karobar Co. Pvt Ltd.,46,363.0,16698.0,2025-08-05 14:51:21.191361
2025-08-05,12528,2025080503017128,JBBL,South Asian Bulls Pvt. Ltd.,Dipshikha Dhitopatra Karobar Co. Pvt Ltd.,54,363.0,19602.0,2025-08-05 14:51:38.396663
2025-08-05,12527,2025080503017129,JBBL,Thrive Brokerage House Pvt. Ltd,Dipshikha Dhitopatra Karobar Co. Pvt Ltd.,100,363.0,36300.0,2025-08-05 14:51:38.396869
2025-08-05,12526,2025080503017130,JBBL,Nepal Investment And Securities Trading Private Limited,Dipshikha Dhitopatra Karobar Co. Pvt Ltd.,100,363.0,36300.0,2025-08-05 14:51:38.396956
2025-08-05,12525,2025080503017131,JBBL,Kohinoor Investment & Securities Pvt. Ltd.,Dipshikha Dhitopatra Karobar Co. Pvt Ltd.,746,363.0,270798.0,2025-08-05 14:51:38.397065
2025-08-05,12502,2025080503017133,JBBL,Kohinoor Investment & Securities Pvt. Ltd.,KALASH STOCK MARKET PVT. LTD.,352,363.0,127776.0,2025-08-05 14:51:39.339171
2025-08-05,12501,2025080503017134,JBBL,Ashutosh Brokerage & Securities (PVT) Ltd.,KALASH STOCK MARKET PVT. LTD.,100,363.0,36300.0,2025-08-05 14:51:39.339369
2025-08-05,12159,2025080503017245,JBBL,Cristal Kanchanjanga Securites Pvt. Ltd.,Dipshikha Dhitopatra Karobar Co. Pvt Ltd.,100,362.8,36280.0,2025-08-05 14:52:02.843033
2025-08-05,12158,2025080503017246,JBBL,Kumari Securities Private Limited,Dipshikha Dhitopatra Karobar Co. Pvt Ltd.,500,362.0,181000.0,2025-08-05 14:52:02.843249
2025-08-05,12157,2025080503017247,JBBL,Malla & Malla Stock Broking Company Pvt. Limited,Dipshikha Dhitopatra Karobar Co. Pvt Ltd.,60,362.0,21720.0,2025-08-05 14:52:02.843347
2025-08-05,12156,2025080503017248,JBBL,Shree Krishna Securities Ltd.,Dipshikha Dhitopatra Karobar Co. Pvt Ltd.,340,362.0,123080.0,2025-08-05 14:52:02.843438
2025-08-05,11936,2025080503017293,JBBL,Shree Krishna Securities Ltd.,Vision Securities Pvt. Ltd,660,362.0,238920.0,2025-08-05 14:52:18.010960
2025-08-05,11935,2025080503017294,JBBL,Sweta Securities Private Limited,Vision Securities Pvt. Ltd,1000,362.0,362000.0,2025-08-05 14:52:18.011530
2025-08-05,11934,2025080503017295,JBBL,Nepal Stock House (PVT) Ltd.,Vision Securities Pvt. Ltd,340,362.0,123080.0,2025-08-05 14:52:18.011798
2025-08-05,11887,2025080503017299,JBBL,Nepal Stock House (PVT) Ltd.,Dipshikha Dhitopatra Karobar Co. Pvt Ltd.,1000,362.0,362000.0,2025-08-05 14:52:20.098467
2025-08-05,11883,2025080503017300,JBBL,Kalika Securities Pvt. Ltd.,KALASH STOCK MARKET PVT. LTD.,500,363.0,181500.0,2025-08-05 14:52:20.523232
2025-08-05,11782,2025080503017319,JBBL,MILKY WAY SHARE BROKER COMPANY LTD ,KALASH STOCK MARKET PVT. LTD.,48,363.0,17424.0,2025-08-05 14:52:24.799411
2025-08-05,11550,2025080503017366,JBBL,Kalika Securities Pvt. Ltd.,KALASH STOCK MARKET PVT. LTD.,100,363.0,36300.0,2025-08-05 14:52:34.750539
2025-08-05,11521,2025080503017367,JBBL,Nepal Stock House (PVT) Ltd.,Dipshikha Dhitopatra Karobar Co. Pvt Ltd.,300,362.1,108630.0,2025-08-05 14:52:37.431838
2025-08-05,11520,2025080503017368,JBBL,Nepal Stock House (PVT) Ltd.,Dipshikha Dhitopatra Karobar Co. Pvt Ltd.,660,362.0,238920.0,2025-08-05 14:52:37.432250
2025-08-05,11519,2025080503017369,JBBL,Sundhara Securities Limited,Dipshikha Dhitopatra Karobar Co. Pvt Ltd.,40,362.0,14480.0,2025-08-05 14:52:37.432495
2025-08-05,11513,2025080503017372,JBBL,Kumari Securities Private Limited,KALASH STOCK MARKET PVT. LTD.,600,363.0,217800.0,2025-08-05 14:52:37.656603
2025-08-05,10943,2025080503017459,JBBL,Bhrikuti Stock Broking Co. Pvt. Ltd.,KALASH STOCK MARKET PVT. LTD.,1000,363.0,363000.0,2025-08-05 14:53:08.514887
2025-08-05,10637,2025080503017504,JBBL,Dipshikha Dhitopatra Karobar Co. Pvt Ltd.,Dipshikha Dhitopatra Karobar Co. Pvt Ltd.,30,362.5,10875.0,2025-08-05 14:53:24.567625
2025-08-05,10636,2025080503017505,JBBL,Sundhara Securities Limited,Dipshikha Dhitopatra Karobar Co. Pvt Ltd.,370,362.0,133940.0,2025-08-05 14:53:24.567821
2025-08-05,10598,2025080503017512,JBBL,Nagarik Stock Dealer ,Bhrikuti Stock Broking Co. Pvt. Ltd.,50,362.8,18140.0,2025-08-05 14:53:26.948416
2025-08-05,10597,2025080503017513,JBBL,Nagarik Stock Dealer ,KALASH STOCK MARKET PVT. LTD.,250,363.0,90750.0,2025-08-05 14:53:26.948627
2025-08-05,10196,2025080503017576,JBBL,Nagarik Stock Dealer ,KALASH STOCK MARKET PVT. LTD.,300,363.0,108900.0,2025-08-05 14:53:43.025252
2025-08-05,10026,2025080503017618,JBBL,MILKY WAY SHARE BROKER COMPANY LTD ,KALASH STOCK MARKET PVT. LTD.,750,363.0,272250.0,2025-08-05 14:53:53.081197
2025-08-05,10025,2025080503017619,JBBL,MILKY WAY SHARE BROKER COMPANY LTD ,J.F. Securites (PVT) Ltd.,1000,363.0,363000.0,2025-08-05 14:53:53.081431
2025-08-05,9472,2025080503017780,JBBL,Bhrikuti Stock Broking Co. Pvt. Ltd.,Opal Securities Investment (PVT) Ltd.,13,363.0,4719.0,2025-08-05 14:54:13.479654
2025-08-05,8288,2025080503018002,JBBL,Bhrikuti Stock Broking Co. Pvt. Ltd.,Imperial Securities Company Pvt. Ltd.,987,363.0,358281.0,2025-08-05 14:55:09.759947
2025-08-05,8287,2025080503018003,JBBL,Bhrikuti Stock Broking Co. Pvt. Ltd.,Imperial Securities Company Pvt. Ltd.,513,363.0,186219.0,2025-08-05 14:55:09.760217
2025-08-05,6839,2025080503018288,JBBL,MILKY WAY SHARE BROKER COMPANY LTD ,Himalayan Brokerage Company Limited,17,365.0,6205.0,2025-08-05 14:56:12.530130
2025-08-05,6092,2025080503018397,JBBL,Naasa Securities Co. Ltd.,J.F. Securites (PVT) Ltd.,500,365.0,182500.0,2025-08-05 14:56:39.786400
2025-08-05,6057,2025080503018405,JBBL,Property Wiard Limited,Naasa Securities Co. Ltd.,25,363.2,9080.0,2025-08-05 14:56:41.846827
2025-08-05,5779,2025080503018469,JBBL,Kohinoor Investment & Securities Pvt. Ltd.,Sweta Securities Private Limited,100,363.1,36310.0,2025-08-05 14:56:55.231636
2025-08-05,5764,2025080503018470,JBBL,MILKY WAY SHARE BROKER COMPANY LTD ,Naasa Securities Co. Ltd.,15,363.2,5448.0,2025-08-05 14:56:55.654932
2025-08-05,3510,2025080503018847,JBBL,Premier Securities Company Ltd.,Capital Max Securities Ltd,100,364.0,36400.0,2025-08-05 14:58:24.388429
2025-08-05,3403,2025080503018886,JBBL,Vision Securities Pvt. Ltd,Capital Max Securities Ltd,100,364.0,36400.0,2025-08-05 14:58:26.224713
2025-08-05,2883,2025080503018995,JBBL,Midas Stock Broking Company Private Limited,Capital Max Securities Ltd,100,364.0,36400.0,2025-08-05 14:58:45.451138
2025-08-05,2541,2025080503019060,JBBL,Nepal Investment And Securities Trading Private Limited,Capital Max Securities Ltd,100,364.0,36400.0,2025-08-05 14:58:57.928046
2025-08-05,1796,2025080503019216,JBBL,Imperial Securities Company Pvt. Ltd.,Deevyaa Securities & Stock House Pvt. Ltd,250,363.3,90825.0,2025-08-05 14:59:20.133097
2025-08-05,1795,2025080503019217,JBBL,Imperial Securities Company Pvt. Ltd.,Deevyaa Securities & Stock House Pvt. Ltd,250,363.2,90800.0,2025-08-05 14:59:20.133306
2025-08-05,1668,2025080503019248,JBBL,Nepal Investment And Securities Trading Private Limited,Sri Hari Securities Pvt. Ltd.,100,363.5,36350.0,2025-08-05 14:59:23.294603
2025-08-05,1387,2025080503019309,JBBL,Premier Securities Company Ltd.,Capital Max Securities Ltd,50,364.0,18200.0,2025-08-05 14:59:30.260231
2025-08-05,1085,2025080503019374,JBBL,MILKY WAY SHARE BROKER COMPANY LTD ,Capital Max Securities Ltd,50,364.0,18200.0,2025-08-05 14:59:36.133107
2025-08-05,1084,2025080503019375,JBBL,MILKY WAY SHARE BROKER COMPANY LTD ,Sweta Securities Private Limited,50,364.0,18200.0,2025-08-05 14:59:36.133144
