Date,S.N.,Contract ID,Symbol,Buyer Broker,Seller Broker,quantity,rate,amount,transaction_time
2025-08-05,130907,2025080504000014,LEC,Dynamic Money Managers Securities Pvt. Ltd.,Agrawal Securities (PVT) Ltd.,10,242.0,2420.0,2025-08-05 10:46:00.060994
2025-08-05,130906,2025080504000015,LEC,Citizens Share Broker Limited,Agrawal Securities (PVT) Ltd.,250,242.0,60500.0,2025-08-05 10:46:00.061020
2025-08-05,130876,2025080504000021,LEC,Dynamic Money Managers Securities Pvt. Ltd.,SUN SECURITIES PVT LTD,100,241.7,24170.0,2025-08-05 10:46:00.132558
2025-08-05,130794,2025080504000023,LEC,Pragyan Securities (PVT) Ltd.,SUN SECURITIES PVT LTD,500,241.2,120600.0,2025-08-05 11:00:07.890845
2025-08-05,130741,2025080504000025,LEC,Investment Management Nepal Pvt. Ltd.,SUN SECURITIES PVT LTD,400,241.2,96480.0,2025-08-05 11:00:23.891607
2025-08-05,130740,2025080504000026,LEC,Investment Management Nepal Pvt. Ltd.,Agrawal Securities (PVT) Ltd.,600,242.0,145200.0,2025-08-05 11:00:23.891650
2025-08-05,130655,2025080504000036,LEC,MILKY WAY SHARE BROKER COMPANY LTD ,Agrawal Securities (PVT) Ltd.,399,242.0,96558.0,2025-08-05 11:00:41.355140
2025-08-05,130611,2025080504000038,LEC,Naasa Securities Co. Ltd.,Agrawal Securities (PVT) Ltd.,100,242.0,24200.0,2025-08-05 11:00:49.127539
2025-08-05,130408,2025080504000042,LEC,Naasa Securities Co. Ltd.,Agrawal Securities (PVT) Ltd.,141,242.0,34122.0,2025-08-05 11:00:56.135429
2025-08-05,130066,2025080504000046,LEC,Online Securities Pvt. Ltd.,Bhrikuti Stock Broking Co. Pvt. Ltd.,100,245.0,24500.0,2025-08-05 11:01:03.276867
2025-08-05,128641,2025080504000060,LEC,Imperial Securities Company Pvt. Ltd.,Bhrikuti Stock Broking Co. Pvt. Ltd.,200,245.0,49000.0,2025-08-05 11:01:42.183641
2025-08-05,128640,2025080504000061,LEC,Imperial Securities Company Pvt. Ltd.,Aryatara Investment & Securities,3000,245.0,735000.0,2025-08-05 11:01:42.183740
2025-08-05,127989,2025080504000070,LEC,Opal Securities Investment (PVT) Ltd.,Elite Stock House Limited,50,245.9,12295.0,2025-08-05 11:02:03.505921
2025-08-05,127988,2025080504000071,LEC,Opal Securities Investment (PVT) Ltd.,Aryatara Investment & Securities,450,246.0,110700.0,2025-08-05 11:02:03.506016
2025-08-05,127831,2025080504000074,LEC,Sri Hari Securities Pvt. Ltd.,Aryatara Investment & Securities,50,246.0,12300.0,2025-08-05 11:02:08.211005
2025-08-05,127830,2025080504000075,LEC,Sri Hari Securities Pvt. Ltd.,Sajilo Broker Limited,100,246.0,24600.0,2025-08-05 11:02:08.211113
2025-08-05,127829,2025080504000076,LEC,Sri Hari Securities Pvt. Ltd.,Sani Securities Company Ltd.,70,246.0,17220.0,2025-08-05 11:02:08.211159
2025-08-05,127828,2025080504000077,LEC,Sri Hari Securities Pvt. Ltd.,Sundhara Securities Limited,500,246.0,123000.0,2025-08-05 11:02:08.211194
2025-08-05,127827,2025080504000078,LEC,Sri Hari Securities Pvt. Ltd.,KALASH STOCK MARKET PVT. LTD.,1000,246.0,246000.0,2025-08-05 11:02:08.211229
2025-08-05,127826,2025080504000079,LEC,Sri Hari Securities Pvt. Ltd.,Cristal Kanchanjanga Securites Pvt. Ltd.,10,246.0,2460.0,2025-08-05 11:02:08.211260
2025-08-05,127825,2025080504000080,LEC,Sri Hari Securities Pvt. Ltd.,Deevyaa Securities & Stock House Pvt. Ltd,770,246.0,189420.0,2025-08-05 11:02:08.211291
2025-08-05,127787,2025080504000081,LEC,J.F. Securites (PVT) Ltd.,Deevyaa Securities & Stock House Pvt. Ltd,230,246.0,56580.0,2025-08-05 11:02:08.688718
2025-08-05,127700,2025080504000088,LEC,J.F. Securites (PVT) Ltd.,Vision Securities Pvt. Ltd,359,246.0,88314.0,2025-08-05 11:02:11.283479
2025-08-05,127699,2025080504000089,LEC,J.F. Securites (PVT) Ltd.,Vision Securities Pvt. Ltd,200,246.0,49200.0,2025-08-05 11:02:11.285410
2025-08-05,127575,2025080504000092,LEC,J.F. Securites (PVT) Ltd.,Aryatara Investment & Securities,10,246.0,2460.0,2025-08-05 11:02:15.713129
2025-08-05,127545,2025080504000093,LEC,Naasa Securities Co. Ltd.,Shree Krishna Securities Ltd.,100,246.6,24660.0,2025-08-05 11:02:17.086509
2025-08-05,127504,2025080504000094,LEC,J.F. Securites (PVT) Ltd.,Sumeru Securities Pvt. Ltd.,1001,246.0,246246.0,2025-08-05 11:02:18.950237
2025-08-05,127103,2025080504000101,LEC,Himalayan Brokerage Company Limited,Sumeru Securities Pvt. Ltd.,999,245.9,245654.1,2025-08-05 11:02:32.895467
2025-08-05,127102,2025080504000102,LEC,Himalayan Brokerage Company Limited,Naasa Securities Co. Ltd.,1001,246.0,246246.0,2025-08-05 11:02:32.895546
2025-08-05,126947,2025080504000106,LEC,Dipshikha Dhitopatra Karobar Co. Pvt Ltd.,Naasa Securities Co. Ltd.,50,246.0,12300.0,2025-08-05 11:02:40.319603
2025-08-05,126917,2025080504000109,LEC,Shree Krishna Securities Ltd.,Naasa Securities Co. Ltd.,100,246.0,24600.0,2025-08-05 11:02:42.080088
2025-08-05,126738,2025080504000111,LEC,Aryatara Investment & Securities,Naasa Securities Co. Ltd.,20,246.0,4920.0,2025-08-05 11:02:47.266596
2025-08-05,126691,2025080504000112,LEC,Dipshikha Dhitopatra Karobar Co. Pvt Ltd.,Naasa Securities Co. Ltd.,500,246.0,123000.0,2025-08-05 11:02:49.504382
2025-08-05,126547,2025080504000114,LEC,Sani Securities Company Ltd.,Naasa Securities Co. Ltd.,500,246.0,123000.0,2025-08-05 11:02:56.639790
2025-08-05,126373,2025080504000118,LEC,Bhrikuti Stock Broking Co. Pvt. Ltd.,Sewa Securities Pvt. Ltd.,50,245.0,12250.0,2025-08-05 11:03:03.931777
2025-08-05,126372,2025080504000119,LEC,Sagarmatha Securities Private Limited,Sewa Securities Pvt. Ltd.,480,245.0,117600.0,2025-08-05 11:03:03.931891
2025-08-05,126371,2025080504000120,LEC,Sani Securities Company Ltd.,Sewa Securities Pvt. Ltd.,33,245.0,8085.0,2025-08-05 11:03:03.931934
2025-08-05,126176,2025080504000126,LEC,Naasa Securities Co. Ltd.,Naasa Securities Co. Ltd.,400,244.1,97640.0,2025-08-05 11:03:12.420545
2025-08-05,126175,2025080504000127,LEC,Capital Max Securities Ltd,Naasa Securities Co. Ltd.,19600,244.0,4782400.0,2025-08-05 11:03:12.420648
2025-08-05,126172,2025080504000128,LEC,Sumeru Securities Pvt. Ltd.,Sewa Securities Pvt. Ltd.,37,245.0,9065.0,2025-08-05 11:03:12.675068
2025-08-05,126130,2025080504000129,LEC,Trademow Securities Private Limited,Sumeru Securities Pvt. Ltd.,500,245.9,122950.0,2025-08-05 11:03:14.961354
2025-08-05,126113,2025080504000130,LEC,Midas Stock Broking Company Private Limited,Sumeru Securities Pvt. Ltd.,10,245.9,2459.0,2025-08-05 11:03:16.004841
2025-08-05,126044,2025080504000131,LEC,Trademow Securities Private Limited,Sumeru Securities Pvt. Ltd.,1490,245.9,366391.0,2025-08-05 11:03:19.979775
2025-08-05,125759,2025080504000143,LEC,Imperial Securities Company Pvt. Ltd.,Naasa Securities Co. Ltd.,1800,246.0,442800.0,2025-08-05 11:03:32.854695
2025-08-05,125757,2025080504000144,LEC,Sumeru Securities Pvt. Ltd.,Naasa Securities Co. Ltd.,50,246.0,12300.0,2025-08-05 11:03:32.943779
2025-08-05,125651,2025080504000147,LEC,Trademow Securities Private Limited,Naasa Securities Co. Ltd.,510,245.9,125409.0,2025-08-05 11:03:37.781171
2025-08-05,125555,2025080504000148,LEC,KALASH STOCK MARKET PVT. LTD.,Naasa Securities Co. Ltd.,490,245.9,120491.0,2025-08-05 11:03:42.041765
2025-08-05,125554,2025080504000149,LEC,KALASH STOCK MARKET PVT. LTD.,Naasa Securities Co. Ltd.,979,246.0,240834.0,2025-08-05 11:03:42.041969
2025-08-05,125553,2025080504000150,LEC,KALASH STOCK MARKET PVT. LTD.,Neev Securities Pvt. Ltd.,50,246.0,12300.0,2025-08-05 11:03:42.042103
2025-08-05,125529,2025080504000152,LEC,KALASH STOCK MARKET PVT. LTD.,J.F. Securites (PVT) Ltd.,481,246.0,118326.0,2025-08-05 11:03:42.706684
2025-08-05,125409,2025080504000156,LEC,Sumeru Securities Pvt. Ltd.,Vision Securities Pvt. Ltd,163,245.0,39935.0,2025-08-05 11:03:50.075634
2025-08-05,125408,2025080504000157,LEC,Naasa Securities Co. Ltd.,Vision Securities Pvt. Ltd,137,245.0,33565.0,2025-08-05 11:03:50.075726
2025-08-05,125131,2025080504000167,LEC,Capital Max Securities Ltd,J.F. Securites (PVT) Ltd.,19,246.0,4674.0,2025-08-05 11:04:00.209465
2025-08-05,125130,2025080504000168,LEC,Capital Max Securities Ltd,Sewa Securities Pvt. Ltd.,991,246.0,243786.0,2025-08-05 11:04:00.209611
2025-08-05,125100,2025080504000169,LEC,Himalayan Brokerage Company Limited,Sundhara Securities Limited,37,246.0,9102.0,2025-08-05 11:04:02.240699
2025-08-05,125099,2025080504000170,LEC,Himalayan Brokerage Company Limited,Capital Max Securities Ltd,225,246.0,55350.0,2025-08-05 11:04:02.240799
2025-08-05,124982,2025080504000176,LEC,Himalayan Brokerage Company Limited,Deevyaa Securities & Stock House Pvt. Ltd,100,246.0,24600.0,2025-08-05 11:04:08.502400
2025-08-05,124897,2025080504000186,LEC,Himalayan Brokerage Company Limited,Vision Securities Pvt. Ltd,400,246.0,98400.0,2025-08-05 11:04:13.480302
2025-08-05,124880,2025080504000187,LEC,Investment Management Nepal Pvt. Ltd.,Shree Krishna Securities Ltd.,100,246.6,24660.0,2025-08-05 11:04:14.208291
2025-08-05,124879,2025080504000188,LEC,Investment Management Nepal Pvt. Ltd.,Bhrikuti Stock Broking Co. Pvt. Ltd.,400,246.6,98640.0,2025-08-05 11:04:14.208541
2025-08-05,124802,2025080504000194,LEC,Himalayan Brokerage Company Limited,Sani Securities Company Ltd.,100,246.0,24600.0,2025-08-05 11:04:16.664707
2025-08-05,124779,2025080504000195,LEC,Himalayan Brokerage Company Limited,Vision Securities Pvt. Ltd,200,246.0,49200.0,2025-08-05 11:04:17.612958
2025-08-05,124769,2025080504000196,LEC,Himalayan Brokerage Company Limited,Aryatara Investment & Securities,150,246.0,36900.0,2025-08-05 11:04:18.243511
2025-08-05,124540,2025080504000201,LEC,Himalayan Brokerage Company Limited,Sharepro Securities Private Limited,100,246.0,24600.0,2025-08-05 11:04:27.378194
2025-08-05,124518,2025080504000203,LEC,Kumari Securities Private Limited,Naasa Securities Co. Ltd.,300,246.6,73980.0,2025-08-05 11:04:28.966785
2025-08-05,124362,2025080504000211,LEC,Trishakti Securities Public Limited,Naasa Securities Co. Ltd.,64,246.6,15782.4,2025-08-05 11:04:36.911693
2025-08-05,124361,2025080504000212,LEC,Trishakti Securities Public Limited,South Asian Bulls Pvt. Ltd.,170,246.6,41922.0,2025-08-05 11:04:36.911841
2025-08-05,124350,2025080504000213,LEC,Trishakti Securities Public Limited,Nepal Investment And Securities Trading Private Limited,250,246.6,61650.0,2025-08-05 11:04:37.346376
2025-08-05,124271,2025080504000214,LEC,Trishakti Securities Public Limited,Sumeru Securities Pvt. Ltd.,128,246.6,31564.8,2025-08-05 11:04:42.036706
2025-08-05,124106,2025080504000228,LEC,Naasa Securities Co. Ltd.,Nagarik Stock Dealer ,100,246.9,24690.0,2025-08-05 11:04:49.794242
2025-08-05,124105,2025080504000229,LEC,Naasa Securities Co. Ltd.,Sweta Securities Private Limited,20,246.9,4938.0,2025-08-05 11:04:49.794364
2025-08-05,124104,2025080504000230,LEC,Naasa Securities Co. Ltd.,Ashutosh Brokerage & Securities (PVT) Ltd.,70,247.0,17290.0,2025-08-05 11:04:49.794413
2025-08-05,124096,2025080504000231,LEC,Trishakti Securities Public Limited,Vision Securities Pvt. Ltd,388,246.6,95680.8,2025-08-05 11:04:50.285707
2025-08-05,124007,2025080504000235,LEC,Naasa Securities Co. Ltd.,Vision Securities Pvt. Ltd,112,246.6,27619.2,2025-08-05 11:04:55.176835
2025-08-05,124006,2025080504000236,LEC,Naasa Securities Co. Ltd.,Bhrikuti Stock Broking Co. Pvt. Ltd.,100,246.6,24660.0,2025-08-05 11:04:55.176886
2025-08-05,124005,2025080504000237,LEC,Naasa Securities Co. Ltd.,Ashutosh Brokerage & Securities (PVT) Ltd.,145,247.0,35815.0,2025-08-05 11:04:55.176906
2025-08-05,124004,2025080504000238,LEC,Naasa Securities Co. Ltd.,South Asian Bulls Pvt. Ltd.,200,247.0,49400.0,2025-08-05 11:04:55.176927
2025-08-05,124003,2025080504000239,LEC,Naasa Securities Co. Ltd.,Naasa Securities Co. Ltd.,443,247.0,109421.0,2025-08-05 11:04:55.176946
2025-08-05,123803,2025080504000250,LEC,Sani Securities Company Ltd.,Secured Securities Ltd.,500,246.9,123450.0,2025-08-05 11:05:04.896533
2025-08-05,123802,2025080504000251,LEC,Sani Securities Company Ltd.,Naasa Securities Co. Ltd.,4500,247.0,1111500.0,2025-08-05 11:05:04.896661
2025-08-05,123686,2025080504000254,LEC,Dynamic Money Managers Securities Pvt. Ltd.,Aakashbhairab Securities Ltd.,2000,246.1,492200.0,2025-08-05 11:05:09.920401
2025-08-05,123685,2025080504000255,LEC,Sumeru Securities Pvt. Ltd.,Aakashbhairab Securities Ltd.,200,246.1,49220.0,2025-08-05 11:05:09.920555
2025-08-05,123684,2025080504000256,LEC,Himalayan Brokerage Company Limited,Aakashbhairab Securities Ltd.,188,246.0,46248.0,2025-08-05 11:05:09.920627
2025-08-05,123683,2025080504000257,LEC,Online Securities Pvt. Ltd.,Aakashbhairab Securities Ltd.,400,246.0,98400.0,2025-08-05 11:05:09.920684
2025-08-05,123682,2025080504000258,LEC,Premier Securities Company Ltd.,Aakashbhairab Securities Ltd.,150,246.0,36900.0,2025-08-05 11:05:09.920756
2025-08-05,123681,2025080504000259,LEC,Arun Securities (PVT) Ltd.,Aakashbhairab Securities Ltd.,62,245.9,15245.8,2025-08-05 11:05:09.920825
2025-08-05,123375,2025080504000266,LEC,Indira securities pvt. ltd,Sumeru Securities Pvt. Ltd.,1000,246.5,246500.0,2025-08-05 11:05:24.555011
2025-08-05,123370,2025080504000267,LEC,Arun Securities (PVT) Ltd.,Linch Stock Market Ltd.,10,245.9,2459.0,2025-08-05 11:05:24.788576
2025-08-05,123347,2025080504000268,LEC,Dynamic Money Managers Securities Pvt. Ltd.,Sumeru Securities Pvt. Ltd.,10,246.5,2465.0,2025-08-05 11:05:26.673765
2025-08-05,123233,2025080504000276,LEC,Dipshikha Dhitopatra Karobar Co. Pvt Ltd.,Sumeru Securities Pvt. Ltd.,100,246.5,24650.0,2025-08-05 11:05:32.749599
2025-08-05,123202,2025080504000278,LEC,Naasa Securities Co. Ltd.,Sumeru Securities Pvt. Ltd.,50,246.5,12325.0,2025-08-05 11:05:33.685063
2025-08-05,123164,2025080504000279,LEC,Arun Securities (PVT) Ltd.,Naasa Securities Co. Ltd.,78,245.9,19180.2,2025-08-05 11:05:36.047080
2025-08-05,123163,2025080504000280,LEC,Asian Securities Private Ltd.,Naasa Securities Co. Ltd.,1500,245.9,368850.0,2025-08-05 11:05:36.047246
2025-08-05,123162,2025080504000281,LEC,Dipshikha Dhitopatra Karobar Co. Pvt Ltd.,Naasa Securities Co. Ltd.,100,245.0,24500.0,2025-08-05 11:05:36.047307
2025-08-05,123161,2025080504000282,LEC,Sundhara Securities Limited,Naasa Securities Co. Ltd.,2000,245.0,490000.0,2025-08-05 11:05:36.047394
2025-08-05,123160,2025080504000283,LEC,Kohinoor Investment & Securities Pvt. Ltd.,Naasa Securities Co. Ltd.,40,245.0,9800.0,2025-08-05 11:05:36.047453
2025-08-05,123159,2025080504000284,LEC,Capital Max Securities Ltd,Naasa Securities Co. Ltd.,3282,245.0,804090.0,2025-08-05 11:05:36.047505
2025-08-05,122838,2025080504000291,LEC,Aryatara Investment & Securities,Deevyaa Securities & Stock House Pvt. Ltd,2000,245.9,491800.0,2025-08-05 11:05:54.924876
2025-08-05,122784,2025080504000293,LEC,Nepal Investment And Securities Trading Private Limited,Creative Securities Pvt Ltd,200,245.9,49180.0,2025-08-05 11:05:56.008657
2025-08-05,122331,2025080504000307,LEC,Kohinoor Investment & Securities Pvt. Ltd.,Creative Securities Pvt Ltd,200,245.9,49180.0,2025-08-05 11:06:20.815941
2025-08-05,122282,2025080504000310,LEC,Capital Max Securities Ltd,Imperial Securities Company Pvt. Ltd.,118,245.0,28910.0,2025-08-05 11:06:24.704248
2025-08-05,121974,2025080504000333,LEC,Trishakti Securities Public Limited,Vision Securities Pvt. Ltd,250,244.2,61050.0,2025-08-05 11:06:45.427069
2025-08-05,121622,2025080504000345,LEC,Aryatara Investment & Securities,Malla & Malla Stock Broking Company Pvt. Limited,500,245.0,122500.0,2025-08-05 11:07:04.307268
2025-08-05,121271,2025080504000359,LEC,Linch Stock Market Ltd.,Market Securities & Exchange (PVT) Ltd.,100,244.9,24490.0,2025-08-05 11:07:22.195213
2025-08-05,121270,2025080504000360,LEC,Linch Stock Market Ltd.,Sundhara Securities Limited,50,245.0,12250.0,2025-08-05 11:07:22.195396
2025-08-05,121255,2025080504000361,LEC,Linch Stock Market Ltd.,Sundhara Securities Limited,100,245.0,24500.0,2025-08-05 11:07:22.822089
2025-08-05,120884,2025080504000372,LEC,Linch Stock Market Ltd.,Sundhara Securities Limited,200,245.0,49000.0,2025-08-05 11:07:41.980229
2025-08-05,120877,2025080504000373,LEC,Aryatara Investment & Securities,Online Securities Pvt. Ltd.,75,245.1,18382.5,2025-08-05 11:07:42.232814
2025-08-05,120876,2025080504000374,LEC,Aryatara Investment & Securities,Sumeru Securities Pvt. Ltd.,50,245.7,12285.0,2025-08-05 11:07:42.233077
2025-08-05,120875,2025080504000375,LEC,Aryatara Investment & Securities,Imperial Securities Company Pvt. Ltd.,375,245.8,92175.0,2025-08-05 11:07:42.233181
2025-08-05,120803,2025080504000378,LEC,Linch Stock Market Ltd.,Creative Securities Pvt Ltd,30,245.0,7350.0,2025-08-05 11:07:47.512270
2025-08-05,120463,2025080504000391,LEC,Linch Stock Market Ltd.,Sani Securities Company Ltd.,20,245.0,4900.0,2025-08-05 11:08:05.317427
2025-08-05,120142,2025080504000411,LEC,Citizens Share Broker Limited,Imperial Securities Company Pvt. Ltd.,500,245.8,122900.0,2025-08-05 11:08:20.659684
2025-08-05,120043,2025080504000413,LEC,Naasa Securities Co. Ltd.,Naasa Securities Co. Ltd.,500,245.0,122500.0,2025-08-05 11:08:25.211156
2025-08-05,120042,2025080504000414,LEC,Naasa Securities Co. Ltd.,Dynamic Money Managers Securities Pvt. Ltd.,859,245.9,211228.1,2025-08-05 11:08:25.211317
2025-08-05,119757,2025080504000432,LEC,Sumeru Securities Pvt. Ltd.,Naasa Securities Co. Ltd.,500,245.0,122500.0,2025-08-05 11:08:41.885677
2025-08-05,119674,2025080504000436,LEC,Sumeru Securities Pvt. Ltd.,Naasa Securities Co. Ltd.,50,244.5,12225.0,2025-08-05 11:08:47.190494
2025-08-05,119628,2025080504000442,LEC,Nepal Investment And Securities Trading Private Limited,Naasa Securities Co. Ltd.,2000,245.0,490000.0,2025-08-05 11:08:49.532038
2025-08-05,119447,2025080504000451,LEC,Midas Stock Broking Company Private Limited,Naasa Securities Co. Ltd.,70,244.5,17115.0,2025-08-05 11:08:57.759517
2025-08-05,119387,2025080504000452,LEC,Midas Stock Broking Company Private Limited,Sewa Securities Pvt. Ltd.,750,244.5,183375.0,2025-08-05 11:09:02.073731
2025-08-05,119038,2025080504000475,LEC,Naasa Securities Co. Ltd.,Market Securities & Exchange (PVT) Ltd.,10,244.6,2446.0,2025-08-05 11:09:23.808295
2025-08-05,119037,2025080504000476,LEC,Midas Stock Broking Company Private Limited,Market Securities & Exchange (PVT) Ltd.,180,244.5,44010.0,2025-08-05 11:09:23.808476
2025-08-05,119036,2025080504000477,LEC,Trishakti Securities Public Limited,Market Securities & Exchange (PVT) Ltd.,10,244.2,2442.0,2025-08-05 11:09:23.808560
2025-08-05,118715,2025080504000494,LEC,Trishakti Securities Public Limited,Cristal Kanchanjanga Securites Pvt. Ltd.,400,244.2,97680.0,2025-08-05 11:09:39.108557
2025-08-05,118374,2025080504000512,LEC,Arun Securities (PVT) Ltd.,Sanima Securities Limited,200,244.3,48860.0,2025-08-05 11:10:02.611924
2025-08-05,118277,2025080504000521,LEC,Arun Securities (PVT) Ltd.,Kohinoor Investment & Securities Pvt. Ltd.,200,244.3,48860.0,2025-08-05 11:10:10.427425
2025-08-05,117865,2025080504000543,LEC,Trishakti Securities Public Limited,J.F. Securites (PVT) Ltd.,300,244.2,73260.0,2025-08-05 11:10:40.421105
2025-08-05,117607,2025080504000569,LEC,Trishakti Securities Public Limited,Ashutosh Brokerage & Securities (PVT) Ltd.,40,244.2,9768.0,2025-08-05 11:10:54.032811
2025-08-05,117606,2025080504000570,LEC,Naasa Securities Co. Ltd.,Ashutosh Brokerage & Securities (PVT) Ltd.,410,244.2,100122.0,2025-08-05 11:10:54.033047
2025-08-05,117605,2025080504000571,LEC,Nepal Investment And Securities Trading Private Limited,Ashutosh Brokerage & Securities (PVT) Ltd.,50,244.0,12200.0,2025-08-05 11:10:54.033137
2025-08-05,117449,2025080504000582,LEC,Nepal Investment And Securities Trading Private Limited,Sweta Securities Private Limited,40,244.0,9760.0,2025-08-05 11:11:01.687214
2025-08-05,117448,2025080504000583,LEC,Premier Securities Company Ltd.,Sweta Securities Private Limited,300,244.0,73200.0,2025-08-05 11:11:01.687424
2025-08-05,117447,2025080504000584,LEC,Dynamic Money Managers Securities Pvt. Ltd.,Sweta Securities Private Limited,10,244.0,2440.0,2025-08-05 11:11:01.687510
2025-08-05,117362,2025080504000590,LEC,Aryatara Investment & Securities,Sweta Securities Private Limited,10,244.0,2440.0,2025-08-05 11:11:07.305258
2025-08-05,117222,2025080504000598,LEC,Dipshikha Dhitopatra Karobar Co. Pvt Ltd.,Sweta Securities Private Limited,100,244.0,24400.0,2025-08-05 11:11:16.352328
2025-08-05,116927,2025080504000616,LEC,Premier Securities Company Ltd.,Hatemalo Financial Services Private Limited,200,243.6,48720.0,2025-08-05 11:11:34.149268
2025-08-05,116700,2025080504000628,LEC,Aryatara Investment & Securities,Neev Securities Pvt. Ltd.,100,243.8,24380.0,2025-08-05 11:11:42.118612
2025-08-05,116699,2025080504000629,LEC,Premier Securities Company Ltd.,Neev Securities Pvt. Ltd.,400,243.6,97440.0,2025-08-05 11:11:42.119003
2025-08-05,116221,2025080504000654,LEC,Imperial Securities Company Pvt. Ltd.,Sweta Securities Private Limited,200,244.0,48800.0,2025-08-05 11:12:10.691306
2025-08-05,116208,2025080504000655,LEC,Premier Securities Company Ltd.,Midas Stock Broking Company Private Limited,405,243.6,98658.0,2025-08-05 11:12:11.732947
2025-08-05,116207,2025080504000656,LEC,Dipshikha Dhitopatra Karobar Co. Pvt Ltd.,Midas Stock Broking Company Private Limited,30,243.6,7308.0,2025-08-05 11:12:11.733144
2025-08-05,116206,2025080504000657,LEC,KALASH STOCK MARKET PVT. LTD.,Midas Stock Broking Company Private Limited,500,243.6,121800.0,2025-08-05 11:12:11.733236
2025-08-05,116205,2025080504000658,LEC,Aryatara Investment & Securities,Midas Stock Broking Company Private Limited,65,243.5,15827.5,2025-08-05 11:12:11.733350
2025-08-05,116062,2025080504000674,LEC,Trishakti Securities Public Limited,Sweta Securities Private Limited,90,244.0,21960.0,2025-08-05 11:12:18.004415
2025-08-05,116061,2025080504000675,LEC,Trishakti Securities Public Limited,Sani Securities Company Ltd.,100,244.0,24400.0,2025-08-05 11:12:18.004627
2025-08-05,116060,2025080504000676,LEC,Trishakti Securities Public Limited,Online Securities Pvt. Ltd.,1810,244.0,441640.0,2025-08-05 11:12:18.004731
2025-08-05,115708,2025080504000701,LEC,Aryatara Investment & Securities,Sani Securities Company Ltd.,50,243.6,12180.0,2025-08-05 11:12:36.633358
2025-08-05,115543,2025080504000707,LEC,Online Securities Pvt. Ltd.,Dakshinkali Investment & Securities Pvt. Ltd.,50,243.9,12195.0,2025-08-05 11:12:45.595914
2025-08-05,115487,2025080504000714,LEC,Sri Hari Securities Pvt. Ltd.,Dakshinkali Investment & Securities Pvt. Ltd.,500,243.9,121950.0,2025-08-05 11:12:50.118285
2025-08-05,115351,2025080504000718,LEC,Aryatara Investment & Securities,Vision Securities Pvt. Ltd,400,243.5,97400.0,2025-08-05 11:12:56.220954
2025-08-05,115018,2025080504000765,LEC,Aryatara Investment & Securities,J.F. Securites (PVT) Ltd.,35,243.5,8522.5,2025-08-05 11:13:17.427616
2025-08-05,115017,2025080504000766,LEC,Naasa Securities Co. Ltd.,J.F. Securites (PVT) Ltd.,460,243.0,111780.0,2025-08-05 11:13:17.427853
2025-08-05,114392,2025080504000810,LEC,South Asian Bulls Pvt. Ltd.,South Asian Bulls Pvt. Ltd.,232,243.2,56422.4,2025-08-05 11:13:58.122986
2025-08-05,114391,2025080504000811,LEC,Property Wiard Limited,South Asian Bulls Pvt. Ltd.,268,243.1,65150.8,2025-08-05 11:13:58.123033
2025-08-05,113859,2025080504000864,LEC,Malla & Malla Stock Broking Company Pvt. Limited,Sani Securities Company Ltd.,90,243.5,21915.0,2025-08-05 11:14:29.058973
2025-08-05,113674,2025080504000894,LEC,Market Securities & Exchange (PVT) Ltd.,Dakshinkali Investment & Securities Pvt. Ltd.,50,243.9,12195.0,2025-08-05 11:14:42.034197
2025-08-05,113584,2025080504000911,LEC,Malla & Malla Stock Broking Company Pvt. Limited,Sani Securities Company Ltd.,121,243.5,29463.5,2025-08-05 11:14:48.442197
2025-08-05,113387,2025080504000928,LEC,Ashutosh Brokerage & Securities (PVT) Ltd.,Dakshinkali Investment & Securities Pvt. Ltd.,12,243.9,2926.8,2025-08-05 11:15:02.653163
2025-08-05,113319,2025080504000939,LEC,Malla & Malla Stock Broking Company Pvt. Limited,Sumeru Securities Pvt. Ltd.,50,243.5,12175.0,2025-08-05 11:15:08.473749
2025-08-05,113106,2025080504000953,LEC,Malla & Malla Stock Broking Company Pvt. Limited,Infinity Securities Limited,39,243.5,9496.5,2025-08-05 11:15:24.150206
2025-08-05,113105,2025080504000954,LEC,Asian Securities Private Ltd.,Infinity Securities Limited,29,243.2,7052.8,2025-08-05 11:15:24.150692
2025-08-05,113104,2025080504000955,LEC,Property Wiard Limited,Infinity Securities Limited,232,243.1,56399.2,2025-08-05 11:15:24.151009
2025-08-05,113103,2025080504000956,LEC,Naasa Securities Co. Ltd.,Infinity Securities Limited,540,243.0,131220.0,2025-08-05 11:15:24.151353
2025-08-05,113102,2025080504000957,LEC,Primo Securities (PVT) Ltd.,Infinity Securities Limited,85,243.0,20655.0,2025-08-05 11:15:24.151666
2025-08-05,113036,2025080504000963,LEC,Primo Securities (PVT) Ltd.,Vision Securities Pvt. Ltd,415,243.0,100845.0,2025-08-05 11:15:30.551908
2025-08-05,113035,2025080504000964,LEC,Sumeru Securities Pvt. Ltd.,Vision Securities Pvt. Ltd,100,243.0,24300.0,2025-08-05 11:15:30.552176
2025-08-05,112901,2025080504000985,LEC,Aryatara Investment & Securities,Vision Securities Pvt. Ltd,500,243.0,121500.0,2025-08-05 11:15:44.429138
2025-08-05,112531,2025080504001048,LEC,MILKY WAY SHARE BROKER COMPANY LTD ,Vision Securities Pvt. Ltd,400,243.0,97200.0,2025-08-05 11:16:15.937098
2025-08-05,112143,2025080504001096,LEC,Sumeru Securities Pvt. Ltd.,Sundhara Securities Limited,200,242.6,48520.0,2025-08-05 11:16:51.604975
2025-08-05,112142,2025080504001097,LEC,Agrawal Securities (PVT) Ltd.,Sundhara Securities Limited,50,242.5,12125.0,2025-08-05 11:16:51.605479
2025-08-05,112141,2025080504001098,LEC,Sani Securities Company Ltd.,Sundhara Securities Limited,250,242.5,60625.0,2025-08-05 11:16:51.605826
2025-08-05,111977,2025080504001152,LEC,Sani Securities Company Ltd.,Naasa Securities Co. Ltd.,250,242.5,60625.0,2025-08-05 11:17:01.647699
2025-08-05,111976,2025080504001153,LEC,Sundhara Securities Limited,Naasa Securities Co. Ltd.,30,242.5,7275.0,2025-08-05 11:17:01.647929
2025-08-05,111975,2025080504001154,LEC,SHUBHAKAMANA SECURITIES PVT. LTD,Naasa Securities Co. Ltd.,68,242.5,16490.0,2025-08-05 11:17:01.648042
2025-08-05,111974,2025080504001155,LEC,Deevyaa Securities & Stock House Pvt. Ltd,Naasa Securities Co. Ltd.,200,242.4,48480.0,2025-08-05 11:17:01.648149
2025-08-05,111973,2025080504001156,LEC,Sajilo Broker Limited,Naasa Securities Co. Ltd.,1000,242.3,242300.0,2025-08-05 11:17:01.648252
2025-08-05,111972,2025080504001157,LEC,Naasa Securities Co. Ltd.,Naasa Securities Co. Ltd.,90,242.3,21807.0,2025-08-05 11:17:01.648365
2025-08-05,111971,2025080504001158,LEC,Trishakti Securities Public Limited,Naasa Securities Co. Ltd.,862,242.1,208690.2,2025-08-05 11:17:01.648468
2025-08-05,111560,2025080504001212,LEC,Trishakti Securities Public Limited,Vision Securities Pvt. Ltd,30,242.1,7263.0,2025-08-05 11:17:33.828325
2025-08-05,111458,2025080504001223,LEC,Trishakti Securities Public Limited,Imperial Securities Company Pvt. Ltd.,108,242.1,26146.8,2025-08-05 11:17:43.556429
2025-08-05,111457,2025080504001224,LEC,Aryatara Investment & Securities,Imperial Securities Company Pvt. Ltd.,892,242.1,215953.2,2025-08-05 11:17:43.556715
2025-08-05,111051,2025080504001242,LEC,Trishakti Securities Public Limited,Online Securities Pvt. Ltd.,250,242.2,60550.0,2025-08-05 11:18:06.940806
2025-08-05,111033,2025080504001250,LEC,Trishakti Securities Public Limited,NIMB Stock Markets Limited,100,242.2,24220.0,2025-08-05 11:18:08.784520
2025-08-05,110922,2025080504001256,LEC,Trishakti Securities Public Limited,Vision Securities Pvt. Ltd,150,242.2,36330.0,2025-08-05 11:18:20.383390
2025-08-05,110921,2025080504001257,LEC,Naasa Securities Co. Ltd.,Vision Securities Pvt. Ltd,90,242.2,21798.0,2025-08-05 11:18:20.383690
2025-08-05,110775,2025080504001278,LEC,Nepal Investment And Securities Trading Private Limited,Nepal Investment And Securities Trading Private Limited,75,242.5,18187.5,2025-08-05 11:18:32.845032
2025-08-05,110774,2025080504001279,LEC,Nepal Investment And Securities Trading Private Limited,Primo Securities (PVT) Ltd.,100,242.8,24280.0,2025-08-05 11:18:32.845624
2025-08-05,110773,2025080504001280,LEC,Nepal Investment And Securities Trading Private Limited,Dakshinkali Investment & Securities Pvt. Ltd.,325,242.9,78942.5,2025-08-05 11:18:32.846157
2025-08-05,110304,2025080504001324,LEC,Property Wiard Limited,Nepal Stock House (PVT) Ltd.,200,242.5,48500.0,2025-08-05 11:19:14.410566
2025-08-05,110303,2025080504001325,LEC,Naasa Securities Co. Ltd.,Nepal Stock House (PVT) Ltd.,100,242.2,24220.0,2025-08-05 11:19:14.410630
2025-08-05,109666,2025080504001385,LEC,Naasa Securities Co. Ltd.,Dakshinkali Investment & Securities Pvt. Ltd.,63,242.9,15302.7,2025-08-05 11:20:07.719649
2025-08-05,109665,2025080504001386,LEC,Naasa Securities Co. Ltd.,Sani Securities Company Ltd.,50,243.0,12150.0,2025-08-05 11:20:07.719962
2025-08-05,109664,2025080504001387,LEC,Naasa Securities Co. Ltd.,Vision Securities Pvt. Ltd,122,243.0,29646.0,2025-08-05 11:20:07.720081
2025-08-05,109663,2025080504001388,LEC,Naasa Securities Co. Ltd.,Primo Securities (PVT) Ltd.,100,243.0,24300.0,2025-08-05 11:20:07.720195
2025-08-05,109589,2025080504001396,LEC,Naasa Securities Co. Ltd.,J.F. Securites (PVT) Ltd.,500,243.0,121500.0,2025-08-05 11:20:17.128891
2025-08-05,109532,2025080504001402,LEC,Naasa Securities Co. Ltd.,Primo Securities (PVT) Ltd.,165,243.0,40095.0,2025-08-05 11:20:21.749614
2025-08-05,109531,2025080504001403,LEC,Asian Securities Private Ltd.,Primo Securities (PVT) Ltd.,500,243.0,121500.0,2025-08-05 11:20:21.749910
2025-08-05,109442,2025080504001413,LEC,Asian Securities Private Ltd.,Primo Securities (PVT) Ltd.,1500,243.0,364500.0,2025-08-05 11:20:31.810700
2025-08-05,109311,2025080504001436,LEC,BHOLE GANESH SECURITIES LTD,Imperial Securities Company Pvt. Ltd.,20,243.1,4862.0,2025-08-05 11:20:43.094324
2025-08-05,108928,2025080504001472,LEC,Naasa Securities Co. Ltd.,Dipshikha Dhitopatra Karobar Co. Pvt Ltd.,10,242.6,2426.0,2025-08-05 11:21:19.810518
2025-08-05,108927,2025080504001473,LEC,Naasa Securities Co. Ltd.,Dipshikha Dhitopatra Karobar Co. Pvt Ltd.,560,242.2,135632.0,2025-08-05 11:21:19.810784
2025-08-05,108926,2025080504001474,LEC,Linch Stock Market Ltd.,Dipshikha Dhitopatra Karobar Co. Pvt Ltd.,300,242.2,72660.0,2025-08-05 11:21:19.810910
2025-08-05,108925,2025080504001475,LEC,Cristal Kanchanjanga Securites Pvt. Ltd.,Dipshikha Dhitopatra Karobar Co. Pvt Ltd.,1630,242.2,394786.0,2025-08-05 11:21:19.811043
2025-08-05,108783,2025080504001506,LEC,Capital Max Securities Ltd,Imperial Securities Company Pvt. Ltd.,50,242.5,12125.0,2025-08-05 11:21:31.956514
2025-08-05,108782,2025080504001507,LEC,Cristal Kanchanjanga Securites Pvt. Ltd.,Imperial Securities Company Pvt. Ltd.,370,242.2,89614.0,2025-08-05 11:21:31.956809
2025-08-05,108781,2025080504001508,LEC,Kalika Securities Pvt. Ltd.,Imperial Securities Company Pvt. Ltd.,20,242.2,4844.0,2025-08-05 11:21:31.956934
2025-08-05,108699,2025080504001533,LEC,Kalika Securities Pvt. Ltd.,Primo Securities (PVT) Ltd.,180,242.2,43596.0,2025-08-05 11:21:38.325022
2025-08-05,108698,2025080504001534,LEC,Aryatara Investment & Securities,Primo Securities (PVT) Ltd.,3820,242.1,924822.0,2025-08-05 11:21:38.325348
2025-08-05,108516,2025080504001549,LEC,Aryatara Investment & Securities,Primo Securities (PVT) Ltd.,288,242.1,69724.8,2025-08-05 11:21:51.438077
2025-08-05,108515,2025080504001550,LEC,Dipshikha Dhitopatra Karobar Co. Pvt Ltd.,Primo Securities (PVT) Ltd.,210,242.1,50841.0,2025-08-05 11:21:51.438352
2025-08-05,108514,2025080504001551,LEC,Online Securities Pvt. Ltd.,Primo Securities (PVT) Ltd.,200,242.0,48400.0,2025-08-05 11:21:51.438483
2025-08-05,108513,2025080504001552,LEC,Online Securities Pvt. Ltd.,Primo Securities (PVT) Ltd.,1000,242.0,242000.0,2025-08-05 11:21:51.438619
2025-08-05,108512,2025080504001553,LEC,Sundhara Securities Limited,Primo Securities (PVT) Ltd.,100,242.0,24200.0,2025-08-05 11:21:51.438764
2025-08-05,108511,2025080504001554,LEC,Nepal Stock House (PVT) Ltd.,Primo Securities (PVT) Ltd.,100,242.0,24200.0,2025-08-05 11:21:51.438890
2025-08-05,108510,2025080504001555,LEC,Sani Securities Company Ltd.,Primo Securities (PVT) Ltd.,22,242.0,5324.0,2025-08-05 11:21:51.439018
2025-08-05,108509,2025080504001556,LEC,Kalika Securities Pvt. Ltd.,Primo Securities (PVT) Ltd.,1000,242.0,242000.0,2025-08-05 11:21:51.439154
2025-08-05,108508,2025080504001557,LEC,Sumeru Securities Pvt. Ltd.,Primo Securities (PVT) Ltd.,100,242.0,24200.0,2025-08-05 11:21:51.439296
2025-08-05,108507,2025080504001558,LEC,Dakshinkali Investment & Securities Pvt. Ltd.,Primo Securities (PVT) Ltd.,300,242.0,72600.0,2025-08-05 11:21:51.439425
2025-08-05,108506,2025080504001559,LEC,Vision Securities Pvt. Ltd,Primo Securities (PVT) Ltd.,50,242.0,12100.0,2025-08-05 11:21:51.439576
2025-08-05,108505,2025080504001560,LEC,Sewa Securities Pvt. Ltd.,Primo Securities (PVT) Ltd.,195,242.0,47190.0,2025-08-05 11:21:51.439708
2025-08-05,108487,2025080504001562,LEC,Vision Securities Pvt. Ltd,Primo Securities (PVT) Ltd.,435,242.0,105270.0,2025-08-05 11:21:53.153754
2025-08-05,108486,2025080504001563,LEC,Vision Securities Pvt. Ltd,J.F. Securites (PVT) Ltd.,65,242.5,15762.5,2025-08-05 11:21:53.154038
2025-08-05,108287,2025080504001585,LEC,Sani Securities Company Ltd.,Neev Securities Pvt. Ltd.,150,241.5,36225.0,2025-08-05 11:22:12.728942
2025-08-05,108285,2025080504001586,LEC,Naasa Securities Co. Ltd.,J.F. Securites (PVT) Ltd.,100,242.5,24250.0,2025-08-05 11:22:12.854188
2025-08-05,107898,2025080504001636,LEC,Naasa Securities Co. Ltd.,Ashutosh Brokerage & Securities (PVT) Ltd.,100,241.6,24160.0,2025-08-05 11:22:42.765891
2025-08-05,107897,2025080504001637,LEC,Sani Securities Company Ltd.,Ashutosh Brokerage & Securities (PVT) Ltd.,350,241.5,84525.0,2025-08-05 11:22:42.766189
2025-08-05,107896,2025080504001638,LEC,Naasa Securities Co. Ltd.,Ashutosh Brokerage & Securities (PVT) Ltd.,10,241.5,2415.0,2025-08-05 11:22:42.766326
2025-08-05,107895,2025080504001639,LEC,Vision Securities Pvt. Ltd,Ashutosh Brokerage & Securities (PVT) Ltd.,100,241.2,24120.0,2025-08-05 11:22:42.766448
2025-08-05,107894,2025080504001640,LEC,Aryatara Investment & Securities,Ashutosh Brokerage & Securities (PVT) Ltd.,940,241.1,226634.0,2025-08-05 11:22:42.766580
2025-08-05,107813,2025080504001653,LEC,Aryatara Investment & Securities,Aryatara Investment & Securities,1440,241.1,347184.0,2025-08-05 11:22:48.394820
2025-08-05,107589,2025080504001700,LEC,Premier Securities Company Ltd.,J.F. Securites (PVT) Ltd.,100,241.2,24120.0,2025-08-05 11:23:07.279592
2025-08-05,107588,2025080504001701,LEC,Aryatara Investment & Securities,J.F. Securites (PVT) Ltd.,735,241.1,177208.5,2025-08-05 11:23:07.279937
2025-08-05,107510,2025080504001714,LEC,MILKY WAY SHARE BROKER COMPANY LTD ,Opal Securities Investment (PVT) Ltd.,100,242.1,24210.0,2025-08-05 11:23:15.826259
2025-08-05,107509,2025080504001715,LEC,MILKY WAY SHARE BROKER COMPANY LTD ,Primo Securities (PVT) Ltd.,400,242.4,96960.0,2025-08-05 11:23:15.826344
2025-08-05,106867,2025080504001804,LEC,Premier Securities Company Ltd.,Sweta Securities Private Limited,500,241.2,120600.0,2025-08-05 11:24:15.195954
2025-08-05,106866,2025080504001805,LEC,Aryatara Investment & Securities,Sweta Securities Private Limited,1700,241.1,409870.0,2025-08-05 11:24:15.196227
2025-08-05,106653,2025080504001825,LEC,Aryatara Investment & Securities,South Asian Bulls Pvt. Ltd.,45,241.1,10849.5,2025-08-05 11:24:30.553540
2025-08-05,106270,2025080504001843,LEC,Aryatara Investment & Securities,Nabil Stock Dealer Ltd.,10,241.1,2411.0,2025-08-05 11:24:56.157063
2025-08-05,106187,2025080504001846,LEC,Aryatara Investment & Securities,Trisul Securities & Invt. Ltd.,10,241.1,2411.0,2025-08-05 11:25:03.500784
2025-08-05,106143,2025080504001851,LEC,Aryatara Investment & Securities,Primo Securities (PVT) Ltd.,120,241.1,28932.0,2025-08-05 11:25:07.682263
2025-08-05,106142,2025080504001852,LEC,Imperial Securities Company Pvt. Ltd.,Primo Securities (PVT) Ltd.,500,241.0,120500.0,2025-08-05 11:25:07.682561
2025-08-05,106141,2025080504001853,LEC,ABC Securities Private Limited,Primo Securities (PVT) Ltd.,455,241.0,109655.0,2025-08-05 11:25:07.682697
2025-08-05,105780,2025080504001871,LEC,ABC Securities Private Limited,Thrive Brokerage House Pvt. Ltd,15,241.0,3615.0,2025-08-05 11:25:31.476730
2025-08-05,105613,2025080504001887,LEC,ABC Securities Private Limited,Elite Stock House Limited,30,241.0,7230.0,2025-08-05 11:25:42.499537
2025-08-05,105486,2025080504001901,LEC,Capital Max Securities Ltd,Naasa Securities Co. Ltd.,50,240.3,12015.0,2025-08-05 11:25:55.408709
2025-08-05,105485,2025080504001902,LEC,Market Securities & Exchange (PVT) Ltd.,Naasa Securities Co. Ltd.,10,240.2,2402.0,2025-08-05 11:25:55.409003
2025-08-05,105484,2025080504001903,LEC,Midas Stock Broking Company Private Limited,Naasa Securities Co. Ltd.,40,240.2,9608.0,2025-08-05 11:25:55.409130
2025-08-05,105458,2025080504001913,LEC,Naasa Securities Co. Ltd.,Elite Stock House Limited,10,241.0,2410.0,2025-08-05 11:25:57.504220
2025-08-05,105362,2025080504001927,LEC,Naasa Securities Co. Ltd.,Market Securities & Exchange (PVT) Ltd.,75,241.0,18075.0,2025-08-05 11:26:07.630569
2025-08-05,105123,2025080504001951,LEC,Aryatara Investment & Securities,NIMB Stock Markets Limited,15,241.2,3618.0,2025-08-05 11:26:20.816366
2025-08-05,105122,2025080504001952,LEC,Aryatara Investment & Securities,Imperial Securities Company Pvt. Ltd.,185,241.2,44622.0,2025-08-05 11:26:20.816645
2025-08-05,105054,2025080504001959,LEC,Naasa Securities Co. Ltd.,South Asian Bulls Pvt. Ltd.,1550,241.0,373550.0,2025-08-05 11:26:31.085860
2025-08-05,104937,2025080504001972,LEC,Naasa Securities Co. Ltd.,Dakshinkali Investment & Securities Pvt. Ltd.,365,241.0,87965.0,2025-08-05 11:26:39.375555
2025-08-05,104929,2025080504001974,LEC,Sani Securities Company Ltd.,Dakshinkali Investment & Securities Pvt. Ltd.,1135,241.0,273535.0,2025-08-05 11:26:40.199592
2025-08-05,104180,2025080504002054,LEC,Siprabi Securities Pvt. Ltd.,Imperial Securities Company Pvt. Ltd.,300,241.2,72360.0,2025-08-05 11:27:58.856045
2025-08-05,104143,2025080504002057,LEC,Midas Stock Broking Company Private Limited,Midas Stock Broking Company Private Limited,300,242.0,72600.0,2025-08-05 11:28:05.165193
2025-08-05,104050,2025080504002071,LEC,Sundhara Securities Limited,Trisul Securities & Invt. Ltd.,15,242.0,3630.0,2025-08-05 11:28:16.339084
2025-08-05,103815,2025080504002096,LEC,Siprabi Securities Pvt. Ltd.,Imperial Securities Company Pvt. Ltd.,80,243.0,19440.0,2025-08-05 11:28:47.424444
2025-08-05,103814,2025080504002097,LEC,Siprabi Securities Pvt. Ltd.,Ashutosh Brokerage & Securities (PVT) Ltd.,1620,243.0,393660.0,2025-08-05 11:28:47.424765
2025-08-05,103697,2025080504002130,LEC,Sundhara Securities Limited,BHOLE GANESH SECURITIES LTD,85,242.0,20570.0,2025-08-05 11:28:57.422517
2025-08-05,103696,2025080504002131,LEC,Naasa Securities Co. Ltd.,BHOLE GANESH SECURITIES LTD,915,241.3,220789.5,2025-08-05 11:28:57.422864
2025-08-05,103412,2025080504002165,LEC,Sagarmatha Securities Private Limited,Sharepro Securities Private Limited,80,242.9,19432.0,2025-08-05 11:29:32.253804
2025-08-05,103125,2025080504002198,LEC,Naasa Securities Co. Ltd.,Opal Securities Investment (PVT) Ltd.,45,241.3,10858.5,2025-08-05 11:30:06.654914
2025-08-05,102881,2025080504002237,LEC,Aryatara Investment & Securities,Naasa Securities Co. Ltd.,19,241.6,4590.4,2025-08-05 11:30:43.793641
2025-08-05,102787,2025080504002258,LEC,Aryatara Investment & Securities,Asian Securities Private Ltd.,10,241.6,2416.0,2025-08-05 11:30:55.184030
2025-08-05,102704,2025080504002272,LEC,Midas Stock Broking Company Private Limited,Arun Securities (PVT) Ltd.,20,242.8,4856.0,2025-08-05 11:31:07.190643
2025-08-05,102703,2025080504002273,LEC,Midas Stock Broking Company Private Limited,Sharepro Securities Private Limited,20,242.9,4858.0,2025-08-05 11:31:07.191029
2025-08-05,102554,2025080504002304,LEC,Aryatara Investment & Securities,J.F. Securites (PVT) Ltd.,271,241.6,65473.6,2025-08-05 11:31:19.285140
2025-08-05,102553,2025080504002305,LEC,Linch Stock Market Ltd.,J.F. Securites (PVT) Ltd.,200,241.5,48300.0,2025-08-05 11:31:19.285203
2025-08-05,102552,2025080504002306,LEC,Naasa Securities Co. Ltd.,J.F. Securites (PVT) Ltd.,40,241.3,9652.0,2025-08-05 11:31:19.285229
2025-08-05,102551,2025080504002307,LEC,Premier Securities Company Ltd.,J.F. Securites (PVT) Ltd.,100,241.3,24130.0,2025-08-05 11:31:19.285255
2025-08-05,102550,2025080504002308,LEC,Property Wiard Limited,J.F. Securites (PVT) Ltd.,300,241.2,72360.0,2025-08-05 11:31:19.285279
2025-08-05,102549,2025080504002309,LEC,Naasa Securities Co. Ltd.,J.F. Securites (PVT) Ltd.,189,241.1,45567.9,2025-08-05 11:31:19.285328
2025-08-05,102271,2025080504002338,LEC,Nabil Stock Dealer Ltd.,Linch Stock Market Ltd.,70,242.5,16975.0,2025-08-05 11:31:59.061764
2025-08-05,102196,2025080504002355,LEC,Agrawal Securities (PVT) Ltd.,Premier Securities Company Ltd.,45,241.5,10867.5,2025-08-05 11:32:09.638650
2025-08-05,101648,2025080504002461,LEC,Secured Securities Ltd.,Linch Stock Market Ltd.,30,241.9,7257.0,2025-08-05 11:33:18.844781
2025-08-05,101637,2025080504002462,LEC,Secured Securities Ltd.,Naasa Securities Co. Ltd.,85,241.9,20561.5,2025-08-05 11:33:21.300221
2025-08-05,101586,2025080504002481,LEC,Secured Securities Ltd.,Sani Securities Company Ltd.,10,241.9,2419.0,2025-08-05 11:33:26.666403
2025-08-05,100571,2025080504002594,LEC,Secured Securities Ltd.,Sani Securities Company Ltd.,200,241.9,48380.0,2025-08-05 11:35:09.772877
2025-08-05,100518,2025080504002600,LEC,Primo Securities (PVT) Ltd.,Sharepro Securities Private Limited,100,242.9,24290.0,2025-08-05 11:35:15.053765
2025-08-05,100517,2025080504002601,LEC,Primo Securities (PVT) Ltd.,Swarna Laxmi Securities Pvt. Ltd.,1000,242.9,242900.0,2025-08-05 11:35:15.054152
2025-08-05,100449,2025080504002609,LEC,Online Securities Pvt. Ltd.,Ashutosh Brokerage & Securities (PVT) Ltd.,10,243.0,2430.0,2025-08-05 11:35:23.692984
2025-08-05,100414,2025080504002614,LEC,Dakshinkali Investment & Securities Pvt. Ltd.,Ashutosh Brokerage & Securities (PVT) Ltd.,370,243.0,89910.0,2025-08-05 11:35:29.539285
2025-08-05,100413,2025080504002615,LEC,Dakshinkali Investment & Securities Pvt. Ltd.,Capital Max Securities Ltd,10,243.0,2430.0,2025-08-05 11:35:29.539622
2025-08-05,100412,2025080504002616,LEC,Dakshinkali Investment & Securities Pvt. Ltd.,Aryatara Investment & Securities,150,243.0,36450.0,2025-08-05 11:35:29.539773
2025-08-05,100411,2025080504002617,LEC,Dakshinkali Investment & Securities Pvt. Ltd.,Sweta Securities Private Limited,50,243.0,12150.0,2025-08-05 11:35:29.539947
2025-08-05,100410,2025080504002618,LEC,Dakshinkali Investment & Securities Pvt. Ltd.,Trisul Securities & Invt. Ltd.,420,243.0,102060.0,2025-08-05 11:35:29.540107
2025-08-05,100198,2025080504002674,LEC,Sumeru Securities Pvt. Ltd.,Trisul Securities & Invt. Ltd.,200,243.0,48600.0,2025-08-05 11:35:45.926062
2025-08-05,100077,2025080504002705,LEC,INDEX SECURITIES LIMITED,Sani Securities Company Ltd.,10,242.8,2428.0,2025-08-05 11:36:00.044082
2025-08-05,99855,2025080504002730,LEC,Trademow Securities Private Limited,Trisul Securities & Invt. Ltd.,70,243.0,17010.0,2025-08-05 11:36:22.961090
2025-08-05,99854,2025080504002731,LEC,Trademow Securities Private Limited,Imperial Securities Company Pvt. Ltd.,500,243.0,121500.0,2025-08-05 11:36:22.961442
2025-08-05,99853,2025080504002732,LEC,Trademow Securities Private Limited,Asian Securities Private Ltd.,100,243.0,24300.0,2025-08-05 11:36:22.961612
2025-08-05,99852,2025080504002733,LEC,Trademow Securities Private Limited,Sani Securities Company Ltd.,130,243.0,31590.0,2025-08-05 11:36:22.961766
2025-08-05,99831,2025080504002734,LEC,Sharepro Securities Private Limited,Sani Securities Company Ltd.,10,243.0,2430.0,2025-08-05 11:36:23.843573
2025-08-05,99494,2025080504002755,LEC,Primo Securities (PVT) Ltd.,Sani Securities Company Ltd.,60,243.0,14580.0,2025-08-05 11:36:58.531011
2025-08-05,99493,2025080504002756,LEC,Primo Securities (PVT) Ltd.,Sani Securities Company Ltd.,100,243.0,24300.0,2025-08-05 11:36:58.531420
2025-08-05,99492,2025080504002757,LEC,Primo Securities (PVT) Ltd.,Sharepro Securities Private Limited,200,243.4,48680.0,2025-08-05 11:36:58.531577
2025-08-05,99491,2025080504002758,LEC,Primo Securities (PVT) Ltd.,Swarna Laxmi Securities Pvt. Ltd.,660,243.5,160710.0,2025-08-05 11:36:58.531741
2025-08-05,99490,2025080504002759,LEC,Primo Securities (PVT) Ltd.,Malla & Malla Stock Broking Company Pvt. Limited,150,243.5,36525.0,2025-08-05 11:36:58.531886
2025-08-05,99489,2025080504002760,LEC,Primo Securities (PVT) Ltd.,Roadshow securities limited,110,243.9,26829.0,2025-08-05 11:36:58.532030
2025-08-05,99488,2025080504002761,LEC,Primo Securities (PVT) Ltd.,Swarna Laxmi Securities Pvt. Ltd.,720,243.9,175608.0,2025-08-05 11:36:58.532171
2025-08-05,99364,2025080504002779,LEC,Primo Securities (PVT) Ltd.,Swarna Laxmi Securities Pvt. Ltd.,280,243.9,68292.0,2025-08-05 11:37:11.591510
2025-08-05,99363,2025080504002780,LEC,Primo Securities (PVT) Ltd.,Sharepro Securities Private Limited,300,243.9,73170.0,2025-08-05 11:37:11.591890
2025-08-05,99361,2025080504002781,LEC,Primo Securities (PVT) Ltd.,Online Securities Pvt. Ltd.,190,244.0,46360.0,2025-08-05 11:37:11.592068
2025-08-05,99360,2025080504002782,LEC,Primo Securities (PVT) Ltd.,Online Securities Pvt. Ltd.,1230,244.0,300120.0,2025-08-05 11:37:11.592228
2025-08-05,99306,2025080504002788,LEC,Kumari Securities Private Limited,Online Securities Pvt. Ltd.,300,244.0,73200.0,2025-08-05 11:37:21.055913
2025-08-05,99285,2025080504002794,LEC,Opal Securities Investment (PVT) Ltd.,Online Securities Pvt. Ltd.,470,244.0,114680.0,2025-08-05 11:37:23.285031
2025-08-05,99284,2025080504002795,LEC,Opal Securities Investment (PVT) Ltd.,Miyo Securities Pvt Ltd,100,244.0,24400.0,2025-08-05 11:37:23.285348
2025-08-05,99283,2025080504002796,LEC,Opal Securities Investment (PVT) Ltd.,Online Securities Pvt. Ltd.,400,244.0,97600.0,2025-08-05 11:37:23.285768
2025-08-05,99282,2025080504002797,LEC,Opal Securities Investment (PVT) Ltd.,Online Securities Pvt. Ltd.,10,244.0,2440.0,2025-08-05 11:37:23.286169
2025-08-05,99281,2025080504002798,LEC,Opal Securities Investment (PVT) Ltd.,Agrawal Securities (PVT) Ltd.,20,244.0,4880.0,2025-08-05 11:37:23.286604
2025-08-05,99272,2025080504002803,LEC,Primo Securities (PVT) Ltd.,Agrawal Securities (PVT) Ltd.,480,244.0,117120.0,2025-08-05 11:37:24.639930
2025-08-05,98984,2025080504002819,LEC,Nepal Investment And Securities Trading Private Limited,J.F. Securites (PVT) Ltd.,500,244.2,122100.0,2025-08-05 11:37:57.060784
2025-08-05,98869,2025080504002832,LEC,Bhrikuti Stock Broking Co. Pvt. Ltd.,Bhrikuti Stock Broking Co. Pvt. Ltd.,250,244.2,61050.0,2025-08-05 11:38:13.008344
2025-08-05,98868,2025080504002833,LEC,Bhrikuti Stock Broking Co. Pvt. Ltd.,J.F. Securites (PVT) Ltd.,500,244.3,122150.0,2025-08-05 11:38:13.009010
2025-08-05,98664,2025080504002850,LEC,Bhrikuti Stock Broking Co. Pvt. Ltd.,Naasa Securities Co. Ltd.,50,244.3,12215.0,2025-08-05 11:38:28.561743
2025-08-05,98663,2025080504002851,LEC,Primo Securities (PVT) Ltd.,Naasa Securities Co. Ltd.,52,244.0,12688.0,2025-08-05 11:38:28.562390
2025-08-05,98107,2025080504002909,LEC,Sani Securities Company Ltd.,Dipshikha Dhitopatra Karobar Co. Pvt Ltd.,25,244.8,6120.0,2025-08-05 11:39:40.645667
2025-08-05,98106,2025080504002910,LEC,Sani Securities Company Ltd.,Online Securities Pvt. Ltd.,41,244.8,10036.8,2025-08-05 11:39:40.646037
2025-08-05,98105,2025080504002911,LEC,Sani Securities Company Ltd.,N.M.B. SECURITIES LIMITED,100,244.8,24480.0,2025-08-05 11:39:40.646307
2025-08-05,98104,2025080504002912,LEC,Sani Securities Company Ltd.,N.M.B. SECURITIES LIMITED,100,244.8,24480.0,2025-08-05 11:39:40.646547
2025-08-05,98103,2025080504002913,LEC,Sani Securities Company Ltd.,Sani Securities Company Ltd.,50,244.8,12240.0,2025-08-05 11:39:40.646767
2025-08-05,98102,2025080504002914,LEC,Sani Securities Company Ltd.,N.M.B. SECURITIES LIMITED,100,244.8,24480.0,2025-08-05 11:39:40.646980
2025-08-05,98057,2025080504002917,LEC,Sani Securities Company Ltd.,N.M.B. SECURITIES LIMITED,100,244.8,24480.0,2025-08-05 11:39:46.264968
2025-08-05,97953,2025080504002949,LEC,Sewa Securities Pvt. Ltd.,Online Securities Pvt. Ltd.,500,244.9,122450.0,2025-08-05 11:39:58.536676
2025-08-05,97866,2025080504002961,LEC,Creative Securities Pvt Ltd,Swarna Laxmi Securities Pvt. Ltd.,200,244.9,48980.0,2025-08-05 11:40:09.858237
2025-08-05,97864,2025080504002962,LEC,Sani Securities Company Ltd.,Swarna Laxmi Securities Pvt. Ltd.,300,244.9,73470.0,2025-08-05 11:40:09.992650
2025-08-05,97757,2025080504002969,LEC,Himalayan Securities Limited,Vision Securities Pvt. Ltd,150,245.0,36750.0,2025-08-05 11:40:25.945029
2025-08-05,97756,2025080504002970,LEC,Himalayan Securities Limited,Naasa Securities Co. Ltd.,10,245.0,2450.0,2025-08-05 11:40:25.945380
2025-08-05,97755,2025080504002971,LEC,Himalayan Securities Limited,Malla & Malla Stock Broking Company Pvt. Limited,50,245.0,12250.0,2025-08-05 11:40:25.945533
2025-08-05,97754,2025080504002972,LEC,Himalayan Securities Limited,Vision Securities Pvt. Ltd,500,245.0,122500.0,2025-08-05 11:40:25.945685
2025-08-05,97753,2025080504002973,LEC,Himalayan Securities Limited,Cristal Kanchanjanga Securites Pvt. Ltd.,10,245.0,2450.0,2025-08-05 11:40:25.945831
2025-08-05,97752,2025080504002974,LEC,Himalayan Securities Limited,Naasa Securities Co. Ltd.,280,245.0,68600.0,2025-08-05 11:40:25.945983
2025-08-05,97657,2025080504002982,LEC,Naasa Securities Co. Ltd.,Naasa Securities Co. Ltd.,220,245.0,53900.0,2025-08-05 11:40:36.782884
2025-08-05,97656,2025080504002983,LEC,Naasa Securities Co. Ltd.,Aryatara Investment & Securities,80,245.0,19600.0,2025-08-05 11:40:36.783230
2025-08-05,97654,2025080504002984,LEC,Sundhara Securities Limited,Aryatara Investment & Securities,70,245.0,17150.0,2025-08-05 11:40:37.258116
2025-08-05,97653,2025080504002985,LEC,Sundhara Securities Limited,Naasa Securities Co. Ltd.,780,245.0,191100.0,2025-08-05 11:40:37.258448
2025-08-05,97652,2025080504002986,LEC,Sundhara Securities Limited,Cristal Kanchanjanga Securites Pvt. Ltd.,10,245.0,2450.0,2025-08-05 11:40:37.258638
2025-08-05,97651,2025080504002987,LEC,Sundhara Securities Limited,Vision Securities Pvt. Ltd,15,245.0,3675.0,2025-08-05 11:40:37.258805
2025-08-05,97650,2025080504002988,LEC,Sundhara Securities Limited,Neev Securities Pvt. Ltd.,125,245.0,30625.0,2025-08-05 11:40:37.258965
2025-08-05,97590,2025080504002992,LEC,Naasa Securities Co. Ltd.,Naasa Securities Co. Ltd.,15,244.9,3673.5,2025-08-05 11:40:46.051163
2025-08-05,97509,2025080504002998,LEC,Naasa Securities Co. Ltd.,Sundhara Securities Limited,15,244.9,3673.5,2025-08-05 11:40:54.371595
2025-08-05,97297,2025080504003027,LEC,Online Securities Pvt. Ltd.,Sundhara Securities Limited,50,244.8,12240.0,2025-08-05 11:41:23.621192
2025-08-05,97257,2025080504003036,LEC,ABC Securities Private Limited,Sundhara Securities Limited,100,244.9,24490.0,2025-08-05 11:41:30.742932
2025-08-05,97069,2025080504003063,LEC,Online Securities Pvt. Ltd.,Online Securities Pvt. Ltd.,250,244.8,61200.0,2025-08-05 11:41:56.873385
2025-08-05,97068,2025080504003064,LEC,Sani Securities Company Ltd.,Online Securities Pvt. Ltd.,50,244.8,12240.0,2025-08-05 11:41:56.873697
2025-08-05,97060,2025080504003065,LEC,Sani Securities Company Ltd.,Sundhara Securities Limited,185,244.8,45288.0,2025-08-05 11:41:58.804118
2025-08-05,97032,2025080504003066,LEC,Sani Securities Company Ltd.,Indira securities pvt. ltd,400,244.8,97920.0,2025-08-05 11:42:02.432922
2025-08-05,97023,2025080504003068,LEC,Sani Securities Company Ltd.,N.M.B. SECURITIES LIMITED,14,244.8,3427.2,2025-08-05 11:42:03.617344
2025-08-05,96726,2025080504003102,LEC,Primo Securities (PVT) Ltd.,Dipshikha Dhitopatra Karobar Co. Pvt Ltd.,1,240.0,240.0,2025-08-05 11:42:45.237285
2025-08-05,96636,2025080504003123,LEC,Naasa Securities Co. Ltd.,Naasa Securities Co. Ltd.,10,244.6,2446.0,2025-08-05 11:42:57.247068
2025-08-05,96598,2025080504003128,LEC,Aryatara Investment & Securities,Naasa Securities Co. Ltd.,210,244.6,51366.0,2025-08-05 11:43:02.907726
2025-08-05,96543,2025080504003137,LEC,Vision Securities Pvt. Ltd,Naasa Securities Co. Ltd.,80,244.6,19568.0,2025-08-05 11:43:12.555709
2025-08-05,96517,2025080504003144,LEC,Imperial Securities Company Pvt. Ltd.,J.F. Securites (PVT) Ltd.,500,244.7,122350.0,2025-08-05 11:43:19.640433
2025-08-05,96516,2025080504003145,LEC,Imperial Securities Company Pvt. Ltd.,Bhrikuti Stock Broking Co. Pvt. Ltd.,250,244.7,61175.0,2025-08-05 11:43:19.641105
2025-08-05,96515,2025080504003146,LEC,Imperial Securities Company Pvt. Ltd.,Ashutosh Brokerage & Securities (PVT) Ltd.,65,244.7,15905.5,2025-08-05 11:43:19.641565
2025-08-05,96467,2025080504003151,LEC,Imperial Securities Company Pvt. Ltd.,Imperial Securities Company Pvt. Ltd.,10,244.7,2447.0,2025-08-05 11:43:27.708699
2025-08-05,96361,2025080504003160,LEC,Oxford Securities Pvt. Ltd.,N.M.B. SECURITIES LIMITED,40,244.8,9792.0,2025-08-05 11:43:39.610109
2025-08-05,96327,2025080504003172,LEC,Imperial Securities Company Pvt. Ltd.,Cristal Kanchanjanga Securites Pvt. Ltd.,1085,244.7,265499.5,2025-08-05 11:43:44.186211
2025-08-05,96313,2025080504003176,LEC,Kohinoor Investment & Securities Pvt. Ltd.,N.M.B. SECURITIES LIMITED,103,244.8,25214.4,2025-08-05 11:43:48.111750
2025-08-05,96220,2025080504003185,LEC,Imperial Securities Company Pvt. Ltd.,Himalayan Securities Limited,90,244.7,22023.0,2025-08-05 11:44:00.466461
2025-08-05,96219,2025080504003186,LEC,Vision Securities Pvt. Ltd,Himalayan Securities Limited,1910,244.6,467186.0,2025-08-05 11:44:00.466845
2025-08-05,95874,2025080504003212,LEC,Vision Securities Pvt. Ltd,Dakshinkali Investment & Securities Pvt. Ltd.,10,244.7,2447.0,2025-08-05 11:44:47.769806
2025-08-05,95837,2025080504003215,LEC,Online Securities Pvt. Ltd.,Dakshinkali Investment & Securities Pvt. Ltd.,140,244.7,34258.0,2025-08-05 11:44:54.165672
2025-08-05,95836,2025080504003216,LEC,Online Securities Pvt. Ltd.,Neev Securities Pvt. Ltd.,63,244.7,15416.1,2025-08-05 11:44:54.166052
2025-08-05,95760,2025080504003227,LEC,Online Securities Pvt. Ltd.,Naasa Securities Co. Ltd.,20,244.6,4892.0,2025-08-05 11:45:10.325252
2025-08-05,95622,2025080504003239,LEC,Siprabi Securities Pvt. Ltd.,Naasa Securities Co. Ltd.,10,244.6,2446.0,2025-08-05 11:45:30.226621
2025-08-05,95621,2025080504003240,LEC,Siprabi Securities Pvt. Ltd.,Neev Securities Pvt. Ltd.,256,244.7,62643.2,2025-08-05 11:45:30.227022
2025-08-05,95543,2025080504003264,LEC,Naasa Securities Co. Ltd.,Vision Securities Pvt. Ltd,10,244.6,2446.0,2025-08-05 11:45:43.229261
2025-08-05,95467,2025080504003267,LEC,Imperial Securities Company Pvt. Ltd.,Vision Securities Pvt. Ltd,10,244.6,2446.0,2025-08-05 11:45:47.660853
2025-08-05,95385,2025080504003274,LEC,Sagarmatha Securities Private Limited,Neev Securities Pvt. Ltd.,40,244.7,9788.0,2025-08-05 11:46:02.197080
2025-08-05,95361,2025080504003276,LEC,Sani Securities Company Ltd.,Neev Securities Pvt. Ltd.,141,244.7,34502.7,2025-08-05 11:46:04.718688
2025-08-05,95360,2025080504003277,LEC,Sani Securities Company Ltd.,N.M.B. SECURITIES LIMITED,643,244.8,157406.4,2025-08-05 11:46:04.719050
2025-08-05,95359,2025080504003278,LEC,Sani Securities Company Ltd.,Aryatara Investment & Securities,50,244.8,12240.0,2025-08-05 11:46:04.719324
2025-08-05,95358,2025080504003279,LEC,Sani Securities Company Ltd.,Sundhara Securities Limited,150,244.8,36720.0,2025-08-05 11:46:04.719542
2025-08-05,95357,2025080504003280,LEC,Sani Securities Company Ltd.,Online Securities Pvt. Ltd.,2000,244.9,489800.0,2025-08-05 11:46:04.719708
2025-08-05,95356,2025080504003281,LEC,Sani Securities Company Ltd.,Bhrikuti Stock Broking Co. Pvt. Ltd.,280,244.9,68572.0,2025-08-05 11:46:04.719918
2025-08-05,95350,2025080504003282,LEC,Sani Securities Company Ltd.,Naasa Securities Co. Ltd.,736,244.9,180246.4,2025-08-05 11:46:05.427462
2025-08-05,95349,2025080504003283,LEC,Imperial Securities Company Pvt. Ltd.,Naasa Securities Co. Ltd.,164,244.6,40114.4,2025-08-05 11:46:05.427851
2025-08-05,95314,2025080504003286,LEC,Imperial Securities Company Pvt. Ltd.,Sumeru Securities Pvt. Ltd.,340,244.6,83164.0,2025-08-05 11:46:11.947591
2025-08-05,95292,2025080504003288,LEC,Imperial Securities Company Pvt. Ltd.,Neev Securities Pvt. Ltd.,235,245.0,57575.0,2025-08-05 11:46:16.915290
2025-08-05,95291,2025080504003289,LEC,Imperial Securities Company Pvt. Ltd.,Vision Securities Pvt. Ltd,50,245.0,12250.0,2025-08-05 11:46:16.915360
2025-08-05,95290,2025080504003290,LEC,Imperial Securities Company Pvt. Ltd.,Imperial Securities Company Pvt. Ltd.,215,245.0,52675.0,2025-08-05 11:46:16.915387
2025-08-05,95117,2025080504003312,LEC,Siprabi Securities Pvt. Ltd.,Imperial Securities Company Pvt. Ltd.,185,245.0,45325.0,2025-08-05 11:46:40.085680
2025-08-05,95116,2025080504003313,LEC,Siprabi Securities Pvt. Ltd.,Deevyaa Securities & Stock House Pvt. Ltd,250,245.0,61250.0,2025-08-05 11:46:40.086130
2025-08-05,95115,2025080504003314,LEC,Siprabi Securities Pvt. Ltd.,Sundhara Securities Limited,1000,245.0,245000.0,2025-08-05 11:46:40.086345
2025-08-05,95114,2025080504003315,LEC,Siprabi Securities Pvt. Ltd.,Kumari Securities Private Limited,565,245.0,138425.0,2025-08-05 11:46:40.086551
2025-08-05,94818,2025080504003357,LEC,Imperial Securities Company Pvt. Ltd.,Kumari Securities Private Limited,350,245.0,85750.0,2025-08-05 11:47:20.769359
2025-08-05,94680,2025080504003379,LEC,Naasa Securities Co. Ltd.,Kumari Securities Private Limited,85,245.0,20825.0,2025-08-05 11:47:41.244270
2025-08-05,94679,2025080504003380,LEC,Naasa Securities Co. Ltd.,Market Securities & Exchange (PVT) Ltd.,100,245.0,24500.0,2025-08-05 11:47:41.245021
2025-08-05,94678,2025080504003381,LEC,Naasa Securities Co. Ltd.,Sundhara Securities Limited,15,245.0,3675.0,2025-08-05 11:47:41.245510
2025-08-05,94575,2025080504003404,LEC,Sweta Securities Private Limited,Sundhara Securities Limited,17,245.0,4165.0,2025-08-05 11:48:01.271363
2025-08-05,94574,2025080504003405,LEC,Sweta Securities Private Limited,Naasa Securities Co. Ltd.,500,245.0,122500.0,2025-08-05 11:48:01.272068
2025-08-05,94573,2025080504003406,LEC,Sweta Securities Private Limited,Creative Securities Pvt Ltd,100,245.0,24500.0,2025-08-05 11:48:01.272570
2025-08-05,94572,2025080504003407,LEC,Sweta Securities Private Limited,Aryatara Investment & Securities,50,245.0,12250.0,2025-08-05 11:48:01.273078
2025-08-05,94571,2025080504003408,LEC,Sweta Securities Private Limited,S.P.S.A. Securities Limited,1000,245.0,245000.0,2025-08-05 11:48:01.273563
2025-08-05,94570,2025080504003409,LEC,Sweta Securities Private Limited,Vision Securities Pvt. Ltd,20,245.0,4900.0,2025-08-05 11:48:01.274051
2025-08-05,94569,2025080504003410,LEC,Sweta Securities Private Limited,Online Securities Pvt. Ltd.,100,245.0,24500.0,2025-08-05 11:48:01.274565
2025-08-05,94568,2025080504003411,LEC,Sweta Securities Private Limited,Naasa Securities Co. Ltd.,13,245.0,3185.0,2025-08-05 11:48:01.275102
2025-08-05,94113,2025080504003484,LEC,Aryatara Investment & Securities,Sundhara Securities Limited,275,244.7,67292.5,2025-08-05 11:48:58.157387
2025-08-05,93763,2025080504003506,LEC,Aryatara Investment & Securities,Deevyaa Securities & Stock House Pvt. Ltd,200,244.7,48940.0,2025-08-05 11:49:20.516920
2025-08-05,93644,2025080504003518,LEC,Aryatara Investment & Securities,Sweta Securities Private Limited,45,244.7,11011.5,2025-08-05 11:49:33.930617
2025-08-05,93283,2025080504003575,LEC,Aryatara Investment & Securities,Nepal Investment And Securities Trading Private Limited,100,244.7,24470.0,2025-08-05 11:50:22.142236
2025-08-05,93151,2025080504003578,LEC,Vision Securities Pvt. Ltd,Agrawal Securities (PVT) Ltd.,845,244.8,206856.0,2025-08-05 11:50:33.129513
2025-08-05,93102,2025080504003583,LEC,Kalika Securities Pvt. Ltd.,Sani Securities Company Ltd.,250,244.9,61225.0,2025-08-05 11:50:41.220665
2025-08-05,92996,2025080504003588,LEC,Kalika Securities Pvt. Ltd.,Sweta Securities Private Limited,10,244.9,2449.0,2025-08-05 11:50:55.490667
2025-08-05,92725,2025080504003607,LEC,Aakashbhairab Securities Ltd.,Dynamic Money Managers Securities Pvt. Ltd.,200,245.0,49000.0,2025-08-05 11:51:18.433797
2025-08-05,92724,2025080504003608,LEC,Aakashbhairab Securities Ltd.,Agrawal Securities (PVT) Ltd.,100,245.0,24500.0,2025-08-05 11:51:18.434238
2025-08-05,92723,2025080504003609,LEC,Aakashbhairab Securities Ltd.,Naasa Securities Co. Ltd.,10,245.0,2450.0,2025-08-05 11:51:18.434442
2025-08-05,92722,2025080504003610,LEC,Aakashbhairab Securities Ltd.,Sumeru Securities Pvt. Ltd.,135,245.0,33075.0,2025-08-05 11:51:18.434617
2025-08-05,92721,2025080504003611,LEC,Aakashbhairab Securities Ltd.,N.M.B. SECURITIES LIMITED,500,245.0,122500.0,2025-08-05 11:51:18.434797
2025-08-05,92629,2025080504003616,LEC,Aakashbhairab Securities Ltd.,Naasa Securities Co. Ltd.,4000,245.0,980000.0,2025-08-05 11:51:27.636905
2025-08-05,92415,2025080504003638,LEC,Aakashbhairab Securities Ltd.,Oxford Securities Pvt. Ltd.,55,245.0,13475.0,2025-08-05 11:51:54.705259
2025-08-05,92414,2025080504003639,LEC,Kalika Securities Pvt. Ltd.,Oxford Securities Pvt. Ltd.,454,244.9,111184.6,2025-08-05 11:51:54.705680
2025-08-05,92413,2025080504003640,LEC,Vision Securities Pvt. Ltd,Oxford Securities Pvt. Ltd.,491,244.8,120196.8,2025-08-05 11:51:54.705861
2025-08-05,92234,2025080504003660,LEC,Imperial Securities Company Pvt. Ltd.,Dipshikha Dhitopatra Karobar Co. Pvt Ltd.,100,245.0,24500.0,2025-08-05 11:52:12.880221
2025-08-05,92035,2025080504003675,LEC,Imperial Securities Company Pvt. Ltd.,N.M.B. SECURITIES LIMITED,165,245.0,40425.0,2025-08-05 11:52:37.220896
2025-08-05,92034,2025080504003676,LEC,Online Securities Pvt. Ltd.,N.M.B. SECURITIES LIMITED,1000,245.0,245000.0,2025-08-05 11:52:37.221295
2025-08-05,92033,2025080504003677,LEC,Sani Securities Company Ltd.,N.M.B. SECURITIES LIMITED,10,245.0,2450.0,2025-08-05 11:52:37.221558
2025-08-05,92032,2025080504003678,LEC,Linch Stock Market Ltd.,N.M.B. SECURITIES LIMITED,800,245.0,196000.0,2025-08-05 11:52:37.221756
2025-08-05,92017,2025080504003685,LEC,Property Wiard Limited,Oxford Securities Pvt. Ltd.,1000,244.9,244900.0,2025-08-05 11:52:39.998433
2025-08-05,91929,2025080504003712,LEC,Vision Securities Pvt. Ltd,Nepal Investment And Securities Trading Private Limited,65,244.8,15912.0,2025-08-05 11:52:51.896008
2025-08-05,91897,2025080504003716,LEC,J.F. Securites (PVT) Ltd.,N.M.B. SECURITIES LIMITED,716,245.0,175420.0,2025-08-05 11:52:56.716632
2025-08-05,91889,2025080504003717,LEC,J.F. Securites (PVT) Ltd.,Linch Stock Market Ltd.,50,245.0,12250.0,2025-08-05 11:52:57.611561
2025-08-05,91709,2025080504003742,LEC,J.F. Securites (PVT) Ltd.,Naasa Securities Co. Ltd.,734,245.0,179830.0,2025-08-05 11:53:19.719832
2025-08-05,91589,2025080504003763,LEC,Vision Securities Pvt. Ltd,Naasa Securities Co. Ltd.,599,244.8,146635.2,2025-08-05 11:53:41.333372
2025-08-05,91588,2025080504003764,LEC,Aryatara Investment & Securities,Naasa Securities Co. Ltd.,380,244.7,92986.0,2025-08-05 11:53:41.333792
2025-08-05,91587,2025080504003765,LEC,Sani Securities Company Ltd.,Naasa Securities Co. Ltd.,260,244.7,63622.0,2025-08-05 11:53:41.334034
2025-08-05,91586,2025080504003766,LEC,Vision Securities Pvt. Ltd,Naasa Securities Co. Ltd.,461,244.7,112806.7,2025-08-05 11:53:41.334243
2025-08-05,91063,2025080504003833,LEC,Vision Securities Pvt. Ltd,Sharepro Securities Private Limited,109,244.7,26672.3,2025-08-05 11:54:40.230409
2025-08-05,90903,2025080504003852,LEC,Imperial Securities Company Pvt. Ltd.,Naasa Securities Co. Ltd.,486,244.6,118875.6,2025-08-05 11:55:00.270707
2025-08-05,90902,2025080504003853,LEC,Naasa Securities Co. Ltd.,Naasa Securities Co. Ltd.,10,244.5,2445.0,2025-08-05 11:55:00.271596
2025-08-05,90901,2025080504003854,LEC,Dakshinkali Investment & Securities Pvt. Ltd.,Naasa Securities Co. Ltd.,1000,244.2,244200.0,2025-08-05 11:55:00.272163
2025-08-05,90749,2025080504003871,LEC,Trisul Securities & Invt. Ltd.,Naasa Securities Co. Ltd.,50,244.1,12205.0,2025-08-05 11:55:19.760571
2025-08-05,90743,2025080504003875,LEC,Primo Securities (PVT) Ltd.,Sumeru Securities Pvt. Ltd.,50,244.0,12200.0,2025-08-05 11:55:22.248719
2025-08-05,90705,2025080504003879,LEC,Primo Securities (PVT) Ltd.,Neev Securities Pvt. Ltd.,514,244.0,125416.0,2025-08-05 11:55:26.343232
2025-08-05,90680,2025080504003889,LEC,Primo Securities (PVT) Ltd.,Naasa Securities Co. Ltd.,904,244.0,220576.0,2025-08-05 11:55:31.927775
2025-08-05,90679,2025080504003890,LEC,Naasa Securities Co. Ltd.,Naasa Securities Co. Ltd.,20,244.0,4880.0,2025-08-05 11:55:31.928209
2025-08-05,90597,2025080504003907,LEC,Nagarik Stock Dealer ,Premier Securities Company Ltd.,500,243.1,121550.0,2025-08-05 11:55:44.627160
2025-08-05,90557,2025080504003913,LEC,Naasa Securities Co. Ltd.,Naasa Securities Co. Ltd.,76,244.0,18544.0,2025-08-05 11:55:49.640602
2025-08-05,90556,2025080504003914,LEC,Naasa Securities Co. Ltd.,Primo Securities (PVT) Ltd.,141,244.0,34404.0,2025-08-05 11:55:49.641068
2025-08-05,90530,2025080504003923,LEC,Dynamic Money Managers Securities Pvt. Ltd.,Sani Securities Company Ltd.,500,243.0,121500.0,2025-08-05 11:55:53.868938
2025-08-05,90485,2025080504003928,LEC,Aryatara Investment & Securities,Primo Securities (PVT) Ltd.,359,244.0,87596.0,2025-08-05 11:56:01.742867
2025-08-05,90484,2025080504003929,LEC,Aryatara Investment & Securities,Vision Securities Pvt. Ltd,36,244.0,8784.0,2025-08-05 11:56:01.743337
2025-08-05,90377,2025080504003935,LEC,Online Securities Pvt. Ltd.,Vision Securities Pvt. Ltd,64,244.0,15616.0,2025-08-05 11:56:21.172952
2025-08-05,90376,2025080504003936,LEC,Online Securities Pvt. Ltd.,Sundhara Securities Limited,186,244.0,45384.0,2025-08-05 11:56:21.173415
2025-08-05,90008,2025080504003972,LEC,Dynamic Money Managers Securities Pvt. Ltd.,Sundhara Securities Limited,114,244.0,27816.0,2025-08-05 11:57:12.686203
2025-08-05,90007,2025080504003973,LEC,Dynamic Money Managers Securities Pvt. Ltd.,Bhrikuti Stock Broking Co. Pvt. Ltd.,386,244.0,94184.0,2025-08-05 11:57:12.686715
2025-08-05,89985,2025080504003974,LEC,Oxford Securities Pvt. Ltd.,Bhrikuti Stock Broking Co. Pvt. Ltd.,60,244.0,14640.0,2025-08-05 11:57:15.062327
2025-08-05,89272,2025080504004094,LEC,Investment Management Nepal Pvt. Ltd.,Bhrikuti Stock Broking Co. Pvt. Ltd.,50,243.9,12195.0,2025-08-05 11:58:43.630013
2025-08-05,89093,2025080504004126,LEC,Nepal Stock House (PVT) Ltd.,Bhrikuti Stock Broking Co. Pvt. Ltd.,85,243.9,20731.5,2025-08-05 11:59:09.195793
2025-08-05,89074,2025080504004127,LEC,Aryatara Investment & Securities,Naasa Securities Co. Ltd.,100,243.1,24310.0,2025-08-05 11:59:13.723922
2025-08-05,88546,2025080504004203,LEC,Market Securities & Exchange (PVT) Ltd.,Sani Securities Company Ltd.,10,243.2,2432.0,2025-08-05 12:00:10.164645
2025-08-05,88410,2025080504004219,LEC,Machhapuchchhre Securities Limited,Sani Securities Company Ltd.,90,243.2,21888.0,2025-08-05 12:00:30.919660
2025-08-05,88409,2025080504004220,LEC,Machhapuchchhre Securities Limited,Sani Securities Company Ltd.,500,243.7,121850.0,2025-08-05 12:00:30.920111
2025-08-05,88408,2025080504004221,LEC,Machhapuchchhre Securities Limited,Naasa Securities Co. Ltd.,410,243.8,99958.0,2025-08-05 12:00:30.920339
2025-08-05,88379,2025080504004223,LEC,Aryatara Investment & Securities,Naasa Securities Co. Ltd.,130,243.1,31603.0,2025-08-05 12:00:33.094215
2025-08-05,87754,2025080504004322,LEC,Aryatara Investment & Securities,Ashutosh Brokerage & Securities (PVT) Ltd.,100,243.1,24310.0,2025-08-05 12:02:06.184561
2025-08-05,87487,2025080504004356,LEC,Online Securities Pvt. Ltd.,Trishakti Securities Public Limited,102,243.5,24837.0,2025-08-05 12:02:43.841963
2025-08-05,87226,2025080504004400,LEC,Property Wiard Limited,Vision Securities Pvt. Ltd,40,243.2,9728.0,2025-08-05 12:03:33.059332
2025-08-05,86693,2025080504004451,LEC,Property Wiard Limited,Sani Securities Company Ltd.,100,243.2,24320.0,2025-08-05 12:04:54.344371
2025-08-05,86687,2025080504004453,LEC,Property Wiard Limited,Kohinoor Investment & Securities Pvt. Ltd.,175,243.2,42560.0,2025-08-05 12:04:55.462583
2025-08-05,86642,2025080504004464,LEC,Property Wiard Limited,Trisul Securities & Invt. Ltd.,80,243.2,19456.0,2025-08-05 12:05:04.254286
2025-08-05,86621,2025080504004465,LEC,South Asian Bulls Pvt. Ltd.,Malla & Malla Stock Broking Company Pvt. Limited,310,243.3,75423.0,2025-08-05 12:05:07.346093
2025-08-05,86463,2025080504004478,LEC,South Asian Bulls Pvt. Ltd.,Asian Securities Private Ltd.,460,243.3,111918.0,2025-08-05 12:05:31.764593
2025-08-05,86343,2025080504004501,LEC,South Asian Bulls Pvt. Ltd.,Nepal Investment And Securities Trading Private Limited,90,243.3,21897.0,2025-08-05 12:05:52.567610
2025-08-05,86138,2025080504004519,LEC,Property Wiard Limited,Nepal Investment And Securities Trading Private Limited,105,243.2,25536.0,2025-08-05 12:06:17.668480
2025-08-05,86089,2025080504004531,LEC,Aryatara Investment & Securities,Online Securities Pvt. Ltd.,30,243.1,7293.0,2025-08-05 12:06:23.570696
2025-08-05,85849,2025080504004584,LEC,Aryatara Investment & Securities,Vision Securities Pvt. Ltd,140,243.1,34034.0,2025-08-05 12:07:06.224911
2025-08-05,85848,2025080504004585,LEC,Dipshikha Dhitopatra Karobar Co. Pvt Ltd.,Vision Securities Pvt. Ltd,10,243.1,2431.0,2025-08-05 12:07:06.225987
2025-08-05,85650,2025080504004618,LEC,Dipshikha Dhitopatra Karobar Co. Pvt Ltd.,Kumari Securities Private Limited,200,243.1,48620.0,2025-08-05 12:07:34.211191
2025-08-05,85439,2025080504004662,LEC,Investment Management Nepal Pvt. Ltd.,Naasa Securities Co. Ltd.,100,243.2,24320.0,2025-08-05 12:08:10.768198
2025-08-05,85438,2025080504004663,LEC,Investment Management Nepal Pvt. Ltd.,Kohinoor Investment & Securities Pvt. Ltd.,200,243.4,48680.0,2025-08-05 12:08:10.768803
2025-08-05,85181,2025080504004705,LEC,Dipshikha Dhitopatra Karobar Co. Pvt Ltd.,Himalayan Securities Limited,15,243.1,3646.5,2025-08-05 12:08:49.464071
2025-08-05,85132,2025080504004712,LEC,Naasa Securities Co. Ltd.,Sani Securities Company Ltd.,175,243.4,42595.0,2025-08-05 12:08:56.438916
2025-08-05,84777,2025080504004739,LEC,Dipshikha Dhitopatra Karobar Co. Pvt Ltd.,Arun Securities (PVT) Ltd.,775,243.1,188402.5,2025-08-05 12:09:48.164673
2025-08-05,84651,2025080504004757,LEC,Sani Securities Company Ltd.,Arun Securities (PVT) Ltd.,33,243.1,8022.3,2025-08-05 12:10:06.496992
2025-08-05,84637,2025080504004758,LEC,Naasa Securities Co. Ltd.,Sani Securities Company Ltd.,35,243.0,8505.0,2025-08-05 12:10:09.524723
2025-08-05,84636,2025080504004759,LEC,Online Securities Pvt. Ltd.,Sani Securities Company Ltd.,210,243.0,51030.0,2025-08-05 12:10:09.525657
2025-08-05,84626,2025080504004760,LEC,Kumari Securities Private Limited,Arun Securities (PVT) Ltd.,692,243.1,168225.2,2025-08-05 12:10:11.046119
2025-08-05,84439,2025080504004834,LEC,Midas Stock Broking Company Private Limited,Sani Securities Company Ltd.,100,243.4,24340.0,2025-08-05 12:10:30.403928
2025-08-05,84284,2025080504004855,LEC,Kumari Securities Private Limited,Bhrikuti Stock Broking Co. Pvt. Ltd.,10,243.3,2433.0,2025-08-05 12:11:02.901401
2025-08-05,84280,2025080504004857,LEC,Midas Stock Broking Company Private Limited,Sani Securities Company Ltd.,50,243.4,12170.0,2025-08-05 12:11:04.444399
2025-08-05,84134,2025080504004878,LEC,Aryatara Investment & Securities,Sani Securities Company Ltd.,75,243.4,18255.0,2025-08-05 12:11:35.795699
2025-08-05,84054,2025080504004893,LEC,Sundhara Securities Limited,Trishakti Securities Public Limited,98,243.5,23863.0,2025-08-05 12:11:50.587954
2025-08-05,83621,2025080504004963,LEC,Aryatara Investment & Securities,Naasa Securities Co. Ltd.,90,243.8,21942.0,2025-08-05 12:12:55.671198
2025-08-05,83620,2025080504004964,LEC,Aryatara Investment & Securities,Bhrikuti Stock Broking Co. Pvt. Ltd.,65,243.9,15853.5,2025-08-05 12:12:55.671701
2025-08-05,83619,2025080504004965,LEC,Aryatara Investment & Securities,Sharepro Securities Private Limited,41,243.9,9999.9,2025-08-05 12:12:55.671948
2025-08-05,83618,2025080504004966,LEC,Aryatara Investment & Securities,Bhrikuti Stock Broking Co. Pvt. Ltd.,54,244.0,13176.0,2025-08-05 12:12:55.672197
2025-08-05,83617,2025080504004967,LEC,Aryatara Investment & Securities,Naasa Securities Co. Ltd.,15,244.0,3660.0,2025-08-05 12:12:55.672433
2025-08-05,83616,2025080504004968,LEC,Aryatara Investment & Securities,Linch Stock Market Ltd.,50,244.0,12200.0,2025-08-05 12:12:55.672671
2025-08-05,83615,2025080504004969,LEC,Aryatara Investment & Securities,Bhrikuti Stock Broking Co. Pvt. Ltd.,300,244.0,73200.0,2025-08-05 12:12:55.672896
2025-08-05,83614,2025080504004970,LEC,Aryatara Investment & Securities,Neev Securities Pvt. Ltd.,110,244.0,26840.0,2025-08-05 12:12:55.673120
2025-08-05,83214,2025080504005015,LEC,Cristal Kanchanjanga Securites Pvt. Ltd.,Neev Securities Pvt. Ltd.,140,244.0,34160.0,2025-08-05 12:13:57.118538
2025-08-05,83213,2025080504005016,LEC,Cristal Kanchanjanga Securites Pvt. Ltd.,Opal Securities Investment (PVT) Ltd.,100,244.0,24400.0,2025-08-05 12:13:57.119014
2025-08-05,83212,2025080504005017,LEC,Cristal Kanchanjanga Securites Pvt. Ltd.,Sani Securities Company Ltd.,50,244.0,12200.0,2025-08-05 12:13:57.119245
2025-08-05,83211,2025080504005018,LEC,Cristal Kanchanjanga Securites Pvt. Ltd.,Neev Securities Pvt. Ltd.,100,244.0,24400.0,2025-08-05 12:13:57.119483
2025-08-05,83210,2025080504005019,LEC,Cristal Kanchanjanga Securites Pvt. Ltd.,Sweta Securities Private Limited,20,244.0,4880.0,2025-08-05 12:13:57.119711
2025-08-05,83209,2025080504005020,LEC,Cristal Kanchanjanga Securites Pvt. Ltd.,Himalayan Brokerage Company Limited,590,244.0,143960.0,2025-08-05 12:13:57.119936
2025-08-05,83136,2025080504005026,LEC,Kumari Securities Private Limited,Himalayan Brokerage Company Limited,292,244.0,71248.0,2025-08-05 12:14:10.255448
2025-08-05,82978,2025080504005056,LEC,Citizens Share Broker Limited,Thrive Brokerage House Pvt. Ltd,1000,243.9,243900.0,2025-08-05 12:14:30.426368
2025-08-05,82793,2025080504005082,LEC,Market Securities & Exchange (PVT) Ltd.,Imperial Securities Company Pvt. Ltd.,1000,243.7,243700.0,2025-08-05 12:14:53.089962
2025-08-05,82644,2025080504005113,LEC,Vision Securities Pvt. Ltd,Kalika Securities Pvt. Ltd.,100,244.0,24400.0,2025-08-05 12:15:11.723378
2025-08-05,82643,2025080504005114,LEC,Vision Securities Pvt. Ltd,Online Securities Pvt. Ltd.,300,244.0,73200.0,2025-08-05 12:15:11.723904
2025-08-05,82642,2025080504005115,LEC,Vision Securities Pvt. Ltd,Sani Securities Company Ltd.,200,244.0,48800.0,2025-08-05 12:15:11.724133
2025-08-05,82641,2025080504005116,LEC,Vision Securities Pvt. Ltd,Premier Securities Company Ltd.,350,244.0,85400.0,2025-08-05 12:15:11.724375
2025-08-05,82640,2025080504005117,LEC,Vision Securities Pvt. Ltd,Aryatara Investment & Securities,942,244.0,229848.0,2025-08-05 12:15:11.724596
2025-08-05,82493,2025080504005124,LEC,Citizens Share Broker Limited,Aryatara Investment & Securities,1000,244.0,244000.0,2025-08-05 12:15:21.547711
2025-08-05,82467,2025080504005129,LEC,Trishakti Securities Public Limited,Aryatara Investment & Securities,200,244.0,48800.0,2025-08-05 12:15:25.609166
2025-08-05,82434,2025080504005134,LEC,Midas Stock Broking Company Private Limited,Aryatara Investment & Securities,300,244.0,73200.0,2025-08-05 12:15:30.519347
2025-08-05,82246,2025080504005145,LEC,Vision Securities Pvt. Ltd,Aryatara Investment & Securities,500,244.0,122000.0,2025-08-05 12:15:56.310413
2025-08-05,81941,2025080504005194,LEC,Bhrikuti Stock Broking Co. Pvt. Ltd.,Aryatara Investment & Securities,50,244.0,12200.0,2025-08-05 12:16:39.751871
2025-08-05,81625,2025080504005238,LEC,Naasa Securities Co. Ltd.,Agrawal Securities (PVT) Ltd.,20,243.6,4872.0,2025-08-05 12:17:22.410482
2025-08-05,81624,2025080504005239,LEC,Deevyaa Securities & Stock House Pvt. Ltd,Agrawal Securities (PVT) Ltd.,355,243.6,86478.0,2025-08-05 12:17:22.411668
2025-08-05,81234,2025080504005307,LEC,Secured Securities Ltd.,J.F. Securites (PVT) Ltd.,100,244.0,24400.0,2025-08-05 12:18:13.331347
2025-08-05,81233,2025080504005308,LEC,Secured Securities Ltd.,Sani Securities Company Ltd.,10,244.0,2440.0,2025-08-05 12:18:13.331849
2025-08-05,81232,2025080504005309,LEC,Secured Securities Ltd.,South Asian Bulls Pvt. Ltd.,14,244.0,3416.0,2025-08-05 12:18:13.332208
2025-08-05,81184,2025080504005318,LEC,Deevyaa Securities & Stock House Pvt. Ltd,Naasa Securities Co. Ltd.,645,243.6,157122.0,2025-08-05 12:18:21.249420
2025-08-05,81183,2025080504005319,LEC,Aakashbhairab Securities Ltd.,Naasa Securities Co. Ltd.,2500,243.5,608750.0,2025-08-05 12:18:21.249893
2025-08-05,81182,2025080504005320,LEC,Sumeru Securities Pvt. Ltd.,Naasa Securities Co. Ltd.,500,243.5,121750.0,2025-08-05 12:18:21.250213
2025-08-05,81181,2025080504005321,LEC,Naasa Securities Co. Ltd.,Naasa Securities Co. Ltd.,155,243.5,37742.5,2025-08-05 12:18:21.250533
2025-08-05,80991,2025080504005392,LEC,Naasa Securities Co. Ltd.,Asian Securities Private Ltd.,45,243.5,10957.5,2025-08-05 12:18:45.311016
2025-08-05,80990,2025080504005393,LEC,Aryatara Investment & Securities,Asian Securities Private Ltd.,55,243.1,13370.5,2025-08-05 12:18:45.311542
2025-08-05,80705,2025080504005476,LEC,Online Securities Pvt. Ltd.,South Asian Bulls Pvt. Ltd.,86,244.0,20984.0,2025-08-05 12:19:25.366723
2025-08-05,80704,2025080504005477,LEC,Online Securities Pvt. Ltd.,Vision Securities Pvt. Ltd,192,244.0,46848.0,2025-08-05 12:19:25.367241
2025-08-05,80550,2025080504005500,LEC,Aryatara Investment & Securities,Aryatara Investment & Securities,445,243.1,108179.5,2025-08-05 12:19:47.660373
2025-08-05,80526,2025080504005503,LEC,Online Securities Pvt. Ltd.,Aryatara Investment & Securities,175,243.1,42542.5,2025-08-05 12:19:51.650750
2025-08-05,80525,2025080504005504,LEC,Online Securities Pvt. Ltd.,J.F. Securites (PVT) Ltd.,170,243.9,41463.0,2025-08-05 12:19:51.651765
2025-08-05,80489,2025080504005508,LEC,Online Securities Pvt. Ltd.,Neev Securities Pvt. Ltd.,200,243.0,48600.0,2025-08-05 12:19:58.674305
2025-08-05,80440,2025080504005520,LEC,Online Securities Pvt. Ltd.,J.F. Securites (PVT) Ltd.,590,243.0,143370.0,2025-08-05 12:20:03.848663
2025-08-05,80439,2025080504005521,LEC,Naasa Securities Co. Ltd.,J.F. Securites (PVT) Ltd.,200,243.0,48600.0,2025-08-05 12:20:03.849144
2025-08-05,80438,2025080504005522,LEC,Midas Stock Broking Company Private Limited,J.F. Securites (PVT) Ltd.,40,243.0,9720.0,2025-08-05 12:20:03.849410
2025-08-05,80037,2025080504005634,LEC,Midas Stock Broking Company Private Limited,Aryatara Investment & Securities,360,243.0,87480.0,2025-08-05 12:21:02.536711
2025-08-05,80036,2025080504005635,LEC,Primo Securities (PVT) Ltd.,Aryatara Investment & Securities,190,243.0,46170.0,2025-08-05 12:21:02.536850
2025-08-05,79998,2025080504005640,LEC,Primo Securities (PVT) Ltd.,Imperial Securities Company Pvt. Ltd.,10,243.0,2430.0,2025-08-05 12:21:10.204997
2025-08-05,79997,2025080504005641,LEC,ABC Securities Private Limited,Imperial Securities Company Pvt. Ltd.,190,242.1,45999.0,2025-08-05 12:21:10.205070
2025-08-05,79646,2025080504005698,LEC,ABC Securities Private Limited,J.F. Securites (PVT) Ltd.,313,242.1,75777.3,2025-08-05 12:22:08.640064
2025-08-05,79645,2025080504005699,LEC,Aryatara Investment & Securities,J.F. Securites (PVT) Ltd.,687,242.1,166322.7,2025-08-05 12:22:08.640634
2025-08-05,79434,2025080504005723,LEC,J.F. Securites (PVT) Ltd.,Oxford Securities Pvt. Ltd.,25,243.0,6075.0,2025-08-05 12:22:40.793792
2025-08-05,79397,2025080504005726,LEC,Aryatara Investment & Securities,Linch Stock Market Ltd.,1063,242.1,257352.3,2025-08-05 12:22:49.811596
2025-08-05,79396,2025080504005727,LEC,Primo Securities (PVT) Ltd.,Linch Stock Market Ltd.,5000,242.1,1210500.0,2025-08-05 12:22:49.812083
2025-08-05,79344,2025080504005730,LEC,Online Securities Pvt. Ltd.,Linch Stock Market Ltd.,200,242.1,48420.0,2025-08-05 12:22:57.084994
2025-08-05,79267,2025080504005762,LEC,Dynamic Money Managers Securities Pvt. Ltd.,Property Wiard Limited,120,242.0,29040.0,2025-08-05 12:23:08.993423
2025-08-05,79266,2025080504005763,LEC,Ashutosh Brokerage & Securities (PVT) Ltd.,Property Wiard Limited,500,242.0,121000.0,2025-08-05 12:23:08.994512
2025-08-05,79265,2025080504005764,LEC,Swarna Laxmi Securities Pvt. Ltd.,Property Wiard Limited,380,242.0,91960.0,2025-08-05 12:23:08.995216
2025-08-05,78962,2025080504005786,LEC,Swarna Laxmi Securities Pvt. Ltd.,Arun Securities (PVT) Ltd.,505,242.0,122210.0,2025-08-05 12:23:46.032094
2025-08-05,78867,2025080504005791,LEC,Swarna Laxmi Securities Pvt. Ltd.,Online Securities Pvt. Ltd.,115,242.0,27830.0,2025-08-05 12:23:58.929955
2025-08-05,78866,2025080504005792,LEC,Trisul Securities & Invt. Ltd.,Online Securities Pvt. Ltd.,185,242.0,44770.0,2025-08-05 12:23:58.930442
2025-08-05,78820,2025080504005793,LEC,Trisul Securities & Invt. Ltd.,Sani Securities Company Ltd.,15,242.0,3630.0,2025-08-05 12:24:05.387937
2025-08-05,78819,2025080504005794,LEC,Online Securities Pvt. Ltd.,Sani Securities Company Ltd.,85,242.0,20570.0,2025-08-05 12:24:05.388398
2025-08-05,78509,2025080504005816,LEC,Dipshikha Dhitopatra Karobar Co. Pvt Ltd.,Sundhara Securities Limited,40,242.0,9680.0,2025-08-05 12:24:55.002195
2025-08-05,78351,2025080504005833,LEC,Dipshikha Dhitopatra Karobar Co. Pvt Ltd.,Miyo Securities Pvt Ltd,101,242.0,24442.0,2025-08-05 12:25:23.681094
2025-08-05,78207,2025080504005843,LEC,Dipshikha Dhitopatra Karobar Co. Pvt Ltd.,Dipshikha Dhitopatra Karobar Co. Pvt Ltd.,21,242.0,5082.0,2025-08-05 12:25:42.523853
2025-08-05,78110,2025080504005866,LEC,Vision Securities Pvt. Ltd,Linch Stock Market Ltd.,730,242.1,176733.0,2025-08-05 12:25:57.476368
2025-08-05,77923,2025080504005900,LEC,Naasa Securities Co. Ltd.,Sani Securities Company Ltd.,100,242.9,24290.0,2025-08-05 12:26:26.932966
2025-08-05,77922,2025080504005901,LEC,Naasa Securities Co. Ltd.,Oxford Securities Pvt. Ltd.,50,243.0,12150.0,2025-08-05 12:26:26.933995
2025-08-05,77773,2025080504005922,LEC,Dipshikha Dhitopatra Karobar Co. Pvt Ltd.,Naasa Securities Co. Ltd.,52,242.0,12584.0,2025-08-05 12:26:50.655776
2025-08-05,77355,2025080504006023,LEC,Imperial Securities Company Pvt. Ltd.,Oxford Securities Pvt. Ltd.,82,243.0,19926.0,2025-08-05 12:27:54.591597
2025-08-05,76463,2025080504006174,LEC,Arun Securities (PVT) Ltd.,SUN SECURITIES PVT LTD,40,242.9,9716.0,2025-08-05 12:30:16.841954
2025-08-05,76293,2025080504006200,LEC,Agrawal Securities (PVT) Ltd.,SUN SECURITIES PVT LTD,10,242.9,2429.0,2025-08-05 12:30:41.286204
2025-08-05,76136,2025080504006212,LEC,Dipshikha Dhitopatra Karobar Co. Pvt Ltd.,Dipshikha Dhitopatra Karobar Co. Pvt Ltd.,161,242.0,38962.0,2025-08-05 12:31:04.347288
2025-08-05,76135,2025080504006213,LEC,Nabil Stock Dealer Ltd.,Dipshikha Dhitopatra Karobar Co. Pvt Ltd.,10,242.0,2420.0,2025-08-05 12:31:04.347821
2025-08-05,76134,2025080504006214,LEC,Aryatara Investment & Securities,Dipshikha Dhitopatra Karobar Co. Pvt Ltd.,500,242.0,121000.0,2025-08-05 12:31:04.348068
2025-08-05,76133,2025080504006215,LEC,Dipshikha Dhitopatra Karobar Co. Pvt Ltd.,Dipshikha Dhitopatra Karobar Co. Pvt Ltd.,329,242.0,79618.0,2025-08-05 12:31:04.348491
2025-08-05,75560,2025080504006332,LEC,Dipshikha Dhitopatra Karobar Co. Pvt Ltd.,Premier Securities Company Ltd.,281,242.0,68002.0,2025-08-05 12:32:22.640284
2025-08-05,75559,2025080504006333,LEC,Imperial Securities Company Pvt. Ltd.,Premier Securities Company Ltd.,219,242.0,52998.0,2025-08-05 12:32:22.641290
2025-08-05,75538,2025080504006339,LEC,Imperial Securities Company Pvt. Ltd.,Oxford Securities Pvt. Ltd.,100,242.0,24200.0,2025-08-05 12:32:25.806950
2025-08-05,75123,2025080504006423,LEC,Dakshinkali Investment & Securities Pvt. Ltd.,Secured Securities Ltd.,1000,242.3,242300.0,2025-08-05 12:33:27.684145
2025-08-05,75122,2025080504006424,LEC,Imperial Securities Company Pvt. Ltd.,Secured Securities Ltd.,681,242.0,164802.0,2025-08-05 12:33:27.684718
2025-08-05,75121,2025080504006425,LEC,Sani Securities Company Ltd.,Secured Securities Ltd.,140,242.0,33880.0,2025-08-05 12:33:27.684968
2025-08-05,75120,2025080504006426,LEC,Asian Securities Private Ltd.,Secured Securities Ltd.,400,242.0,96800.0,2025-08-05 12:33:27.685203
2025-08-05,74938,2025080504006451,LEC,Asian Securities Private Ltd.,Sumeru Securities Pvt. Ltd.,500,242.0,121000.0,2025-08-05 12:33:55.485753
2025-08-05,74861,2025080504006471,LEC,Asian Securities Private Ltd.,Oxford Securities Pvt. Ltd.,500,242.0,121000.0,2025-08-05 12:34:06.555203
2025-08-05,74830,2025080504006475,LEC,Asian Securities Private Ltd.,Sani Securities Company Ltd.,20,242.0,4840.0,2025-08-05 12:34:10.365795
2025-08-05,74823,2025080504006477,LEC,Asian Securities Private Ltd.,Aryatara Investment & Securities,80,242.0,19360.0,2025-08-05 12:34:11.886908
2025-08-05,74822,2025080504006478,LEC,Sajilo Broker Limited,Aryatara Investment & Securities,12,242.0,2904.0,2025-08-05 12:34:11.887486
2025-08-05,74286,2025080504006578,LEC,Midas Stock Broking Company Private Limited,Online Securities Pvt. Ltd.,100,242.0,24200.0,2025-08-05 12:35:27.463775
2025-08-05,74285,2025080504006579,LEC,Property Wiard Limited,Online Securities Pvt. Ltd.,100,242.0,24200.0,2025-08-05 12:35:27.464333
2025-08-05,74235,2025080504006587,LEC,Property Wiard Limited,Midas Stock Broking Company Private Limited,1000,242.0,242000.0,2025-08-05 12:35:36.238655
2025-08-05,74178,2025080504006600,LEC,Property Wiard Limited,Sumeru Securities Pvt. Ltd.,900,242.0,217800.0,2025-08-05 12:35:42.962633
2025-08-05,74141,2025080504006605,LEC,Primo Securities (PVT) Ltd.,Dipshikha Dhitopatra Karobar Co. Pvt Ltd.,6,242.0,1452.0,2025-08-05 12:35:50.085116
2025-08-05,74069,2025080504006624,LEC,Property Wiard Limited,Premier Securities Company Ltd.,60,242.0,14520.0,2025-08-05 12:36:05.255433
2025-08-05,73976,2025080504006634,LEC,Property Wiard Limited,Midas Stock Broking Company Private Limited,1000,242.0,242000.0,2025-08-05 12:36:19.418686
2025-08-05,73960,2025080504006636,LEC,Property Wiard Limited,J.F. Securites (PVT) Ltd.,700,242.0,169400.0,2025-08-05 12:36:22.679213
2025-08-05,73956,2025080504006637,LEC,Primo Securities (PVT) Ltd.,Linch Stock Market Ltd.,7,242.1,1694.7,2025-08-05 12:36:23.214244
2025-08-05,73892,2025080504006642,LEC,Property Wiard Limited,Sumeru Securities Pvt. Ltd.,1000,242.0,242000.0,2025-08-05 12:36:33.275759
2025-08-05,73787,2025080504006658,LEC,Property Wiard Limited,Prabhu Stock Market Limited,240,242.0,58080.0,2025-08-05 12:36:44.631749
2025-08-05,73786,2025080504006659,LEC,Asian Securities Private Ltd.,Prabhu Stock Market Limited,150,242.0,36300.0,2025-08-05 12:36:44.632949
2025-08-05,73785,2025080504006660,LEC,Nepal Stock House (PVT) Ltd.,Prabhu Stock Market Limited,400,242.0,96800.0,2025-08-05 12:36:44.634001
2025-08-05,73728,2025080504006675,LEC,Kumari Securities Private Limited,Prabhu Stock Market Limited,210,242.0,50820.0,2025-08-05 12:36:50.775251
2025-08-05,73726,2025080504006676,LEC,Secured Securities Ltd.,SUN SECURITIES PVT LTD,74,241.9,17900.6,2025-08-05 12:36:51.939997
2025-08-05,73725,2025080504006677,LEC,Dipshikha Dhitopatra Karobar Co. Pvt Ltd.,SUN SECURITIES PVT LTD,20,241.9,4838.0,2025-08-05 12:36:51.940998
2025-08-05,73724,2025080504006678,LEC,Premier Securities Company Ltd.,SUN SECURITIES PVT LTD,10,241.9,2419.0,2025-08-05 12:36:51.941756
2025-08-05,73723,2025080504006679,LEC,Naasa Securities Co. Ltd.,SUN SECURITIES PVT LTD,10,241.9,2419.0,2025-08-05 12:36:51.942503
2025-08-05,73722,2025080504006680,LEC,Trishakti Securities Public Limited,SUN SECURITIES PVT LTD,836,241.9,202228.4,2025-08-05 12:36:51.943243
2025-08-05,73428,2025080504006698,LEC,Sani Securities Company Ltd.,Dynamic Money Managers Securities Pvt. Ltd.,30,242.0,7260.0,2025-08-05 12:37:18.411405
2025-08-05,73173,2025080504006716,LEC,Sani Securities Company Ltd.,Aryatara Investment & Securities,120,242.0,29040.0,2025-08-05 12:37:53.855514
2025-08-05,72927,2025080504006779,LEC,Primo Securities (PVT) Ltd.,Aryatara Investment & Securities,8,242.0,1936.0,2025-08-05 12:38:22.820534
2025-08-05,72750,2025080504006797,LEC,Siprabi Securities Pvt. Ltd.,Online Securities Pvt. Ltd.,200,242.0,48400.0,2025-08-05 12:38:55.534892
2025-08-05,72484,2025080504006850,LEC,Trishakti Securities Public Limited,Online Securities Pvt. Ltd.,164,241.9,39671.6,2025-08-05 12:39:31.077458
2025-08-05,72483,2025080504006851,LEC,Linch Stock Market Ltd.,Online Securities Pvt. Ltd.,200,241.5,48300.0,2025-08-05 12:39:31.077977
2025-08-05,72482,2025080504006852,LEC,Dipshikha Dhitopatra Karobar Co. Pvt Ltd.,Online Securities Pvt. Ltd.,250,241.5,60375.0,2025-08-05 12:39:31.078233
2025-08-05,72481,2025080504006853,LEC,Sani Securities Company Ltd.,Online Securities Pvt. Ltd.,170,241.5,41055.0,2025-08-05 12:39:31.078488
2025-08-05,72480,2025080504006854,LEC,Linch Stock Market Ltd.,Online Securities Pvt. Ltd.,2000,241.3,482600.0,2025-08-05 12:39:31.078750
2025-08-05,72479,2025080504006855,LEC,Nepal Investment And Securities Trading Private Limited,Online Securities Pvt. Ltd.,20,241.2,4824.0,2025-08-05 12:39:31.079003
2025-08-05,72478,2025080504006856,LEC,Naasa Securities Co. Ltd.,Online Securities Pvt. Ltd.,196,241.1,47255.6,2025-08-05 12:39:31.079249
2025-08-05,72324,2025080504006877,LEC,Naasa Securities Co. Ltd.,Online Securities Pvt. Ltd.,171,241.1,41228.1,2025-08-05 12:39:55.380803
2025-08-05,71899,2025080504006952,LEC,Naasa Securities Co. Ltd.,Midas Stock Broking Company Private Limited,15,241.1,3616.5,2025-08-05 12:41:07.947427
2025-08-05,71895,2025080504006953,LEC,Naasa Securities Co. Ltd.,Sharepro Securities Private Limited,429,241.1,103431.9,2025-08-05 12:41:08.693057
2025-08-05,71894,2025080504006954,LEC,Sani Securities Company Ltd.,Sharepro Securities Private Limited,71,241.0,17111.0,2025-08-05 12:41:08.693561
2025-08-05,71588,2025080504006985,LEC,Sani Securities Company Ltd.,Trishakti Securities Public Limited,179,241.0,43139.0,2025-08-05 12:41:56.855107
2025-08-05,71587,2025080504006986,LEC,Aryatara Investment & Securities,Trishakti Securities Public Limited,300,241.0,72300.0,2025-08-05 12:41:56.855601
2025-08-05,71586,2025080504006987,LEC,Dipshikha Dhitopatra Karobar Co. Pvt Ltd.,Trishakti Securities Public Limited,150,241.0,36150.0,2025-08-05 12:41:56.855851
2025-08-05,71585,2025080504006988,LEC,Imperial Securities Company Pvt. Ltd.,Trishakti Securities Public Limited,85,241.0,20485.0,2025-08-05 12:41:56.856110
2025-08-05,71584,2025080504006989,LEC,Online Securities Pvt. Ltd.,Trishakti Securities Public Limited,126,241.0,30366.0,2025-08-05 12:41:56.856372
2025-08-05,71533,2025080504006992,LEC,Online Securities Pvt. Ltd.,Kalika Securities Pvt. Ltd.,10,241.0,2410.0,2025-08-05 12:42:08.649384
2025-08-05,71446,2025080504007003,LEC,Dakshinkali Investment & Securities Pvt. Ltd.,Thrive Brokerage House Pvt. Ltd,188,241.9,45477.2,2025-08-05 12:42:24.499377
2025-08-05,71445,2025080504007004,LEC,Dakshinkali Investment & Securities Pvt. Ltd.,Siprabi Securities Pvt. Ltd.,100,242.0,24200.0,2025-08-05 12:42:24.500412
2025-08-05,71444,2025080504007005,LEC,Dakshinkali Investment & Securities Pvt. Ltd.,Vision Securities Pvt. Ltd,500,242.0,121000.0,2025-08-05 12:42:24.501399
2025-08-05,71443,2025080504007006,LEC,Dakshinkali Investment & Securities Pvt. Ltd.,Agrawal Securities (PVT) Ltd.,212,242.0,51304.0,2025-08-05 12:42:24.502288
2025-08-05,71437,2025080504007007,LEC,Property Wiard Limited,Agrawal Securities (PVT) Ltd.,388,242.0,93896.0,2025-08-05 12:42:25.460022
2025-08-05,71333,2025080504007027,LEC,Property Wiard Limited,Sani Securities Company Ltd.,500,242.0,121000.0,2025-08-05 12:42:43.505369
2025-08-05,71270,2025080504007034,LEC,Property Wiard Limited,Nepal Investment And Securities Trading Private Limited,112,242.0,27104.0,2025-08-05 12:42:59.741492
2025-08-05,71238,2025080504007042,LEC,Capital Max Securities Ltd,Aryatara Investment & Securities,239,241.9,57814.1,2025-08-05 12:43:05.769179
2025-08-05,71237,2025080504007043,LEC,Arun Securities (PVT) Ltd.,Aryatara Investment & Securities,10,241.8,2418.0,2025-08-05 12:43:05.770229
2025-08-05,71236,2025080504007044,LEC,Primo Securities (PVT) Ltd.,Aryatara Investment & Securities,251,241.5,60616.5,2025-08-05 12:43:05.771065
2025-08-05,71221,2025080504007047,LEC,Online Securities Pvt. Ltd.,Nepal Investment And Securities Trading Private Limited,138,242.0,33396.0,2025-08-05 12:43:10.067616
2025-08-05,71071,2025080504007068,LEC,Online Securities Pvt. Ltd.,Online Securities Pvt. Ltd.,100,242.0,24200.0,2025-08-05 12:43:33.369970
2025-08-05,70855,2025080504007094,LEC,Naasa Securities Co. Ltd.,Asian Securities Private Ltd.,2000,242.4,484800.0,2025-08-05 12:44:08.056490
2025-08-05,70783,2025080504007101,LEC,Naasa Securities Co. Ltd.,Asian Securities Private Ltd.,1080,242.4,261792.0,2025-08-05 12:44:21.185226
2025-08-05,70782,2025080504007102,LEC,Naasa Securities Co. Ltd.,Aakashbhairab Securities Ltd.,920,242.5,223100.0,2025-08-05 12:44:21.185785
2025-08-05,70694,2025080504007119,LEC,Naasa Securities Co. Ltd.,Aakashbhairab Securities Ltd.,1700,242.5,412250.0,2025-08-05 12:44:35.422622
2025-08-05,70606,2025080504007128,LEC,Vision Securities Pvt. Ltd,Aakashbhairab Securities Ltd.,380,242.5,92150.0,2025-08-05 12:44:48.200308
2025-08-05,70602,2025080504007130,LEC,Vision Securities Pvt. Ltd,Aryatara Investment & Securities,862,242.5,209035.0,2025-08-05 12:44:49.075214
2025-08-05,70545,2025080504007137,LEC,Vision Securities Pvt. Ltd,Nabil Stock Dealer Ltd.,750,242.5,181875.0,2025-08-05 12:44:57.198294
2025-08-05,70520,2025080504007138,LEC,Premier Securities Company Ltd.,Sundhara Securities Limited,10,242.7,2427.0,2025-08-05 12:45:02.533714
2025-08-05,70489,2025080504007143,LEC,Roadshow securities limited,Dipshikha Dhitopatra Karobar Co. Pvt Ltd.,825,242.4,199980.0,2025-08-05 12:45:11.170034
2025-08-05,70488,2025080504007144,LEC,Online Securities Pvt. Ltd.,Dipshikha Dhitopatra Karobar Co. Pvt Ltd.,175,242.0,42350.0,2025-08-05 12:45:11.170559
2025-08-05,70390,2025080504007156,LEC,Online Securities Pvt. Ltd.,Linch Stock Market Ltd.,87,242.0,21054.0,2025-08-05 12:45:28.906397
2025-08-05,70389,2025080504007157,LEC,Sani Securities Company Ltd.,Linch Stock Market Ltd.,413,242.0,99946.0,2025-08-05 12:45:28.906921
2025-08-05,70363,2025080504007170,LEC,Sani Securities Company Ltd.,Dipshikha Dhitopatra Karobar Co. Pvt Ltd.,187,242.0,45254.0,2025-08-05 12:45:35.468453
2025-08-05,70348,2025080504007172,LEC,Aryatara Investment & Securities,Dipshikha Dhitopatra Karobar Co. Pvt Ltd.,150,242.0,36300.0,2025-08-05 12:45:39.625696
2025-08-05,69724,2025080504007256,LEC,Siprabi Securities Pvt. Ltd.,Dipshikha Dhitopatra Karobar Co. Pvt Ltd.,160,242.0,38720.0,2025-08-05 12:46:59.499996
2025-08-05,69710,2025080504007257,LEC,Primo Securities (PVT) Ltd.,Dipshikha Dhitopatra Karobar Co. Pvt Ltd.,503,242.0,121726.0,2025-08-05 12:47:01.537365
2025-08-05,69709,2025080504007258,LEC,Primo Securities (PVT) Ltd.,Dipshikha Dhitopatra Karobar Co. Pvt Ltd.,1000,242.0,242000.0,2025-08-05 12:47:01.537928
2025-08-05,69708,2025080504007259,LEC,Primo Securities (PVT) Ltd.,Imperial Securities Company Pvt. Ltd.,30,242.0,7260.0,2025-08-05 12:47:01.538256
2025-08-05,69707,2025080504007260,LEC,Primo Securities (PVT) Ltd.,Dipshikha Dhitopatra Karobar Co. Pvt Ltd.,1000,242.0,242000.0,2025-08-05 12:47:01.538588
2025-08-05,69358,2025080504007315,LEC,Primo Securities (PVT) Ltd.,Online Securities Pvt. Ltd.,160,241.6,38656.0,2025-08-05 12:48:04.868809
2025-08-05,69357,2025080504007316,LEC,Market Securities & Exchange (PVT) Ltd.,Online Securities Pvt. Ltd.,1000,241.6,241600.0,2025-08-05 12:48:04.869322
2025-08-05,69356,2025080504007317,LEC,Primo Securities (PVT) Ltd.,Online Securities Pvt. Ltd.,840,241.5,202860.0,2025-08-05 12:48:04.869753
2025-08-05,69300,2025080504007336,LEC,Secured Securities Ltd.,Sundhara Securities Limited,40,242.7,9708.0,2025-08-05 12:48:17.403032
2025-08-05,69299,2025080504007337,LEC,Secured Securities Ltd.,Sumeru Securities Pvt. Ltd.,10,242.7,2427.0,2025-08-05 12:48:17.403674
2025-08-05,69018,2025080504007372,LEC,S.P.S.A. Securities Limited,Aryatara Investment & Securities,100,241.6,24160.0,2025-08-05 12:48:46.957797
2025-08-05,69017,2025080504007373,LEC,Primo Securities (PVT) Ltd.,Aryatara Investment & Securities,380,241.5,91770.0,2025-08-05 12:48:46.958307
2025-08-05,68705,2025080504007436,LEC,Primo Securities (PVT) Ltd.,Sri Hari Securities Pvt. Ltd.,500,241.5,120750.0,2025-08-05 12:49:34.022111
2025-08-05,68353,2025080504007480,LEC,Investment Management Nepal Pvt. Ltd.,Kohinoor Investment & Securities Pvt. Ltd.,100,241.7,24170.0,2025-08-05 12:50:28.024007
2025-08-05,68352,2025080504007481,LEC,Primo Securities (PVT) Ltd.,Kohinoor Investment & Securities Pvt. Ltd.,3029,241.5,731503.5,2025-08-05 12:50:28.024081
2025-08-05,68351,2025080504007482,LEC,Imperial Securities Company Pvt. Ltd.,Kohinoor Investment & Securities Pvt. Ltd.,471,241.5,113746.5,2025-08-05 12:50:28.024108
2025-08-05,68284,2025080504007496,LEC,Neev Securities Pvt. Ltd.,Sri Hari Securities Pvt. Ltd.,15,242.0,3630.0,2025-08-05 12:50:41.829666
2025-08-05,68283,2025080504007497,LEC,Neev Securities Pvt. Ltd.,ABC Securities Private Limited,100,242.5,24250.0,2025-08-05 12:50:41.829754
2025-08-05,68282,2025080504007498,LEC,Neev Securities Pvt. Ltd.,Dipshikha Dhitopatra Karobar Co. Pvt Ltd.,385,242.6,93401.0,2025-08-05 12:50:41.829782
2025-08-05,68261,2025080504007500,LEC,Imperial Securities Company Pvt. Ltd.,Premier Securities Company Ltd.,29,241.5,7003.5,2025-08-05 12:50:48.409886
2025-08-05,68260,2025080504007501,LEC,Primo Securities (PVT) Ltd.,Premier Securities Company Ltd.,71,241.5,17146.5,2025-08-05 12:50:48.410434
2025-08-05,68250,2025080504007502,LEC,Primo Securities (PVT) Ltd.,Kohinoor Investment & Securities Pvt. Ltd.,200,241.5,48300.0,2025-08-05 12:50:51.146067
2025-08-05,68242,2025080504007505,LEC,Primo Securities (PVT) Ltd.,Aryatara Investment & Securities,38,241.5,9177.0,2025-08-05 12:50:52.937855
2025-08-05,68216,2025080504007507,LEC,Primo Securities (PVT) Ltd.,Deevyaa Securities & Stock House Pvt. Ltd,300,241.5,72450.0,2025-08-05 12:50:57.215636
2025-08-05,67872,2025080504007555,LEC,Deevyaa Securities & Stock House Pvt. Ltd,Opal Securities Investment (PVT) Ltd.,100,242.0,24200.0,2025-08-05 12:52:00.839760
2025-08-05,67775,2025080504007570,LEC,Primo Securities (PVT) Ltd.,Dakshinkali Investment & Securities Pvt. Ltd.,80,241.5,19320.0,2025-08-05 12:52:19.731424
2025-08-05,67665,2025080504007578,LEC,Primo Securities (PVT) Ltd.,Asian Securities Private Ltd.,500,241.5,120750.0,2025-08-05 12:52:30.091959
2025-08-05,67370,2025080504007602,LEC,Bhrikuti Stock Broking Co. Pvt. Ltd.,Opal Securities Investment (PVT) Ltd.,500,242.0,121000.0,2025-08-05 12:52:54.625497
2025-08-05,67329,2025080504007611,LEC,Primo Securities (PVT) Ltd.,Vision Securities Pvt. Ltd,3811,241.5,920356.5,2025-08-05 12:53:03.543143
2025-08-05,67328,2025080504007612,LEC,Dipshikha Dhitopatra Karobar Co. Pvt Ltd.,Vision Securities Pvt. Ltd,120,241.5,28980.0,2025-08-05 12:53:03.543707
2025-08-05,67327,2025080504007613,LEC,Primo Securities (PVT) Ltd.,Vision Securities Pvt. Ltd,10,241.4,2414.0,2025-08-05 12:53:03.543979
2025-08-05,67326,2025080504007614,LEC,Naasa Securities Co. Ltd.,Vision Securities Pvt. Ltd,59,241.4,14242.6,2025-08-05 12:53:03.544243
2025-08-05,67113,2025080504007652,LEC,Naasa Securities Co. Ltd.,Opal Securities Investment (PVT) Ltd.,10,242.0,2420.0,2025-08-05 12:53:43.885677
2025-08-05,66929,2025080504007674,LEC,Investment Management Nepal Pvt. Ltd.,Opal Securities Investment (PVT) Ltd.,200,242.0,48400.0,2025-08-05 12:54:22.212849
2025-08-05,66843,2025080504007703,LEC,Nepal Stock House (PVT) Ltd.,Primo Securities (PVT) Ltd.,500,241.6,120800.0,2025-08-05 12:54:34.870523
2025-08-05,66323,2025080504007797,LEC,APPLE SECURITIES PRIVATE LIMITED,Opal Securities Investment (PVT) Ltd.,490,242.0,118580.0,2025-08-05 12:56:06.509346
2025-08-05,66322,2025080504007798,LEC,APPLE SECURITIES PRIVATE LIMITED,Midas Stock Broking Company Private Limited,14,242.0,3388.0,2025-08-05 12:56:06.509947
2025-08-05,66321,2025080504007799,LEC,APPLE SECURITIES PRIVATE LIMITED,Naasa Securities Co. Ltd.,15,242.0,3630.0,2025-08-05 12:56:06.510235
2025-08-05,66320,2025080504007800,LEC,APPLE SECURITIES PRIVATE LIMITED,Dipshikha Dhitopatra Karobar Co. Pvt Ltd.,481,242.0,116402.0,2025-08-05 12:56:06.510522
2025-08-05,65879,2025080504007891,LEC,Premier Securities Company Ltd.,Dipshikha Dhitopatra Karobar Co. Pvt Ltd.,20,242.0,4840.0,2025-08-05 12:57:15.715506
2025-08-05,65844,2025080504007902,LEC,Sri Hari Securities Pvt. Ltd.,Dipshikha Dhitopatra Karobar Co. Pvt Ltd.,88,242.0,21296.0,2025-08-05 12:57:19.874054
