Date,S.N.,contract_id,symbol,buyer_broker,seller_broker,volume,price,amount,transaction_time
2025-08-05,125388,2025080501005016,PCBL,Trishakti Securities Public Limited,Naasa Securities Co. Ltd.,168,264.0,44352.0,2025-08-05 11:03:51.681073
2025-08-05,124517,2025080501005730,PCBL,Trisul Securities & Invt. Ltd.,South Asian Bulls Pvt. Ltd.,10,267.3,2673.0,2025-08-05 11:04:29.209560
2025-08-05,124455,2025080501005782,PCBL,Trisul Securities & Invt. Ltd.,South Asian Bulls Pvt. Ltd.,10,267.3,2673.0,2025-08-05 11:04:32.238667
2025-08-05,124296,2025080501005915,PCBL,Trisul Securities & Invt. Ltd.,South Asian Bulls Pvt. Ltd.,10,269.2,2692.0,2025-08-05 11:04:40.267725
2025-08-05,123765,2025080501006325,PCBL,Trisul Securities & Invt. Ltd.,Kohinoor Investment & Securities Pvt. Ltd.,10,274.4,2744.0,2025-08-05 11:05:06.425378
2025-08-05,123171,2025080501006846,PCBL,Trisul Securities & Invt. Ltd.,Dynamic Money Managers Securities Pvt. Ltd.,10,274.0,2740.0,2025-08-05 11:05:35.620236
2025-08-05,121204,2025080501008461,PCBL,Swarna Laxmi Securities Pvt. Ltd.,ABC Securities Private Limited,100,269.0,26900.0,2025-08-05 11:07:26.645005
2025-08-05,120530,2025080501009023,PCBL,Swarna Laxmi Securities Pvt. Ltd.,Dipshikha Dhitopatra Karobar Co. Pvt Ltd.,100,269.0,26900.0,2025-08-05 11:08:01.742014
2025-08-05,120370,2025080501009126,PCBL,South Asian Bulls Pvt. Ltd.,Imperial Securities Company Pvt. Ltd.,1000,267.0,267000.0,2025-08-05 11:08:10.181389
2025-08-05,119669,2025080501009641,PCBL,Kumari Securities Private Limited,South Asian Bulls Pvt. Ltd.,30,267.0,8010.0,2025-08-05 11:08:47.430297
2025-08-05,119668,2025080501009642,PCBL,Kumari Securities Private Limited,Elite Stock House Limited,20,267.0,5340.0,2025-08-05 11:08:47.430395
2025-08-05,118593,2025080501010451,PCBL,Agrawal Securities (PVT) Ltd.,South Asian Bulls Pvt. Ltd.,250,265.1,66275.0,2025-08-05 11:09:49.716083
2025-08-05,118592,2025080501010452,PCBL,Premier Securities Company Ltd.,South Asian Bulls Pvt. Ltd.,396,265.0,104940.0,2025-08-05 11:09:49.716189
2025-08-05,117891,2025080501010977,PCBL,KALASH STOCK MARKET PVT. LTD.,Elite Stock House Limited,100,267.0,26700.0,2025-08-05 11:10:38.809096
2025-08-05,117433,2025080501011324,PCBL,Siprabi Securities Pvt. Ltd.,Elite Stock House Limited,100,267.0,26700.0,2025-08-05 11:11:02.092986
2025-08-05,114372,2025080501013584,PCBL,Premier Securities Company Ltd.,J.F. Securites (PVT) Ltd.,604,265.0,160060.0,2025-08-05 11:13:59.714692
2025-08-05,114371,2025080501013585,PCBL,ABC Securities Private Limited,J.F. Securites (PVT) Ltd.,105,265.0,27825.0,2025-08-05 11:13:59.714949
2025-08-05,114370,2025080501013586,PCBL,Hatemalo Financial Services Private Limited,J.F. Securites (PVT) Ltd.,791,265.0,209615.0,2025-08-05 11:13:59.715144
2025-08-05,114072,2025080501013818,PCBL,Hatemalo Financial Services Private Limited,Trademow Securities Private Limited,200,265.0,53000.0,2025-08-05 11:14:14.962507
2025-08-05,111880,2025080501015077,PCBL,Dipshikha Dhitopatra Karobar Co. Pvt Ltd.,Malla & Malla Stock Broking Company Pvt. Limited,300,264.2,79260.0,2025-08-05 11:17:08.479690
2025-08-05,111879,2025080501015078,PCBL,Primo Securities (PVT) Ltd.,Malla & Malla Stock Broking Company Pvt. Limited,75,264.2,19815.0,2025-08-05 11:17:08.479804
2025-08-05,111578,2025080501015249,PCBL,Creative Securities Pvt Ltd,Malla & Malla Stock Broking Company Pvt. Limited,125,264.1,33012.5,2025-08-05 11:17:32.644454
2025-08-05,111462,2025080501015303,PCBL,Creative Securities Pvt Ltd,Vision Securities Pvt. Ltd,570,264.1,150537.0,2025-08-05 11:17:42.898291
2025-08-05,108461,2025080501017108,PCBL,Vision Securities Pvt. Ltd,Secured Securities Ltd.,100,265.0,26500.0,2025-08-05 11:21:54.932819
2025-08-05,108188,2025080501017264,PCBL,Vision Securities Pvt. Ltd,Cristal Kanchanjanga Securites Pvt. Ltd.,200,265.0,53000.0,2025-08-05 11:22:17.237278
2025-08-05,108171,2025080501017279,PCBL,Vision Securities Pvt. Ltd,Naasa Securities Co. Ltd.,20,265.0,5300.0,2025-08-05 11:22:20.183512
2025-08-05,107297,2025080501017797,PCBL,Vision Securities Pvt. Ltd,J.F. Securites (PVT) Ltd.,641,265.0,169865.0,2025-08-05 11:23:37.504916
2025-08-05,106722,2025080501018136,PCBL,Naasa Securities Co. Ltd.,Elite Stock House Limited,10,267.0,2670.0,2025-08-05 11:24:26.858650
2025-08-05,105868,2025080501018721,PCBL,Vision Securities Pvt. Ltd,Naasa Securities Co. Ltd.,39,265.0,10335.0,2025-08-05 11:25:28.851324
2025-08-05,105867,2025080501018722,PCBL,Sumeru Securities Pvt. Ltd.,Naasa Securities Co. Ltd.,97,265.0,25705.0,2025-08-05 11:25:28.851594
2025-08-05,104652,2025080501019548,PCBL,Naasa Securities Co. Ltd.,Naasa Securities Co. Ltd.,95,266.0,25270.0,2025-08-05 11:27:06.423421
2025-08-05,104159,2025080501019846,PCBL,Sumeru Securities Pvt. Ltd.,Online Securities Pvt. Ltd.,100,266.0,26600.0,2025-08-05 11:28:02.698239
2025-08-05,104158,2025080501019847,PCBL,Sumeru Securities Pvt. Ltd.,Malla & Malla Stock Broking Company Pvt. Limited,145,266.0,38570.0,2025-08-05 11:28:02.698365
2025-08-05,103844,2025080501020022,PCBL,Sumeru Securities Pvt. Ltd.,Malla & Malla Stock Broking Company Pvt. Limited,100,266.0,26600.0,2025-08-05 11:28:43.158239
2025-08-05,102395,2025080501020804,PCBL,Sumeru Securities Pvt. Ltd.,Malla & Malla Stock Broking Company Pvt. Limited,58,266.0,15428.0,2025-08-05 11:31:43.155620
2025-08-05,102394,2025080501020805,PCBL,Naasa Securities Co. Ltd.,Malla & Malla Stock Broking Company Pvt. Limited,42,266.0,11172.0,2025-08-05 11:31:43.155731
2025-08-05,102015,2025080501021014,PCBL,Naasa Securities Co. Ltd.,Malla & Malla Stock Broking Company Pvt. Limited,38,266.0,10108.0,2025-08-05 11:32:33.441308
2025-08-05,102014,2025080501021015,PCBL,Citizens Share Broker Limited,Malla & Malla Stock Broking Company Pvt. Limited,12,266.0,3192.0,2025-08-05 11:32:33.441448
2025-08-05,100543,2025080501021813,PCBL,South Asian Bulls Pvt. Ltd.,South Asian Bulls Pvt. Ltd.,18500,266.1,4922850.0,2025-08-05 11:35:13.554436
2025-08-05,100133,2025080501022020,PCBL,South Asian Bulls Pvt. Ltd.,South Asian Bulls Pvt. Ltd.,18500,266.1,4922850.0,2025-08-05 11:35:53.972432
2025-08-05,99271,2025080501022446,PCBL,Imperial Securities Company Pvt. Ltd.,Naasa Securities Co. Ltd.,10,266.9,2669.0,2025-08-05 11:37:24.643864
2025-08-05,98918,2025080501022664,PCBL,Citizens Share Broker Limited,Primo Securities (PVT) Ltd.,48,266.0,12768.0,2025-08-05 11:38:06.836898
2025-08-05,98917,2025080501022665,PCBL,Vision Securities Pvt. Ltd,Primo Securities (PVT) Ltd.,200,265.1,53020.0,2025-08-05 11:38:06.837067
2025-08-05,98916,2025080501022666,PCBL,Naasa Securities Co. Ltd.,Primo Securities (PVT) Ltd.,20,265.0,5300.0,2025-08-05 11:38:06.837224
2025-08-05,98915,2025080501022667,PCBL,Citizens Share Broker Limited,Primo Securities (PVT) Ltd.,50,265.0,13250.0,2025-08-05 11:38:06.837391
2025-08-05,98914,2025080501022668,PCBL,Naasa Securities Co. Ltd.,Primo Securities (PVT) Ltd.,182,265.0,48230.0,2025-08-05 11:38:06.837553
2025-08-05,96832,2025080501023714,PCBL,Vision Securities Pvt. Ltd,Vision Securities Pvt. Ltd,120,265.1,31812.0,2025-08-05 11:42:29.918344
2025-08-05,96140,2025080501024029,PCBL,Trisul Securities & Invt. Ltd.,Naasa Securities Co. Ltd.,10,266.9,2669.0,2025-08-05 11:44:19.453912
2025-08-05,96096,2025080501024059,PCBL,Deevyaa Securities & Stock House Pvt. Ltd,Naasa Securities Co. Ltd.,875,266.9,233537.5,2025-08-05 11:44:25.207584
2025-08-05,96095,2025080501024060,PCBL,Deevyaa Securities & Stock House Pvt. Ltd,Elite Stock House Limited,770,267.0,205590.0,2025-08-05 11:44:25.207752
2025-08-05,96094,2025080501024061,PCBL,Deevyaa Securities & Stock House Pvt. Ltd,Sani Securities Company Ltd.,2500,267.0,667500.0,2025-08-05 11:44:25.207819
2025-08-05,96093,2025080501024062,PCBL,Deevyaa Securities & Stock House Pvt. Ltd,Malla & Malla Stock Broking Company Pvt. Limited,100,267.0,26700.0,2025-08-05 11:44:25.207879
2025-08-05,96092,2025080501024063,PCBL,Deevyaa Securities & Stock House Pvt. Ltd,Dipshikha Dhitopatra Karobar Co. Pvt Ltd.,50,267.0,13350.0,2025-08-05 11:44:25.207939
2025-08-05,96091,2025080501024064,PCBL,Deevyaa Securities & Stock House Pvt. Ltd,Siprabi Securities Pvt. Ltd.,40,267.0,10680.0,2025-08-05 11:44:25.207997
2025-08-05,95795,2025080501024244,PCBL,Deevyaa Securities & Stock House Pvt. Ltd,Sri Hari Securities Pvt. Ltd.,138,267.0,36846.0,2025-08-05 11:45:04.414296
2025-08-05,95644,2025080501024326,PCBL,Deevyaa Securities & Stock House Pvt. Ltd,Kohinoor Investment & Securities Pvt. Ltd.,527,267.0,140709.0,2025-08-05 11:45:27.190451
2025-08-05,95643,2025080501024327,PCBL,Primo Securities (PVT) Ltd.,Kohinoor Investment & Securities Pvt. Ltd.,483,267.0,128961.0,2025-08-05 11:45:27.190599
2025-08-05,94580,2025080501024878,PCBL,Primo Securities (PVT) Ltd.,Creative Securities Pvt Ltd,198,267.0,52866.0,2025-08-05 11:47:59.765496
2025-08-05,94200,2025080501025086,PCBL,Primo Securities (PVT) Ltd.,Vision Securities Pvt. Ltd,256,267.0,68352.0,2025-08-05 11:48:48.560580
2025-08-05,93963,2025080501025199,PCBL,Agrawal Securities (PVT) Ltd.,Elite Stock House Limited,500,268.0,134000.0,2025-08-05 11:49:04.153085
2025-08-05,93764,2025080501025357,PCBL,Agrawal Securities (PVT) Ltd.,Elite Stock House Limited,500,268.0,134000.0,2025-08-05 11:49:20.302668
2025-08-05,93718,2025080501025385,PCBL,Cristal Kanchanjanga Securites Pvt. Ltd.,Vision Securities Pvt. Ltd,500,267.1,133550.0,2025-08-05 11:49:24.071783
2025-08-05,92842,2025080501025981,PCBL,Siprabi Securities Pvt. Ltd.,Imperial Securities Company Pvt. Ltd.,139,268.0,37252.0,2025-08-05 11:51:07.860370
2025-08-05,92333,2025080501026337,PCBL,Primo Securities (PVT) Ltd.,Dynamic Money Managers Securities Pvt. Ltd.,63,267.0,16821.0,2025-08-05 11:51:59.182944
2025-08-05,92332,2025080501026338,PCBL,Premier Securities Company Ltd.,Dynamic Money Managers Securities Pvt. Ltd.,100,267.0,26700.0,2025-08-05 11:51:59.183124
2025-08-05,92331,2025080501026339,PCBL,Agrawal Securities (PVT) Ltd.,Dynamic Money Managers Securities Pvt. Ltd.,500,267.0,133500.0,2025-08-05 11:51:59.183197
2025-08-05,92330,2025080501026340,PCBL,Agrawal Securities (PVT) Ltd.,Dynamic Money Managers Securities Pvt. Ltd.,17,267.0,4539.0,2025-08-05 11:51:59.183273
2025-08-05,91896,2025080501026554,PCBL,Agrawal Securities (PVT) Ltd.,Aakashbhairab Securities Ltd.,483,267.0,128961.0,2025-08-05 11:52:56.717276
2025-08-05,91895,2025080501026555,PCBL,Agrawal Securities (PVT) Ltd.,Aakashbhairab Securities Ltd.,500,267.0,133500.0,2025-08-05 11:52:56.717466
2025-08-05,91894,2025080501026556,PCBL,Agrawal Securities (PVT) Ltd.,Aakashbhairab Securities Ltd.,500,267.0,133500.0,2025-08-05 11:52:56.717581
2025-08-05,91893,2025080501026557,PCBL,Agrawal Securities (PVT) Ltd.,Aakashbhairab Securities Ltd.,500,267.0,133500.0,2025-08-05 11:52:56.717678
2025-08-05,91892,2025080501026558,PCBL,Agrawal Securities (PVT) Ltd.,Aakashbhairab Securities Ltd.,500,267.0,133500.0,2025-08-05 11:52:56.717768
2025-08-05,91636,2025080501026701,PCBL,Agrawal Securities (PVT) Ltd.,Aakashbhairab Securities Ltd.,500,267.0,133500.0,2025-08-05 11:53:31.417389
2025-08-05,91616,2025080501026710,PCBL,Citizens Share Broker Limited,Aakashbhairab Securities Ltd.,50,266.0,13300.0,2025-08-05 11:53:37.839961
2025-08-05,91615,2025080501026711,PCBL,Midas Stock Broking Company Private Limited,Aakashbhairab Securities Ltd.,100,266.0,26600.0,2025-08-05 11:53:37.840129
2025-08-05,91614,2025080501026712,PCBL,Aryatara Investment & Securities,Aakashbhairab Securities Ltd.,500,265.5,132750.0,2025-08-05 11:53:37.840196
2025-08-05,91613,2025080501026713,PCBL,Cristal Kanchanjanga Securites Pvt. Ltd.,Aakashbhairab Securities Ltd.,100,265.2,26520.0,2025-08-05 11:53:37.840266
2025-08-05,91612,2025080501026714,PCBL,Vision Securities Pvt. Ltd,Aakashbhairab Securities Ltd.,1880,265.1,498388.0,2025-08-05 11:53:37.840331
2025-08-05,91611,2025080501026715,PCBL,Naasa Securities Co. Ltd.,Aakashbhairab Securities Ltd.,590,265.0,156350.0,2025-08-05 11:53:37.840393
2025-08-05,91610,2025080501026716,PCBL,Midas Stock Broking Company Private Limited,Aakashbhairab Securities Ltd.,380,265.0,100700.0,2025-08-05 11:53:37.840454
2025-08-05,91381,2025080501026819,PCBL,Agrawal Securities (PVT) Ltd.,Aakashbhairab Securities Ltd.,17,267.0,4539.0,2025-08-05 11:54:04.771674
2025-08-05,91380,2025080501026820,PCBL,Agrawal Securities (PVT) Ltd.,Imperial Securities Company Pvt. Ltd.,361,268.0,96748.0,2025-08-05 11:54:04.772081
2025-08-05,91379,2025080501026821,PCBL,Agrawal Securities (PVT) Ltd.,Siprabi Securities Pvt. Ltd.,20,268.0,5360.0,2025-08-05 11:54:04.772315
2025-08-05,90975,2025080501026988,PCBL,Agrawal Securities (PVT) Ltd.,Imperial Securities Company Pvt. Ltd.,102,268.0,27336.0,2025-08-05 11:54:52.725477
2025-08-05,90974,2025080501026989,PCBL,Agrawal Securities (PVT) Ltd.,Imperial Securities Company Pvt. Ltd.,398,268.0,106664.0,2025-08-05 11:54:52.725765
2025-08-05,90799,2025080501027075,PCBL,Agrawal Securities (PVT) Ltd.,Sundhara Securities Limited,102,268.0,27336.0,2025-08-05 11:55:12.493761
2025-08-05,90798,2025080501027076,PCBL,Agrawal Securities (PVT) Ltd.,Sundhara Securities Limited,500,268.0,134000.0,2025-08-05 11:55:12.493918
2025-08-05,90775,2025080501027080,PCBL,Agrawal Securities (PVT) Ltd.,Sundhara Securities Limited,398,268.0,106664.0,2025-08-05 11:55:14.554725
2025-08-05,90629,2025080501027145,PCBL,Agrawal Securities (PVT) Ltd.,Dynamic Money Managers Securities Pvt. Ltd.,100,268.0,26800.0,2025-08-05 11:55:41.470576
2025-08-05,90386,2025080501027246,PCBL,Sagarmatha Securities Private Limited,Deevyaa Securities & Stock House Pvt. Ltd,14,268.4,3757.6,2025-08-05 11:56:19.216349
2025-08-05,90228,2025080501027313,PCBL,Agrawal Securities (PVT) Ltd.,Imperial Securities Company Pvt. Ltd.,102,268.0,27336.0,2025-08-05 11:56:42.497429
2025-08-05,90227,2025080501027314,PCBL,Agrawal Securities (PVT) Ltd.,Aakashbhairab Securities Ltd.,398,268.0,106664.0,2025-08-05 11:56:42.497737
2025-08-05,90109,2025080501027367,PCBL,Agrawal Securities (PVT) Ltd.,Aakashbhairab Securities Ltd.,500,268.0,134000.0,2025-08-05 11:56:58.634170
2025-08-05,90083,2025080501027378,PCBL,Trishakti Securities Public Limited,Aakashbhairab Securities Ltd.,50,268.0,13400.0,2025-08-05 11:57:02.248904
2025-08-05,89966,2025080501027439,PCBL,Agrawal Securities (PVT) Ltd.,Aakashbhairab Securities Ltd.,52,268.0,13936.0,2025-08-05 11:57:16.836559
2025-08-05,89965,2025080501027440,PCBL,Agrawal Securities (PVT) Ltd.,Siprabi Securities Pvt. Ltd.,22,268.0,5896.0,2025-08-05 11:57:16.836715
2025-08-05,89662,2025080501027563,PCBL,Agrawal Securities (PVT) Ltd.,Agrawal Securities (PVT) Ltd.,141,268.0,37788.0,2025-08-05 11:57:51.252842
2025-08-05,89507,2025080501027617,PCBL,Premier Securities Company Ltd.,Aryatara Investment & Securities,5,263.7,1318.5,2025-08-05 11:58:11.589801
2025-08-05,89253,2025080501027719,PCBL,Agrawal Securities (PVT) Ltd.,Aakashbhairab Securities Ltd.,285,268.0,76380.0,2025-08-05 11:58:45.663045
2025-08-05,89252,2025080501027720,PCBL,Agrawal Securities (PVT) Ltd.,Aakashbhairab Securities Ltd.,500,268.0,134000.0,2025-08-05 11:58:45.663209
2025-08-05,89251,2025080501027721,PCBL,Agrawal Securities (PVT) Ltd.,Aakashbhairab Securities Ltd.,500,268.0,134000.0,2025-08-05 11:58:45.663300
2025-08-05,89250,2025080501027722,PCBL,Agrawal Securities (PVT) Ltd.,Aakashbhairab Securities Ltd.,500,268.0,134000.0,2025-08-05 11:58:45.663363
2025-08-05,89249,2025080501027723,PCBL,Agrawal Securities (PVT) Ltd.,Aakashbhairab Securities Ltd.,500,268.0,134000.0,2025-08-05 11:58:45.663424
2025-08-05,89248,2025080501027724,PCBL,Agrawal Securities (PVT) Ltd.,Aakashbhairab Securities Ltd.,215,268.0,57620.0,2025-08-05 11:58:45.663485
2025-08-05,89205,2025080501027735,PCBL,Agrawal Securities (PVT) Ltd.,Naasa Securities Co. Ltd.,46,268.0,12328.0,2025-08-05 11:58:52.368007
2025-08-05,88837,2025080501027870,PCBL,Agrawal Securities (PVT) Ltd.,Deevyaa Securities & Stock House Pvt. Ltd,239,268.0,64052.0,2025-08-05 11:59:38.015999
2025-08-05,88820,2025080501027881,PCBL,Agrawal Securities (PVT) Ltd.,Opal Securities Investment (PVT) Ltd.,500,268.0,134000.0,2025-08-05 11:59:42.120749
2025-08-05,88796,2025080501027890,PCBL,Agrawal Securities (PVT) Ltd.,Kalika Securities Pvt. Ltd.,239,268.0,64052.0,2025-08-05 11:59:44.450036
2025-08-05,88739,2025080501027915,PCBL,Agrawal Securities (PVT) Ltd.,Aakashbhairab Securities Ltd.,261,268.0,69948.0,2025-08-05 11:59:51.843918
2025-08-05,88585,2025080501028024,PCBL,Agrawal Securities (PVT) Ltd.,Aakashbhairab Securities Ltd.,500,268.0,134000.0,2025-08-05 12:00:05.930376
2025-08-05,88520,2025080501028053,PCBL,Agrawal Securities (PVT) Ltd.,Sri Hari Securities Pvt. Ltd.,2,268.0,536.0,2025-08-05 12:00:14.591408
2025-08-05,88479,2025080501028063,PCBL,Agrawal Securities (PVT) Ltd.,Aakashbhairab Securities Ltd.,500,268.0,134000.0,2025-08-05 12:00:20.047691
2025-08-05,88265,2025080501028136,PCBL,Agrawal Securities (PVT) Ltd.,Imperial Securities Company Pvt. Ltd.,11,267.5,2942.5,2025-08-05 12:00:46.272303
2025-08-05,88264,2025080501028137,PCBL,Agrawal Securities (PVT) Ltd.,Aakashbhairab Securities Ltd.,489,268.0,131052.0,2025-08-05 12:00:46.272495
2025-08-05,88008,2025080501028218,PCBL,Agrawal Securities (PVT) Ltd.,Aakashbhairab Securities Ltd.,250,268.0,67000.0,2025-08-05 12:01:21.629001
2025-08-05,88007,2025080501028219,PCBL,Agrawal Securities (PVT) Ltd.,Agrawal Securities (PVT) Ltd.,250,268.0,67000.0,2025-08-05 12:01:21.629191
2025-08-05,86745,2025080501028755,PCBL,Trishakti Securities Public Limited,Agrawal Securities (PVT) Ltd.,50,268.0,13400.0,2025-08-05 12:04:40.925058
2025-08-05,86562,2025080501028842,PCBL,Trishakti Securities Public Limited,Opal Securities Investment (PVT) Ltd.,50,265.5,13275.0,2025-08-05 12:05:19.077357
2025-08-05,86561,2025080501028843,PCBL,Imperial Securities Company Pvt. Ltd.,Opal Securities Investment (PVT) Ltd.,102,265.2,27050.4,2025-08-05 12:05:19.077545
2025-08-05,86560,2025080501028844,PCBL,Creative Securities Pvt Ltd,Opal Securities Investment (PVT) Ltd.,1800,265.2,477360.0,2025-08-05 12:05:19.077629
2025-08-05,86559,2025080501028845,PCBL,Aryatara Investment & Securities,Opal Securities Investment (PVT) Ltd.,30,265.1,7953.0,2025-08-05 12:05:19.077695
2025-08-05,86558,2025080501028846,PCBL,Creative Securities Pvt Ltd,Opal Securities Investment (PVT) Ltd.,1800,265.1,477180.0,2025-08-05 12:05:19.077761
2025-08-05,86557,2025080501028847,PCBL,Creative Securities Pvt Ltd,Opal Securities Investment (PVT) Ltd.,1200,265.1,318120.0,2025-08-05 12:05:19.077824
2025-08-05,86556,2025080501028848,PCBL,Midas Stock Broking Company Private Limited,Opal Securities Investment (PVT) Ltd.,620,265.0,164300.0,2025-08-05 12:05:19.077900
2025-08-05,86555,2025080501028849,PCBL,Naasa Securities Co. Ltd.,Opal Securities Investment (PVT) Ltd.,398,265.0,105470.0,2025-08-05 12:05:19.077977
2025-08-05,85459,2025080501029237,PCBL,Nagarik Stock Dealer ,Dynamic Money Managers Securities Pvt. Ltd.,100,267.0,26700.0,2025-08-05 12:08:05.860381
2025-08-05,85431,2025080501029250,PCBL,Nagarik Stock Dealer ,Malla & Malla Stock Broking Company Pvt. Limited,40,267.0,10680.0,2025-08-05 12:08:11.611889
2025-08-05,84068,2025080501029903,PCBL,Capital Max Securities Ltd,Trishakti Securities Public Limited,500,267.7,133850.0,2025-08-05 12:11:46.415290
2025-08-05,83786,2025080501029988,PCBL,Agrawal Securities (PVT) Ltd.,Kumari Securities Private Limited,158,265.2,41901.6,2025-08-05 12:12:26.766798
2025-08-05,83530,2025080501030112,PCBL,Agrawal Securities (PVT) Ltd.,Secured Securities Ltd.,50,265.2,13260.0,2025-08-05 12:13:09.063747
2025-08-05,83316,2025080501030205,PCBL,Agrawal Securities (PVT) Ltd.,Neev Securities Pvt. Ltd.,292,265.2,77438.4,2025-08-05 12:13:44.680852
2025-08-05,83315,2025080501030206,PCBL,Sweta Securities Private Limited,Neev Securities Pvt. Ltd.,200,265.2,53040.0,2025-08-05 12:13:44.681043
2025-08-05,82910,2025080501030325,PCBL,Naasa Securities Co. Ltd.,Aakashbhairab Securities Ltd.,100,265.1,26510.0,2025-08-05 12:14:41.172599
2025-08-05,82909,2025080501030326,PCBL,Naasa Securities Co. Ltd.,Aakashbhairab Securities Ltd.,102,265.0,27030.0,2025-08-05 12:14:41.172638
2025-08-05,82908,2025080501030327,PCBL,Linch Stock Market Ltd.,Aakashbhairab Securities Ltd.,1000,265.0,265000.0,2025-08-05 12:14:41.172670
2025-08-05,82907,2025080501030328,PCBL,Investment Management Nepal Pvt. Ltd.,Aakashbhairab Securities Ltd.,100,265.0,26500.0,2025-08-05 12:14:41.172693
2025-08-05,82906,2025080501030329,PCBL,Sani Securities Company Ltd.,Aakashbhairab Securities Ltd.,110,265.0,29150.0,2025-08-05 12:14:41.172715
2025-08-05,82905,2025080501030330,PCBL,Midas Stock Broking Company Private Limited,Aakashbhairab Securities Ltd.,125,265.0,33125.0,2025-08-05 12:14:41.172750
2025-08-05,82904,2025080501030331,PCBL,Citizens Share Broker Limited,Aakashbhairab Securities Ltd.,50,265.0,13250.0,2025-08-05 12:14:41.172773
2025-08-05,82903,2025080501030332,PCBL,Global IME Securities Limited,Aakashbhairab Securities Ltd.,15,265.0,3975.0,2025-08-05 12:14:41.172794
2025-08-05,82902,2025080501030333,PCBL,Oxford Securities Pvt. Ltd.,Aakashbhairab Securities Ltd.,1000,265.0,265000.0,2025-08-05 12:14:41.172816
2025-08-05,82901,2025080501030334,PCBL,Vision Securities Pvt. Ltd,Aakashbhairab Securities Ltd.,1000,264.5,264500.0,2025-08-05 12:14:41.172837
2025-08-05,82900,2025080501030335,PCBL,Asian Securities Private Ltd.,Aakashbhairab Securities Ltd.,100,264.5,26450.0,2025-08-05 12:14:41.172863
2025-08-05,82899,2025080501030336,PCBL,Trishakti Securities Public Limited,Aakashbhairab Securities Ltd.,1000,264.3,264300.0,2025-08-05 12:14:41.172886
2025-08-05,82898,2025080501030337,PCBL,Sri Hari Securities Pvt. Ltd.,Aakashbhairab Securities Ltd.,2500,264.2,660500.0,2025-08-05 12:14:41.172910
2025-08-05,82897,2025080501030338,PCBL,Sani Securities Company Ltd.,Aakashbhairab Securities Ltd.,1000,264.1,264100.0,2025-08-05 12:14:41.172933
2025-08-05,82896,2025080501030339,PCBL,Trishakti Securities Public Limited,Aakashbhairab Securities Ltd.,840,263.8,221592.0,2025-08-05 12:14:41.172954
2025-08-05,82895,2025080501030340,PCBL,Miyo Securities Pvt Ltd,Aakashbhairab Securities Ltd.,958,263.7,252624.6,2025-08-05 12:14:41.172977
2025-08-05,82887,2025080501030344,PCBL,Online Securities Pvt. Ltd.,Neev Securities Pvt. Ltd.,100,265.2,26520.0,2025-08-05 12:14:42.357624
2025-08-05,81236,2025080501030933,PCBL,Online Securities Pvt. Ltd.,Aryatara Investment & Securities,500,265.2,132600.0,2025-08-05 12:18:12.579171
2025-08-05,80908,2025080501031029,PCBL,Sewa Securities Pvt. Ltd.,Vision Securities Pvt. Ltd,31,267.0,8277.0,2025-08-05 12:18:59.712050
2025-08-05,79991,2025080501031319,PCBL,Sewa Securities Pvt. Ltd.,Kohinoor Investment & Securities Pvt. Ltd.,39,267.0,10413.0,2025-08-05 12:21:10.856883
2025-08-05,78552,2025080501031939,PCBL,Siprabi Securities Pvt. Ltd.,Sri Hari Securities Pvt. Ltd.,100,267.3,26730.0,2025-08-05 12:24:45.117759
2025-08-05,77107,2025080501032488,PCBL,Online Securities Pvt. Ltd.,Nepal Stock House (PVT) Ltd.,15,265.2,3978.0,2025-08-05 12:28:39.929169
2025-08-05,77106,2025080501032489,PCBL,Nepal Investment And Securities Trading Private Limited,Nepal Stock House (PVT) Ltd.,85,265.2,22542.0,2025-08-05 12:28:39.929350
2025-08-05,77032,2025080501032521,PCBL,Nepal Investment And Securities Trading Private Limited,Naasa Securities Co. Ltd.,15,265.2,3978.0,2025-08-05 12:28:52.123676
2025-08-05,77031,2025080501032522,PCBL,Citizens Share Broker Limited,Naasa Securities Co. Ltd.,50,265.0,13250.0,2025-08-05 12:28:52.123816
2025-08-05,77030,2025080501032523,PCBL,Stoxkarts Securities Limited,Naasa Securities Co. Ltd.,20,265.0,5300.0,2025-08-05 12:28:52.123888
2025-08-05,77029,2025080501032524,PCBL,Miyo Securities Pvt Ltd,Naasa Securities Co. Ltd.,1015,263.5,267452.5,2025-08-05 12:28:52.123954
2025-08-05,76191,2025080501032856,PCBL,Himalayan Brokerage Company Limited,Sani Securities Company Ltd.,10,266.0,2660.0,2025-08-05 12:30:56.249791
2025-08-05,75866,2025080501032975,PCBL,Premier Securities Company Ltd.,Trishakti Securities Public Limited,6,261.0,1566.0,2025-08-05 12:31:36.362045
2025-08-05,75133,2025080501033234,PCBL,Premier Securities Company Ltd.,Sri Hari Securities Pvt. Ltd.,1,260.8,260.8,2025-08-05 12:33:26.149659
2025-08-05,74889,2025080501033324,PCBL,Capital Max Securities Ltd,Dakshinkali Investment & Securities Pvt. Ltd.,500,263.7,131850.0,2025-08-05 12:34:01.632709
2025-08-05,74260,2025080501033595,PCBL,Aryatara Investment & Securities,Oxford Securities Pvt. Ltd.,100,263.6,26360.0,2025-08-05 12:35:32.337517
2025-08-05,74259,2025080501033596,PCBL,Miyo Securities Pvt Ltd,Oxford Securities Pvt. Ltd.,27,263.5,7114.5,2025-08-05 12:35:32.337629
2025-08-05,74258,2025080501033597,PCBL,Trishakti Securities Public Limited,Oxford Securities Pvt. Ltd.,50,263.5,13175.0,2025-08-05 12:35:32.337696
2025-08-05,74257,2025080501033598,PCBL,Aryatara Investment & Securities,Oxford Securities Pvt. Ltd.,100,263.4,26340.0,2025-08-05 12:35:32.337778
2025-08-05,74256,2025080501033599,PCBL,Kalika Securities Pvt. Ltd.,Oxford Securities Pvt. Ltd.,23,263.0,6049.0,2025-08-05 12:35:32.337857
2025-08-05,73855,2025080501033747,PCBL,Kalika Securities Pvt. Ltd.,Opal Securities Investment (PVT) Ltd.,100,263.0,26300.0,2025-08-05 12:36:38.786284
2025-08-05,73424,2025080501033907,PCBL,Creative Securities Pvt Ltd,Naasa Securities Co. Ltd.,300,263.1,78930.0,2025-08-05 12:37:19.008081
2025-08-05,73236,2025080501033991,PCBL,Kalika Securities Pvt. Ltd.,Naasa Securities Co. Ltd.,177,263.0,46551.0,2025-08-05 12:37:47.547642
2025-08-05,73235,2025080501033992,PCBL,Dipshikha Dhitopatra Karobar Co. Pvt Ltd.,Naasa Securities Co. Ltd.,700,263.0,184100.0,2025-08-05 12:37:47.547831
2025-08-05,73234,2025080501033993,PCBL,SHUBHAKAMANA SECURITIES PVT. LTD,Naasa Securities Co. Ltd.,500,263.0,131500.0,2025-08-05 12:37:47.547903
2025-08-05,73233,2025080501033994,PCBL,Sri Hari Securities Pvt. Ltd.,Naasa Securities Co. Ltd.,23,263.0,6049.0,2025-08-05 12:37:47.547994
2025-08-05,72901,2025080501034100,PCBL,Sri Hari Securities Pvt. Ltd.,Aakashbhairab Securities Ltd.,77,263.0,20251.0,2025-08-05 12:38:29.430462
2025-08-05,72900,2025080501034101,PCBL,Thrive Brokerage House Pvt. Ltd,Aakashbhairab Securities Ltd.,10,263.0,2630.0,2025-08-05 12:38:29.430633
2025-08-05,72899,2025080501034102,PCBL,Sumeru Securities Pvt. Ltd.,Aakashbhairab Securities Ltd.,314,263.0,82582.0,2025-08-05 12:38:29.430704
2025-08-05,72100,2025080501034374,PCBL,Sumeru Securities Pvt. Ltd.,Dakshinkali Investment & Securities Pvt. Ltd.,400,263.0,105200.0,2025-08-05 12:40:29.796377
2025-08-05,71214,2025080501034642,PCBL,Sumeru Securities Pvt. Ltd.,Naasa Securities Co. Ltd.,200,263.0,52600.0,2025-08-05 12:43:11.624295
2025-08-05,71135,2025080501034696,PCBL,Sumeru Securities Pvt. Ltd.,Naasa Securities Co. Ltd.,1000,263.0,263000.0,2025-08-05 12:43:24.839385
2025-08-05,70529,2025080501034941,PCBL,Vision Securities Pvt. Ltd,Opal Securities Investment (PVT) Ltd.,500,263.2,131600.0,2025-08-05 12:45:01.782315
2025-08-05,70528,2025080501034942,PCBL,Miyo Securities Pvt Ltd,Opal Securities Investment (PVT) Ltd.,1000,263.1,263100.0,2025-08-05 12:45:01.782490
2025-08-05,70527,2025080501034943,PCBL,Sumeru Securities Pvt. Ltd.,Opal Securities Investment (PVT) Ltd.,2500,263.0,657500.0,2025-08-05 12:45:01.782568
2025-08-05,70179,2025080501035084,PCBL,Sumeru Securities Pvt. Ltd.,Naasa Securities Co. Ltd.,17,263.0,4471.0,2025-08-05 12:46:03.416245
2025-08-05,69587,2025080501035415,PCBL,Sumeru Securities Pvt. Ltd.,Naasa Securities Co. Ltd.,500,263.0,131500.0,2025-08-05 12:47:24.532894
2025-08-05,69442,2025080501035454,PCBL,Naasa Securities Co. Ltd.,Online Securities Pvt. Ltd.,10,264.0,2640.0,2025-08-05 12:47:50.642870
2025-08-05,69441,2025080501035455,PCBL,Naasa Securities Co. Ltd.,Online Securities Pvt. Ltd.,190,264.0,50160.0,2025-08-05 12:47:50.668339
2025-08-05,69306,2025080501035490,PCBL,Naasa Securities Co. Ltd.,J.F. Securites (PVT) Ltd.,10,264.0,2640.0,2025-08-05 12:48:15.887578
2025-08-05,69288,2025080501035497,PCBL,Kumari Securities Private Limited,J.F. Securites (PVT) Ltd.,50,264.0,13200.0,2025-08-05 12:48:18.742803
2025-08-05,67919,2025080501036113,PCBL,Naasa Securities Co. Ltd.,ABC Securities Private Limited,10,265.0,2650.0,2025-08-05 12:51:48.003400
2025-08-05,67830,2025080501036142,PCBL,Capital Max Securities Ltd,ABC Securities Private Limited,94,265.0,24910.0,2025-08-05 12:52:10.677153
2025-08-05,67829,2025080501036143,PCBL,Capital Max Securities Ltd,Naasa Securities Co. Ltd.,106,265.0,28090.0,2025-08-05 12:52:10.677335
2025-08-05,67792,2025080501036153,PCBL,KALASH STOCK MARKET PVT. LTD.,Trisul Securities & Invt. Ltd.,30,264.0,7920.0,2025-08-05 12:52:16.400950
2025-08-05,65268,2025080501037080,PCBL,Sumeru Securities Pvt. Ltd.,Sri Hari Securities Pvt. Ltd.,69,263.0,18147.0,2025-08-05 12:59:01.971889
2025-08-05,65267,2025080501037081,PCBL,Imperial Securities Company Pvt. Ltd.,Sri Hari Securities Pvt. Ltd.,100,263.0,26300.0,2025-08-05 12:59:01.972079
2025-08-05,65266,2025080501037082,PCBL,Naasa Securities Co. Ltd.,Sri Hari Securities Pvt. Ltd.,500,263.0,131500.0,2025-08-05 12:59:01.972153
2025-08-05,65265,2025080501037083,PCBL,Vision Securities Pvt. Ltd,Sri Hari Securities Pvt. Ltd.,140,263.0,36820.0,2025-08-05 12:59:01.972225
2025-08-05,65264,2025080501037084,PCBL,ABC Securities Private Limited,Sri Hari Securities Pvt. Ltd.,91,262.8,23914.8,2025-08-05 12:59:01.972296
2025-08-05,64585,2025080501037286,PCBL,ABC Securities Private Limited,Swarna Laxmi Securities Pvt. Ltd.,409,262.8,107485.2,2025-08-05 13:00:37.385434
2025-08-05,64584,2025080501037287,PCBL,Kalika Securities Pvt. Ltd.,Swarna Laxmi Securities Pvt. Ltd.,15,262.7,3940.5,2025-08-05 13:00:37.385789
2025-08-05,64583,2025080501037288,PCBL,Linch Stock Market Ltd.,Swarna Laxmi Securities Pvt. Ltd.,76,262.7,19965.2,2025-08-05 13:00:37.386003
2025-08-05,64276,2025080501037374,PCBL,Linch Stock Market Ltd.,Sri Hari Securities Pvt. Ltd.,174,262.7,45709.8,2025-08-05 13:01:29.220676
2025-08-05,64275,2025080501037375,PCBL,Premier Securities Company Ltd.,Sri Hari Securities Pvt. Ltd.,50,262.7,13135.0,2025-08-05 13:01:29.220711
2025-08-05,64274,2025080501037376,PCBL,Vision Securities Pvt. Ltd,Sri Hari Securities Pvt. Ltd.,200,262.3,52460.0,2025-08-05 13:01:29.220740
2025-08-05,64273,2025080501037377,PCBL,Online Securities Pvt. Ltd.,Sri Hari Securities Pvt. Ltd.,560,262.3,146888.0,2025-08-05 13:01:29.220762
2025-08-05,64272,2025080501037378,PCBL,Arun Securities (PVT) Ltd.,Sri Hari Securities Pvt. Ltd.,16,262.2,4195.2,2025-08-05 13:01:29.220786
2025-08-05,63256,2025080501037743,PCBL,Kohinoor Investment & Securities Pvt. Ltd.,Imperial Securities Company Pvt. Ltd.,10,264.0,2640.0,2025-08-05 13:04:42.569416
2025-08-05,63182,2025080501037762,PCBL,Naasa Securities Co. Ltd.,Naasa Securities Co. Ltd.,10,265.0,2650.0,2025-08-05 13:04:52.509373
2025-08-05,62484,2025080501037971,PCBL,Linch Stock Market Ltd.,Naasa Securities Co. Ltd.,100,265.0,26500.0,2025-08-05 13:06:40.724446
2025-08-05,62423,2025080501037986,PCBL,Sipla Securities Private Limited,Naasa Securities Co. Ltd.,100,263.1,26310.0,2025-08-05 13:06:56.647050
2025-08-05,62422,2025080501037987,PCBL,Online Securities Pvt. Ltd.,Naasa Securities Co. Ltd.,900,263.0,236700.0,2025-08-05 13:06:56.647390
2025-08-05,62291,2025080501038034,PCBL,Shree Krishna Securities Ltd.,Naasa Securities Co. Ltd.,284,265.0,75260.0,2025-08-05 13:07:13.143655
2025-08-05,62290,2025080501038035,PCBL,Shree Krishna Securities Ltd.,Secured Securities Ltd.,100,265.0,26500.0,2025-08-05 13:07:13.143868
2025-08-05,62289,2025080501038036,PCBL,Shree Krishna Securities Ltd.,South Asian Bulls Pvt. Ltd.,300,265.0,79500.0,2025-08-05 13:07:13.143972
2025-08-05,62288,2025080501038037,PCBL,Shree Krishna Securities Ltd.,Arun Securities (PVT) Ltd.,316,265.0,83740.0,2025-08-05 13:07:13.144084
2025-08-05,62259,2025080501038048,PCBL,Online Securities Pvt. Ltd.,Aakashbhairab Securities Ltd.,100,263.0,26300.0,2025-08-05 13:07:21.963243
2025-08-05,62258,2025080501038049,PCBL,Online Securities Pvt. Ltd.,Aakashbhairab Securities Ltd.,1000,262.4,262400.0,2025-08-05 13:07:21.963605
2025-08-05,62257,2025080501038050,PCBL,Arun Securities (PVT) Ltd.,Aakashbhairab Securities Ltd.,484,262.2,126904.8,2025-08-05 13:07:21.963819
2025-08-05,62256,2025080501038051,PCBL,Sri Hari Securities Pvt. Ltd.,Aakashbhairab Securities Ltd.,816,262.2,213955.2,2025-08-05 13:07:21.964020
2025-08-05,60701,2025080501038499,PCBL,Sri Hari Securities Pvt. Ltd.,Naasa Securities Co. Ltd.,1600,262.2,419520.0,2025-08-05 13:11:19.331242
2025-08-05,60155,2025080501038709,PCBL,Sri Hari Securities Pvt. Ltd.,Kumari Securities Private Limited,84,262.2,22024.8,2025-08-05 13:12:51.090620
2025-08-05,56672,2025080501039923,PCBL,ABC Securities Private Limited,Naasa Securities Co. Ltd.,1000,262.4,262400.0,2025-08-05 13:22:01.909655
2025-08-05,56543,2025080501039975,PCBL,Premier Securities Company Ltd.,Naasa Securities Co. Ltd.,1000,262.3,262300.0,2025-08-05 13:22:21.138907
2025-08-05,54848,2025080501040469,PCBL,Nepal Stock House (PVT) Ltd.,Creative Securities Pvt Ltd,15,263.0,3945.0,2025-08-05 13:27:46.516771
2025-08-05,54847,2025080501040470,PCBL,Nepal Stock House (PVT) Ltd.,Sundhara Securities Limited,65,263.9,17153.5,2025-08-05 13:27:46.516997
2025-08-05,54088,2025080501040731,PCBL,Premier Securities Company Ltd.,Sundhara Securities Limited,35,263.9,9236.5,2025-08-05 13:30:07.020273
2025-08-05,54087,2025080501040732,PCBL,Premier Securities Company Ltd.,Online Securities Pvt. Ltd.,65,264.0,17160.0,2025-08-05 13:30:07.020659
2025-08-05,53895,2025080501040809,PCBL,Sewa Securities Pvt. Ltd.,Sewa Securities Pvt. Ltd.,1,262.0,262.0,2025-08-05 13:30:50.120217
2025-08-05,53654,2025080501040858,PCBL,Dynamic Money Managers Securities Pvt. Ltd.,Neev Securities Pvt. Ltd.,20,262.5,5250.0,2025-08-05 13:31:31.456849
2025-08-05,53478,2025080501040936,PCBL,Imperial Securities Company Pvt. Ltd.,Online Securities Pvt. Ltd.,10,264.0,2640.0,2025-08-05 13:32:09.547465
2025-08-05,53385,2025080501040973,PCBL,Dynamic Money Managers Securities Pvt. Ltd.,Naasa Securities Co. Ltd.,180,262.5,47250.0,2025-08-05 13:32:25.174161
2025-08-05,53384,2025080501040974,PCBL,Neev Securities Pvt. Ltd.,Naasa Securities Co. Ltd.,500,262.4,131200.0,2025-08-05 13:32:25.174440
2025-08-05,53383,2025080501040975,PCBL,South Asian Bulls Pvt. Ltd.,Naasa Securities Co. Ltd.,500,262.4,131200.0,2025-08-05 13:32:25.174526
2025-08-05,53335,2025080501040993,PCBL,Sweta Securities Private Limited,Naasa Securities Co. Ltd.,190,262.4,49856.0,2025-08-05 13:32:36.278929
2025-08-05,52420,2025080501041371,PCBL,Vision Securities Pvt. Ltd,Imperial Securities Company Pvt. Ltd.,1000,262.6,262600.0,2025-08-05 13:35:20.035040
2025-08-05,51663,2025080501041604,PCBL,Property Wiard Limited,Imperial Securities Company Pvt. Ltd.,1000,262.6,262600.0,2025-08-05 13:37:21.153077
2025-08-05,51661,2025080501041605,PCBL,Cristal Kanchanjanga Securites Pvt. Ltd.,Imperial Securities Company Pvt. Ltd.,80,262.6,21008.0,2025-08-05 13:37:21.171973
2025-08-05,51487,2025080501041661,PCBL,Cristal Kanchanjanga Securites Pvt. Ltd.,Naasa Securities Co. Ltd.,500,262.6,131300.0,2025-08-05 13:37:51.243346
2025-08-05,51344,2025080501041720,PCBL,Cristal Kanchanjanga Securites Pvt. Ltd.,Naasa Securities Co. Ltd.,220,262.6,57772.0,2025-08-05 13:38:12.773707
2025-08-05,51343,2025080501041721,PCBL,Sweta Securities Private Limited,Naasa Securities Co. Ltd.,10,262.5,2625.0,2025-08-05 13:38:12.773888
2025-08-05,51342,2025080501041722,PCBL,Vision Securities Pvt. Ltd,Naasa Securities Co. Ltd.,770,262.5,202125.0,2025-08-05 13:38:12.773960
2025-08-05,50588,2025080501042025,PCBL,Property Wiard Limited,Trishakti Securities Public Limited,1000,262.6,262600.0,2025-08-05 13:39:49.601705
2025-08-05,50448,2025080501042095,PCBL,J.F. Securites (PVT) Ltd.,Trishakti Securities Public Limited,206,262.6,54095.6,2025-08-05 13:40:10.779428
2025-08-05,49602,2025080501042364,PCBL,Kohinoor Investment & Securities Pvt. Ltd.,Online Securities Pvt. Ltd.,10,263.0,2630.0,2025-08-05 13:42:28.180569
2025-08-05,49554,2025080501042372,PCBL,ABC Securities Private Limited,Online Securities Pvt. Ltd.,27,263.0,7101.0,2025-08-05 13:42:34.879857
2025-08-05,48573,2025080501042699,PCBL,Trisul Securities & Invt. Ltd.,Naasa Securities Co. Ltd.,38,264.0,10032.0,2025-08-05 13:45:25.149452
2025-08-05,48564,2025080501042701,PCBL,ABC Securities Private Limited,Dipshikha Dhitopatra Karobar Co. Pvt Ltd.,138,263.0,36294.0,2025-08-05 13:45:25.478567
2025-08-05,48088,2025080501042916,PCBL,ABC Securities Private Limited,Naasa Securities Co. Ltd.,335,263.0,88105.0,2025-08-05 13:46:40.346210
2025-08-05,48034,2025080501042935,PCBL,J.F. Securites (PVT) Ltd.,Naasa Securities Co. Ltd.,127,262.6,33350.2,2025-08-05 13:46:50.528017
2025-08-05,46982,2025080501043292,PCBL,J.F. Securites (PVT) Ltd.,Naasa Securities Co. Ltd.,167,262.6,43854.2,2025-08-05 13:49:57.242193
2025-08-05,46981,2025080501043293,PCBL,Vision Securities Pvt. Ltd,Naasa Securities Co. Ltd.,300,262.6,78780.0,2025-08-05 13:49:57.242575
2025-08-05,46980,2025080501043294,PCBL,Imperial Securities Company Pvt. Ltd.,Naasa Securities Co. Ltd.,24,262.6,6302.4,2025-08-05 13:49:57.242816
2025-08-05,46977,2025080501043296,PCBL,Vision Securities Pvt. Ltd,Naasa Securities Co. Ltd.,230,262.6,60398.0,2025-08-05 13:49:57.953909
2025-08-05,46898,2025080501043323,PCBL,Property Wiard Limited,Naasa Securities Co. Ltd.,779,262.5,204487.5,2025-08-05 13:50:10.543445
2025-08-05,46229,2025080501043546,PCBL,Premier Securities Company Ltd.,Arun Securities (PVT) Ltd.,184,264.9,48741.6,2025-08-05 13:52:11.017251
2025-08-05,46228,2025080501043547,PCBL,Premier Securities Company Ltd.,Naasa Securities Co. Ltd.,316,265.0,83740.0,2025-08-05 13:52:11.017435
2025-08-05,43772,2025080501044210,PCBL,Vision Securities Pvt. Ltd,Opal Securities Investment (PVT) Ltd.,77,263.0,20251.0,2025-08-05 13:58:55.056393
2025-08-05,43422,2025080501044299,PCBL,Vision Securities Pvt. Ltd,Naasa Securities Co. Ltd.,2000,263.0,526000.0,2025-08-05 13:59:42.529673
2025-08-05,42586,2025080501044502,PCBL,Vision Securities Pvt. Ltd,Neev Securities Pvt. Ltd.,200,263.0,52600.0,2025-08-05 14:01:50.605257
2025-08-05,41400,2025080501044884,PCBL,Dipshikha Dhitopatra Karobar Co. Pvt Ltd.,Dynamic Money Managers Securities Pvt. Ltd.,27,263.1,7103.7,2025-08-05 14:05:12.697835
2025-08-05,40809,2025080501045063,PCBL,Dipshikha Dhitopatra Karobar Co. Pvt Ltd.,Opal Securities Investment (PVT) Ltd.,73,263.1,19206.3,2025-08-05 14:06:43.551597
2025-08-05,40808,2025080501045064,PCBL,Shree Krishna Securities Ltd.,Opal Securities Investment (PVT) Ltd.,30,263.1,7893.0,2025-08-05 14:06:43.551633
2025-08-05,40807,2025080501045065,PCBL,Vision Securities Pvt. Ltd,Opal Securities Investment (PVT) Ltd.,97,263.0,25511.0,2025-08-05 14:06:43.551662
2025-08-05,40744,2025080501045080,PCBL,Vision Securities Pvt. Ltd,Naasa Securities Co. Ltd.,1000,263.0,263000.0,2025-08-05 14:06:54.970560
2025-08-05,40603,2025080501045115,PCBL,Vision Securities Pvt. Ltd,Sani Securities Company Ltd.,626,263.0,164638.0,2025-08-05 14:07:18.329995
2025-08-05,40602,2025080501045116,PCBL,Agrawal Securities (PVT) Ltd.,Sani Securities Company Ltd.,300,263.0,78900.0,2025-08-05 14:07:18.330234
2025-08-05,40096,2025080501045276,PCBL,South Asian Bulls Pvt. Ltd.,Sani Securities Company Ltd.,1000,263.0,263000.0,2025-08-05 14:08:52.497451
2025-08-05,38086,2025080501045840,PCBL,Agrawal Securities (PVT) Ltd.,Kohinoor Investment & Securities Pvt. Ltd.,228,263.0,59964.0,2025-08-05 14:13:48.280070
2025-08-05,37158,2025080501046084,PCBL,Agrawal Securities (PVT) Ltd.,Online Securities Pvt. Ltd.,356,263.0,93628.0,2025-08-05 14:15:20.231058
2025-08-05,37117,2025080501046097,PCBL,Agrawal Securities (PVT) Ltd.,Naasa Securities Co. Ltd.,416,263.0,109408.0,2025-08-05 14:15:26.259063
2025-08-05,37063,2025080501046113,PCBL,Nagarik Stock Dealer ,Naasa Securities Co. Ltd.,268,263.0,70484.0,2025-08-05 14:15:31.755805
2025-08-05,36276,2025080501046241,PCBL,Trishakti Securities Public Limited,Neev Securities Pvt. Ltd.,80,264.0,21120.0,2025-08-05 14:16:35.870050
2025-08-05,35836,2025080501046337,PCBL,Nagarik Stock Dealer ,Agrawal Securities (PVT) Ltd.,19,263.0,4997.0,2025-08-05 14:17:24.131672
2025-08-05,35780,2025080501046345,PCBL,Nagarik Stock Dealer ,J.F. Securites (PVT) Ltd.,50,263.0,13150.0,2025-08-05 14:17:29.582125
2025-08-05,33059,2025080501047061,PCBL,Capital Max Securities Ltd,Sani Securities Company Ltd.,300,264.7,79410.0,2025-08-05 14:23:13.179301
2025-08-05,32599,2025080501047155,PCBL,Nagarik Stock Dealer ,ABC Securities Private Limited,187,263.0,49181.0,2025-08-05 14:24:12.655972
2025-08-05,32522,2025080501047176,PCBL,Nagarik Stock Dealer ,Kohinoor Investment & Securities Pvt. Ltd.,101,263.0,26563.0,2025-08-05 14:24:25.403581
2025-08-05,30039,2025080501047916,PCBL,Agrawal Securities (PVT) Ltd.,Sani Securities Company Ltd.,500,263.5,131750.0,2025-08-05 14:30:25.999128
2025-08-05,29786,2025080501047986,PCBL,Premier Securities Company Ltd.,Sani Securities Company Ltd.,40,263.5,10540.0,2025-08-05 14:31:04.676011
2025-08-05,29785,2025080501047987,PCBL,Imperial Securities Company Pvt. Ltd.,Sani Securities Company Ltd.,880,263.1,231528.0,2025-08-05 14:31:04.676235
2025-08-05,29365,2025080501048079,PCBL,Imperial Securities Company Pvt. Ltd.,Secured Securities Ltd.,104,263.1,27362.4,2025-08-05 14:31:47.415367
2025-08-05,28623,2025080501048284,PCBL,Imperial Securities Company Pvt. Ltd.,Naasa Securities Co. Ltd.,16,264.6,4233.6,2025-08-05 14:33:23.794365
2025-08-05,26642,2025080501048816,PCBL,Sani Securities Company Ltd.,Naasa Securities Co. Ltd.,120,264.0,31680.0,2025-08-05 14:36:50.837176
2025-08-05,26498,2025080501048856,PCBL,Nagarik Stock Dealer ,Naasa Securities Co. Ltd.,375,263.0,98625.0,2025-08-05 14:37:03.118202
2025-08-05,26497,2025080501048857,PCBL,Sewa Securities Pvt. Ltd.,Naasa Securities Co. Ltd.,25,263.0,6575.0,2025-08-05 14:37:03.118622
2025-08-05,26496,2025080501048858,PCBL,Sani Securities Company Ltd.,Naasa Securities Co. Ltd.,480,263.0,126240.0,2025-08-05 14:37:03.118945
2025-08-05,25661,2025080501049050,PCBL,Sani Securities Company Ltd.,Shree Krishna Securities Ltd.,20,263.0,5260.0,2025-08-05 14:38:04.187505
2025-08-05,25660,2025080501049051,PCBL,Naasa Securities Co. Ltd.,Shree Krishna Securities Ltd.,20,263.0,5260.0,2025-08-05 14:38:04.187706
2025-08-05,25659,2025080501049052,PCBL,South Asian Bulls Pvt. Ltd.,Shree Krishna Securities Ltd.,60,262.9,15774.0,2025-08-05 14:38:04.187792
2025-08-05,23931,2025080501049437,PCBL,South Asian Bulls Pvt. Ltd.,Naasa Securities Co. Ltd.,500,262.9,131450.0,2025-08-05 14:40:03.060523
2025-08-05,23523,2025080501049562,PCBL,South Asian Bulls Pvt. Ltd.,Naasa Securities Co. Ltd.,284,262.9,74663.6,2025-08-05 14:40:37.760574
2025-08-05,22024,2025080501049905,PCBL,South Asian Bulls Pvt. Ltd.,Sani Securities Company Ltd.,156,262.9,41012.4,2025-08-05 14:42:21.739392
2025-08-05,21538,2025080501049994,PCBL,Miyo Securities Pvt Ltd,Sani Securities Company Ltd.,1000,262.8,262800.0,2025-08-05 14:42:55.738650
2025-08-05,21537,2025080501049995,PCBL,Sewa Securities Pvt. Ltd.,Sani Securities Company Ltd.,100,262.8,26280.0,2025-08-05 14:42:55.739078
2025-08-05,21032,2025080501050085,PCBL,Dipshikha Dhitopatra Karobar Co. Pvt Ltd.,Sani Securities Company Ltd.,100,262.6,26260.0,2025-08-05 14:43:21.567096
2025-08-05,21031,2025080501050086,PCBL,Vision Securities Pvt. Ltd,Sani Securities Company Ltd.,200,262.6,52520.0,2025-08-05 14:43:21.567483
2025-08-05,21030,2025080501050087,PCBL,Sani Securities Company Ltd.,Sani Securities Company Ltd.,300,262.6,78780.0,2025-08-05 14:43:21.567724
2025-08-05,20914,2025080501050121,PCBL,Property Wiard Limited,Naasa Securities Co. Ltd.,221,262.5,58012.5,2025-08-05 14:43:30.263708
2025-08-05,20913,2025080501050122,PCBL,Aryatara Investment & Securities,Naasa Securities Co. Ltd.,200,262.2,52440.0,2025-08-05 14:43:30.263851
2025-08-05,20912,2025080501050123,PCBL,Vision Securities Pvt. Ltd,Naasa Securities Co. Ltd.,223,262.1,58448.3,2025-08-05 14:43:30.263940
2025-08-05,20749,2025080501050144,PCBL,Vision Securities Pvt. Ltd,Naasa Securities Co. Ltd.,500,262.1,131050.0,2025-08-05 14:43:39.771818
2025-08-05,20422,2025080501050211,PCBL,Vision Securities Pvt. Ltd,Sani Securities Company Ltd.,277,262.1,72601.7,2025-08-05 14:44:03.436124
2025-08-05,20421,2025080501050212,PCBL,Vision Securities Pvt. Ltd,Sani Securities Company Ltd.,200,262.1,52420.0,2025-08-05 14:44:03.436339
2025-08-05,20420,2025080501050213,PCBL,Aryatara Investment & Securities,Sani Securities Company Ltd.,250,262.0,65500.0,2025-08-05 14:44:03.436423
2025-08-05,20419,2025080501050214,PCBL,Aryatara Investment & Securities,Sani Securities Company Ltd.,50,262.0,13100.0,2025-08-05 14:44:03.436503
2025-08-05,20418,2025080501050215,PCBL,Malla & Malla Stock Broking Company Pvt. Limited,Sani Securities Company Ltd.,100,262.0,26200.0,2025-08-05 14:44:03.436582
2025-08-05,20417,2025080501050216,PCBL,Oxford Securities Pvt. Ltd.,Sani Securities Company Ltd.,40,262.0,10480.0,2025-08-05 14:44:03.436667
2025-08-05,20416,2025080501050217,PCBL,Dipshikha Dhitopatra Karobar Co. Pvt Ltd.,Sani Securities Company Ltd.,72,262.0,18864.0,2025-08-05 14:44:03.436746
2025-08-05,20415,2025080501050218,PCBL,Vision Securities Pvt. Ltd,Sani Securities Company Ltd.,500,262.0,131000.0,2025-08-05 14:44:03.436823
2025-08-05,20414,2025080501050219,PCBL,Stoxkarts Securities Limited,Sani Securities Company Ltd.,11,262.0,2882.0,2025-08-05 14:44:03.436900
2025-08-05,19600,2025080501050385,PCBL,Stoxkarts Securities Limited,Asian Securities Private Ltd.,39,262.0,10218.0,2025-08-05 14:44:53.804297
2025-08-05,19599,2025080501050386,PCBL,Sani Securities Company Ltd.,Asian Securities Private Ltd.,20,262.0,5240.0,2025-08-05 14:44:53.804500
2025-08-05,19598,2025080501050387,PCBL,Miyo Securities Pvt Ltd,Asian Securities Private Ltd.,441,261.4,115277.4,2025-08-05 14:44:53.804585
2025-08-05,18595,2025080501050570,PCBL,Sani Securities Company Ltd.,Sri Hari Securities Pvt. Ltd.,3,257.5,772.5,2025-08-05 14:45:47.292059
2025-08-05,18231,2025080501050665,PCBL,Shree Krishna Securities Ltd.,Naasa Securities Co. Ltd.,20,261.5,5230.0,2025-08-05 14:46:11.197040
2025-08-05,18230,2025080501050666,PCBL,Miyo Securities Pvt Ltd,Naasa Securities Co. Ltd.,559,261.4,146122.6,2025-08-05 14:46:11.197260
2025-08-05,18229,2025080501050667,PCBL,Sri Hari Securities Pvt. Ltd.,Naasa Securities Co. Ltd.,2421,261.3,632607.3,2025-08-05 14:46:11.197342
2025-08-05,17565,2025080501050794,PCBL,Sri Hari Securities Pvt. Ltd.,Sani Securities Company Ltd.,79,261.3,20642.7,2025-08-05 14:46:43.858251
2025-08-05,17194,2025080501050890,PCBL,Oxford Securities Pvt. Ltd.,Dipshikha Dhitopatra Karobar Co. Pvt Ltd.,400,261.1,104440.0,2025-08-05 14:47:05.790322
2025-08-05,17160,2025080501050891,PCBL,Oxford Securities Pvt. Ltd.,Sani Securities Company Ltd.,67,261.1,17493.7,2025-08-05 14:47:06.432607
2025-08-05,17159,2025080501050892,PCBL,Sri Hari Securities Pvt. Ltd.,Sani Securities Company Ltd.,2500,261.1,652750.0,2025-08-05 14:47:06.432821
2025-08-05,17036,2025080501050910,PCBL,Sweta Securities Private Limited,Online Securities Pvt. Ltd.,200,261.0,52200.0,2025-08-05 14:47:13.848444
2025-08-05,17035,2025080501050911,PCBL,Primo Securities (PVT) Ltd.,Online Securities Pvt. Ltd.,223,261.0,58203.0,2025-08-05 14:47:13.848629
2025-08-05,16279,2025080501051093,PCBL,Hatemalo Financial Services Private Limited,Sani Securities Company Ltd.,400,261.1,104440.0,2025-08-05 14:48:00.005713
2025-08-05,16100,2025080501051121,PCBL,Primo Securities (PVT) Ltd.,Imperial Securities Company Pvt. Ltd.,500,261.0,130500.0,2025-08-05 14:48:10.578291
2025-08-05,15979,2025080501051144,PCBL,Primo Securities (PVT) Ltd.,Imperial Securities Company Pvt. Ltd.,277,261.0,72297.0,2025-08-05 14:48:17.801537
2025-08-05,15978,2025080501051145,PCBL,Pragyan Securities (PVT) Ltd.,Imperial Securities Company Pvt. Ltd.,223,260.8,58158.4,2025-08-05 14:48:17.801912
2025-08-05,14943,2025080501051454,PCBL,Pragyan Securities (PVT) Ltd.,Sani Securities Company Ltd.,77,260.8,20081.6,2025-08-05 14:49:19.352845
2025-08-05,14942,2025080501051455,PCBL,Himalayan Brokerage Company Limited,Sani Securities Company Ltd.,10,260.7,2607.0,2025-08-05 14:49:19.353059
2025-08-05,14941,2025080501051456,PCBL,Malla & Malla Stock Broking Company Pvt. Limited,Sani Securities Company Ltd.,100,260.7,26070.0,2025-08-05 14:49:19.353138
2025-08-05,14940,2025080501051457,PCBL,Midas Stock Broking Company Private Limited,Sani Securities Company Ltd.,1000,260.7,260700.0,2025-08-05 14:49:19.353211
2025-08-05,14939,2025080501051458,PCBL,Sweta Securities Private Limited,Sani Securities Company Ltd.,180,260.2,46836.0,2025-08-05 14:49:19.353283
2025-08-05,14938,2025080501051459,PCBL,Vision Securities Pvt. Ltd,Sani Securities Company Ltd.,200,260.1,52020.0,2025-08-05 14:49:19.353357
2025-08-05,14194,2025080501051647,PCBL,Kumari Securities Private Limited,Sani Securities Company Ltd.,200,260.0,52000.0,2025-08-05 14:50:00.095036
2025-08-05,14193,2025080501051648,PCBL,Imperial Securities Company Pvt. Ltd.,Sani Securities Company Ltd.,60,260.0,15600.0,2025-08-05 14:50:00.095228
2025-08-05,14192,2025080501051649,PCBL,Kumari Securities Private Limited,Sani Securities Company Ltd.,30,260.0,7800.0,2025-08-05 14:50:00.095305
2025-08-05,14191,2025080501051650,PCBL,Trishakti Securities Public Limited,Sani Securities Company Ltd.,60,260.0,15600.0,2025-08-05 14:50:00.095383
2025-08-05,14095,2025080501051670,PCBL,Sani Securities Company Ltd.,Sani Securities Company Ltd.,50,260.1,13005.0,2025-08-05 14:50:06.239226
2025-08-05,13910,2025080501051720,PCBL,Pragyan Securities (PVT) Ltd.,Sani Securities Company Ltd.,200,260.1,52020.0,2025-08-05 14:50:15.399720
2025-08-05,13733,2025080501051761,PCBL,Imperial Securities Company Pvt. Ltd.,Sani Securities Company Ltd.,500,260.1,130050.0,2025-08-05 14:50:23.803107
2025-08-05,13689,2025080501051782,PCBL,Opal Securities Investment (PVT) Ltd.,Sani Securities Company Ltd.,50,260.1,13005.0,2025-08-05 14:50:28.286254
2025-08-05,13606,2025080501051796,PCBL,Trishakti Securities Public Limited,Sani Securities Company Ltd.,40,260.0,10400.0,2025-08-05 14:50:31.963003
2025-08-05,13605,2025080501051797,PCBL,Stoxkarts Securities Limited,Sani Securities Company Ltd.,30,260.0,7800.0,2025-08-05 14:50:31.963226
2025-08-05,13604,2025080501051798,PCBL,Sumeru Securities Pvt. Ltd.,Sani Securities Company Ltd.,2930,260.0,761800.0,2025-08-05 14:50:31.963300
2025-08-05,13540,2025080501051812,PCBL,Sumeru Securities Pvt. Ltd.,Sani Securities Company Ltd.,1810,260.0,470600.0,2025-08-05 14:50:37.054413
2025-08-05,12780,2025080501052034,PCBL,Secured Securities Ltd.,Trishakti Securities Public Limited,95,260.1,24709.5,2025-08-05 14:51:22.941321
2025-08-05,9090,2025080501052913,PCBL,Primo Securities (PVT) Ltd.,Sri Hari Securities Pvt. Ltd.,500,261.0,130500.0,2025-08-05 14:54:31.924351
2025-08-05,9089,2025080501052914,PCBL,Kohinoor Investment & Securities Pvt. Ltd.,Sri Hari Securities Pvt. Ltd.,49,260.3,12754.7,2025-08-05 14:54:31.924457
2025-08-05,9088,2025080501052915,PCBL,Arun Securities (PVT) Ltd.,Sri Hari Securities Pvt. Ltd.,300,260.1,78030.0,2025-08-05 14:54:31.924537
2025-08-05,9087,2025080501052916,PCBL,Sumeru Securities Pvt. Ltd.,Sri Hari Securities Pvt. Ltd.,151,260.0,39260.0,2025-08-05 14:54:31.924616
2025-08-05,7160,2025080501053387,PCBL,Dipshikha Dhitopatra Karobar Co. Pvt Ltd.,Nepal Stock House (PVT) Ltd.,300,260.1,78030.0,2025-08-05 14:55:54.860681
2025-08-05,7159,2025080501053388,PCBL,Sumeru Securities Pvt. Ltd.,Nepal Stock House (PVT) Ltd.,100,260.0,26000.0,2025-08-05 14:55:54.860849
2025-08-05,6140,2025080501053647,PCBL,Naasa Securities Co. Ltd.,Sani Securities Company Ltd.,50,260.0,13000.0,2025-08-05 14:56:37.851830
2025-08-05,6139,2025080501053648,PCBL,Imperial Securities Company Pvt. Ltd.,Sani Securities Company Ltd.,155,260.0,40300.0,2025-08-05 14:56:37.852260
2025-08-05,5667,2025080501053751,PCBL,Dipshikha Dhitopatra Karobar Co. Pvt Ltd.,Sani Securities Company Ltd.,57,261.0,14877.0,2025-08-05 14:57:00.418074
2025-08-05,5618,2025080501053756,PCBL,Trisul Securities & Invt. Ltd.,Sani Securities Company Ltd.,50,261.0,13050.0,2025-08-05 14:57:01.247206
2025-08-05,5237,2025080501053839,PCBL,Imperial Securities Company Pvt. Ltd.,Sani Securities Company Ltd.,100,261.0,26100.0,2025-08-05 14:57:20.450915
2025-08-05,4520,2025080501054100,PCBL,Vision Securities Pvt. Ltd,Dakshinkali Investment & Securities Pvt. Ltd.,20,260.0,5200.0,2025-08-05 14:57:42.413064
2025-08-05,4519,2025080501054101,PCBL,Naasa Securities Co. Ltd.,Dakshinkali Investment & Securities Pvt. Ltd.,50,260.0,13000.0,2025-08-05 14:57:42.413269
2025-08-05,4518,2025080501054102,PCBL,Malla & Malla Stock Broking Company Pvt. Limited,Dakshinkali Investment & Securities Pvt. Ltd.,100,260.0,26000.0,2025-08-05 14:57:42.413339
2025-08-05,4517,2025080501054103,PCBL,Agrawal Securities (PVT) Ltd.,Dakshinkali Investment & Securities Pvt. Ltd.,230,260.0,59800.0,2025-08-05 14:57:42.413408
2025-08-05,2135,2025080501054664,PCBL,Aryatara Investment & Securities,Naasa Securities Co. Ltd.,30,260.1,7803.0,2025-08-05 14:59:10.584908
2025-08-05,2134,2025080501054665,PCBL,Cristal Kanchanjanga Securites Pvt. Ltd.,Naasa Securities Co. Ltd.,100,260.1,26010.0,2025-08-05 14:59:10.585076
2025-08-05,2133,2025080501054666,PCBL,Vision Securities Pvt. Ltd,Naasa Securities Co. Ltd.,100,260.1,26010.0,2025-08-05 14:59:10.585157
2025-08-05,2132,2025080501054667,PCBL,Agrawal Securities (PVT) Ltd.,Naasa Securities Co. Ltd.,770,260.0,200200.0,2025-08-05 14:59:10.585235
2025-08-05,2131,2025080501054668,PCBL,Naasa Securities Co. Ltd.,Naasa Securities Co. Ltd.,20,260.0,5200.0,2025-08-05 14:59:10.585470
2025-08-05,2130,2025080501054669,PCBL,Investment Management Nepal Pvt. Ltd.,Naasa Securities Co. Ltd.,24,260.0,6240.0,2025-08-05 14:59:10.585696
2025-08-05,2129,2025080501054670,PCBL,Sajilo Broker Limited,Naasa Securities Co. Ltd.,50,260.0,13000.0,2025-08-05 14:59:10.585909
2025-08-05,2128,2025080501054671,PCBL,Aryatara Investment & Securities,Naasa Securities Co. Ltd.,10,260.0,2600.0,2025-08-05 14:59:10.586173
2025-08-05,2127,2025080501054672,PCBL,Sumeru Securities Pvt. Ltd.,Naasa Securities Co. Ltd.,26,260.0,6760.0,2025-08-05 14:59:10.586466
2025-08-05,1487,2025080501054794,PCBL,Sumeru Securities Pvt. Ltd.,Thrive Brokerage House Pvt. Ltd,174,260.0,45240.0,2025-08-05 14:59:27.677127
2025-08-05,1486,2025080501054795,PCBL,Malla & Malla Stock Broking Company Pvt. Limited,Thrive Brokerage House Pvt. Ltd,250,260.0,65000.0,2025-08-05 14:59:27.677290
2025-08-05,1485,2025080501054796,PCBL,Primo Securities (PVT) Ltd.,Thrive Brokerage House Pvt. Ltd,500,260.0,130000.0,2025-08-05 14:59:27.677359
2025-08-05,1484,2025080501054797,PCBL,Hatemalo Financial Services Private Limited,Thrive Brokerage House Pvt. Ltd,76,260.0,19760.0,2025-08-05 14:59:27.677428
2025-08-05,937,2025080501054956,PCBL,Thrive Brokerage House Pvt. Ltd,Sani Securities Company Ltd.,100,261.0,26100.0,2025-08-05 14:59:39.805528
2025-08-05,775,2025080501054989,PCBL,Kumari Securities Private Limited,Deevyaa Securities & Stock House Pvt. Ltd,770,260.2,200354.0,2025-08-05 14:59:43.619617
2025-08-05,774,2025080501054990,PCBL,Hatemalo Financial Services Private Limited,Deevyaa Securities & Stock House Pvt. Ltd,230,260.0,59800.0,2025-08-05 14:59:43.619817
