Date,S.N.,contract_id,symbol,buyer_broker,seller_broker,volume,price,amount,transaction_time
2025-08-05,130883,2025080501000018,SANIMA,Machhapuchchhre Securities Limited,INDEX SECURITIES LIMITED,11,375.0,4125.0,2025-08-05 10:46:00.079458
2025-08-05,130761,2025080501000122,SANIMA,Naasa Securities Co. Ltd.,Siprabi Securities Pvt. Ltd.,100,372.0,37200.0,2025-08-05 11:00:22.806893
2025-08-05,126512,2025080501004061,SANIMA,Sewa Securities Pvt. Ltd.,Nepal Stock House (PVT) Ltd.,20,375.0,7500.0,2025-08-05 11:02:57.691467
2025-08-05,126511,2025080501004062,SANIMA,Sewa Securities Pvt. Ltd.,Sumeru Securities Pvt. Ltd.,109,375.0,40875.0,2025-08-05 11:02:57.691507
2025-08-05,126510,2025080501004063,SANIMA,Sewa Securities Pvt. Ltd.,Sundhara Securities Limited,21,375.0,7875.0,2025-08-05 11:02:57.691534
2025-08-05,126218,2025080501004327,SANIMA,Imperial Securities Company Pvt. Ltd.,Sundhara Securities Limited,79,375.0,29625.0,2025-08-05 11:03:10.368826
2025-08-05,126054,2025080501004460,SANIMA,Imperial Securities Company Pvt. Ltd.,Himalayan Brokerage Company Limited,300,375.9,112770.0,2025-08-05 11:03:19.540699
2025-08-05,126053,2025080501004461,SANIMA,Imperial Securities Company Pvt. Ltd.,Thrive Brokerage House Pvt. Ltd,121,375.9,45483.9,2025-08-05 11:03:19.540748
2025-08-05,125929,2025080501004562,SANIMA,Creative Securities Pvt Ltd,Thrive Brokerage House Pvt. Ltd,179,375.9,67286.1,2025-08-05 11:03:24.902768
2025-08-05,125928,2025080501004563,SANIMA,Creative Securities Pvt Ltd,J.F. Securites (PVT) Ltd.,10,375.9,3759.0,2025-08-05 11:03:24.902812
2025-08-05,124122,2025080501006034,SANIMA,Kohinoor Investment & Securities Pvt. Ltd.,ABC Securities Private Limited,30,378.0,11340.0,2025-08-05 11:04:48.717461
2025-08-05,123519,2025080501006536,SANIMA,Creative Securities Pvt Ltd,Prabhu Stock Market Limited,421,375.9,158253.9,2025-08-05 11:05:18.496325
2025-08-05,121968,2025080501007827,SANIMA,Vision Securities Pvt. Ltd,Linch Stock Market Ltd.,100,375.1,37510.0,2025-08-05 11:06:45.846852
2025-08-05,121317,2025080501008374,SANIMA,KALASH STOCK MARKET PVT. LTD.,Creative Securities Pvt Ltd,300,375.0,112500.0,2025-08-05 11:07:19.125625
2025-08-05,121316,2025080501008375,SANIMA,Trishakti Securities Public Limited,Creative Securities Pvt Ltd,10,375.0,3750.0,2025-08-05 11:07:19.125701
2025-08-05,120911,2025080501008708,SANIMA,KALASH STOCK MARKET PVT. LTD.,Creative Securities Pvt Ltd,190,375.0,71250.0,2025-08-05 11:07:40.157354
2025-08-05,120910,2025080501008709,SANIMA,KALASH STOCK MARKET PVT. LTD.,Aryatara Investment & Securities,110,375.0,41250.0,2025-08-05 11:07:40.157544
2025-08-05,120486,2025080501009055,SANIMA,Aryatara Investment & Securities,Online Securities Pvt. Ltd.,50,374.0,18700.0,2025-08-05 11:08:04.707924
2025-08-05,120485,2025080501009056,SANIMA,Dipshikha Dhitopatra Karobar Co. Pvt Ltd.,Online Securities Pvt. Ltd.,200,374.0,74800.0,2025-08-05 11:08:04.707992
2025-08-05,120484,2025080501009057,SANIMA,Sumeru Securities Pvt. Ltd.,Online Securities Pvt. Ltd.,100,374.0,37400.0,2025-08-05 11:08:04.708040
2025-08-05,120143,2025080501009309,SANIMA,Opal Securities Investment (PVT) Ltd.,Thrive Brokerage House Pvt. Ltd,10,372.2,3722.0,2025-08-05 11:08:20.561196
2025-08-05,119068,2025080501010096,SANIMA,Nagarik Stock Dealer ,Online Securities Pvt. Ltd.,15,374.0,5610.0,2025-08-05 11:09:21.177576
2025-08-05,117054,2025080501011621,SANIMA,Roadshow securities limited,Online Securities Pvt. Ltd.,330,374.0,123420.0,2025-08-05 11:11:27.799094
2025-08-05,116482,2025080501012088,SANIMA,Siprabi Securities Pvt. Ltd.,Online Securities Pvt. Ltd.,200,374.0,74800.0,2025-08-05 11:11:50.207673
2025-08-05,116249,2025080501012249,SANIMA,Roadshow securities limited,Agrawal Securities (PVT) Ltd.,10,373.9,3739.0,2025-08-05 11:12:07.887325
2025-08-05,116013,2025080501012420,SANIMA,Naasa Securities Co. Ltd.,Online Securities Pvt. Ltd.,105,374.0,39270.0,2025-08-05 11:12:21.997045
2025-08-05,116012,2025080501012421,SANIMA,Naasa Securities Co. Ltd.,Midas Stock Broking Company Private Limited,78,374.0,29172.0,2025-08-05 11:12:21.997269
2025-08-05,116011,2025080501012422,SANIMA,Naasa Securities Co. Ltd.,Nepal Stock House (PVT) Ltd.,80,374.0,29920.0,2025-08-05 11:12:21.997414
2025-08-05,114997,2025080501013147,SANIMA,Online Securities Pvt. Ltd.,Opal Securities Investment (PVT) Ltd.,200,374.0,74800.0,2025-08-05 11:13:18.567048
2025-08-05,114996,2025080501013148,SANIMA,Roadshow securities limited,Opal Securities Investment (PVT) Ltd.,90,373.9,33651.0,2025-08-05 11:13:18.567182
2025-08-05,114995,2025080501013149,SANIMA,Malla & Malla Stock Broking Company Pvt. Limited,Opal Securities Investment (PVT) Ltd.,500,373.0,186500.0,2025-08-05 11:13:18.567250
2025-08-05,114994,2025080501013150,SANIMA,Naasa Securities Co. Ltd.,Opal Securities Investment (PVT) Ltd.,150,373.0,55950.0,2025-08-05 11:13:18.567305
2025-08-05,114993,2025080501013151,SANIMA,Naasa Securities Co. Ltd.,Opal Securities Investment (PVT) Ltd.,150,373.0,55950.0,2025-08-05 11:13:18.567355
2025-08-05,114631,2025080501013418,SANIMA,Naasa Securities Co. Ltd.,Trademow Securities Private Limited,100,372.6,37260.0,2025-08-05 11:13:41.859870
2025-08-05,113856,2025080501013950,SANIMA,Naasa Securities Co. Ltd.,Thrive Brokerage House Pvt. Ltd,100,372.6,37260.0,2025-08-05 11:14:29.553295
2025-08-05,113619,2025080501014098,SANIMA,Naasa Securities Co. Ltd.,Nepal Stock House (PVT) Ltd.,85,372.6,31671.0,2025-08-05 11:14:46.310938
2025-08-05,113618,2025080501014099,SANIMA,Premier Securities Company Ltd.,Nepal Stock House (PVT) Ltd.,500,372.5,186250.0,2025-08-05 11:14:46.311063
2025-08-05,113617,2025080501014100,SANIMA,Opal Securities Investment (PVT) Ltd.,Nepal Stock House (PVT) Ltd.,90,372.2,33498.0,2025-08-05 11:14:46.311119
2025-08-05,113616,2025080501014101,SANIMA,Naasa Securities Co. Ltd.,Nepal Stock House (PVT) Ltd.,200,372.1,74420.0,2025-08-05 11:14:46.311170
2025-08-05,113615,2025080501014102,SANIMA,Ashutosh Brokerage & Securities (PVT) Ltd.,Nepal Stock House (PVT) Ltd.,10,372.0,3720.0,2025-08-05 11:14:46.311219
2025-08-05,113614,2025080501014103,SANIMA,Opal Securities Investment (PVT) Ltd.,Nepal Stock House (PVT) Ltd.,100,371.1,37110.0,2025-08-05 11:14:46.311266
2025-08-05,113613,2025080501014104,SANIMA,Naasa Securities Co. Ltd.,Nepal Stock House (PVT) Ltd.,1000,371.1,371100.0,2025-08-05 11:14:46.311312
2025-08-05,113612,2025080501014105,SANIMA,Primo Securities (PVT) Ltd.,Nepal Stock House (PVT) Ltd.,500,370.3,185150.0,2025-08-05 11:14:46.311357
2025-08-05,113611,2025080501014106,SANIMA,Nepal Stock House (PVT) Ltd.,Nepal Stock House (PVT) Ltd.,1000,370.2,370200.0,2025-08-05 11:14:46.311400
2025-08-05,113610,2025080501014107,SANIMA,Sundhara Securities Limited,Nepal Stock House (PVT) Ltd.,310,370.0,114700.0,2025-08-05 11:14:46.311447
2025-08-05,113314,2025080501014280,SANIMA,Sundhara Securities Limited,Shree Krishna Securities Ltd.,100,370.0,37000.0,2025-08-05 11:15:09.043554
2025-08-05,112217,2025080501014880,SANIMA,Deevyaa Securities & Stock House Pvt. Ltd,Naasa Securities Co. Ltd.,10,370.5,3705.0,2025-08-05 11:16:44.785808
2025-08-05,112216,2025080501014881,SANIMA,Naasa Securities Co. Ltd.,Naasa Securities Co. Ltd.,74,370.4,27409.6,2025-08-05 11:16:44.786054
2025-08-05,112146,2025080501014929,SANIMA,Naasa Securities Co. Ltd.,Neev Securities Pvt. Ltd.,10,370.4,3704.0,2025-08-05 11:16:50.944944
2025-08-05,111443,2025080501015309,SANIMA,Dipshikha Dhitopatra Karobar Co. Pvt Ltd.,Opal Securities Investment (PVT) Ltd.,120,373.0,44760.0,2025-08-05 11:17:43.760418
2025-08-05,111221,2025080501015455,SANIMA,Asian Securities Private Ltd.,KALASH STOCK MARKET PVT. LTD.,104,370.4,38521.6,2025-08-05 11:17:56.215477
2025-08-05,110415,2025080501015961,SANIMA,Roadshow securities limited,Shree Krishna Securities Ltd.,100,370.3,37030.0,2025-08-05 11:19:00.939683
2025-08-05,110382,2025080501015974,SANIMA,Roadshow securities limited,KALASH STOCK MARKET PVT. LTD.,30,370.3,11109.0,2025-08-05 11:19:03.387043
2025-08-05,110078,2025080501016177,SANIMA,SUN SECURITIES PVT LTD,Dakshinkali Investment & Securities Pvt. Ltd.,20,374.5,7490.0,2025-08-05 11:19:30.383119
2025-08-05,108635,2025080501016998,SANIMA,Machhapuchchhre Securities Limited,K.B.L. Securities Limited ,100,370.5,37050.0,2025-08-05 11:21:43.170972
2025-08-05,108634,2025080501016999,SANIMA,SUN SECURITIES PVT LTD,K.B.L. Securities Limited ,20,370.4,7408.0,2025-08-05 11:21:43.171108
2025-08-05,108633,2025080501017000,SANIMA,Opal Securities Investment (PVT) Ltd.,K.B.L. Securities Limited ,100,370.4,37040.0,2025-08-05 11:21:43.171176
2025-08-05,108586,2025080501017037,SANIMA,Dipshikha Dhitopatra Karobar Co. Pvt Ltd.,K.B.L. Securities Limited ,500,370.4,185200.0,2025-08-05 11:21:47.117492
2025-08-05,108178,2025080501017274,SANIMA,Imperial Securities Company Pvt. Ltd.,K.B.L. Securities Limited ,280,370.4,103712.0,2025-08-05 11:22:17.893156
2025-08-05,107038,2025080501017932,SANIMA,Machhapuchchhre Securities Limited,Opal Securities Investment (PVT) Ltd.,109,370.5,40384.5,2025-08-05 11:24:04.055263
2025-08-05,106466,2025080501018315,SANIMA,Machhapuchchhre Securities Limited,Vision Securities Pvt. Ltd,91,370.5,33715.5,2025-08-05 11:24:42.412947
2025-08-05,106465,2025080501018316,SANIMA,Imperial Securities Company Pvt. Ltd.,Vision Securities Pvt. Ltd,323,370.4,119639.2,2025-08-05 11:24:42.413205
2025-08-05,104202,2025080501019821,SANIMA,Nepal Stock House (PVT) Ltd.,Asian Securities Private Ltd.,11,372.0,4092.0,2025-08-05 11:27:57.307867
2025-08-05,104030,2025080501019919,SANIMA,Nepal Stock House (PVT) Ltd.,Naasa Securities Co. Ltd.,500,372.9,186450.0,2025-08-05 11:28:19.018923
2025-08-05,104029,2025080501019920,SANIMA,Nepal Stock House (PVT) Ltd.,South Asian Bulls Pvt. Ltd.,500,373.0,186500.0,2025-08-05 11:28:19.019255
2025-08-05,103899,2025080501020001,SANIMA,Nepal Stock House (PVT) Ltd.,Naasa Securities Co. Ltd.,100,372.0,37200.0,2025-08-05 11:28:35.277577
2025-08-05,103512,2025080501020208,SANIMA,Nepal Stock House (PVT) Ltd.,Naasa Securities Co. Ltd.,89,372.0,33108.0,2025-08-05 11:29:15.884663
2025-08-05,103511,2025080501020209,SANIMA,Machhapuchchhre Securities Limited,Naasa Securities Co. Ltd.,100,371.2,37120.0,2025-08-05 11:29:15.884904
2025-08-05,103510,2025080501020210,SANIMA,Naasa Securities Co. Ltd.,Naasa Securities Co. Ltd.,111,371.1,41192.1,2025-08-05 11:29:15.885101
2025-08-05,103109,2025080501020432,SANIMA,Trisul Securities & Invt. Ltd.,Cristal Kanchanjanga Securites Pvt. Ltd.,10,372.0,3720.0,2025-08-05 11:30:09.508649
2025-08-05,102974,2025080501020495,SANIMA,Nepal Stock House (PVT) Ltd.,Cristal Kanchanjanga Securites Pvt. Ltd.,100,372.0,37200.0,2025-08-05 11:30:30.258180
2025-08-05,102747,2025080501020614,SANIMA,Machhapuchchhre Securities Limited,Cristal Kanchanjanga Securites Pvt. Ltd.,90,371.2,33408.0,2025-08-05 11:31:02.758514
2025-08-05,101440,2025080501021299,SANIMA,Nepal Stock House (PVT) Ltd.,Linch Stock Market Ltd.,20,372.0,7440.0,2025-08-05 11:33:43.013878
2025-08-05,100498,2025080501021833,SANIMA,Kumari Securities Private Limited,Linch Stock Market Ltd.,25,372.0,9300.0,2025-08-05 11:35:17.812314
2025-08-05,100352,2025080501021908,SANIMA,Kohinoor Investment & Securities Pvt. Ltd.,Linch Stock Market Ltd.,264,372.0,98208.0,2025-08-05 11:35:33.472472
2025-08-05,100215,2025080501021965,SANIMA,Naasa Securities Co. Ltd.,Opal Securities Investment (PVT) Ltd.,500,373.0,186500.0,2025-08-05 11:35:43.632108
2025-08-05,100214,2025080501021966,SANIMA,Naasa Securities Co. Ltd.,Vision Securities Pvt. Ltd,200,373.0,74600.0,2025-08-05 11:35:43.632254
2025-08-05,100213,2025080501021967,SANIMA,Naasa Securities Co. Ltd.,Thrive Brokerage House Pvt. Ltd,100,373.0,37300.0,2025-08-05 11:35:43.632316
2025-08-05,99427,2025080501022381,SANIMA,Himalayan Brokerage Company Limited,Secured Securities Ltd.,13,372.1,4837.3,2025-08-05 11:37:03.942984
2025-08-05,98289,2025080501023012,SANIMA,Sundhara Securities Limited,Sani Securities Company Ltd.,80,373.0,29840.0,2025-08-05 11:39:16.750834
2025-08-05,98258,2025080501023027,SANIMA,Sundhara Securities Limited,Vision Securities Pvt. Ltd,120,373.2,44784.0,2025-08-05 11:39:22.532452
2025-08-05,98257,2025080501023028,SANIMA,Himalayan Brokerage Company Limited,Vision Securities Pvt. Ltd,358,372.1,133211.8,2025-08-05 11:39:22.532623
2025-08-05,98256,2025080501023029,SANIMA,Dipshikha Dhitopatra Karobar Co. Pvt Ltd.,Vision Securities Pvt. Ltd,100,372.1,37210.0,2025-08-05 11:39:22.532695
2025-08-05,98255,2025080501023030,SANIMA,Kohinoor Investment & Securities Pvt. Ltd.,Vision Securities Pvt. Ltd,422,372.0,156984.0,2025-08-05 11:39:22.532766
2025-08-05,98155,2025080501023088,SANIMA,Kohinoor Investment & Securities Pvt. Ltd.,Dipshikha Dhitopatra Karobar Co. Pvt Ltd.,300,372.0,111600.0,2025-08-05 11:39:37.280482
2025-08-05,98149,2025080501023093,SANIMA,ABC Securities Private Limited,Creative Securities Pvt Ltd,100,374.0,37400.0,2025-08-05 11:39:37.850096
2025-08-05,98148,2025080501023094,SANIMA,ABC Securities Private Limited,Siprabi Securities Pvt. Ltd.,200,374.0,74800.0,2025-08-05 11:39:37.850256
2025-08-05,98147,2025080501023095,SANIMA,ABC Securities Private Limited,Vision Securities Pvt. Ltd,200,374.0,74800.0,2025-08-05 11:39:37.850344
2025-08-05,97292,2025080501023485,SANIMA,Dipshikha Dhitopatra Karobar Co. Pvt Ltd.,Dakshinkali Investment & Securities Pvt. Ltd.,150,374.5,56175.0,2025-08-05 11:41:24.620333
2025-08-05,97094,2025080501023584,SANIMA,Dynamic Money Managers Securities Pvt. Ltd.,Opal Securities Investment (PVT) Ltd.,50,373.0,18650.0,2025-08-05 11:41:53.039441
2025-08-05,96728,2025080501023773,SANIMA,Dynamic Money Managers Securities Pvt. Ltd.,Dipshikha Dhitopatra Karobar Co. Pvt Ltd.,500,373.0,186500.0,2025-08-05 11:42:44.685666
2025-08-05,96669,2025080501023797,SANIMA,Dynamic Money Managers Securities Pvt. Ltd.,Opal Securities Investment (PVT) Ltd.,28,373.0,10444.0,2025-08-05 11:42:54.527240
2025-08-05,96419,2025080501023896,SANIMA,Dynamic Money Managers Securities Pvt. Ltd.,Arun Securities (PVT) Ltd.,73,373.0,27229.0,2025-08-05 11:43:32.877805
2025-08-05,95839,2025080501024227,SANIMA,Imperial Securities Company Pvt. Ltd.,Sri Hari Securities Pvt. Ltd.,500,374.0,187000.0,2025-08-05 11:44:53.999997
2025-08-05,95293,2025080501024493,SANIMA,Siprabi Securities Pvt. Ltd.,Dakshinkali Investment & Securities Pvt. Ltd.,80,374.5,29960.0,2025-08-05 11:46:16.878888
2025-08-05,95059,2025080501024600,SANIMA,Machhapuchchhre Securities Limited,NIMB Stock Markets Limited,110,373.1,41041.0,2025-08-05 11:46:49.129145
2025-08-05,94784,2025080501024776,SANIMA,Naasa Securities Co. Ltd.,NIMB Stock Markets Limited,390,373.1,145509.0,2025-08-05 11:47:26.021222
2025-08-05,94372,2025080501024968,SANIMA,Naasa Securities Co. Ltd.,Sajilo Broker Limited,100,373.1,37310.0,2025-08-05 11:48:31.348413
2025-08-05,93985,2025080501025193,SANIMA,Naasa Securities Co. Ltd.,Nepal Investment And Securities Trading Private Limited,13,373.1,4850.3,2025-08-05 11:49:02.654855
2025-08-05,92856,2025080501025972,SANIMA,Naasa Securities Co. Ltd.,Nepal Investment And Securities Trading Private Limited,100,373.1,37310.0,2025-08-05 11:51:03.330934
2025-08-05,92257,2025080501026362,SANIMA,Naasa Securities Co. Ltd.,Linch Stock Market Ltd.,97,373.1,36190.7,2025-08-05 11:52:09.328614
2025-08-05,92256,2025080501026363,SANIMA,Dipshikha Dhitopatra Karobar Co. Pvt Ltd.,Linch Stock Market Ltd.,150,373.1,55965.0,2025-08-05 11:52:09.328823
2025-08-05,92255,2025080501026364,SANIMA,Dynamic Money Managers Securities Pvt. Ltd.,Linch Stock Market Ltd.,753,373.0,280869.0,2025-08-05 11:52:09.328908
2025-08-05,91644,2025080501026696,SANIMA,Dynamic Money Managers Securities Pvt. Ltd.,Bhrikuti Stock Broking Co. Pvt. Ltd.,5000,373.0,1865000.0,2025-08-05 11:53:28.043578
2025-08-05,91482,2025080501026783,SANIMA,Dynamic Money Managers Securities Pvt. Ltd.,MILKY WAY SHARE BROKER COMPANY LTD ,3596,373.0,1341308.0,2025-08-05 11:53:53.587699
2025-08-05,91481,2025080501026784,SANIMA,Aryatara Investment & Securities,MILKY WAY SHARE BROKER COMPANY LTD ,10,373.0,3730.0,2025-08-05 11:53:53.587924
2025-08-05,91480,2025080501026785,SANIMA,Imperial Securities Company Pvt. Ltd.,MILKY WAY SHARE BROKER COMPANY LTD ,12,373.0,4476.0,2025-08-05 11:53:53.588021
2025-08-05,90931,2025080501027009,SANIMA,Thrive Brokerage House Pvt. Ltd,Agrawal Securities (PVT) Ltd.,500,372.1,186050.0,2025-08-05 11:54:57.404527
2025-08-05,90604,2025080501027152,SANIMA,Kohinoor Investment & Securities Pvt. Ltd.,Linch Stock Market Ltd.,14,372.0,5208.0,2025-08-05 11:55:44.136433
2025-08-05,90603,2025080501027153,SANIMA,Naasa Securities Co. Ltd.,Linch Stock Market Ltd.,10,372.0,3720.0,2025-08-05 11:55:44.136612
2025-08-05,90602,2025080501027154,SANIMA,Naasa Securities Co. Ltd.,Linch Stock Market Ltd.,69,371.3,25619.7,2025-08-05 11:55:44.136699
2025-08-05,90306,2025080501027279,SANIMA,Naasa Securities Co. Ltd.,Nepal Stock House (PVT) Ltd.,500,371.3,185650.0,2025-08-05 11:56:33.904273
2025-08-05,90188,2025080501027327,SANIMA,Naasa Securities Co. Ltd.,Premier Securities Company Ltd.,189,371.3,70175.7,2025-08-05 11:56:49.061171
2025-08-05,89831,2025080501027504,SANIMA,Online Securities Pvt. Ltd.,Agrawal Securities (PVT) Ltd.,500,371.4,185700.0,2025-08-05 11:57:32.003718
2025-08-05,89647,2025080501027570,SANIMA,Naasa Securities Co. Ltd.,Prabhu Stock Market Limited,79,371.3,29332.7,2025-08-05 11:57:53.749081
2025-08-05,89637,2025080501027576,SANIMA,Naasa Securities Co. Ltd.,Premier Securities Company Ltd.,52,371.3,19307.6,2025-08-05 11:57:55.508096
2025-08-05,89636,2025080501027577,SANIMA,Imperial Securities Company Pvt. Ltd.,Premier Securities Company Ltd.,848,371.3,314862.4,2025-08-05 11:57:55.508132
2025-08-05,89620,2025080501027586,SANIMA,Sani Securities Company Ltd.,MILKY WAY SHARE BROKER COMPANY LTD ,270,373.0,100710.0,2025-08-05 11:57:57.971817
2025-08-05,89212,2025080501027732,SANIMA,Imperial Securities Company Pvt. Ltd.,Premier Securities Company Ltd.,663,371.3,246171.9,2025-08-05 11:58:50.794808
2025-08-05,88792,2025080501027892,SANIMA,Dynamic Money Managers Securities Pvt. Ltd.,South Asian Bulls Pvt. Ltd.,46,371.4,17084.4,2025-08-05 11:59:44.776957
2025-08-05,88746,2025080501027912,SANIMA,Dynamic Money Managers Securities Pvt. Ltd.,Vision Securities Pvt. Ltd,70,371.4,25998.0,2025-08-05 11:59:50.739236
2025-08-05,88114,2025080501028181,SANIMA,Dynamic Money Managers Securities Pvt. Ltd.,Neev Securities Pvt. Ltd.,100,371.4,37140.0,2025-08-05 12:01:03.467234
2025-08-05,87244,2025080501028552,SANIMA,Dynamic Money Managers Securities Pvt. Ltd.,Vision Securities Pvt. Ltd,60,371.4,22284.0,2025-08-05 12:03:25.000541
2025-08-05,86945,2025080501028667,SANIMA,Dynamic Money Managers Securities Pvt. Ltd.,Dynamic Money Managers Securities Pvt. Ltd.,100,371.4,37140.0,2025-08-05 12:04:14.084420
2025-08-05,86941,2025080501028671,SANIMA,Dynamic Money Managers Securities Pvt. Ltd.,Dakshinkali Investment & Securities Pvt. Ltd.,1000,371.4,371400.0,2025-08-05 12:04:14.689940
2025-08-05,86344,2025080501028939,SANIMA,Linch Stock Market Ltd.,Dakshinkali Investment & Securities Pvt. Ltd.,50,371.5,18575.0,2025-08-05 12:05:52.432791
2025-08-05,86248,2025080501028954,SANIMA,Linch Stock Market Ltd.,Vision Securities Pvt. Ltd,111,371.5,41236.5,2025-08-05 12:06:05.678080
2025-08-05,86230,2025080501028963,SANIMA,Hatemalo Financial Services Private Limited,Vision Securities Pvt. Ltd,93,371.5,34549.5,2025-08-05 12:06:09.751052
2025-08-05,85444,2025080501029245,SANIMA,Hatemalo Financial Services Private Limited,Machhapuchchhre Securities Limited,100,371.5,37150.0,2025-08-05 12:08:09.156847
2025-08-05,85157,2025080501029382,SANIMA,Hatemalo Financial Services Private Limited,Dynamic Money Managers Securities Pvt. Ltd.,807,371.5,299800.5,2025-08-05 12:08:54.222108
2025-08-05,85156,2025080501029383,SANIMA,Dynamic Money Managers Securities Pvt. Ltd.,Dynamic Money Managers Securities Pvt. Ltd.,4193,371.4,1557280.2,2025-08-05 12:08:54.222383
2025-08-05,84669,2025080501029672,SANIMA,Imperial Securities Company Pvt. Ltd.,Online Securities Pvt. Ltd.,500,371.9,185950.0,2025-08-05 12:10:04.117284
2025-08-05,84509,2025080501029712,SANIMA,Dynamic Money Managers Securities Pvt. Ltd.,Nepal Stock House (PVT) Ltd.,467,371.4,173443.8,2025-08-05 12:10:21.379119
2025-08-05,84043,2025080501029917,SANIMA,Trisul Securities & Invt. Ltd.,Premier Securities Company Ltd.,20,372.0,7440.0,2025-08-05 12:11:51.308715
2025-08-05,84042,2025080501029918,SANIMA,Trisul Securities & Invt. Ltd.,Cristal Kanchanjanga Securites Pvt. Ltd.,130,372.0,48360.0,2025-08-05 12:11:51.308914
2025-08-05,83645,2025080501030064,SANIMA,Dynamic Money Managers Securities Pvt. Ltd.,Sundhara Securities Limited,10,371.4,3714.0,2025-08-05 12:12:53.070471
2025-08-05,83335,2025080501030191,SANIMA,Naasa Securities Co. Ltd.,Dakshinkali Investment & Securities Pvt. Ltd.,25,372.0,9300.0,2025-08-05 12:13:40.401328
2025-08-05,82758,2025080501030392,SANIMA,Dynamic Money Managers Securities Pvt. Ltd.,Cristal Kanchanjanga Securites Pvt. Ltd.,100,371.4,37140.0,2025-08-05 12:14:56.561771
2025-08-05,82435,2025080501030547,SANIMA,Dynamic Money Managers Securities Pvt. Ltd.,Prabhu Stock Market Limited,500,371.4,185700.0,2025-08-05 12:15:30.383386
2025-08-05,82158,2025080501030644,SANIMA,Dynamic Money Managers Securities Pvt. Ltd.,Imperial Securities Company Pvt. Ltd.,1402,371.4,520702.8,2025-08-05 12:16:10.865869
2025-08-05,81986,2025080501030705,SANIMA,Midas Stock Broking Company Private Limited,Dakshinkali Investment & Securities Pvt. Ltd.,30,372.0,11160.0,2025-08-05 12:16:32.801963
2025-08-05,81883,2025080501030727,SANIMA,Nepal Stock House (PVT) Ltd.,Dakshinkali Investment & Securities Pvt. Ltd.,10,372.0,3720.0,2025-08-05 12:16:46.580922
2025-08-05,81703,2025080501030799,SANIMA,Dynamic Money Managers Securities Pvt. Ltd.,Shree Krishna Securities Ltd.,98,371.4,36397.2,2025-08-05 12:17:14.701019
2025-08-05,80750,2025080501031073,SANIMA,Dynamic Money Managers Securities Pvt. Ltd.,Nepal Stock House (PVT) Ltd.,1854,371.4,688575.6,2025-08-05 12:19:22.950579
2025-08-05,80749,2025080501031074,SANIMA,Malla & Malla Stock Broking Company Pvt. Limited,Nepal Stock House (PVT) Ltd.,50,371.4,18570.0,2025-08-05 12:19:22.950968
2025-08-05,80748,2025080501031075,SANIMA,Premier Securities Company Ltd.,Nepal Stock House (PVT) Ltd.,493,371.3,183050.9,2025-08-05 12:19:22.951305
2025-08-05,80747,2025080501031076,SANIMA,Sani Securities Company Ltd.,Nepal Stock House (PVT) Ltd.,300,371.0,111300.0,2025-08-05 12:19:22.951612
2025-08-05,80746,2025080501031077,SANIMA,Kohinoor Investment & Securities Pvt. Ltd.,Nepal Stock House (PVT) Ltd.,10,371.0,3710.0,2025-08-05 12:19:22.951877
2025-08-05,80745,2025080501031078,SANIMA,Agrawal Securities (PVT) Ltd.,Nepal Stock House (PVT) Ltd.,100,371.0,37100.0,2025-08-05 12:19:22.952182
2025-08-05,80744,2025080501031079,SANIMA,Roadshow securities limited,Nepal Stock House (PVT) Ltd.,200,370.3,74060.0,2025-08-05 12:19:22.952434
2025-08-05,80743,2025080501031080,SANIMA,Imperial Securities Company Pvt. Ltd.,Nepal Stock House (PVT) Ltd.,1000,370.2,370200.0,2025-08-05 12:19:22.952720
2025-08-05,80742,2025080501031081,SANIMA,Imperial Securities Company Pvt. Ltd.,Nepal Stock House (PVT) Ltd.,300,370.1,111030.0,2025-08-05 12:19:22.952994
2025-08-05,80741,2025080501031082,SANIMA,Sundhara Securities Limited,Nepal Stock House (PVT) Ltd.,90,370.0,33300.0,2025-08-05 12:19:22.953268
2025-08-05,80740,2025080501031083,SANIMA,Dynamic Money Managers Securities Pvt. Ltd.,Nepal Stock House (PVT) Ltd.,5000,370.0,1850000.0,2025-08-05 12:19:22.953548
2025-08-05,80739,2025080501031084,SANIMA,Ashutosh Brokerage & Securities (PVT) Ltd.,Nepal Stock House (PVT) Ltd.,500,370.0,185000.0,2025-08-05 12:19:22.953800
2025-08-05,80738,2025080501031085,SANIMA,Vision Securities Pvt. Ltd,Nepal Stock House (PVT) Ltd.,50,370.0,18500.0,2025-08-05 12:19:22.954065
2025-08-05,80737,2025080501031086,SANIMA,Malla & Malla Stock Broking Company Pvt. Limited,Nepal Stock House (PVT) Ltd.,300,370.0,111000.0,2025-08-05 12:19:22.954328
2025-08-05,80736,2025080501031087,SANIMA,Oxford Securities Pvt. Ltd.,Nepal Stock House (PVT) Ltd.,67,370.0,24790.0,2025-08-05 12:19:22.954604
2025-08-05,80735,2025080501031088,SANIMA,Dynamic Money Managers Securities Pvt. Ltd.,Nepal Stock House (PVT) Ltd.,62,370.0,22940.0,2025-08-05 12:19:22.954861
2025-08-05,80734,2025080501031089,SANIMA,Vision Securities Pvt. Ltd,Nepal Stock House (PVT) Ltd.,100,370.0,37000.0,2025-08-05 12:19:22.955124
2025-08-05,80733,2025080501031090,SANIMA,Aryatara Investment & Securities,Nepal Stock House (PVT) Ltd.,100,370.0,37000.0,2025-08-05 12:19:22.955437
2025-08-05,80732,2025080501031091,SANIMA,N.M.B. SECURITIES LIMITED,Nepal Stock House (PVT) Ltd.,1000,370.0,370000.0,2025-08-05 12:19:22.955691
2025-08-05,80731,2025080501031092,SANIMA,Dipshikha Dhitopatra Karobar Co. Pvt Ltd.,Nepal Stock House (PVT) Ltd.,300,370.0,111000.0,2025-08-05 12:19:22.955960
2025-08-05,80652,2025080501031119,SANIMA,ABC Securities Private Limited,Nepal Stock House (PVT) Ltd.,1000,370.0,370000.0,2025-08-05 12:19:31.273873
2025-08-05,80605,2025080501031129,SANIMA,Imperial Securities Company Pvt. Ltd.,Nepal Stock House (PVT) Ltd.,3000,370.0,1110000.0,2025-08-05 12:19:39.163262
2025-08-05,80546,2025080501031154,SANIMA,Naasa Securities Co. Ltd.,Nepal Stock House (PVT) Ltd.,4000,370.0,1480000.0,2025-08-05 12:19:48.233629
2025-08-05,80065,2025080501031290,SANIMA,Imperial Securities Company Pvt. Ltd.,Aryatara Investment & Securities,21,369.4,7757.4,2025-08-05 12:20:56.428989
2025-08-05,79656,2025080501031453,SANIMA,Imperial Securities Company Pvt. Ltd.,Nepal Stock House (PVT) Ltd.,124,370.0,45880.0,2025-08-05 12:22:07.811586
2025-08-05,79655,2025080501031454,SANIMA,Imperial Securities Company Pvt. Ltd.,Sani Securities Company Ltd.,500,370.0,185000.0,2025-08-05 12:22:07.811814
2025-08-05,79654,2025080501031455,SANIMA,Imperial Securities Company Pvt. Ltd.,Vision Securities Pvt. Ltd,109,370.0,40330.0,2025-08-05 12:22:07.811899
2025-08-05,79653,2025080501031456,SANIMA,Imperial Securities Company Pvt. Ltd.,Sagarmatha Securities Private Limited,200,370.0,74000.0,2025-08-05 12:22:07.811985
2025-08-05,79234,2025080501031615,SANIMA,Naasa Securities Co. Ltd.,Linch Stock Market Ltd.,10,371.0,3710.0,2025-08-05 12:23:12.527409
2025-08-05,78844,2025080501031817,SANIMA,Dynamic Money Managers Securities Pvt. Ltd.,Linch Stock Market Ltd.,200,369.5,73900.0,2025-08-05 12:24:02.518100
2025-08-05,78784,2025080501031847,SANIMA,Dynamic Money Managers Securities Pvt. Ltd.,Sumeru Securities Pvt. Ltd.,14,369.5,5173.0,2025-08-05 12:24:11.979509
2025-08-05,78082,2025080501032137,SANIMA,Thrive Brokerage House Pvt. Ltd,Nepal Stock House (PVT) Ltd.,500,369.6,184800.0,2025-08-05 12:26:02.535590
2025-08-05,77916,2025080501032185,SANIMA,Dynamic Money Managers Securities Pvt. Ltd.,Ashutosh Brokerage & Securities (PVT) Ltd.,50,369.5,18475.0,2025-08-05 12:26:28.608133
2025-08-05,77621,2025080501032305,SANIMA,Dynamic Money Managers Securities Pvt. Ltd.,Secured Securities Ltd.,109,369.5,40275.5,2025-08-05 12:27:12.419446
2025-08-05,77503,2025080501032350,SANIMA,Dynamic Money Managers Securities Pvt. Ltd.,Bhrikuti Stock Broking Co. Pvt. Ltd.,5000,369.5,1847500.0,2025-08-05 12:27:30.932048
2025-08-05,77452,2025080501032364,SANIMA,Dynamic Money Managers Securities Pvt. Ltd.,Sani Securities Company Ltd.,339,369.5,125260.5,2025-08-05 12:27:41.474591
2025-08-05,77279,2025080501032427,SANIMA,Dynamic Money Managers Securities Pvt. Ltd.,Dipshikha Dhitopatra Karobar Co. Pvt Ltd.,50,369.5,18475.0,2025-08-05 12:28:07.342747
2025-08-05,77269,2025080501032433,SANIMA,Dynamic Money Managers Securities Pvt. Ltd.,Aakashbhairab Securities Ltd.,140,369.5,51730.0,2025-08-05 12:28:09.595751
2025-08-05,77054,2025080501032508,SANIMA,Sani Securities Company Ltd.,Nepal Stock House (PVT) Ltd.,250,369.6,92400.0,2025-08-05 12:28:50.616714
2025-08-05,76489,2025080501032736,SANIMA,Dipshikha Dhitopatra Karobar Co. Pvt Ltd.,Nepal Stock House (PVT) Ltd.,100,369.6,36960.0,2025-08-05 12:30:12.467349
2025-08-05,75809,2025080501033004,SANIMA,Dynamic Money Managers Securities Pvt. Ltd.,Trisul Securities & Invt. Ltd.,545,369.5,201377.5,2025-08-05 12:31:47.609491
2025-08-05,75770,2025080501033018,SANIMA,Dynamic Money Managers Securities Pvt. Ltd.,Malla & Malla Stock Broking Company Pvt. Limited,1000,369.5,369500.0,2025-08-05 12:31:54.121382
2025-08-05,75408,2025080501033116,SANIMA,Trisul Securities & Invt. Ltd.,Nepal Stock House (PVT) Ltd.,200,369.6,73920.0,2025-08-05 12:32:51.886429
2025-08-05,75316,2025080501033151,SANIMA,Dynamic Money Managers Securities Pvt. Ltd.,Dakshinkali Investment & Securities Pvt. Ltd.,250,369.5,92375.0,2025-08-05 12:32:57.216117
2025-08-05,75136,2025080501033231,SANIMA,Dynamic Money Managers Securities Pvt. Ltd.,Investment Management Nepal Pvt. Ltd.,1000,369.5,369500.0,2025-08-05 12:33:25.038956
2025-08-05,74563,2025080501033442,SANIMA,ABC Securities Private Limited,Nepal Stock House (PVT) Ltd.,450,369.6,166320.0,2025-08-05 12:34:53.553185
2025-08-05,74351,2025080501033560,SANIMA,ABC Securities Private Limited,Asian Securities Private Ltd.,100,369.6,36960.0,2025-08-05 12:35:17.803416
2025-08-05,73988,2025080501033698,SANIMA,Online Securities Pvt. Ltd.,Trisul Securities & Invt. Ltd.,40,369.7,14788.0,2025-08-05 12:36:17.316011
2025-08-05,73705,2025080501033818,SANIMA,Sundhara Securities Limited,Trisul Securities & Invt. Ltd.,60,369.7,22182.0,2025-08-05 12:36:54.716574
2025-08-05,73631,2025080501033833,SANIMA,Naasa Securities Co. Ltd.,Nepal Stock House (PVT) Ltd.,10,370.0,3700.0,2025-08-05 12:36:59.645563
2025-08-05,73260,2025080501033981,SANIMA,Sundhara Securities Limited,Nepal Stock House (PVT) Ltd.,40,369.7,14788.0,2025-08-05 12:37:41.572118
2025-08-05,73259,2025080501033982,SANIMA,ABC Securities Private Limited,Nepal Stock House (PVT) Ltd.,450,369.6,166320.0,2025-08-05 12:37:41.572577
2025-08-05,73127,2025080501034050,SANIMA,Dynamic Money Managers Securities Pvt. Ltd.,Sharepro Securities Private Limited,1303,369.5,481458.5,2025-08-05 12:38:02.803856
2025-08-05,73126,2025080501034051,SANIMA,Imperial Securities Company Pvt. Ltd.,Sharepro Securities Private Limited,1479,369.4,546342.6,2025-08-05 12:38:02.804337
2025-08-05,73125,2025080501034052,SANIMA,Imperial Securities Company Pvt. Ltd.,Sharepro Securities Private Limited,67,369.4,24749.8,2025-08-05 12:38:02.804619
2025-08-05,72607,2025080501034205,SANIMA,Opal Securities Investment (PVT) Ltd.,Creative Securities Pvt Ltd,100,369.3,36930.0,2025-08-05 12:39:15.584009
2025-08-05,72606,2025080501034206,SANIMA,Vision Securities Pvt. Ltd,Creative Securities Pvt Ltd,375,369.0,138375.0,2025-08-05 12:39:15.584296
2025-08-05,72605,2025080501034207,SANIMA,Hatemalo Financial Services Private Limited,Creative Securities Pvt Ltd,1000,369.0,369000.0,2025-08-05 12:39:15.584401
2025-08-05,72604,2025080501034208,SANIMA,Kohinoor Investment & Securities Pvt. Ltd.,Creative Securities Pvt Ltd,200,369.0,73800.0,2025-08-05 12:39:15.584502
2025-08-05,72603,2025080501034209,SANIMA,Dynamic Money Managers Securities Pvt. Ltd.,Creative Securities Pvt Ltd,325,369.0,119925.0,2025-08-05 12:39:15.584630
2025-08-05,72405,2025080501034258,SANIMA,Dynamic Money Managers Securities Pvt. Ltd.,Malla & Malla Stock Broking Company Pvt. Limited,1000,369.0,369000.0,2025-08-05 12:39:43.547981
2025-08-05,72101,2025080501034373,SANIMA,Dynamic Money Managers Securities Pvt. Ltd.,Sharepro Securities Private Limited,1500,369.0,553500.0,2025-08-05 12:40:29.535204
2025-08-05,71424,2025080501034567,SANIMA,Secured Securities Ltd.,Dipshikha Dhitopatra Karobar Co. Pvt Ltd.,100,369.3,36930.0,2025-08-05 12:42:27.272751
2025-08-05,70769,2025080501034833,SANIMA,Imperial Securities Company Pvt. Ltd.,ABC Securities Private Limited,10,369.1,3691.0,2025-08-05 12:44:21.504909
2025-08-05,70669,2025080501034862,SANIMA,SUN SECURITIES PVT LTD,Dipshikha Dhitopatra Karobar Co. Pvt Ltd.,20,369.3,7386.0,2025-08-05 12:44:41.535886
2025-08-05,69355,2025080501035471,SANIMA,Sundhara Securities Limited,Dipshikha Dhitopatra Karobar Co. Pvt Ltd.,20,369.3,7386.0,2025-08-05 12:48:05.659636
2025-08-05,69325,2025080501035477,SANIMA,Naasa Securities Co. Ltd.,Nepal Stock House (PVT) Ltd.,10,370.0,3700.0,2025-08-05 12:48:12.364390
2025-08-05,69209,2025080501035555,SANIMA,Imperial Securities Company Pvt. Ltd.,Nepal Stock House (PVT) Ltd.,200,370.0,74000.0,2025-08-05 12:48:24.039091
2025-08-05,68936,2025080501035681,SANIMA,Neev Securities Pvt. Ltd.,Nepal Stock House (PVT) Ltd.,200,370.0,74000.0,2025-08-05 12:48:55.134465
2025-08-05,68740,2025080501035736,SANIMA,Online Securities Pvt. Ltd.,Nepal Stock House (PVT) Ltd.,200,370.0,74000.0,2025-08-05 12:49:25.270202
2025-08-05,68576,2025080501035802,SANIMA,Sundhara Securities Limited,Vision Securities Pvt. Ltd,26,369.3,9601.8,2025-08-05 12:49:51.498019
2025-08-05,68575,2025080501035803,SANIMA,Trisul Securities & Invt. Ltd.,Vision Securities Pvt. Ltd,300,369.3,110790.0,2025-08-05 12:49:51.498266
2025-08-05,68574,2025080501035804,SANIMA,Imperial Securities Company Pvt. Ltd.,Vision Securities Pvt. Ltd,990,369.1,365409.0,2025-08-05 12:49:51.498372
2025-08-05,68573,2025080501035805,SANIMA,Dynamic Money Managers Securities Pvt. Ltd.,Vision Securities Pvt. Ltd,684,369.0,252396.0,2025-08-05 12:49:51.498469
2025-08-05,68012,2025080501036074,SANIMA,Imperial Securities Company Pvt. Ltd.,Nepal Stock House (PVT) Ltd.,2880,370.0,1065600.0,2025-08-05 12:51:27.784307
2025-08-05,68011,2025080501036075,SANIMA,Imperial Securities Company Pvt. Ltd.,Aryatara Investment & Securities,200,370.0,74000.0,2025-08-05 12:51:27.784550
2025-08-05,68010,2025080501036076,SANIMA,Imperial Securities Company Pvt. Ltd.,Naasa Securities Co. Ltd.,100,370.0,37000.0,2025-08-05 12:51:27.784675
2025-08-05,68009,2025080501036077,SANIMA,Imperial Securities Company Pvt. Ltd.,Property Wiard Limited,100,370.0,37000.0,2025-08-05 12:51:27.784791
2025-08-05,68008,2025080501036078,SANIMA,Imperial Securities Company Pvt. Ltd.,Primo Securities (PVT) Ltd.,100,370.0,37000.0,2025-08-05 12:51:27.784890
2025-08-05,68007,2025080501036079,SANIMA,Imperial Securities Company Pvt. Ltd.,Sani Securities Company Ltd.,20,370.0,7400.0,2025-08-05 12:51:27.784992
2025-08-05,68006,2025080501036080,SANIMA,Imperial Securities Company Pvt. Ltd.,Market Securities & Exchange (PVT) Ltd.,10,370.0,3700.0,2025-08-05 12:51:27.785097
2025-08-05,68001,2025080501036083,SANIMA,Imperial Securities Company Pvt. Ltd.,Linch Stock Market Ltd.,10,371.0,3710.0,2025-08-05 12:51:28.798169
2025-08-05,67041,2025080501036547,SANIMA,Kumari Securities Private Limited,J.F. Securites (PVT) Ltd.,419,369.1,154652.9,2025-08-05 12:53:57.594196
2025-08-05,65518,2025080501037009,SANIMA,Global IME Securities Limited,Vision Securities Pvt. Ltd,200,369.3,73860.0,2025-08-05 12:58:19.353406
2025-08-05,65517,2025080501037010,SANIMA,Neev Securities Pvt. Ltd.,Vision Securities Pvt. Ltd,100,369.2,36920.0,2025-08-05 12:58:19.353899
2025-08-05,65516,2025080501037011,SANIMA,K.B.L. Securities Limited ,Vision Securities Pvt. Ltd,2000,369.2,738400.0,2025-08-05 12:58:19.354224
2025-08-05,65515,2025080501037012,SANIMA,Kumari Securities Private Limited,Vision Securities Pvt. Ltd,581,369.1,214447.1,2025-08-05 12:58:19.354532
2025-08-05,65514,2025080501037013,SANIMA,Dynamic Money Managers Securities Pvt. Ltd.,Vision Securities Pvt. Ltd,119,369.0,43911.0,2025-08-05 12:58:19.354841
2025-08-05,65446,2025080501037038,SANIMA,Dynamic Money Managers Securities Pvt. Ltd.,Oxford Securities Pvt. Ltd.,1000,369.0,369000.0,2025-08-05 12:58:33.529828
2025-08-05,65355,2025080501037054,SANIMA,Dynamic Money Managers Securities Pvt. Ltd.,KALASH STOCK MARKET PVT. LTD.,372,369.0,137268.0,2025-08-05 12:58:51.048454
2025-08-05,65354,2025080501037055,SANIMA,Imperial Securities Company Pvt. Ltd.,KALASH STOCK MARKET PVT. LTD.,128,369.0,47232.0,2025-08-05 12:58:51.048921
2025-08-05,64553,2025080501037293,SANIMA,Imperial Securities Company Pvt. Ltd.,South Asian Bulls Pvt. Ltd.,500,369.0,184500.0,2025-08-05 13:00:41.154768
2025-08-05,63606,2025080501037631,SANIMA,Imperial Securities Company Pvt. Ltd.,Market Securities & Exchange (PVT) Ltd.,350,369.0,129150.0,2025-08-05 13:03:31.380866
2025-08-05,62823,2025080501037898,SANIMA,Naasa Securities Co. Ltd.,Sagarmatha Securities Private Limited,10,370.0,3700.0,2025-08-05 13:05:47.121515
2025-08-05,62447,2025080501037979,SANIMA,Online Securities Pvt. Ltd.,Kumari Securities Private Limited,10,369.1,3691.0,2025-08-05 13:06:49.446977
2025-08-05,61655,2025080501038241,SANIMA,Online Securities Pvt. Ltd.,Sani Securities Company Ltd.,190,369.1,70129.0,2025-08-05 13:08:58.472189
2025-08-05,61654,2025080501038242,SANIMA,Online Securities Pvt. Ltd.,Sani Securities Company Ltd.,175,369.1,64592.5,2025-08-05 13:08:58.472689
2025-08-05,61329,2025080501038331,SANIMA,Online Securities Pvt. Ltd.,Sewa Securities Pvt. Ltd.,25,369.1,9227.5,2025-08-05 13:10:00.310917
2025-08-05,61328,2025080501038332,SANIMA,Imperial Securities Company Pvt. Ltd.,Sewa Securities Pvt. Ltd.,22,369.0,8118.0,2025-08-05 13:10:00.311215
2025-08-05,61327,2025080501038333,SANIMA,Sani Securities Company Ltd.,Sewa Securities Pvt. Ltd.,10,369.0,3690.0,2025-08-05 13:10:00.311331
2025-08-05,61326,2025080501038334,SANIMA,Aryatara Investment & Securities,Sewa Securities Pvt. Ltd.,11,369.0,4059.0,2025-08-05 13:10:00.311437
2025-08-05,61325,2025080501038335,SANIMA,Deevyaa Securities & Stock House Pvt. Ltd,Sewa Securities Pvt. Ltd.,32,369.0,11808.0,2025-08-05 13:10:00.311542
2025-08-05,61324,2025080501038336,SANIMA,Investment Management Nepal Pvt. Ltd.,Miyo Securities Pvt Ltd,100,369.5,36950.0,2025-08-05 13:10:00.331398
2025-08-05,61312,2025080501038342,SANIMA,Dipshikha Dhitopatra Karobar Co. Pvt Ltd.,Miyo Securities Pvt Ltd,300,369.5,110850.0,2025-08-05 13:10:02.442635
2025-08-05,60417,2025080501038618,SANIMA,Neev Securities Pvt. Ltd.,Sani Securities Company Ltd.,100,369.1,36910.0,2025-08-05 13:12:05.724618
2025-08-05,59837,2025080501038835,SANIMA,Deevyaa Securities & Stock House Pvt. Ltd,Vision Securities Pvt. Ltd,200,369.0,73800.0,2025-08-05 13:13:42.068658
2025-08-05,59073,2025080501039066,SANIMA,Deevyaa Securities & Stock House Pvt. Ltd,Nabil Stock Dealer Ltd.,30,369.0,11070.0,2025-08-05 13:15:42.985256
2025-08-05,58739,2025080501039193,SANIMA,Deevyaa Securities & Stock House Pvt. Ltd,Naasa Securities Co. Ltd.,38,369.0,14022.0,2025-08-05 13:16:29.332014
2025-08-05,58738,2025080501039194,SANIMA,Naasa Securities Co. Ltd.,Naasa Securities Co. Ltd.,252,368.7,92912.4,2025-08-05 13:16:29.332509
2025-08-05,57920,2025080501039449,SANIMA,Nepal Stock House (PVT) Ltd.,Imperial Securities Company Pvt. Ltd.,98,369.0,36162.0,2025-08-05 13:18:43.388962
2025-08-05,57792,2025080501039492,SANIMA,ABC Securities Private Limited,Sani Securities Company Ltd.,51,369.1,18824.1,2025-08-05 13:19:09.162353
2025-08-05,57791,2025080501039493,SANIMA,ABC Securities Private Limited,Miyo Securities Pvt Ltd,449,369.5,165905.5,2025-08-05 13:19:09.162406
2025-08-05,56397,2025080501040021,SANIMA,Siprabi Securities Pvt. Ltd.,Miyo Securities Pvt Ltd,150,369.5,55425.0,2025-08-05 13:22:41.278345
2025-08-05,56396,2025080501040022,SANIMA,Siprabi Securities Pvt. Ltd.,Online Securities Pvt. Ltd.,250,369.9,92475.0,2025-08-05 13:22:41.283922
2025-08-05,56395,2025080501040023,SANIMA,Siprabi Securities Pvt. Ltd.,Sagarmatha Securities Private Limited,190,370.0,70300.0,2025-08-05 13:22:41.284073
2025-08-05,56394,2025080501040024,SANIMA,Siprabi Securities Pvt. Ltd.,Sweta Securities Private Limited,116,370.0,42920.0,2025-08-05 13:22:41.284183
2025-08-05,56393,2025080501040025,SANIMA,Siprabi Securities Pvt. Ltd.,Vision Securities Pvt. Ltd,784,370.0,290080.0,2025-08-05 13:22:41.284287
2025-08-05,56159,2025080501040103,SANIMA,Siprabi Securities Pvt. Ltd.,Vision Securities Pvt. Ltd,350,370.0,129500.0,2025-08-05 13:23:30.014964
2025-08-05,56037,2025080501040149,SANIMA,Trishakti Securities Public Limited,Dynamic Money Managers Securities Pvt. Ltd.,14,369.0,5166.0,2025-08-05 13:23:58.206233
2025-08-05,55752,2025080501040232,SANIMA,Trishakti Securities Public Limited,Sundhara Securities Limited,30,369.0,11070.0,2025-08-05 13:24:55.246609
2025-08-05,55361,2025080501040326,SANIMA,K.B.L. Securities Limited ,Vision Securities Pvt. Ltd,100,370.0,37000.0,2025-08-05 13:26:05.019316
2025-08-05,54511,2025080501040593,SANIMA,Dynamic Money Managers Securities Pvt. Ltd.,Dynamic Money Managers Securities Pvt. Ltd.,15000,369.9,5548500.0,2025-08-05 13:28:46.501638
2025-08-05,53758,2025080501040834,SANIMA,Trishakti Securities Public Limited,Sweta Securities Private Limited,156,369.0,57564.0,2025-08-05 13:31:16.659236
2025-08-05,52814,2025080501041227,SANIMA,Agrawal Securities (PVT) Ltd.,Sweta Securities Private Limited,44,369.0,16236.0,2025-08-05 13:34:16.158365
2025-08-05,52813,2025080501041228,SANIMA,Agrawal Securities (PVT) Ltd.,Hatemalo Financial Services Private Limited,6,369.0,2214.0,2025-08-05 13:34:16.158506
2025-08-05,52367,2025080501041393,SANIMA,Dipshikha Dhitopatra Karobar Co. Pvt Ltd.,Kalika Securities Pvt. Ltd.,200,369.0,73800.0,2025-08-05 13:35:31.267544
2025-08-05,52350,2025080501041398,SANIMA,Dipshikha Dhitopatra Karobar Co. Pvt Ltd.,Imperial Securities Company Pvt. Ltd.,400,368.8,147520.0,2025-08-05 13:35:36.212464
2025-08-05,52349,2025080501041399,SANIMA,Naasa Securities Co. Ltd.,Imperial Securities Company Pvt. Ltd.,134,368.7,49405.8,2025-08-05 13:35:36.212977
2025-08-05,52042,2025080501041483,SANIMA,Naasa Securities Co. Ltd.,Market Securities & Exchange (PVT) Ltd.,15,368.7,5530.5,2025-08-05 13:36:23.857419
2025-08-05,51793,2025080501041553,SANIMA,Naasa Securities Co. Ltd.,Trisul Securities & Invt. Ltd.,50,369.0,18450.0,2025-08-05 13:36:57.516476
2025-08-05,51792,2025080501041554,SANIMA,Naasa Securities Co. Ltd.,Vision Securities Pvt. Ltd,10,370.0,3700.0,2025-08-05 13:36:57.516526
2025-08-05,51689,2025080501041582,SANIMA,Aryatara Investment & Securities,Vision Securities Pvt. Ltd,10,369.0,3690.0,2025-08-05 13:37:19.149984
2025-08-05,51688,2025080501041583,SANIMA,Naasa Securities Co. Ltd.,Vision Securities Pvt. Ltd,99,368.7,36501.3,2025-08-05 13:37:19.150486
2025-08-05,51687,2025080501041584,SANIMA,Secured Securities Ltd.,Vision Securities Pvt. Ltd,600,368.6,221160.0,2025-08-05 13:37:19.150801
2025-08-05,51686,2025080501041585,SANIMA,Nabil Stock Dealer Ltd.,Vision Securities Pvt. Ltd,47,368.6,17324.2,2025-08-05 13:37:19.151133
2025-08-05,51316,2025080501041728,SANIMA,Primo Securities (PVT) Ltd.,Dipshikha Dhitopatra Karobar Co. Pvt Ltd.,450,369.9,166455.0,2025-08-05 13:38:17.348803
2025-08-05,51315,2025080501041729,SANIMA,Primo Securities (PVT) Ltd.,Siprabi Securities Pvt. Ltd.,213,370.0,78810.0,2025-08-05 13:38:17.349124
2025-08-05,51314,2025080501041730,SANIMA,Primo Securities (PVT) Ltd.,Imperial Securities Company Pvt. Ltd.,500,370.0,185000.0,2025-08-05 13:38:17.349237
2025-08-05,51313,2025080501041731,SANIMA,Primo Securities (PVT) Ltd.,Online Securities Pvt. Ltd.,2000,370.0,740000.0,2025-08-05 13:38:17.349354
2025-08-05,51308,2025080501041736,SANIMA,Aryatara Investment & Securities,Vision Securities Pvt. Ltd,79,368.9,29143.1,2025-08-05 13:38:17.740755
2025-08-05,51307,2025080501041737,SANIMA,Nabil Stock Dealer Ltd.,Vision Securities Pvt. Ltd,453,368.6,166975.8,2025-08-05 13:38:17.741227
2025-08-05,51306,2025080501041738,SANIMA,Naasa Securities Co. Ltd.,Vision Securities Pvt. Ltd,100,368.6,36860.0,2025-08-05 13:38:17.741541
2025-08-05,51305,2025080501041739,SANIMA,Agrawal Securities (PVT) Ltd.,Vision Securities Pvt. Ltd,368,368.6,135644.8,2025-08-05 13:38:17.741840
2025-08-05,51220,2025080501041771,SANIMA,Naasa Securities Co. Ltd.,Market Securities & Exchange (PVT) Ltd.,10,370.0,3700.0,2025-08-05 13:38:28.912468
2025-08-05,50007,2025080501042252,SANIMA,Linch Stock Market Ltd.,Trishakti Securities Public Limited,500,369.0,184500.0,2025-08-05 13:41:13.859658
2025-08-05,49887,2025080501042280,SANIMA,Kumari Securities Private Limited,Naasa Securities Co. Ltd.,27,368.7,9954.9,2025-08-05 13:41:35.011065
2025-08-05,49304,2025080501042469,SANIMA,Imperial Securities Company Pvt. Ltd.,Trishakti Securities Public Limited,201,369.0,74169.0,2025-08-05 13:43:23.476364
2025-08-05,49057,2025080501042565,SANIMA,J.F. Securites (PVT) Ltd.,Market Securities & Exchange (PVT) Ltd.,40,370.0,14800.0,2025-08-05 13:44:00.035704
2025-08-05,49056,2025080501042566,SANIMA,J.F. Securites (PVT) Ltd.,Sani Securities Company Ltd.,500,370.0,185000.0,2025-08-05 13:44:00.036269
2025-08-05,49055,2025080501042567,SANIMA,J.F. Securites (PVT) Ltd.,Opal Securities Investment (PVT) Ltd.,500,370.0,185000.0,2025-08-05 13:44:00.036613
2025-08-05,49054,2025080501042568,SANIMA,J.F. Securites (PVT) Ltd.,Online Securities Pvt. Ltd.,200,370.0,74000.0,2025-08-05 13:44:00.036925
2025-08-05,49053,2025080501042569,SANIMA,J.F. Securites (PVT) Ltd.,Premier Securities Company Ltd.,500,370.0,185000.0,2025-08-05 13:44:00.037259
2025-08-05,49052,2025080501042570,SANIMA,J.F. Securites (PVT) Ltd.,Linch Stock Market Ltd.,200,370.0,74000.0,2025-08-05 13:44:00.037566
2025-08-05,49046,2025080501042573,SANIMA,Bhrikuti Stock Broking Co. Pvt. Ltd.,Bhrikuti Stock Broking Co. Pvt. Ltd.,1,365.1,365.1,2025-08-05 13:44:01.831101
2025-08-05,48929,2025080501042599,SANIMA,J.F. Securites (PVT) Ltd.,Primo Securities (PVT) Ltd.,40,370.0,14800.0,2025-08-05 13:44:23.269628
2025-08-05,48788,2025080501042638,SANIMA,J.F. Securites (PVT) Ltd.,Naasa Securities Co. Ltd.,20,370.0,7400.0,2025-08-05 13:44:44.666801
2025-08-05,48526,2025080501042716,SANIMA,Kumari Securities Private Limited,Naasa Securities Co. Ltd.,320,370.0,118400.0,2025-08-05 13:45:33.698161
2025-08-05,47740,2025080501043011,SANIMA,Bhrikuti Stock Broking Co. Pvt. Ltd.,Bhrikuti Stock Broking Co. Pvt. Ltd.,2,365.1,730.2,2025-08-05 13:47:38.784205
2025-08-05,47454,2025080501043114,SANIMA,South Asian Bulls Pvt. Ltd.,Ashutosh Brokerage & Securities (PVT) Ltd.,132,370.0,48840.0,2025-08-05 13:48:31.984207
2025-08-05,47403,2025080501043127,SANIMA,Naasa Securities Co. Ltd.,Linch Stock Market Ltd.,10,371.0,3710.0,2025-08-05 13:48:42.125559
2025-08-05,47218,2025080501043215,SANIMA,South Asian Bulls Pvt. Ltd.,Opal Securities Investment (PVT) Ltd.,109,370.0,40330.0,2025-08-05 13:49:16.788246
2025-08-05,47165,2025080501043233,SANIMA,South Asian Bulls Pvt. Ltd.,Neev Securities Pvt. Ltd.,30,370.0,11100.0,2025-08-05 13:49:26.383320
2025-08-05,46832,2025080501043361,SANIMA,K.B.L. Securities Limited ,Linch Stock Market Ltd.,100,371.0,37100.0,2025-08-05 13:50:21.986933
2025-08-05,46817,2025080501043364,SANIMA,Machhapuchchhre Securities Limited,Linch Stock Market Ltd.,10,371.0,3710.0,2025-08-05 13:50:24.811014
2025-08-05,46525,2025080501043434,SANIMA,Kumari Securities Private Limited,Linch Stock Market Ltd.,60,371.0,22260.0,2025-08-05 13:51:09.596690
2025-08-05,46524,2025080501043435,SANIMA,Kumari Securities Private Limited,Market Securities & Exchange (PVT) Ltd.,50,371.0,18550.0,2025-08-05 13:51:09.597242
2025-08-05,46523,2025080501043436,SANIMA,Kumari Securities Private Limited,Dipshikha Dhitopatra Karobar Co. Pvt Ltd.,892,371.0,330932.0,2025-08-05 13:51:09.597644
2025-08-05,46522,2025080501043437,SANIMA,Kumari Securities Private Limited,Sagarmatha Securities Private Limited,200,371.0,74200.0,2025-08-05 13:51:09.597998
2025-08-05,46521,2025080501043438,SANIMA,Kumari Securities Private Limited,Thrive Brokerage House Pvt. Ltd,10,371.0,3710.0,2025-08-05 13:51:09.598426
2025-08-05,45802,2025080501043659,SANIMA,Sri Hari Securities Pvt. Ltd.,Sagarmatha Securities Private Limited,40,371.0,14840.0,2025-08-05 13:53:39.257064
2025-08-05,45642,2025080501043699,SANIMA,Kumari Securities Private Limited,Sagarmatha Securities Private Limited,460,371.0,170660.0,2025-08-05 13:54:05.903287
2025-08-05,45569,2025080501043729,SANIMA,South Asian Bulls Pvt. Ltd.,Sanima Securities Limited,10,371.4,3714.0,2025-08-05 13:54:20.181323
2025-08-05,44881,2025080501043920,SANIMA,Bhrikuti Stock Broking Co. Pvt. Ltd.,Dynamic Money Managers Securities Pvt. Ltd.,200,371.0,74200.0,2025-08-05 13:56:13.469166
2025-08-05,44700,2025080501043983,SANIMA,Dipshikha Dhitopatra Karobar Co. Pvt Ltd.,ABC Securities Private Limited,1,363.6,363.6,2025-08-05 13:56:42.931421
2025-08-05,44451,2025080501044059,SANIMA,Vision Securities Pvt. Ltd,Opal Securities Investment (PVT) Ltd.,200,370.2,74040.0,2025-08-05 13:57:13.511562
2025-08-05,44450,2025080501044060,SANIMA,Neev Securities Pvt. Ltd.,Opal Securities Investment (PVT) Ltd.,106,370.1,39230.6,2025-08-05 13:57:13.511668
2025-08-05,43711,2025080501044234,SANIMA,Imperial Securities Company Pvt. Ltd.,Dynamic Money Managers Securities Pvt. Ltd.,800,371.0,296800.0,2025-08-05 13:59:03.662410
2025-08-05,43243,2025080501044328,SANIMA,K.B.L. Securities Limited ,Dynamic Money Managers Securities Pvt. Ltd.,100,371.3,37130.0,2025-08-05 14:00:13.893738
2025-08-05,43060,2025080501044365,SANIMA,Dipshikha Dhitopatra Karobar Co. Pvt Ltd.,Market Securities & Exchange (PVT) Ltd.,1,365.0,365.0,2025-08-05 14:00:40.690579
2025-08-05,43057,2025080501044366,SANIMA,ABC Securities Private Limited,Dipshikha Dhitopatra Karobar Co. Pvt Ltd.,100,371.0,37100.0,2025-08-05 14:00:41.701259
2025-08-05,42988,2025080501044380,SANIMA,ABC Securities Private Limited,Sani Securities Company Ltd.,100,371.0,37100.0,2025-08-05 14:00:53.687562
2025-08-05,42466,2025080501044551,SANIMA,ABC Securities Private Limited,Dynamic Money Managers Securities Pvt. Ltd.,800,371.0,296800.0,2025-08-05 14:02:13.656781
2025-08-05,42423,2025080501044572,SANIMA,Dipshikha Dhitopatra Karobar Co. Pvt Ltd.,Imperial Securities Company Pvt. Ltd.,1,363.9,363.9,2025-08-05 14:02:19.859990
2025-08-05,41810,2025080501044745,SANIMA,ABC Securities Private Limited,Kohinoor Investment & Securities Pvt. Ltd.,300,370.3,111090.0,2025-08-05 14:04:07.268579
2025-08-05,41558,2025080501044833,SANIMA,ABC Securities Private Limited,Sundhara Securities Limited,20,370.3,7406.0,2025-08-05 14:04:46.218574
2025-08-05,41531,2025080501044846,SANIMA,Naasa Securities Co. Ltd.,Dynamic Money Managers Securities Pvt. Ltd.,10,371.0,3710.0,2025-08-05 14:04:48.479046
2025-08-05,41440,2025080501044871,SANIMA,ABC Securities Private Limited,Opal Securities Investment (PVT) Ltd.,100,370.3,37030.0,2025-08-05 14:05:06.923412
2025-08-05,40984,2025080501045015,SANIMA,ABC Securities Private Limited,Opal Securities Investment (PVT) Ltd.,51,370.3,18885.3,2025-08-05 14:06:19.396741
2025-08-05,40743,2025080501045081,SANIMA,Kumari Securities Private Limited,Dynamic Money Managers Securities Pvt. Ltd.,90,371.0,33390.0,2025-08-05 14:06:55.616119
2025-08-05,40531,2025080501045138,SANIMA,ABC Securities Private Limited,Sanima Securities Limited,18,371.4,6685.2,2025-08-05 14:07:30.936467
2025-08-05,40530,2025080501045139,SANIMA,ABC Securities Private Limited,Imperial Securities Company Pvt. Ltd.,82,371.4,30454.8,2025-08-05 14:07:30.936748
2025-08-05,40483,2025080501045158,SANIMA,Naasa Securities Co. Ltd.,Imperial Securities Company Pvt. Ltd.,10,371.4,3714.0,2025-08-05 14:07:38.440962
2025-08-05,40472,2025080501045164,SANIMA,Naasa Securities Co. Ltd.,Dakshinkali Investment & Securities Pvt. Ltd.,10,372.0,3720.0,2025-08-05 14:07:41.015314
2025-08-05,40109,2025080501045275,SANIMA,Naasa Securities Co. Ltd.,Dynamic Money Managers Securities Pvt. Ltd.,10,371.9,3719.0,2025-08-05 14:08:50.124734
2025-08-05,39571,2025080501045419,SANIMA,Naasa Securities Co. Ltd.,Dynamic Money Managers Securities Pvt. Ltd.,10,371.9,3719.0,2025-08-05 14:10:26.123952
2025-08-05,37681,2025080501045938,SANIMA,Sani Securities Company Ltd.,Nepal Stock House (PVT) Ltd.,95,371.0,35245.0,2025-08-05 14:14:27.256656
2025-08-05,37481,2025080501046004,SANIMA,Sani Securities Company Ltd.,Market Securities & Exchange (PVT) Ltd.,10,371.0,3710.0,2025-08-05 14:14:45.700427
2025-08-05,37366,2025080501046038,SANIMA,Sani Securities Company Ltd.,Secured Securities Ltd.,895,371.0,332045.0,2025-08-05 14:14:58.088582
2025-08-05,37365,2025080501046039,SANIMA,Sani Securities Company Ltd.,Secured Securities Ltd.,105,371.0,38955.0,2025-08-05 14:14:58.088833
2025-08-05,37318,2025080501046044,SANIMA,Sani Securities Company Ltd.,Trishakti Securities Public Limited,200,371.0,74200.0,2025-08-05 14:15:04.236790
2025-08-05,37206,2025080501046071,SANIMA,Sani Securities Company Ltd.,Naasa Securities Co. Ltd.,119,371.0,44149.0,2025-08-05 14:15:14.018820
2025-08-05,36625,2025080501046200,SANIMA,Sani Securities Company Ltd.,Online Securities Pvt. Ltd.,250,371.0,92750.0,2025-08-05 14:16:07.951255
2025-08-05,36367,2025080501046231,SANIMA,Sani Securities Company Ltd.,South Asian Bulls Pvt. Ltd.,11,371.0,4081.0,2025-08-05 14:16:28.417306
2025-08-05,36202,2025080501046265,SANIMA,Sani Securities Company Ltd.,Trishakti Securities Public Limited,100,371.0,37100.0,2025-08-05 14:16:45.943310
2025-08-05,36181,2025080501046271,SANIMA,Sani Securities Company Ltd.,Dakshinkali Investment & Securities Pvt. Ltd.,215,371.0,79765.0,2025-08-05 14:16:49.645051
2025-08-05,36180,2025080501046272,SANIMA,Sani Securities Company Ltd.,Dakshinkali Investment & Securities Pvt. Ltd.,73,371.0,27083.0,2025-08-05 14:16:49.645565
2025-08-05,36160,2025080501046279,SANIMA,Sani Securities Company Ltd.,Dynamic Money Managers Securities Pvt. Ltd.,911,371.0,337981.0,2025-08-05 14:16:52.263309
2025-08-05,35259,2025080501046455,SANIMA,Blue Chip Securities Ltd,Secured Securities Ltd.,100,370.5,37050.0,2025-08-05 14:18:21.427673
2025-08-05,35258,2025080501046456,SANIMA,Blue Chip Securities Ltd,Secured Securities Ltd.,100,370.5,37050.0,2025-08-05 14:18:21.428207
2025-08-05,35247,2025080501046458,SANIMA,Swarna Laxmi Securities Pvt. Ltd.,Dynamic Money Managers Securities Pvt. Ltd.,100,370.4,37040.0,2025-08-05 14:18:22.299515
2025-08-05,35246,2025080501046459,SANIMA,ABC Securities Private Limited,Dynamic Money Managers Securities Pvt. Ltd.,29,370.3,10738.7,2025-08-05 14:18:22.299760
2025-08-05,35245,2025080501046460,SANIMA,Imperial Securities Company Pvt. Ltd.,Dynamic Money Managers Securities Pvt. Ltd.,999,370.2,369829.8,2025-08-05 14:18:22.299875
2025-08-05,35244,2025080501046461,SANIMA,Neev Securities Pvt. Ltd.,Dynamic Money Managers Securities Pvt. Ltd.,894,370.1,330869.4,2025-08-05 14:18:22.299993
2025-08-05,35243,2025080501046462,SANIMA,South Asian Bulls Pvt. Ltd.,Dynamic Money Managers Securities Pvt. Ltd.,229,370.0,84730.0,2025-08-05 14:18:22.300126
2025-08-05,35242,2025080501046463,SANIMA,Agrawal Securities (PVT) Ltd.,Dynamic Money Managers Securities Pvt. Ltd.,500,370.0,185000.0,2025-08-05 14:18:22.300250
2025-08-05,35241,2025080501046464,SANIMA,Sani Securities Company Ltd.,Dynamic Money Managers Securities Pvt. Ltd.,37,370.0,13690.0,2025-08-05 14:18:22.300362
2025-08-05,35240,2025080501046465,SANIMA,Neev Securities Pvt. Ltd.,Dynamic Money Managers Securities Pvt. Ltd.,135,370.0,49950.0,2025-08-05 14:18:22.300469
2025-08-05,35239,2025080501046466,SANIMA,Sani Securities Company Ltd.,Dynamic Money Managers Securities Pvt. Ltd.,500,370.0,185000.0,2025-08-05 14:18:22.300579
2025-08-05,35238,2025080501046467,SANIMA,Aryatara Investment & Securities,Dynamic Money Managers Securities Pvt. Ltd.,60,370.0,22200.0,2025-08-05 14:18:22.300684
2025-08-05,35237,2025080501046468,SANIMA,Dakshinkali Investment & Securities Pvt. Ltd.,Dynamic Money Managers Securities Pvt. Ltd.,200,370.0,74000.0,2025-08-05 14:18:22.300795
2025-08-05,35236,2025080501046469,SANIMA,Sweta Securities Private Limited,Dynamic Money Managers Securities Pvt. Ltd.,500,370.0,185000.0,2025-08-05 14:18:22.300912
2025-08-05,35218,2025080501046480,SANIMA,Dakshinkali Investment & Securities Pvt. Ltd.,Dynamic Money Managers Securities Pvt. Ltd.,15,370.0,5550.0,2025-08-05 14:18:24.440963
2025-08-05,35065,2025080501046522,SANIMA,Dynamic Money Managers Securities Pvt. Ltd.,Oxford Securities Pvt. Ltd.,450,369.9,166455.0,2025-08-05 14:18:45.480405
2025-08-05,35064,2025080501046523,SANIMA,Dynamic Money Managers Securities Pvt. Ltd.,Dynamic Money Managers Securities Pvt. Ltd.,5352,370.0,1980240.0,2025-08-05 14:18:45.480689
2025-08-05,34966,2025080501046552,SANIMA,Kohinoor Investment & Securities Pvt. Ltd.,Dakshinkali Investment & Securities Pvt. Ltd.,300,369.4,110820.0,2025-08-05 14:18:57.789607
2025-08-05,34965,2025080501046553,SANIMA,Opal Securities Investment (PVT) Ltd.,Dakshinkali Investment & Securities Pvt. Ltd.,100,369.3,36930.0,2025-08-05 14:18:57.789810
2025-08-05,34964,2025080501046554,SANIMA,Nepal Stock House (PVT) Ltd.,Dakshinkali Investment & Securities Pvt. Ltd.,300,369.1,110730.0,2025-08-05 14:18:57.789932
2025-08-05,34541,2025080501046688,SANIMA,Dipshikha Dhitopatra Karobar Co. Pvt Ltd.,Asian Securities Private Ltd.,250,369.0,92250.0,2025-08-05 14:19:59.944000
2025-08-05,33947,2025080501046801,SANIMA,Agrawal Securities (PVT) Ltd.,Secured Securities Ltd.,40,368.6,14744.0,2025-08-05 14:21:03.753153
2025-08-05,33669,2025080501046880,SANIMA,Sani Securities Company Ltd.,Secured Securities Ltd.,70,369.0,25830.0,2025-08-05 14:21:40.804369
2025-08-05,33668,2025080501046881,SANIMA,Sani Securities Company Ltd.,Dakshinkali Investment & Securities Pvt. Ltd.,300,369.0,110700.0,2025-08-05 14:21:40.804636
2025-08-05,33667,2025080501046882,SANIMA,Sani Securities Company Ltd.,Siprabi Securities Pvt. Ltd.,280,369.0,103320.0,2025-08-05 14:21:40.804769
2025-08-05,33509,2025080501046925,SANIMA,Dipshikha Dhitopatra Karobar Co. Pvt Ltd.,Sani Securities Company Ltd.,1,361.8,361.8,2025-08-05 14:22:06.173912
2025-08-05,33295,2025080501046972,SANIMA,Sani Securities Company Ltd.,Premier Securities Company Ltd.,350,369.0,129150.0,2025-08-05 14:22:29.353640
2025-08-05,33294,2025080501046973,SANIMA,Sani Securities Company Ltd.,Premier Securities Company Ltd.,436,369.0,160884.0,2025-08-05 14:22:29.354180
2025-08-05,33293,2025080501046974,SANIMA,Agrawal Securities (PVT) Ltd.,Premier Securities Company Ltd.,114,368.6,42020.4,2025-08-05 14:22:29.354519
2025-08-05,32734,2025080501047110,SANIMA,Imperial Securities Company Pvt. Ltd.,Shree Krishna Securities Ltd.,50,369.0,18450.0,2025-08-05 14:23:57.713704
2025-08-05,32635,2025080501047145,SANIMA,Agrawal Securities (PVT) Ltd.,Naasa Securities Co. Ltd.,180,368.6,66348.0,2025-08-05 14:24:07.878233
2025-08-05,31713,2025080501047384,SANIMA,Investment Management Nepal Pvt. Ltd.,Shree Krishna Securities Ltd.,250,369.0,92250.0,2025-08-05 14:26:22.622760
2025-08-05,31712,2025080501047385,SANIMA,Investment Management Nepal Pvt. Ltd.,Online Securities Pvt. Ltd.,60,369.0,22140.0,2025-08-05 14:26:22.623005
2025-08-05,31154,2025080501047515,SANIMA,Trisul Securities & Invt. Ltd.,Online Securities Pvt. Ltd.,500,369.0,184500.0,2025-08-05 14:27:47.405755
2025-08-05,30947,2025080501047578,SANIMA,Sumeru Securities Pvt. Ltd.,Imperial Securities Company Pvt. Ltd.,100,368.7,36870.0,2025-08-05 14:28:25.251360
2025-08-05,30946,2025080501047579,SANIMA,Agrawal Securities (PVT) Ltd.,Imperial Securities Company Pvt. Ltd.,298,368.6,109842.8,2025-08-05 14:28:25.251870
2025-08-05,30945,2025080501047580,SANIMA,Agrawal Securities (PVT) Ltd.,Imperial Securities Company Pvt. Ltd.,387,368.6,142648.2,2025-08-05 14:28:25.252228
2025-08-05,30921,2025080501047583,SANIMA,ABC Securities Private Limited,Online Securities Pvt. Ltd.,30,369.0,11070.0,2025-08-05 14:28:26.565453
2025-08-05,30918,2025080501047586,SANIMA,Neev Securities Pvt. Ltd.,Online Securities Pvt. Ltd.,100,369.0,36900.0,2025-08-05 14:28:26.784486
2025-08-05,30887,2025080501047597,SANIMA,Agrawal Securities (PVT) Ltd.,Online Securities Pvt. Ltd.,50,369.0,18450.0,2025-08-05 14:28:31.720706
2025-08-05,30694,2025080501047702,SANIMA,Agrawal Securities (PVT) Ltd.,Imperial Securities Company Pvt. Ltd.,613,368.6,225951.8,2025-08-05 14:28:59.832755
2025-08-05,30693,2025080501047703,SANIMA,Secured Securities Ltd.,Imperial Securities Company Pvt. Ltd.,50,368.5,18425.0,2025-08-05 14:28:59.832971
2025-08-05,30692,2025080501047704,SANIMA,Ashutosh Brokerage & Securities (PVT) Ltd.,Imperial Securities Company Pvt. Ltd.,20,368.2,7364.0,2025-08-05 14:28:59.833093
2025-08-05,30691,2025080501047705,SANIMA,Linch Stock Market Ltd.,Imperial Securities Company Pvt. Ltd.,100,368.1,36810.0,2025-08-05 14:28:59.833204
2025-08-05,30690,2025080501047706,SANIMA,Agrawal Securities (PVT) Ltd.,Imperial Securities Company Pvt. Ltd.,100,368.1,36810.0,2025-08-05 14:28:59.833311
2025-08-05,30689,2025080501047707,SANIMA,Sani Securities Company Ltd.,Imperial Securities Company Pvt. Ltd.,234,368.1,86135.4,2025-08-05 14:28:59.833420
2025-08-05,30688,2025080501047708,SANIMA,Trishakti Securities Public Limited,Imperial Securities Company Pvt. Ltd.,25,368.0,9200.0,2025-08-05 14:28:59.833529
2025-08-05,30687,2025080501047709,SANIMA,Sundhara Securities Limited,Imperial Securities Company Pvt. Ltd.,100,368.0,36800.0,2025-08-05 14:28:59.833636
2025-08-05,30686,2025080501047710,SANIMA,Himalayan Brokerage Company Limited,Imperial Securities Company Pvt. Ltd.,1000,368.0,368000.0,2025-08-05 14:28:59.833740
2025-08-05,30685,2025080501047711,SANIMA,Dynamic Money Managers Securities Pvt. Ltd.,Imperial Securities Company Pvt. Ltd.,4758,368.0,1750944.0,2025-08-05 14:28:59.833843
2025-08-05,30390,2025080501047810,SANIMA,Premier Securities Company Ltd.,Sewa Securities Pvt. Ltd.,20,368.5,7370.0,2025-08-05 14:29:37.164868
2025-08-05,30389,2025080501047811,SANIMA,Premier Securities Company Ltd.,Online Securities Pvt. Ltd.,80,369.0,29520.0,2025-08-05 14:29:37.165160
2025-08-05,30388,2025080501047812,SANIMA,Premier Securities Company Ltd.,Sagarmatha Securities Private Limited,200,369.0,73800.0,2025-08-05 14:29:37.165272
2025-08-05,30141,2025080501047891,SANIMA,Premier Securities Company Ltd.,Dynamic Money Managers Securities Pvt. Ltd.,25,370.0,9250.0,2025-08-05 14:30:10.399175
2025-08-05,29833,2025080501047969,SANIMA,Online Securities Pvt. Ltd.,Sweta Securities Private Limited,25,369.0,9225.0,2025-08-05 14:30:54.847693
2025-08-05,29832,2025080501047970,SANIMA,Nepal Stock House (PVT) Ltd.,Sweta Securities Private Limited,95,368.1,34969.5,2025-08-05 14:30:54.848000
2025-08-05,29098,2025080501048158,SANIMA,Naasa Securities Co. Ltd.,Dynamic Money Managers Securities Pvt. Ltd.,10,369.9,3699.0,2025-08-05 14:32:23.345440
2025-08-05,28657,2025080501048275,SANIMA,Dipshikha Dhitopatra Karobar Co. Pvt Ltd.,Thrive Brokerage House Pvt. Ltd,20,369.5,7390.0,2025-08-05 14:33:18.610626
2025-08-05,28221,2025080501048399,SANIMA,Opal Securities Investment (PVT) Ltd.,Thrive Brokerage House Pvt. Ltd,50,369.5,18475.0,2025-08-05 14:34:20.567399
2025-08-05,27980,2025080501048447,SANIMA,Naasa Securities Co. Ltd.,Thrive Brokerage House Pvt. Ltd,10,369.5,3695.0,2025-08-05 14:34:49.266522
2025-08-05,27500,2025080501048575,SANIMA,KALASH STOCK MARKET PVT. LTD.,Dynamic Money Managers Securities Pvt. Ltd.,100,369.1,36910.0,2025-08-05 14:35:36.403599
2025-08-05,25532,2025080501049088,SANIMA,Nepal Stock House (PVT) Ltd.,Dynamic Money Managers Securities Pvt. Ltd.,284,368.1,104540.4,2025-08-05 14:38:14.525182
2025-08-05,25150,2025080501049189,SANIMA,Dipshikha Dhitopatra Karobar Co. Pvt Ltd.,Investment Management Nepal Pvt. Ltd.,4,361.5,1446.0,2025-08-05 14:38:41.925949
2025-08-05,25047,2025080501049201,SANIMA,Naasa Securities Co. Ltd.,Naasa Securities Co. Ltd.,10,369.0,3690.0,2025-08-05 14:38:47.258788
2025-08-05,24625,2025080501049284,SANIMA,Oxford Securities Pvt. Ltd.,Naasa Securities Co. Ltd.,100,369.0,36900.0,2025-08-05 14:39:10.036124
2025-08-05,23546,2025080501049546,SANIMA,Dipshikha Dhitopatra Karobar Co. Pvt Ltd.,Opal Securities Investment (PVT) Ltd.,44,368.2,16200.8,2025-08-05 14:40:35.980816
2025-08-05,23287,2025080501049617,SANIMA,Dipshikha Dhitopatra Karobar Co. Pvt Ltd.,Sewa Securities Pvt. Ltd.,156,368.2,57439.2,2025-08-05 14:40:54.293098
2025-08-05,23286,2025080501049618,SANIMA,Nepal Stock House (PVT) Ltd.,Sewa Securities Pvt. Ltd.,344,368.1,126626.4,2025-08-05 14:40:54.293362
2025-08-05,22634,2025080501049773,SANIMA,Nepal Stock House (PVT) Ltd.,Prabhu Stock Market Limited,1200,368.1,441720.0,2025-08-05 14:41:37.946871
2025-08-05,22168,2025080501049865,SANIMA,Midas Stock Broking Company Private Limited,Online Securities Pvt. Ltd.,20,368.2,7364.0,2025-08-05 14:42:10.769854
2025-08-05,22095,2025080501049882,SANIMA,Sri Hari Securities Pvt. Ltd.,Online Securities Pvt. Ltd.,130,368.2,47866.0,2025-08-05 14:42:16.899391
2025-08-05,21909,2025080501049939,SANIMA,Sri Hari Securities Pvt. Ltd.,Sagarmatha Securities Private Limited,20,368.2,7364.0,2025-08-05 14:42:30.534478
2025-08-05,21908,2025080501049940,SANIMA,Nepal Stock House (PVT) Ltd.,Sagarmatha Securities Private Limited,480,368.1,176688.0,2025-08-05 14:42:30.534524
2025-08-05,21828,2025080501049948,SANIMA,Nepal Stock House (PVT) Ltd.,Midas Stock Broking Company Private Limited,250,368.1,92025.0,2025-08-05 14:42:34.994182
2025-08-05,21615,2025080501049982,SANIMA,Nepal Stock House (PVT) Ltd.,Trishakti Securities Public Limited,480,368.1,176688.0,2025-08-05 14:42:48.143542
2025-08-05,21552,2025080501049989,SANIMA,Nepal Stock House (PVT) Ltd.,Cristal Kanchanjanga Securites Pvt. Ltd.,100,368.1,36810.0,2025-08-05 14:42:53.116683
2025-08-05,20735,2025080501050148,SANIMA,Neev Securities Pvt. Ltd.,Shree Krishna Securities Ltd.,100,368.2,36820.0,2025-08-05 14:43:40.445660
2025-08-05,20096,2025080501050273,SANIMA,Swarna Laxmi Securities Pvt. Ltd.,Dipshikha Dhitopatra Karobar Co. Pvt Ltd.,100,368.3,36830.0,2025-08-05 14:44:24.771910
2025-08-05,20095,2025080501050274,SANIMA,Nepal Stock House (PVT) Ltd.,Dipshikha Dhitopatra Karobar Co. Pvt Ltd.,601,368.1,221228.1,2025-08-05 14:44:24.772167
2025-08-05,19495,2025080501050401,SANIMA,Nepal Stock House (PVT) Ltd.,Sweta Securities Private Limited,100,368.1,36810.0,2025-08-05 14:44:56.797371
2025-08-05,19281,2025080501050423,SANIMA,Vision Securities Pvt. Ltd,Aryatara Investment & Securities,100,368.9,36890.0,2025-08-05 14:45:07.217529
2025-08-05,19255,2025080501050431,SANIMA,Nepal Stock House (PVT) Ltd.,MILKY WAY SHARE BROKER COMPANY LTD ,1066,368.1,392394.6,2025-08-05 14:45:08.335527
2025-08-05,19254,2025080501050432,SANIMA,KALASH STOCK MARKET PVT. LTD.,MILKY WAY SHARE BROKER COMPANY LTD ,46,368.1,16932.6,2025-08-05 14:45:08.335776
2025-08-05,18444,2025080501050610,SANIMA,KALASH STOCK MARKET PVT. LTD.,Agrawal Securities (PVT) Ltd.,154,368.1,56687.4,2025-08-05 14:45:56.311046
2025-08-05,18443,2025080501050611,SANIMA,Midas Stock Broking Company Private Limited,Agrawal Securities (PVT) Ltd.,10,368.1,3681.0,2025-08-05 14:45:56.311536
2025-08-05,18442,2025080501050612,SANIMA,Dynamic Money Managers Securities Pvt. Ltd.,Agrawal Securities (PVT) Ltd.,242,368.0,89056.0,2025-08-05 14:45:56.311895
2025-08-05,18441,2025080501050613,SANIMA,Premier Securities Company Ltd.,Agrawal Securities (PVT) Ltd.,500,368.0,184000.0,2025-08-05 14:45:56.312261
2025-08-05,18440,2025080501050614,SANIMA,Malla & Malla Stock Broking Company Pvt. Limited,Agrawal Securities (PVT) Ltd.,50,368.0,18400.0,2025-08-05 14:45:56.312601
2025-08-05,18439,2025080501050615,SANIMA,Nepal Stock House (PVT) Ltd.,Agrawal Securities (PVT) Ltd.,10,368.0,3680.0,2025-08-05 14:45:56.312950
2025-08-05,18438,2025080501050616,SANIMA,South Asian Bulls Pvt. Ltd.,Agrawal Securities (PVT) Ltd.,34,368.0,12512.0,2025-08-05 14:45:56.313303
2025-08-05,18251,2025080501050663,SANIMA,Naasa Securities Co. Ltd.,Aryatara Investment & Securities,10,368.9,3689.0,2025-08-05 14:46:10.734561
2025-08-05,18224,2025080501050670,SANIMA,South Asian Bulls Pvt. Ltd.,Agrawal Securities (PVT) Ltd.,100,368.0,36800.0,2025-08-05 14:46:11.537926
2025-08-05,17783,2025080501050728,SANIMA,South Asian Bulls Pvt. Ltd.,Aryatara Investment & Securities,366,368.0,134688.0,2025-08-05 14:46:30.814227
2025-08-05,17479,2025080501050813,SANIMA,Opal Securities Investment (PVT) Ltd.,Shree Krishna Securities Ltd.,100,367.7,36770.0,2025-08-05 14:46:49.675135
2025-08-05,17478,2025080501050814,SANIMA,Dynamic Money Managers Securities Pvt. Ltd.,Shree Krishna Securities Ltd.,50,367.7,18385.0,2025-08-05 14:46:49.675431
2025-08-05,16693,2025080501051015,SANIMA,Dynamic Money Managers Securities Pvt. Ltd.,Trisul Securities & Invt. Ltd.,100,367.7,36770.0,2025-08-05 14:47:36.148939
2025-08-05,15863,2025080501051168,SANIMA,Dipshikha Dhitopatra Karobar Co. Pvt Ltd.,Sundhara Securities Limited,50,367.5,18375.0,2025-08-05 14:48:24.871874
2025-08-05,15708,2025080501051210,SANIMA,Trishakti Securities Public Limited,Aryatara Investment & Securities,134,368.0,49312.0,2025-08-05 14:48:33.085437
2025-08-05,15707,2025080501051211,SANIMA,Trishakti Securities Public Limited,Premier Securities Company Ltd.,350,368.0,128800.0,2025-08-05 14:48:33.085707
2025-08-05,15706,2025080501051212,SANIMA,Trishakti Securities Public Limited,Online Securities Pvt. Ltd.,1000,368.0,368000.0,2025-08-05 14:48:33.085818
2025-08-05,15705,2025080501051213,SANIMA,Trishakti Securities Public Limited,Trishakti Securities Public Limited,16,368.0,5888.0,2025-08-05 14:48:33.085925
2025-08-05,15268,2025080501051363,SANIMA,Dipshikha Dhitopatra Karobar Co. Pvt Ltd.,Midas Stock Broking Company Private Limited,150,367.5,55125.0,2025-08-05 14:48:56.313431
2025-08-05,14706,2025080501051499,SANIMA,Agrawal Securities (PVT) Ltd.,Trisul Securities & Invt. Ltd.,100,367.2,36720.0,2025-08-05 14:49:29.086877
2025-08-05,14705,2025080501051500,SANIMA,Primo Securities (PVT) Ltd.,Trisul Securities & Invt. Ltd.,150,367.0,55050.0,2025-08-05 14:49:29.087095
2025-08-05,13886,2025080501051726,SANIMA,Primo Securities (PVT) Ltd.,Online Securities Pvt. Ltd.,50,367.0,18350.0,2025-08-05 14:50:17.302935
2025-08-05,13885,2025080501051727,SANIMA,Online Securities Pvt. Ltd.,Online Securities Pvt. Ltd.,26,367.0,9542.0,2025-08-05 14:50:17.303212
2025-08-05,13698,2025080501051775,SANIMA,Online Securities Pvt. Ltd.,Trisul Securities & Invt. Ltd.,24,367.0,8808.0,2025-08-05 14:50:27.518988
2025-08-05,13697,2025080501051776,SANIMA,Market Securities & Exchange (PVT) Ltd.,Trisul Securities & Invt. Ltd.,100,367.0,36700.0,2025-08-05 14:50:27.519219
2025-08-05,13696,2025080501051777,SANIMA,Oxford Securities Pvt. Ltd.,Trisul Securities & Invt. Ltd.,16,367.0,5872.0,2025-08-05 14:50:27.519326
2025-08-05,13539,2025080501051813,SANIMA,Oxford Securities Pvt. Ltd.,Imperial Securities Company Pvt. Ltd.,200,367.0,73400.0,2025-08-05 14:50:37.102512
2025-08-05,13508,2025080501051821,SANIMA,Oxford Securities Pvt. Ltd.,Aryatara Investment & Securities,170,367.0,62390.0,2025-08-05 14:50:38.863977
2025-08-05,12812,2025080501052028,SANIMA,Neev Securities Pvt. Ltd.,Aakashbhairab Securities Ltd.,100,367.1,36710.0,2025-08-05 14:51:20.576536
2025-08-05,12171,2025080501052160,SANIMA,SUN SECURITIES PVT LTD,Investment Management Nepal Pvt. Ltd.,20,367.4,7348.0,2025-08-05 14:52:01.556748
2025-08-05,11049,2025080501052426,SANIMA,Oxford Securities Pvt. Ltd.,Trisul Securities & Invt. Ltd.,114,367.0,41838.0,2025-08-05 14:53:04.035856
2025-08-05,11048,2025080501052427,SANIMA,Sumeru Securities Pvt. Ltd.,Trisul Securities & Invt. Ltd.,10,367.0,3670.0,2025-08-05 14:53:04.036091
2025-08-05,10822,2025080501052470,SANIMA,Dipshikha Dhitopatra Karobar Co. Pvt Ltd.,Trisul Securities & Invt. Ltd.,500,367.0,183500.0,2025-08-05 14:53:15.249165
2025-08-05,10491,2025080501052517,SANIMA,Opal Securities Investment (PVT) Ltd.,Capital Max Securities Ltd,100,366.8,36680.0,2025-08-05 14:53:30.729930
2025-08-05,10490,2025080501052518,SANIMA,Sundhara Securities Limited,Capital Max Securities Ltd,100,366.0,36600.0,2025-08-05 14:53:30.730466
2025-08-05,10489,2025080501052519,SANIMA,Sajilo Broker Limited,Capital Max Securities Ltd,100,366.0,36600.0,2025-08-05 14:53:30.730801
2025-08-05,10488,2025080501052520,SANIMA,Nabil Stock Dealer Ltd.,Capital Max Securities Ltd,100,366.0,36600.0,2025-08-05 14:53:30.731143
2025-08-05,9781,2025080501052673,SANIMA,Naasa Securities Co. Ltd.,Sani Securities Company Ltd.,18,366.0,6588.0,2025-08-05 14:54:03.469112
2025-08-05,9780,2025080501052674,SANIMA,Dipshikha Dhitopatra Karobar Co. Pvt Ltd.,Sani Securities Company Ltd.,982,365.6,359019.2,2025-08-05 14:54:03.469609
2025-08-05,9498,2025080501052794,SANIMA,Midas Stock Broking Company Private Limited,Indira securities pvt. ltd,10,366.0,3660.0,2025-08-05 14:54:12.873276
2025-08-05,9347,2025080501052814,SANIMA,Deevyaa Securities & Stock House Pvt. Ltd,Indira securities pvt. ltd,490,366.0,179340.0,2025-08-05 14:54:19.837447
2025-08-05,9309,2025080501052820,SANIMA,Deevyaa Securities & Stock House Pvt. Ltd,Trisul Securities & Invt. Ltd.,376,366.0,137616.0,2025-08-05 14:54:22.659703
2025-08-05,8767,2025080501053001,SANIMA,SUN SECURITIES PVT LTD,Blue Chip Securities Ltd,10,367.0,3670.0,2025-08-05 14:54:46.232643
2025-08-05,8422,2025080501053065,SANIMA,Naasa Securities Co. Ltd.,Blue Chip Securities Ltd,50,367.0,18350.0,2025-08-05 14:55:03.378889
2025-08-05,8184,2025080501053138,SANIMA,Deevyaa Securities & Stock House Pvt. Ltd,Shree Krishna Securities Ltd.,66,366.0,24156.0,2025-08-05 14:55:13.489094
2025-08-05,7123,2025080501053398,SANIMA,Deevyaa Securities & Stock House Pvt. Ltd,Nagarik Stock Dealer ,68,366.0,24888.0,2025-08-05 14:55:56.632146
2025-08-05,7122,2025080501053399,SANIMA,Neev Securities Pvt. Ltd.,Nagarik Stock Dealer ,32,366.0,11712.0,2025-08-05 14:55:56.632393
2025-08-05,6847,2025080501053471,SANIMA,Kohinoor Investment & Securities Pvt. Ltd.,Kohinoor Investment & Securities Pvt. Ltd.,16,366.5,5864.0,2025-08-05 14:56:11.954399
2025-08-05,6200,2025080501053630,SANIMA,Neev Securities Pvt. Ltd.,Agrawal Securities (PVT) Ltd.,100,366.1,36610.0,2025-08-05 14:56:34.534658
2025-08-05,5761,2025080501053738,SANIMA,Neev Securities Pvt. Ltd.,Blue Chip Securities Ltd,168,366.0,61488.0,2025-08-05 14:56:55.780535
2025-08-05,5760,2025080501053739,SANIMA,Shree Krishna Securities Ltd.,Blue Chip Securities Ltd,15,366.0,5490.0,2025-08-05 14:56:55.781047
2025-08-05,5274,2025080501053829,SANIMA,SUN SECURITIES PVT LTD,Blue Chip Securities Ltd,20,366.0,7320.0,2025-08-05 14:57:18.910165
2025-08-05,5123,2025080501053869,SANIMA,Sani Securities Company Ltd.,Sumeru Securities Pvt. Ltd.,71,365.7,25964.7,2025-08-05 14:57:23.929863
2025-08-05,5107,2025080501053876,SANIMA,Sani Securities Company Ltd.,Siprabi Securities Pvt. Ltd.,129,365.7,47175.3,2025-08-05 14:57:24.624440
2025-08-05,5106,2025080501053877,SANIMA,Dipshikha Dhitopatra Karobar Co. Pvt Ltd.,Siprabi Securities Pvt. Ltd.,18,365.6,6580.8,2025-08-05 14:57:24.624542
2025-08-05,5105,2025080501053878,SANIMA,Primo Securities (PVT) Ltd.,Siprabi Securities Pvt. Ltd.,200,365.6,73120.0,2025-08-05 14:57:24.624617
2025-08-05,5104,2025080501053879,SANIMA,South Asian Bulls Pvt. Ltd.,Siprabi Securities Pvt. Ltd.,453,365.2,165435.6,2025-08-05 14:57:24.624675
2025-08-05,5060,2025080501053892,SANIMA,Dynamic Money Managers Securities Pvt. Ltd.,Blue Chip Securities Ltd,737,366.0,269742.0,2025-08-05 14:57:26.738655
2025-08-05,5059,2025080501053893,SANIMA,Dynamic Money Managers Securities Pvt. Ltd.,Malla & Malla Stock Broking Company Pvt. Limited,35,366.0,12810.0,2025-08-05 14:57:26.738915
2025-08-05,5053,2025080501053897,SANIMA,Dynamic Money Managers Securities Pvt. Ltd.,Investment Management Nepal Pvt. Ltd.,120,366.0,43920.0,2025-08-05 14:57:26.830864
2025-08-05,4110,2025080501054224,SANIMA,Dynamic Money Managers Securities Pvt. Ltd.,Sundhara Securities Limited,402,366.0,147132.0,2025-08-05 14:57:57.808753
2025-08-05,3803,2025080501054282,SANIMA,Dynamic Money Managers Securities Pvt. Ltd.,Online Securities Pvt. Ltd.,10,366.0,3660.0,2025-08-05 14:58:11.988864
2025-08-05,3597,2025080501054330,SANIMA,Dynamic Money Managers Securities Pvt. Ltd.,Investment Management Nepal Pvt. Ltd.,530,366.0,193980.0,2025-08-05 14:58:20.198914
2025-08-05,2738,2025080501054517,SANIMA,Sumeru Securities Pvt. Ltd.,Kohinoor Investment & Securities Pvt. Ltd.,34,366.5,12461.0,2025-08-05 14:58:50.787767
2025-08-05,2072,2025080501054680,SANIMA,Investment Management Nepal Pvt. Ltd.,Sumeru Securities Pvt. Ltd.,100,367.0,36700.0,2025-08-05 14:59:11.978388
2025-08-05,1926,2025080501054703,SANIMA,Sumeru Securities Pvt. Ltd.,SUN SECURITIES PVT LTD,50,366.5,18325.0,2025-08-05 14:59:17.420916
2025-08-05,1413,2025080501054810,SANIMA,Sumeru Securities Pvt. Ltd.,MILKY WAY SHARE BROKER COMPANY LTD ,66,366.5,24189.0,2025-08-05 14:59:30.111955
2025-08-05,1412,2025080501054811,SANIMA,S.P.S.A. Securities Limited,MILKY WAY SHARE BROKER COMPANY LTD ,10,366.5,3665.0,2025-08-05 14:59:30.112218
2025-08-05,1037,2025080501054923,SANIMA,Neev Securities Pvt. Ltd.,Vision Securities Pvt. Ltd,1000,366.1,366100.0,2025-08-05 14:59:37.279246
2025-08-05,512,2025080501055084,SANIMA,Dipshikha Dhitopatra Karobar Co. Pvt Ltd.,MILKY WAY SHARE BROKER COMPANY LTD ,200,366.5,73300.0,2025-08-05 14:59:50.208609
2025-08-05,314,2025080501055134,SANIMA,Kohinoor Investment & Securities Pvt. Ltd.,MILKY WAY SHARE BROKER COMPANY LTD ,224,366.5,82096.0,2025-08-05 14:59:53.869985
2025-08-05,249,2025080501055146,SANIMA,Sani Securities Company Ltd.,Sundhara Securities Limited,150,367.0,55050.0,2025-08-05 14:59:55.451684
2025-08-05,248,2025080501055147,SANIMA,Sani Securities Company Ltd.,Siprabi Securities Pvt. Ltd.,270,367.0,99090.0,2025-08-05 14:59:55.451902
2025-08-05,54,2025080501055184,SANIMA,Kohinoor Investment & Securities Pvt. Ltd.,Linch Stock Market Ltd.,50,366.5,18325.0,2025-08-05 14:59:59.037246
