Date,S.N.,contract_id,symbol,buyer_broker,seller_broker,volume,price,amount,transaction_time
2025-08-05,130930,2025080504000006,UMHL,Kohinoor Investment & Securities Pvt. Ltd.,Capital Max Securities Ltd,50,542.0,27100.0,2025-08-05 10:46:00.041774
2025-08-05,130929,2025080504000007,UMHL,Capital Max Securities Ltd,Capital Max Securities Ltd,29239,542.0,15847538.0,2025-08-05 10:46:00.041808
2025-08-05,130928,2025080504000008,UMHL,Capital Max Securities Ltd,Capital Max Securities Ltd,10262,542.0,5562004.0,2025-08-05 10:46:00.041832
2025-08-05,127730,2025080504000085,UMHL,Vision Securities Pvt. Ltd,Nepal Stock House (PVT) Ltd.,100,549.9,54990.0,2025-08-05 11:02:10.213738
2025-08-05,127093,2025080504000104,UMHL,Trishakti Securities Public Limited,Nepal Stock House (PVT) Ltd.,99,549.9,54440.1,2025-08-05 11:02:33.383644
2025-08-05,126938,2025080504000108,UMHL,Capital Max Securities Ltd,Sri Hari Securities Pvt. Ltd.,100,555.9,55590.0,2025-08-05 11:02:40.752328
2025-08-05,126787,2025080504000110,UMHL,Trishakti Securities Public Limited,Capital Max Securities Ltd,99,549.9,54440.1,2025-08-05 11:02:45.781143
2025-08-05,126434,2025080504000116,UMHL,Capital Max Securities Ltd,Capital Max Securities Ltd,200,549.0,109800.0,2025-08-05 11:03:01.890348
2025-08-05,125333,2025080504000161,UMHL,Sumeru Securities Pvt. Ltd.,Capital Max Securities Ltd,201,549.0,110349.0,2025-08-05 11:03:54.174205
2025-08-05,124965,2025080504000184,UMHL,Sumeru Securities Pvt. Ltd.,Online Securities Pvt. Ltd.,10,549.0,5490.0,2025-08-05 11:04:09.323506
2025-08-05,124441,2025080504000208,UMHL,Trishakti Securities Public Limited,Capital Max Securities Ltd,500,549.9,274950.0,2025-08-05 11:04:32.888583
2025-08-05,124440,2025080504000209,UMHL,Trishakti Securities Public Limited,Capital Max Securities Ltd,400,549.9,219960.0,2025-08-05 11:04:32.888766
2025-08-05,121789,2025080504000341,UMHL,SHUBHAKAMANA SECURITIES PVT. LTD,Sumeru Securities Pvt. Ltd.,1000,551.0,551000.0,2025-08-05 11:06:54.710855
2025-08-05,121480,2025080504000350,UMHL,Cristal Kanchanjanga Securites Pvt. Ltd.,Capital Max Securities Ltd,500,552.0,276000.0,2025-08-05 11:07:11.260832
2025-08-05,117534,2025080504000578,UMHL,Deevyaa Securities & Stock House Pvt. Ltd,Sri Hari Securities Pvt. Ltd.,100,551.2,55120.0,2025-08-05 11:10:58.394121
2025-08-05,114251,2025080504000815,UMHL,Deevyaa Securities & Stock House Pvt. Ltd,South Asian Bulls Pvt. Ltd.,14,552.2,7730.8,2025-08-05 11:14:02.360680
2025-08-05,113872,2025080504000860,UMHL,Online Securities Pvt. Ltd.,Nepal Stock House (PVT) Ltd.,100,553.0,55300.0,2025-08-05 11:14:27.744653
2025-08-05,113378,2025080504000930,UMHL,Online Securities Pvt. Ltd.,Capital Max Securities Ltd,150,553.0,82950.0,2025-08-05 11:15:03.882756
2025-08-05,113377,2025080504000931,UMHL,Secured Securities Ltd.,Capital Max Securities Ltd,20,553.0,11060.0,2025-08-05 11:15:03.883059
2025-08-05,113041,2025080504000962,UMHL,Deevyaa Securities & Stock House Pvt. Ltd,Capital Max Securities Ltd,786,553.0,434658.0,2025-08-05 11:15:29.989420
2025-08-05,112928,2025080504000980,UMHL,Naasa Securities Co. Ltd.,Property Wiard Limited,190,552.1,104899.0,2025-08-05 11:15:41.515556
2025-08-05,112655,2025080504001007,UMHL,Sumeru Securities Pvt. Ltd.,Property Wiard Limited,60,552.1,33126.0,2025-08-05 11:16:02.791277
2025-08-05,112654,2025080504001008,UMHL,Sumeru Securities Pvt. Ltd.,Nepal Stock House (PVT) Ltd.,177,552.1,97721.7,2025-08-05 11:16:02.791331
2025-08-05,112653,2025080504001009,UMHL,Sumeru Securities Pvt. Ltd.,KALASH STOCK MARKET PVT. LTD.,100,552.9,55290.0,2025-08-05 11:16:02.791365
2025-08-05,112652,2025080504001010,UMHL,Sumeru Securities Pvt. Ltd.,Capital Max Securities Ltd,44,553.0,24332.0,2025-08-05 11:16:02.791391
2025-08-05,112651,2025080504001011,UMHL,Sumeru Securities Pvt. Ltd.,ABC Securities Private Limited,15,554.0,8310.0,2025-08-05 11:16:02.791417
2025-08-05,112650,2025080504001012,UMHL,Sumeru Securities Pvt. Ltd.,Capital Max Securities Ltd,100,554.0,55400.0,2025-08-05 11:16:02.791440
2025-08-05,112649,2025080504001013,UMHL,Sumeru Securities Pvt. Ltd.,Nepal Stock House (PVT) Ltd.,100,554.7,55470.0,2025-08-05 11:16:02.791464
2025-08-05,112648,2025080504001014,UMHL,Sumeru Securities Pvt. Ltd.,BHOLE GANESH SECURITIES LTD,100,554.8,55480.0,2025-08-05 11:16:02.791495
2025-08-05,112647,2025080504001015,UMHL,Sumeru Securities Pvt. Ltd.,Nepal Stock House (PVT) Ltd.,100,554.9,55490.0,2025-08-05 11:16:02.791536
2025-08-05,112646,2025080504001016,UMHL,Sumeru Securities Pvt. Ltd.,Nepal Stock House (PVT) Ltd.,200,554.9,110980.0,2025-08-05 11:16:02.791572
2025-08-05,112645,2025080504001017,UMHL,Sumeru Securities Pvt. Ltd.,Naasa Securities Co. Ltd.,500,555.0,277500.0,2025-08-05 11:16:02.791609
2025-08-05,112644,2025080504001018,UMHL,Sumeru Securities Pvt. Ltd.,Naasa Securities Co. Ltd.,500,555.0,277500.0,2025-08-05 11:16:02.791637
2025-08-05,112643,2025080504001019,UMHL,Sumeru Securities Pvt. Ltd.,Capital Max Securities Ltd,14,555.0,7770.0,2025-08-05 11:16:02.791659
2025-08-05,112642,2025080504001020,UMHL,Sumeru Securities Pvt. Ltd.,Sani Securities Company Ltd.,490,555.0,271950.0,2025-08-05 11:16:02.791681
2025-08-05,112641,2025080504001021,UMHL,Capital Max Securities Ltd,Sani Securities Company Ltd.,310,555.0,172050.0,2025-08-05 11:16:03.153052
2025-08-05,112640,2025080504001022,UMHL,Capital Max Securities Ltd,Sri Hari Securities Pvt. Ltd.,224,555.9,124521.6,2025-08-05 11:16:03.153155
2025-08-05,112639,2025080504001023,UMHL,Capital Max Securities Ltd,Linch Stock Market Ltd.,500,556.0,278000.0,2025-08-05 11:16:03.153226
2025-08-05,112638,2025080504001024,UMHL,Capital Max Securities Ltd,Trademow Securities Private Limited,1469,558.8,820877.2,2025-08-05 11:16:03.153291
2025-08-05,112609,2025080504001033,UMHL,Premier Securities Company Ltd.,Capital Max Securities Ltd,10,552.0,5520.0,2025-08-05 11:16:06.164487
2025-08-05,109761,2025080504001376,UMHL,Trishakti Securities Public Limited,Thrive Brokerage House Pvt. Ltd,100,553.1,55310.0,2025-08-05 11:20:02.077937
2025-08-05,109758,2025080504001377,UMHL,Trisul Securities & Invt. Ltd.,Thrive Brokerage House Pvt. Ltd,100,553.0,55300.0,2025-08-05 11:20:02.078241
2025-08-05,109640,2025080504001391,UMHL,Trishakti Securities Public Limited,Thrive Brokerage House Pvt. Ltd,300,553.0,165900.0,2025-08-05 11:20:10.833735
2025-08-05,109461,2025080504001411,UMHL,Premier Securities Company Ltd.,Bhrikuti Stock Broking Co. Pvt. Ltd.,790,552.0,436080.0,2025-08-05 11:20:29.827225
2025-08-05,109460,2025080504001412,UMHL,Opal Securities Investment (PVT) Ltd.,Bhrikuti Stock Broking Co. Pvt. Ltd.,50,552.0,27600.0,2025-08-05 11:20:29.827391
2025-08-05,109068,2025080504001463,UMHL,Trishakti Securities Public Limited,Bhrikuti Stock Broking Co. Pvt. Ltd.,100,552.1,55210.0,2025-08-05 11:21:07.448854
2025-08-05,109067,2025080504001464,UMHL,Opal Securities Investment (PVT) Ltd.,Bhrikuti Stock Broking Co. Pvt. Ltd.,165,552.0,91080.0,2025-08-05 11:21:07.449148
2025-08-05,107768,2025080504001654,UMHL,Capital Max Securities Ltd,Capital Max Securities Ltd,1000,554.5,554500.0,2025-08-05 11:22:53.100092
2025-08-05,107767,2025080504001655,UMHL,Capital Max Securities Ltd,Capital Max Securities Ltd,100,555.0,55500.0,2025-08-05 11:22:53.100180
2025-08-05,107766,2025080504001656,UMHL,Capital Max Securities Ltd,Aryatara Investment & Securities,100,555.0,55500.0,2025-08-05 11:22:53.100215
2025-08-05,107765,2025080504001657,UMHL,Capital Max Securities Ltd,Trisul Securities & Invt. Ltd.,25,555.0,13875.0,2025-08-05 11:22:53.100243
2025-08-05,107764,2025080504001658,UMHL,Capital Max Securities Ltd,Naasa Securities Co. Ltd.,500,555.0,277500.0,2025-08-05 11:22:53.100266
2025-08-05,107763,2025080504001659,UMHL,Capital Max Securities Ltd,Sani Securities Company Ltd.,700,555.0,388500.0,2025-08-05 11:22:53.100289
2025-08-05,107762,2025080504001660,UMHL,Capital Max Securities Ltd,Trisul Securities & Invt. Ltd.,25,556.0,13900.0,2025-08-05 11:22:53.100332
2025-08-05,107761,2025080504001661,UMHL,Capital Max Securities Ltd,KALASH STOCK MARKET PVT. LTD.,50,556.9,27845.0,2025-08-05 11:22:53.100373
2025-08-05,107747,2025080504001669,UMHL,Sumeru Securities Pvt. Ltd.,KALASH STOCK MARKET PVT. LTD.,50,556.9,27845.0,2025-08-05 11:22:53.977986
2025-08-05,107746,2025080504001670,UMHL,Sumeru Securities Pvt. Ltd.,BHOLE GANESH SECURITIES LTD,100,557.9,55790.0,2025-08-05 11:22:53.978050
2025-08-05,107745,2025080504001671,UMHL,Sumeru Securities Pvt. Ltd.,Malla & Malla Stock Broking Company Pvt. Limited,100,558.0,55800.0,2025-08-05 11:22:53.978079
2025-08-05,107744,2025080504001672,UMHL,Sumeru Securities Pvt. Ltd.,Neev Securities Pvt. Ltd.,500,558.0,279000.0,2025-08-05 11:22:53.978104
2025-08-05,107743,2025080504001673,UMHL,Sumeru Securities Pvt. Ltd.,S.P.S.A. Securities Limited,70,558.0,39060.0,2025-08-05 11:22:53.978127
2025-08-05,107742,2025080504001674,UMHL,Sumeru Securities Pvt. Ltd.,Trisul Securities & Invt. Ltd.,25,558.0,13950.0,2025-08-05 11:22:53.978150
2025-08-05,107741,2025080504001675,UMHL,Sumeru Securities Pvt. Ltd.,Trademow Securities Private Limited,431,558.8,240842.8,2025-08-05 11:22:53.978222
2025-08-05,107740,2025080504001676,UMHL,Sumeru Securities Pvt. Ltd.,Sri Hari Securities Pvt. Ltd.,301,558.9,168228.9,2025-08-05 11:22:53.978243
2025-08-05,107739,2025080504001677,UMHL,Sumeru Securities Pvt. Ltd.,Kohinoor Investment & Securities Pvt. Ltd.,700,559.0,391300.0,2025-08-05 11:22:53.978269
2025-08-05,107738,2025080504001678,UMHL,Sumeru Securities Pvt. Ltd.,Online Securities Pvt. Ltd.,172,559.0,96148.0,2025-08-05 11:22:53.978296
2025-08-05,107737,2025080504001679,UMHL,Sumeru Securities Pvt. Ltd.,J.F. Securites (PVT) Ltd.,51,559.9,28554.9,2025-08-05 11:22:53.978338
2025-08-05,107717,2025080504001684,UMHL,Trishakti Securities Public Limited,Sumeru Securities Pvt. Ltd.,10,552.1,5521.0,2025-08-05 11:22:55.993802
2025-08-05,107105,2025080504001771,UMHL,Trishakti Securities Public Limited,Capital Max Securities Ltd,90,552.1,49689.0,2025-08-05 11:23:55.392088
2025-08-05,107104,2025080504001772,UMHL,Nepal Investment And Securities Trading Private Limited,Capital Max Securities Ltd,200,552.1,110420.0,2025-08-05 11:23:55.392228
2025-08-05,107103,2025080504001773,UMHL,Opal Securities Investment (PVT) Ltd.,Capital Max Securities Ltd,710,552.0,391920.0,2025-08-05 11:23:55.392292
2025-08-05,106051,2025080504001855,UMHL,Nagarik Stock Dealer ,Sumeru Securities Pvt. Ltd.,100,554.0,55400.0,2025-08-05 11:25:16.322255
2025-08-05,105353,2025080504001928,UMHL,Nagarik Stock Dealer ,Sumeru Securities Pvt. Ltd.,200,555.0,111000.0,2025-08-05 11:26:09.469038
2025-08-05,103118,2025080504002200,UMHL,Creative Securities Pvt Ltd,Bhrikuti Stock Broking Co. Pvt. Ltd.,50,556.0,27800.0,2025-08-05 11:30:07.959838
2025-08-05,102519,2025080504002317,UMHL,Creative Securities Pvt Ltd,Sumeru Securities Pvt. Ltd.,50,557.0,27850.0,2025-08-05 11:31:24.304176
2025-08-05,102243,2025080504002346,UMHL,Dakshinkali Investment & Securities Pvt. Ltd.,Dipshikha Dhitopatra Karobar Co. Pvt Ltd.,10,557.9,5579.0,2025-08-05 11:32:04.235471
2025-08-05,102242,2025080504002347,UMHL,Dakshinkali Investment & Securities Pvt. Ltd.,Imperial Securities Company Pvt. Ltd.,500,558.0,279000.0,2025-08-05 11:32:04.235638
2025-08-05,102240,2025080504002348,UMHL,Sumeru Securities Pvt. Ltd.,Opal Securities Investment (PVT) Ltd.,50,559.0,27950.0,2025-08-05 11:32:04.724904
2025-08-05,102239,2025080504002349,UMHL,Sumeru Securities Pvt. Ltd.,KALASH STOCK MARKET PVT. LTD.,50,559.5,27975.0,2025-08-05 11:32:04.725091
2025-08-05,102238,2025080504002350,UMHL,Sumeru Securities Pvt. Ltd.,BHOLE GANESH SECURITIES LTD,100,559.6,55960.0,2025-08-05 11:32:04.725162
2025-08-05,102237,2025080504002351,UMHL,Sumeru Securities Pvt. Ltd.,Dipshikha Dhitopatra Karobar Co. Pvt Ltd.,100,559.7,55970.0,2025-08-05 11:32:04.725240
2025-08-05,102236,2025080504002352,UMHL,Sumeru Securities Pvt. Ltd.,Infinity Securities Limited,400,559.7,223880.0,2025-08-05 11:32:04.725304
2025-08-05,102026,2025080504002381,UMHL,Trishakti Securities Public Limited,Kumari Securities Private Limited,500,559.6,279800.0,2025-08-05 11:32:31.894373
2025-08-05,102025,2025080504002382,UMHL,Trishakti Securities Public Limited,Capital Max Securities Ltd,1000,559.6,559600.0,2025-08-05 11:32:31.894546
2025-08-05,102024,2025080504002383,UMHL,Trishakti Securities Public Limited,Infinity Securities Limited,500,559.7,279850.0,2025-08-05 11:32:31.894635
2025-08-05,102000,2025080504002387,UMHL,Dakshinkali Investment & Securities Pvt. Ltd.,Sumeru Securities Pvt. Ltd.,14,558.0,7812.0,2025-08-05 11:32:34.892227
2025-08-05,101871,2025080504002401,UMHL,Cristal Kanchanjanga Securites Pvt. Ltd.,Infinity Securities Limited,100,559.7,55970.0,2025-08-05 11:32:49.328998
2025-08-05,101870,2025080504002402,UMHL,Cristal Kanchanjanga Securites Pvt. Ltd.,Aryatara Investment & Securities,100,559.8,55980.0,2025-08-05 11:32:49.329039
2025-08-05,101869,2025080504002403,UMHL,Cristal Kanchanjanga Securites Pvt. Ltd.,Naasa Securities Co. Ltd.,1000,559.8,559800.0,2025-08-05 11:32:49.329105
2025-08-05,101868,2025080504002404,UMHL,Cristal Kanchanjanga Securites Pvt. Ltd.,J.F. Securites (PVT) Ltd.,1949,559.9,1091245.1,2025-08-05 11:32:49.329132
2025-08-05,101867,2025080504002405,UMHL,Cristal Kanchanjanga Securites Pvt. Ltd.,Linch Stock Market Ltd.,50,560.0,28000.0,2025-08-05 11:32:49.329167
2025-08-05,101866,2025080504002406,UMHL,Cristal Kanchanjanga Securites Pvt. Ltd.,Naasa Securities Co. Ltd.,700,560.0,392000.0,2025-08-05 11:32:49.329193
2025-08-05,101865,2025080504002407,UMHL,Cristal Kanchanjanga Securites Pvt. Ltd.,Bhrikuti Stock Broking Co. Pvt. Ltd.,111,560.0,62160.0,2025-08-05 11:32:49.329218
2025-08-05,101864,2025080504002408,UMHL,Cristal Kanchanjanga Securites Pvt. Ltd.,Sweta Securities Private Limited,50,560.0,28000.0,2025-08-05 11:32:49.329237
2025-08-05,101863,2025080504002409,UMHL,Cristal Kanchanjanga Securites Pvt. Ltd.,Capital Max Securities Ltd,14,560.0,7840.0,2025-08-05 11:32:49.329258
2025-08-05,101862,2025080504002410,UMHL,Cristal Kanchanjanga Securites Pvt. Ltd.,Trisul Securities & Invt. Ltd.,25,560.0,14000.0,2025-08-05 11:32:49.329282
2025-08-05,101861,2025080504002411,UMHL,Cristal Kanchanjanga Securites Pvt. Ltd.,Naasa Securities Co. Ltd.,50,560.0,28000.0,2025-08-05 11:32:49.329329
2025-08-05,101860,2025080504002412,UMHL,Cristal Kanchanjanga Securites Pvt. Ltd.,Cristal Kanchanjanga Securites Pvt. Ltd.,14,560.0,7840.0,2025-08-05 11:32:49.329365
2025-08-05,101859,2025080504002413,UMHL,Cristal Kanchanjanga Securites Pvt. Ltd.,Nagarik Stock Dealer ,500,560.0,280000.0,2025-08-05 11:32:49.329392
2025-08-05,101858,2025080504002414,UMHL,Cristal Kanchanjanga Securites Pvt. Ltd.,Sundhara Securities Limited,337,560.8,188989.6,2025-08-05 11:32:49.329423
2025-08-05,101812,2025080504002420,UMHL,Dakshinkali Investment & Securities Pvt. Ltd.,Dynamic Money Managers Securities Pvt. Ltd.,176,558.0,98208.0,2025-08-05 11:32:54.073082
2025-08-05,101805,2025080504002421,UMHL,Online Securities Pvt. Ltd.,Siprabi Securities Pvt. Ltd.,70,557.1,38997.0,2025-08-05 11:32:55.658514
2025-08-05,101804,2025080504002422,UMHL,Dakshinkali Investment & Securities Pvt. Ltd.,Siprabi Securities Pvt. Ltd.,800,556.0,444800.0,2025-08-05 11:32:55.658561
2025-08-05,101803,2025080504002423,UMHL,Property Wiard Limited,Siprabi Securities Pvt. Ltd.,83,555.1,46073.3,2025-08-05 11:32:55.658602
2025-08-05,100893,2025080504002568,UMHL,Sweta Securities Private Limited,Swarna Laxmi Securities Pvt. Ltd.,50,555.2,27760.0,2025-08-05 11:34:42.231307
2025-08-05,100892,2025080504002569,UMHL,Property Wiard Limited,Swarna Laxmi Securities Pvt. Ltd.,17,555.1,9436.7,2025-08-05 11:34:42.231689
2025-08-05,99692,2025080504002742,UMHL,Opal Securities Investment (PVT) Ltd.,Dynamic Money Managers Securities Pvt. Ltd.,10,555.0,5550.0,2025-08-05 11:36:40.316778
2025-08-05,99691,2025080504002743,UMHL,Dakshinkali Investment & Securities Pvt. Ltd.,Dynamic Money Managers Securities Pvt. Ltd.,40,553.5,22140.0,2025-08-05 11:36:40.316984
2025-08-05,99295,2025080504002791,UMHL,Capital Max Securities Ltd,Swarna Laxmi Securities Pvt. Ltd.,33,555.1,18318.3,2025-08-05 11:37:21.675262
2025-08-05,99294,2025080504002792,UMHL,Capital Max Securities Ltd,Imperial Securities Company Pvt. Ltd.,50,555.2,27760.0,2025-08-05 11:37:21.675594
2025-08-05,98414,2025080504002870,UMHL,Capital Max Securities Ltd,Imperial Securities Company Pvt. Ltd.,30,558.0,16740.0,2025-08-05 11:39:00.027324
2025-08-05,97616,2025080504002991,UMHL,Capital Max Securities Ltd,Linch Stock Market Ltd.,137,558.9,76569.3,2025-08-05 11:40:41.433986
2025-08-05,97322,2025080504003025,UMHL,Dakshinkali Investment & Securities Pvt. Ltd.,Vision Securities Pvt. Ltd,10,558.8,5588.0,2025-08-05 11:41:20.549231
2025-08-05,97321,2025080504003026,UMHL,Dakshinkali Investment & Securities Pvt. Ltd.,Linch Stock Market Ltd.,20,558.9,11178.0,2025-08-05 11:41:20.549442
2025-08-05,97173,2025080504003053,UMHL,Aryatara Investment & Securities,Linch Stock Market Ltd.,144,558.9,80481.6,2025-08-05 11:41:43.907771
2025-08-05,97172,2025080504003054,UMHL,Aryatara Investment & Securities,BHOLE GANESH SECURITIES LTD,44,559.9,24635.6,2025-08-05 11:41:43.907945
2025-08-05,96932,2025080504003076,UMHL,Arun Securities (PVT) Ltd.,Bhrikuti Stock Broking Co. Pvt. Ltd.,53,555.4,29436.2,2025-08-05 11:42:15.057453
2025-08-05,95268,2025080504003293,UMHL,Capital Max Securities Ltd,INDEX SECURITIES LIMITED,130,556.0,72280.0,2025-08-05 11:46:21.804049
2025-08-05,92879,2025080504003589,UMHL,Capital Max Securities Ltd,J.F. Securites (PVT) Ltd.,49,558.0,27342.0,2025-08-05 11:51:00.099294
2025-08-05,92878,2025080504003590,UMHL,Capital Max Securities Ltd,Aryatara Investment & Securities,21,558.0,11718.0,2025-08-05 11:51:00.099501
2025-08-05,92727,2025080504003606,UMHL,Capital Max Securities Ltd,Aryatara Investment & Securities,90,558.0,50220.0,2025-08-05 11:51:18.202333
2025-08-05,92695,2025080504003615,UMHL,Capital Max Securities Ltd,Naasa Securities Co. Ltd.,10,559.8,5598.0,2025-08-05 11:51:25.233308
2025-08-05,92347,2025080504003647,UMHL,Sani Securities Company Ltd.,BHOLE GANESH SECURITIES LTD,156,559.7,87313.2,2025-08-05 11:51:57.652024
2025-08-05,92346,2025080504003648,UMHL,Sani Securities Company Ltd.,Naasa Securities Co. Ltd.,340,559.8,190332.0,2025-08-05 11:51:57.652214
2025-08-05,92217,2025080504003662,UMHL,Sani Securities Company Ltd.,KALASH STOCK MARKET PVT. LTD.,14,559.9,7838.6,2025-08-05 11:52:15.869285
2025-08-05,91807,2025080504003730,UMHL,Sani Securities Company Ltd.,KALASH STOCK MARKET PVT. LTD.,10,559.9,5599.0,2025-08-05 11:53:11.828243
2025-08-05,91350,2025080504003788,UMHL,Cristal Kanchanjanga Securites Pvt. Ltd.,Capital Max Securities Ltd,1800,559.0,1006200.0,2025-08-05 11:54:08.512393
2025-08-05,91349,2025080504003789,UMHL,Cristal Kanchanjanga Securites Pvt. Ltd.,KALASH STOCK MARKET PVT. LTD.,76,559.9,42552.4,2025-08-05 11:54:08.512830
2025-08-05,91348,2025080504003790,UMHL,Cristal Kanchanjanga Securites Pvt. Ltd.,Magnet Securities and Investment Company Private Limited,100,559.9,55990.0,2025-08-05 11:54:08.513083
2025-08-05,91347,2025080504003791,UMHL,Cristal Kanchanjanga Securites Pvt. Ltd.,Property Wiard Limited,14,559.9,7838.6,2025-08-05 11:54:08.513340
2025-08-05,91346,2025080504003792,UMHL,Cristal Kanchanjanga Securites Pvt. Ltd.,Agrawal Securities (PVT) Ltd.,10,559.9,5599.0,2025-08-05 11:54:08.513584
2025-08-05,91315,2025080504003793,UMHL,Bhrikuti Stock Broking Co. Pvt. Ltd.,Agrawal Securities (PVT) Ltd.,350,559.9,195965.0,2025-08-05 11:54:14.513039
2025-08-05,91288,2025080504003802,UMHL,Cristal Kanchanjanga Securites Pvt. Ltd.,Agrawal Securities (PVT) Ltd.,175,559.9,97982.5,2025-08-05 11:54:17.543956
2025-08-05,91287,2025080504003803,UMHL,Cristal Kanchanjanga Securites Pvt. Ltd.,Naasa Securities Co. Ltd.,100,560.0,56000.0,2025-08-05 11:54:17.544002
2025-08-05,91286,2025080504003804,UMHL,Cristal Kanchanjanga Securites Pvt. Ltd.,Dipshikha Dhitopatra Karobar Co. Pvt Ltd.,500,560.0,280000.0,2025-08-05 11:54:17.544031
2025-08-05,91285,2025080504003805,UMHL,Cristal Kanchanjanga Securites Pvt. Ltd.,Deevyaa Securities & Stock House Pvt. Ltd,10,560.0,5600.0,2025-08-05 11:54:17.544058
2025-08-05,91284,2025080504003806,UMHL,Cristal Kanchanjanga Securites Pvt. Ltd.,Bhrikuti Stock Broking Co. Pvt. Ltd.,50,560.0,28000.0,2025-08-05 11:54:17.544081
2025-08-05,91283,2025080504003807,UMHL,Cristal Kanchanjanga Securites Pvt. Ltd.,Capital Max Securities Ltd,228,560.0,127680.0,2025-08-05 11:54:17.544120
2025-08-05,91282,2025080504003808,UMHL,Cristal Kanchanjanga Securites Pvt. Ltd.,Sundhara Securities Limited,11,560.0,6160.0,2025-08-05 11:54:17.544148
2025-08-05,91281,2025080504003809,UMHL,Cristal Kanchanjanga Securites Pvt. Ltd.,Agrawal Securities (PVT) Ltd.,200,560.0,112000.0,2025-08-05 11:54:17.544175
2025-08-05,91280,2025080504003810,UMHL,Cristal Kanchanjanga Securites Pvt. Ltd.,Capital Max Securities Ltd,226,560.1,126582.6,2025-08-05 11:54:17.544203
2025-08-05,91261,2025080504003811,UMHL,Online Securities Pvt. Ltd.,Ashutosh Brokerage & Securities (PVT) Ltd.,10,556.0,5560.0,2025-08-05 11:54:21.338063
2025-08-05,91260,2025080504003812,UMHL,Imperial Securities Company Pvt. Ltd.,Ashutosh Brokerage & Securities (PVT) Ltd.,100,555.6,55560.0,2025-08-05 11:54:21.338351
2025-08-05,91259,2025080504003813,UMHL,Trishakti Securities Public Limited,Ashutosh Brokerage & Securities (PVT) Ltd.,100,555.5,55550.0,2025-08-05 11:54:21.338435
2025-08-05,91258,2025080504003814,UMHL,Dakshinkali Investment & Securities Pvt. Ltd.,Ashutosh Brokerage & Securities (PVT) Ltd.,10,555.0,5550.0,2025-08-05 11:54:21.338610
2025-08-05,91139,2025080504003821,UMHL,Imperial Securities Company Pvt. Ltd.,Ashutosh Brokerage & Securities (PVT) Ltd.,100,554.5,55450.0,2025-08-05 11:54:31.543334
2025-08-05,91138,2025080504003822,UMHL,Arun Securities (PVT) Ltd.,Ashutosh Brokerage & Securities (PVT) Ltd.,40,554.4,22176.0,2025-08-05 11:54:31.543588
2025-08-05,91043,2025080504003838,UMHL,Imperial Securities Company Pvt. Ltd.,Sri Hari Securities Pvt. Ltd.,4,544.0,2176.0,2025-08-05 11:54:41.505175
2025-08-05,90632,2025080504003899,UMHL,Hatemalo Financial Services Private Limited,Swarna Laxmi Securities Pvt. Ltd.,36,556.0,20016.0,2025-08-05 11:55:40.742520
2025-08-05,89825,2025080504003990,UMHL,Sani Securities Company Ltd.,Aryatara Investment & Securities,100,559.0,55900.0,2025-08-05 11:57:32.663548
2025-08-05,89387,2025080504004067,UMHL,Cristal Kanchanjanga Securites Pvt. Ltd.,Aryatara Investment & Securities,500,559.8,279900.0,2025-08-05 11:58:27.532557
2025-08-05,89386,2025080504004068,UMHL,Cristal Kanchanjanga Securites Pvt. Ltd.,Aryatara Investment & Securities,90,559.8,50382.0,2025-08-05 11:58:27.532654
2025-08-05,89385,2025080504004069,UMHL,Cristal Kanchanjanga Securites Pvt. Ltd.,Dipshikha Dhitopatra Karobar Co. Pvt Ltd.,20,559.9,11198.0,2025-08-05 11:58:27.532728
2025-08-05,89384,2025080504004070,UMHL,Cristal Kanchanjanga Securites Pvt. Ltd.,Capital Max Securities Ltd,774,559.9,433362.6,2025-08-05 11:58:27.532804
2025-08-05,89383,2025080504004071,UMHL,Cristal Kanchanjanga Securites Pvt. Ltd.,Malla & Malla Stock Broking Company Pvt. Limited,100,560.0,56000.0,2025-08-05 11:58:27.532879
2025-08-05,89382,2025080504004072,UMHL,Cristal Kanchanjanga Securites Pvt. Ltd.,Dipshikha Dhitopatra Karobar Co. Pvt Ltd.,516,560.0,288960.0,2025-08-05 11:58:27.532952
2025-08-05,89099,2025080504004124,UMHL,Sweta Securities Private Limited,Stoxkarts Securities Limited,50,558.0,27900.0,2025-08-05 11:59:07.620076
2025-08-05,89098,2025080504004125,UMHL,Hatemalo Financial Services Private Limited,Stoxkarts Securities Limited,450,556.0,250200.0,2025-08-05 11:59:07.620120
2025-08-05,88345,2025080504004225,UMHL,Kumari Securities Private Limited,Nagarik Stock Dealer ,500,558.0,279000.0,2025-08-05 12:00:38.090641
2025-08-05,88344,2025080504004226,UMHL,Aryatara Investment & Securities,Nagarik Stock Dealer ,200,557.0,111400.0,2025-08-05 12:00:38.090913
2025-08-05,88343,2025080504004227,UMHL,Imperial Securities Company Pvt. Ltd.,Nagarik Stock Dealer ,500,556.2,278100.0,2025-08-05 12:00:38.091070
2025-08-05,88342,2025080504004228,UMHL,Prabhu Stock Market Limited,Nagarik Stock Dealer ,500,556.1,278050.0,2025-08-05 12:00:38.091195
2025-08-05,88341,2025080504004229,UMHL,Hatemalo Financial Services Private Limited,Nagarik Stock Dealer ,514,556.0,285784.0,2025-08-05 12:00:38.091351
2025-08-05,88340,2025080504004230,UMHL,Sumeru Securities Pvt. Ltd.,Nagarik Stock Dealer ,150,555.0,83250.0,2025-08-05 12:00:38.091484
2025-08-05,88339,2025080504004231,UMHL,Aryatara Investment & Securities,Nagarik Stock Dealer ,64,555.0,35520.0,2025-08-05 12:00:38.091592
2025-08-05,88338,2025080504004232,UMHL,Naasa Securities Co. Ltd.,Nagarik Stock Dealer ,300,555.0,166500.0,2025-08-05 12:00:38.091710
2025-08-05,88337,2025080504004233,UMHL,Dakshinkali Investment & Securities Pvt. Ltd.,Nagarik Stock Dealer ,10,555.0,5550.0,2025-08-05 12:00:38.091797
2025-08-05,88336,2025080504004234,UMHL,Capital Max Securities Ltd,Nagarik Stock Dealer ,1000,555.0,555000.0,2025-08-05 12:00:38.091886
2025-08-05,88335,2025080504004235,UMHL,Vision Securities Pvt. Ltd,Nagarik Stock Dealer ,10,555.0,5550.0,2025-08-05 12:00:38.091978
2025-08-05,88220,2025080504004253,UMHL,Imperial Securities Company Pvt. Ltd.,Nagarik Stock Dealer ,100,554.8,55480.0,2025-08-05 12:00:52.135095
2025-08-05,88219,2025080504004254,UMHL,Imperial Securities Company Pvt. Ltd.,Nagarik Stock Dealer ,100,554.7,55470.0,2025-08-05 12:00:52.135308
2025-08-05,88218,2025080504004255,UMHL,Imperial Securities Company Pvt. Ltd.,Nagarik Stock Dealer ,100,554.6,55460.0,2025-08-05 12:00:52.135408
2025-08-05,88217,2025080504004256,UMHL,Imperial Securities Company Pvt. Ltd.,Nagarik Stock Dealer ,100,554.5,55450.0,2025-08-05 12:00:52.135493
2025-08-05,88216,2025080504004257,UMHL,Arun Securities (PVT) Ltd.,Nagarik Stock Dealer ,107,554.4,59320.8,2025-08-05 12:00:52.135577
2025-08-05,88215,2025080504004258,UMHL,Sumeru Securities Pvt. Ltd.,Nagarik Stock Dealer ,745,554.3,412953.5,2025-08-05 12:00:52.135672
2025-08-05,88050,2025080504004282,UMHL,Online Securities Pvt. Ltd.,Online Securities Pvt. Ltd.,5000,557.9,2789500.0,2025-08-05 12:01:16.823993
2025-08-05,87880,2025080504004300,UMHL,Sipla Securities Private Limited,Nagarik Stock Dealer ,500,554.4,277200.0,2025-08-05 12:01:44.268132
2025-08-05,87879,2025080504004301,UMHL,Sumeru Securities Pvt. Ltd.,Nagarik Stock Dealer ,909,554.3,503858.7,2025-08-05 12:01:44.268214
2025-08-05,87878,2025080504004302,UMHL,Imperial Securities Company Pvt. Ltd.,Nagarik Stock Dealer ,100,554.1,55410.0,2025-08-05 12:01:44.268249
2025-08-05,87877,2025080504004303,UMHL,Capital Max Securities Ltd,Nagarik Stock Dealer ,577,554.1,319715.7,2025-08-05 12:01:44.268275
2025-08-05,87294,2025080504004388,UMHL,Sani Securities Company Ltd.,Kumari Securities Private Limited,80,555.0,44400.0,2025-08-05 12:03:15.298880
2025-08-05,86522,2025080504004475,UMHL,Sani Securities Company Ltd.,Oxford Securities Pvt. Ltd.,15,555.0,8325.0,2025-08-05 12:05:23.289927
2025-08-05,85287,2025080504004683,UMHL,Prabhu Stock Market Limited,SUN SECURITIES PVT LTD,100,554.2,55420.0,2025-08-05 12:08:29.910007
2025-08-05,85277,2025080504004684,UMHL,Sewa Securities Pvt. Ltd.,Oxford Securities Pvt. Ltd.,90,555.0,49950.0,2025-08-05 12:08:31.544681
2025-08-05,80225,2025080504005591,UMHL,Sewa Securities Pvt. Ltd.,Kohinoor Investment & Securities Pvt. Ltd.,10,555.0,5550.0,2025-08-05 12:20:26.443676
2025-08-05,80224,2025080504005592,UMHL,Cristal Kanchanjanga Securites Pvt. Ltd.,Kohinoor Investment & Securities Pvt. Ltd.,97,555.0,53835.0,2025-08-05 12:20:26.443965
2025-08-05,78093,2025080504005870,UMHL,Naasa Securities Co. Ltd.,Primo Securities (PVT) Ltd.,20,555.0,11100.0,2025-08-05 12:26:01.583930
2025-08-05,78092,2025080504005871,UMHL,Capital Max Securities Ltd,Primo Securities (PVT) Ltd.,150,555.0,83250.0,2025-08-05 12:26:01.583999
2025-08-05,78091,2025080504005872,UMHL,Prabhu Stock Market Limited,Primo Securities (PVT) Ltd.,400,554.2,221680.0,2025-08-05 12:26:01.584027
2025-08-05,78090,2025080504005873,UMHL,Capital Max Securities Ltd,Primo Securities (PVT) Ltd.,129,554.1,71478.9,2025-08-05 12:26:01.584056
2025-08-05,75549,2025080504006335,UMHL,Sani Securities Company Ltd.,SHUBHAKAMANA SECURITIES PVT. LTD,300,554.1,166230.0,2025-08-05 12:32:24.552099
2025-08-05,75548,2025080504006336,UMHL,Capital Max Securities Ltd,SHUBHAKAMANA SECURITIES PVT. LTD,294,553.7,162787.8,2025-08-05 12:32:24.552393
2025-08-05,75547,2025080504006337,UMHL,Imperial Securities Company Pvt. Ltd.,SHUBHAKAMANA SECURITIES PVT. LTD,500,553.6,276800.0,2025-08-05 12:32:24.552495
2025-08-05,75546,2025080504006338,UMHL,Property Wiard Limited,SHUBHAKAMANA SECURITIES PVT. LTD,906,553.5,501471.0,2025-08-05 12:32:24.552595
2025-08-05,73854,2025080504006653,UMHL,Property Wiard Limited,Linch Stock Market Ltd.,10,553.5,5535.0,2025-08-05 12:36:38.857097
2025-08-05,71983,2025080504006940,UMHL,Naasa Securities Co. Ltd.,Capital Max Securities Ltd,100,554.0,55400.0,2025-08-05 12:40:52.699196
2025-08-05,69484,2025080504007307,UMHL,Naasa Securities Co. Ltd.,Capital Max Securities Ltd,36,554.0,19944.0,2025-08-05 12:47:39.935279
2025-08-05,69210,2025080504007339,UMHL,Property Wiard Limited,Nepal Stock House (PVT) Ltd.,29,554.1,16068.9,2025-08-05 12:48:23.562205
2025-08-05,69055,2025080504007363,UMHL,Naasa Securities Co. Ltd.,Aryatara Investment & Securities,200,555.0,111000.0,2025-08-05 12:48:38.703090
2025-08-05,69054,2025080504007364,UMHL,Naasa Securities Co. Ltd.,Midas Stock Broking Company Private Limited,264,555.0,146520.0,2025-08-05 12:48:38.703342
2025-08-05,68293,2025080504007493,UMHL,Sani Securities Company Ltd.,Midas Stock Broking Company Private Limited,63,555.0,34965.0,2025-08-05 12:50:39.865481
2025-08-05,67669,2025080504007575,UMHL,MILKY WAY SHARE BROKER COMPANY LTD ,Midas Stock Broking Company Private Limited,173,555.0,96015.0,2025-08-05 12:52:29.133667
2025-08-05,67668,2025080504007576,UMHL,MILKY WAY SHARE BROKER COMPANY LTD ,Vision Securities Pvt. Ltd,14,555.0,7770.0,2025-08-05 12:52:29.133963
2025-08-05,67667,2025080504007577,UMHL,MILKY WAY SHARE BROKER COMPANY LTD ,Premier Securities Company Ltd.,14,555.0,7770.0,2025-08-05 12:52:29.134065
2025-08-05,66888,2025080504007685,UMHL,MILKY WAY SHARE BROKER COMPANY LTD ,Bhrikuti Stock Broking Co. Pvt. Ltd.,449,555.0,249195.0,2025-08-05 12:54:28.335638
2025-08-05,66587,2025080504007748,UMHL,Property Wiard Limited,Dynamic Money Managers Securities Pvt. Ltd.,55,554.1,30475.5,2025-08-05 12:55:24.236176
2025-08-05,66586,2025080504007749,UMHL,Sipla Securities Private Limited,Dynamic Money Managers Securities Pvt. Ltd.,445,554.1,246574.5,2025-08-05 12:55:24.236477
2025-08-05,66336,2025080504007795,UMHL,Sharepro Securities Private Limited,Property Wiard Limited,500,555.8,277900.0,2025-08-05 12:56:05.342188
2025-08-05,62425,2025080504008636,UMHL,Imperial Securities Company Pvt. Ltd.,Property Wiard Limited,200,555.6,111120.0,2025-08-05 13:06:55.571362
2025-08-05,61855,2025080504008712,UMHL,Nagarik Stock Dealer ,Trisul Securities & Invt. Ltd.,100,554.2,55420.0,2025-08-05 13:08:25.698133
2025-08-05,61572,2025080504008771,UMHL,South Asian Bulls Pvt. Ltd.,Sundhara Securities Limited,14,554.3,7760.2,2025-08-05 13:09:14.292344
2025-08-05,61460,2025080504008785,UMHL,South Asian Bulls Pvt. Ltd.,Sundhara Securities Limited,986,554.3,546539.8,2025-08-05 13:09:36.394622
2025-08-05,61459,2025080504008786,UMHL,Nagarik Stock Dealer ,Sundhara Securities Limited,14,554.2,7758.8,2025-08-05 13:09:36.395099
2025-08-05,60280,2025080504009061,UMHL,Nagarik Stock Dealer ,Capital Max Securities Ltd,886,554.1,490932.6,2025-08-05 13:12:30.801027
2025-08-05,60279,2025080504009062,UMHL,MILKY WAY SHARE BROKER COMPANY LTD ,Capital Max Securities Ltd,114,554.0,63156.0,2025-08-05 13:12:30.801559
2025-08-05,60116,2025080504009103,UMHL,MILKY WAY SHARE BROKER COMPANY LTD ,Capital Max Securities Ltd,386,554.0,213844.0,2025-08-05 13:12:55.920202
2025-08-05,60115,2025080504009104,UMHL,MILKY WAY SHARE BROKER COMPANY LTD ,Capital Max Securities Ltd,114,554.0,63156.0,2025-08-05 13:12:55.920458
2025-08-05,59782,2025080504009166,UMHL,Capital Max Securities Ltd,Asian Securities Private Ltd.,500,554.1,277050.0,2025-08-05 13:13:53.266648
2025-08-05,58951,2025080504009357,UMHL,Capital Max Securities Ltd,Sri Hari Securities Pvt. Ltd.,300,554.1,166230.0,2025-08-05 13:16:01.349557
2025-08-05,58611,2025080504009432,UMHL,Capital Max Securities Ltd,Nepal Investment And Securities Trading Private Limited,200,554.1,110820.0,2025-08-05 13:16:49.921465
2025-08-05,58610,2025080504009433,UMHL,MILKY WAY SHARE BROKER COMPANY LTD ,Nepal Investment And Securities Trading Private Limited,300,554.0,166200.0,2025-08-05 13:16:49.921967
2025-08-05,58574,2025080504009435,UMHL,MILKY WAY SHARE BROKER COMPANY LTD ,Capital Max Securities Ltd,10,554.0,5540.0,2025-08-05 13:16:55.047145
2025-08-05,58349,2025080504009500,UMHL,MILKY WAY SHARE BROKER COMPANY LTD ,Nepal Investment And Securities Trading Private Limited,76,554.0,42104.0,2025-08-05 13:17:31.217103
2025-08-05,58348,2025080504009501,UMHL,Imperial Securities Company Pvt. Ltd.,Nepal Investment And Securities Trading Private Limited,500,553.7,276850.0,2025-08-05 13:17:31.217403
2025-08-05,58347,2025080504009502,UMHL,Vision Securities Pvt. Ltd,Nepal Investment And Securities Trading Private Limited,100,553.5,55350.0,2025-08-05 13:17:31.217513
2025-08-05,58346,2025080504009503,UMHL,Imperial Securities Company Pvt. Ltd.,Nepal Investment And Securities Trading Private Limited,324,553.5,179334.0,2025-08-05 13:17:31.217617
2025-08-05,58224,2025080504009523,UMHL,Imperial Securities Company Pvt. Ltd.,Nepal Investment And Securities Trading Private Limited,176,553.5,97416.0,2025-08-05 13:17:52.353932
2025-08-05,58223,2025080504009524,UMHL,Sumeru Securities Pvt. Ltd.,Nepal Investment And Securities Trading Private Limited,65,553.5,35977.5,2025-08-05 13:17:52.354225
2025-08-05,58222,2025080504009525,UMHL,Opal Securities Investment (PVT) Ltd.,Nepal Investment And Securities Trading Private Limited,259,553.3,143304.7,2025-08-05 13:17:52.354345
2025-08-05,56985,2025080504009708,UMHL,Nagarik Stock Dealer ,Sundhara Securities Limited,24,553.4,13281.6,2025-08-05 13:20:57.888721
2025-08-05,55504,2025080504010051,UMHL,Nagarik Stock Dealer ,South Asian Bulls Pvt. Ltd.,476,553.4,263418.4,2025-08-05 13:25:34.830369
2025-08-05,55503,2025080504010052,UMHL,Opal Securities Investment (PVT) Ltd.,South Asian Bulls Pvt. Ltd.,744,553.3,411655.2,2025-08-05 13:25:34.830659
2025-08-05,55356,2025080504010059,UMHL,Opal Securities Investment (PVT) Ltd.,Shree Krishna Securities Ltd.,122,553.3,67502.6,2025-08-05 13:26:05.910352
2025-08-05,55355,2025080504010060,UMHL,Aryatara Investment & Securities,Shree Krishna Securities Ltd.,23,553.3,12725.9,2025-08-05 13:26:05.910615
2025-08-05,55354,2025080504010061,UMHL,Premier Securities Company Ltd.,Shree Krishna Securities Ltd.,855,553.0,472815.0,2025-08-05 13:26:05.910721
2025-08-05,55061,2025080504010119,UMHL,Kumari Securities Private Limited,J.F. Securites (PVT) Ltd.,195,553.5,107932.5,2025-08-05 13:27:07.498591
2025-08-05,55060,2025080504010120,UMHL,Kumari Securities Private Limited,Property Wiard Limited,300,553.9,166170.0,2025-08-05 13:27:07.499096
2025-08-05,54740,2025080504010193,UMHL,Trisul Securities & Invt. Ltd.,Stoxkarts Securities Limited,35,555.0,19425.0,2025-08-05 13:28:04.434378
2025-08-05,54354,2025080504010248,UMHL,Kumari Securities Private Limited,Opal Securities Investment (PVT) Ltd.,10,554.0,5540.0,2025-08-05 13:29:23.264173
2025-08-05,53630,2025080504010380,UMHL,Kumari Securities Private Limited,R.B.B. Securities Company Ltd,195,554.0,108030.0,2025-08-05 13:31:38.215115
2025-08-05,53554,2025080504010393,UMHL,Capital Max Securities Ltd,Trisul Securities & Invt. Ltd.,500,553.1,276550.0,2025-08-05 13:31:53.350092
2025-08-05,53553,2025080504010394,UMHL,Premier Securities Company Ltd.,Trisul Securities & Invt. Ltd.,45,553.0,24885.0,2025-08-05 13:31:53.350641
2025-08-05,53552,2025080504010395,UMHL,Asian Securities Private Ltd.,Trisul Securities & Invt. Ltd.,200,553.0,110600.0,2025-08-05 13:31:53.350958
2025-08-05,53551,2025080504010396,UMHL,Trishakti Securities Public Limited,Trisul Securities & Invt. Ltd.,400,553.0,221200.0,2025-08-05 13:31:53.351243
2025-08-05,53550,2025080504010397,UMHL,Siprabi Securities Pvt. Ltd.,Trisul Securities & Invt. Ltd.,500,553.0,276500.0,2025-08-05 13:31:53.351368
2025-08-05,53549,2025080504010398,UMHL,Nagarik Stock Dealer ,Trisul Securities & Invt. Ltd.,1000,552.6,552600.0,2025-08-05 13:31:53.351478
2025-08-05,53548,2025080504010399,UMHL,Opal Securities Investment (PVT) Ltd.,Trisul Securities & Invt. Ltd.,1000,552.5,552500.0,2025-08-05 13:31:53.351595
2025-08-05,53547,2025080504010400,UMHL,Sri Hari Securities Pvt. Ltd.,Trisul Securities & Invt. Ltd.,200,552.3,110460.0,2025-08-05 13:31:53.351706
2025-08-05,53546,2025080504010401,UMHL,Kumari Securities Private Limited,Trisul Securities & Invt. Ltd.,600,552.3,331380.0,2025-08-05 13:31:53.351808
2025-08-05,53545,2025080504010402,UMHL,Capital Max Securities Ltd,Trisul Securities & Invt. Ltd.,775,552.2,427955.0,2025-08-05 13:31:53.351912
2025-08-05,53092,2025080504010449,UMHL,Online Securities Pvt. Ltd.,R.B.B. Securities Company Ltd,45,554.0,24930.0,2025-08-05 13:33:18.880564
2025-08-05,53091,2025080504010450,UMHL,Online Securities Pvt. Ltd.,Sumeru Securities Pvt. Ltd.,14,554.5,7763.0,2025-08-05 13:33:18.881049
2025-08-05,53090,2025080504010451,UMHL,Online Securities Pvt. Ltd.,Nepal Stock House (PVT) Ltd.,11,554.5,6099.5,2025-08-05 13:33:18.881379
2025-08-05,52100,2025080504010651,UMHL,Nagarik Stock Dealer ,Malla & Malla Stock Broking Company Pvt. Limited,200,554.0,110800.0,2025-08-05 13:36:14.912283
2025-08-05,52099,2025080504010652,UMHL,Nagarik Stock Dealer ,Nepal Stock House (PVT) Ltd.,39,554.5,21625.5,2025-08-05 13:36:14.912557
2025-08-05,52098,2025080504010653,UMHL,Nagarik Stock Dealer ,Stoxkarts Securities Limited,33,555.0,18315.0,2025-08-05 13:36:14.912662
2025-08-05,50984,2025080504010833,UMHL,Linch Stock Market Ltd.,Stoxkarts Securities Limited,10,555.0,5550.0,2025-08-05 13:39:01.816937
2025-08-05,44414,2025080504011775,UMHL,Dipshikha Dhitopatra Karobar Co. Pvt Ltd.,Bhrikuti Stock Broking Co. Pvt. Ltd.,100,554.5,55450.0,2025-08-05 13:57:18.405594
2025-08-05,44109,2025080504011853,UMHL,Kumari Securities Private Limited,Bhrikuti Stock Broking Co. Pvt. Ltd.,100,554.5,55450.0,2025-08-05 13:58:03.069078
2025-08-05,41406,2025080504012344,UMHL,Sweta Securities Private Limited,Sani Securities Company Ltd.,20,554.4,11088.0,2025-08-05 14:05:12.216019
2025-08-05,41405,2025080504012345,UMHL,Sweta Securities Private Limited,Bhrikuti Stock Broking Co. Pvt. Ltd.,80,554.5,44360.0,2025-08-05 14:05:12.216354
2025-08-05,41333,2025080504012357,UMHL,Imperial Securities Company Pvt. Ltd.,Bhrikuti Stock Broking Co. Pvt. Ltd.,570,554.5,316065.0,2025-08-05 14:05:27.887101
2025-08-05,41244,2025080504012363,UMHL,Sweta Securities Private Limited,Sani Securities Company Ltd.,10,554.3,5543.0,2025-08-05 14:05:39.463568
2025-08-05,41233,2025080504012364,UMHL,Sweta Securities Private Limited,Infinity Securities Limited,90,554.5,49905.0,2025-08-05 14:05:41.514687
2025-08-05,41232,2025080504012365,UMHL,Sipla Securities Private Limited,Infinity Securities Limited,500,553.1,276550.0,2025-08-05 14:05:41.514999
2025-08-05,40108,2025080504012564,UMHL,Property Wiard Limited,Linch Stock Market Ltd.,10,554.8,5548.0,2025-08-05 14:08:50.543093
2025-08-05,39022,2025080504012742,UMHL,Dipshikha Dhitopatra Karobar Co. Pvt Ltd.,Online Securities Pvt. Ltd.,790,553.4,437186.0,2025-08-05 14:11:48.553053
2025-08-05,38440,2025080504012831,UMHL,Dipshikha Dhitopatra Karobar Co. Pvt Ltd.,Linch Stock Market Ltd.,290,554.8,160892.0,2025-08-05 14:13:05.937332
2025-08-05,38439,2025080504012832,UMHL,Dipshikha Dhitopatra Karobar Co. Pvt Ltd.,Linch Stock Market Ltd.,210,554.8,116508.0,2025-08-05 14:13:05.937624
2025-08-05,37189,2025080504013120,UMHL,Dipshikha Dhitopatra Karobar Co. Pvt Ltd.,S.P.S.A. Securities Limited,14,553.4,7747.6,2025-08-05 14:15:16.701962
2025-08-05,37068,2025080504013160,UMHL,Dipshikha Dhitopatra Karobar Co. Pvt Ltd.,Primo Securities (PVT) Ltd.,500,553.4,276700.0,2025-08-05 14:15:31.373054
2025-08-05,37034,2025080504013163,UMHL,Property Wiard Limited,Vision Securities Pvt. Ltd,10,554.7,5547.0,2025-08-05 14:15:34.753241
2025-08-05,37033,2025080504013164,UMHL,Property Wiard Limited,Linch Stock Market Ltd.,10,554.8,5548.0,2025-08-05 14:15:34.753303
2025-08-05,36972,2025080504013178,UMHL,Dipshikha Dhitopatra Karobar Co. Pvt Ltd.,Primo Securities (PVT) Ltd.,500,553.4,276700.0,2025-08-05 14:15:40.443965
2025-08-05,36840,2025080504013229,UMHL,Property Wiard Limited,Linch Stock Market Ltd.,10,554.8,5548.0,2025-08-05 14:15:49.810424
2025-08-05,36706,2025080504013278,UMHL,Dipshikha Dhitopatra Karobar Co. Pvt Ltd.,Vision Securities Pvt. Ltd,100,553.4,55340.0,2025-08-05 14:15:59.922121
2025-08-05,36676,2025080504013290,UMHL,Property Wiard Limited,Linch Stock Market Ltd.,10,554.8,5548.0,2025-08-05 14:16:03.849175
2025-08-05,36572,2025080504013299,UMHL,Dipshikha Dhitopatra Karobar Co. Pvt Ltd.,Aryatara Investment & Securities,50,553.4,27670.0,2025-08-05 14:16:12.571789
2025-08-05,36316,2025080504013390,UMHL,Property Wiard Limited,Infinity Securities Limited,10,554.7,5547.0,2025-08-05 14:16:32.940918
2025-08-05,36284,2025080504013396,UMHL,Dipshikha Dhitopatra Karobar Co. Pvt Ltd.,ABC Securities Private Limited,15,553.4,8301.0,2025-08-05 14:16:34.930206
2025-08-05,35691,2025080504013523,UMHL,Dipshikha Dhitopatra Karobar Co. Pvt Ltd.,South Asian Bulls Pvt. Ltd.,1000,553.4,553400.0,2025-08-05 14:17:40.102977
2025-08-05,34651,2025080504013756,UMHL,Dipshikha Dhitopatra Karobar Co. Pvt Ltd.,KALASH STOCK MARKET PVT. LTD.,531,553.4,293855.4,2025-08-05 14:19:40.200899
2025-08-05,34650,2025080504013757,UMHL,Sundhara Securities Limited,KALASH STOCK MARKET PVT. LTD.,200,553.3,110660.0,2025-08-05 14:19:40.201585
2025-08-05,34649,2025080504013758,UMHL,Trishakti Securities Public Limited,KALASH STOCK MARKET PVT. LTD.,69,553.1,38163.9,2025-08-05 14:19:40.202185
2025-08-05,34616,2025080504013768,UMHL,Trishakti Securities Public Limited,KALASH STOCK MARKET PVT. LTD.,800,553.1,442480.0,2025-08-05 14:19:44.226896
2025-08-05,34588,2025080504013774,UMHL,Trishakti Securities Public Limited,KALASH STOCK MARKET PVT. LTD.,131,553.1,72456.1,2025-08-05 14:19:54.260137
2025-08-05,34587,2025080504013775,UMHL,Naasa Securities Co. Ltd.,KALASH STOCK MARKET PVT. LTD.,769,553.0,425257.0,2025-08-05 14:19:54.260505
2025-08-05,34253,2025080504013866,UMHL,Naasa Securities Co. Ltd.,KALASH STOCK MARKET PVT. LTD.,231,553.0,127743.0,2025-08-05 14:20:31.393032
2025-08-05,34252,2025080504013867,UMHL,KALASH STOCK MARKET PVT. LTD.,KALASH STOCK MARKET PVT. LTD.,59,552.6,32603.4,2025-08-05 14:20:31.393384
2025-08-05,33467,2025080504014012,UMHL,Sani Securities Company Ltd.,Sani Securities Company Ltd.,50,553.0,27650.0,2025-08-05 14:22:09.170175
2025-08-05,32964,2025080504014110,UMHL,Investment Management Nepal Pvt. Ltd.,Sani Securities Company Ltd.,800,553.0,442400.0,2025-08-05 14:23:26.793807
2025-08-05,32806,2025080504014136,UMHL,KALASH STOCK MARKET PVT. LTD.,Oxford Securities Pvt. Ltd.,441,552.6,243696.6,2025-08-05 14:23:45.536777
2025-08-05,32805,2025080504014137,UMHL,Sweta Securities Private Limited,Oxford Securities Pvt. Ltd.,100,552.5,55250.0,2025-08-05 14:23:45.537066
2025-08-05,32804,2025080504014138,UMHL,Dipshikha Dhitopatra Karobar Co. Pvt Ltd.,Oxford Securities Pvt. Ltd.,20,552.3,11046.0,2025-08-05 14:23:45.537181
2025-08-05,32803,2025080504014139,UMHL,Capital Max Securities Ltd,Oxford Securities Pvt. Ltd.,225,552.2,124245.0,2025-08-05 14:23:45.537293
2025-08-05,32802,2025080504014140,UMHL,Nagarik Stock Dealer ,Oxford Securities Pvt. Ltd.,500,552.2,276100.0,2025-08-05 14:23:45.537415
2025-08-05,32801,2025080504014141,UMHL,Midas Stock Broking Company Private Limited,Oxford Securities Pvt. Ltd.,184,552.2,101604.8,2025-08-05 14:23:45.537525
2025-08-05,31989,2025080504014295,UMHL,Property Wiard Limited,Deevyaa Securities & Stock House Pvt. Ltd,10,554.6,5546.0,2025-08-05 14:25:43.455599
2025-08-05,31048,2025080504014478,UMHL,MILKY WAY SHARE BROKER COMPANY LTD ,KALASH STOCK MARKET PVT. LTD.,730,553.0,403690.0,2025-08-05 14:28:04.949080
2025-08-05,31047,2025080504014479,UMHL,MILKY WAY SHARE BROKER COMPANY LTD ,KALASH STOCK MARKET PVT. LTD.,270,552.5,149175.0,2025-08-05 14:28:04.949668
2025-08-05,29181,2025080504014804,UMHL,Investment Management Nepal Pvt. Ltd.,South Asian Bulls Pvt. Ltd.,50,553.0,27650.0,2025-08-05 14:32:09.938185
2025-08-05,28888,2025080504014884,UMHL,Investment Management Nepal Pvt. Ltd.,Deevyaa Securities & Stock House Pvt. Ltd,290,554.6,160834.0,2025-08-05 14:32:49.606939
2025-08-05,28887,2025080504014885,UMHL,Investment Management Nepal Pvt. Ltd.,Trishakti Securities Public Limited,300,554.8,166440.0,2025-08-05 14:32:49.607231
2025-08-05,28886,2025080504014886,UMHL,Investment Management Nepal Pvt. Ltd.,Linch Stock Market Ltd.,160,554.8,88768.0,2025-08-05 14:32:49.607357
2025-08-05,28885,2025080504014887,UMHL,Investment Management Nepal Pvt. Ltd.,Nepal Investment And Securities Trading Private Limited,250,554.9,138725.0,2025-08-05 14:32:49.607469
2025-08-05,27471,2025080504015281,UMHL,Dynamic Money Managers Securities Pvt. Ltd.,SUN SECURITIES PVT LTD,50,554.0,27700.0,2025-08-05 14:35:39.887288
2025-08-05,27290,2025080504015299,UMHL,Investment Management Nepal Pvt. Ltd.,Property Wiard Limited,80,553.0,44240.0,2025-08-05 14:35:56.151034
2025-08-05,26975,2025080504015358,UMHL,Investment Management Nepal Pvt. Ltd.,Property Wiard Limited,20,553.0,11060.0,2025-08-05 14:36:27.247279
2025-08-05,26754,2025080504015404,UMHL,Investment Management Nepal Pvt. Ltd.,Imperial Securities Company Pvt. Ltd.,2000,553.0,1106000.0,2025-08-05 14:36:40.066865
2025-08-05,26154,2025080504015576,UMHL,Investment Management Nepal Pvt. Ltd.,NIMB Stock Markets Limited,1570,553.0,868210.0,2025-08-05 14:37:27.547179
2025-08-05,26153,2025080504015577,UMHL,MILKY WAY SHARE BROKER COMPANY LTD ,NIMB Stock Markets Limited,230,552.5,127075.0,2025-08-05 14:37:27.547786
2025-08-05,26152,2025080504015578,UMHL,Midas Stock Broking Company Private Limited,NIMB Stock Markets Limited,716,552.2,395375.2,2025-08-05 14:37:27.548201
2025-08-05,26151,2025080504015579,UMHL,Oxford Securities Pvt. Ltd.,NIMB Stock Markets Limited,264,552.2,145780.8,2025-08-05 14:37:27.548604
2025-08-05,26150,2025080504015580,UMHL,Global IME Securities Limited,NIMB Stock Markets Limited,50,552.2,27610.0,2025-08-05 14:37:27.548983
2025-08-05,26149,2025080504015581,UMHL,Sumeru Securities Pvt. Ltd.,NIMB Stock Markets Limited,2470,552.1,1363687.0,2025-08-05 14:37:27.549403
2025-08-05,25535,2025080504015712,UMHL,Sumeru Securities Pvt. Ltd.,Vision Securities Pvt. Ltd,100,552.1,55210.0,2025-08-05 14:38:14.351951
2025-08-05,24856,2025080504015883,UMHL,Sumeru Securities Pvt. Ltd.,SUN SECURITIES PVT LTD,200,552.1,110420.0,2025-08-05 14:38:58.205729
2025-08-05,23689,2025080504016255,UMHL,Sumeru Securities Pvt. Ltd.,Neev Securities Pvt. Ltd.,230,552.1,126983.0,2025-08-05 14:40:25.683077
2025-08-05,23688,2025080504016256,UMHL,Deevyaa Securities & Stock House Pvt. Ltd,Neev Securities Pvt. Ltd.,35,552.0,19320.0,2025-08-05 14:40:25.683455
2025-08-05,23687,2025080504016257,UMHL,Sweta Securities Private Limited,Neev Securities Pvt. Ltd.,125,552.0,69000.0,2025-08-05 14:40:25.683571
2025-08-05,23686,2025080504016258,UMHL,MILKY WAY SHARE BROKER COMPANY LTD ,Neev Securities Pvt. Ltd.,110,552.0,60720.0,2025-08-05 14:40:25.683682
2025-08-05,21994,2025080504016650,UMHL,BHOLE GANESH SECURITIES LTD,Imperial Securities Company Pvt. Ltd.,200,552.1,110420.0,2025-08-05 14:42:23.558762
2025-08-05,21993,2025080504016651,UMHL,MILKY WAY SHARE BROKER COMPANY LTD ,Imperial Securities Company Pvt. Ltd.,300,552.0,165600.0,2025-08-05 14:42:23.559140
2025-08-05,21576,2025080504016753,UMHL,MILKY WAY SHARE BROKER COMPANY LTD ,Indira securities pvt. ltd,90,552.0,49680.0,2025-08-05 14:42:51.270237
2025-08-05,21575,2025080504016754,UMHL,Dipshikha Dhitopatra Karobar Co. Pvt Ltd.,Indira securities pvt. ltd,410,552.0,226320.0,2025-08-05 14:42:51.270368
2025-08-05,21427,2025080504016812,UMHL,Dipshikha Dhitopatra Karobar Co. Pvt Ltd.,Nepal Investment And Securities Trading Private Limited,90,552.0,49680.0,2025-08-05 14:43:02.028368
2025-08-05,21426,2025080504016813,UMHL,Premier Securities Company Ltd.,Nepal Investment And Securities Trading Private Limited,360,552.0,198720.0,2025-08-05 14:43:02.028648
2025-08-05,21019,2025080504016963,UMHL,Capital Max Securities Ltd,Indira securities pvt. ltd,500,551.4,275700.0,2025-08-05 14:43:22.372449
2025-08-05,19716,2025080504017387,UMHL,BHOLE GANESH SECURITIES LTD,Infinity Securities Limited,300,551.5,165450.0,2025-08-05 14:44:48.588540
2025-08-05,19715,2025080504017388,UMHL,Capital Max Securities Ltd,Infinity Securities Limited,500,551.5,275750.0,2025-08-05 14:44:48.588828
2025-08-05,19714,2025080504017389,UMHL,Capital Max Securities Ltd,Infinity Securities Limited,1000,551.5,551500.0,2025-08-05 14:44:48.588946
2025-08-05,19713,2025080504017390,UMHL,Capital Max Securities Ltd,Infinity Securities Limited,4500,551.4,2481300.0,2025-08-05 14:44:48.589069
2025-08-05,19712,2025080504017391,UMHL,Sumeru Securities Pvt. Ltd.,Infinity Securities Limited,1500,551.2,826800.0,2025-08-05 14:44:48.589185
2025-08-05,19711,2025080504017392,UMHL,Online Securities Pvt. Ltd.,Infinity Securities Limited,500,551.0,275500.0,2025-08-05 14:44:48.589302
2025-08-05,19710,2025080504017393,UMHL,Opal Securities Investment (PVT) Ltd.,Infinity Securities Limited,1000,551.0,551000.0,2025-08-05 14:44:48.589430
2025-08-05,19709,2025080504017394,UMHL,Indira securities pvt. ltd,Infinity Securities Limited,600,551.0,330600.0,2025-08-05 14:44:48.589543
2025-08-05,19489,2025080504017452,UMHL,Capital Max Securities Ltd,Nepal Investment And Securities Trading Private Limited,50,552.0,27600.0,2025-08-05 14:44:57.841999
2025-08-05,19488,2025080504017453,UMHL,Capital Max Securities Ltd,Nepal Investment And Securities Trading Private Limited,50,552.0,27600.0,2025-08-05 14:44:57.842037
2025-08-05,19487,2025080504017454,UMHL,Capital Max Securities Ltd,Imperial Securities Company Pvt. Ltd.,500,553.0,276500.0,2025-08-05 14:44:57.842063
2025-08-05,19486,2025080504017455,UMHL,Capital Max Securities Ltd,Trishakti Securities Public Limited,214,553.0,118342.0,2025-08-05 14:44:57.842088
2025-08-05,19485,2025080504017456,UMHL,Capital Max Securities Ltd,Trademow Securities Private Limited,500,553.7,276850.0,2025-08-05 14:44:57.842128
2025-08-05,19484,2025080504017457,UMHL,Capital Max Securities Ltd,SUN SECURITIES PVT LTD,950,553.8,526110.0,2025-08-05 14:44:57.842155
2025-08-05,19483,2025080504017458,UMHL,Capital Max Securities Ltd,Trisul Securities & Invt. Ltd.,10,553.9,5539.0,2025-08-05 14:44:57.842181
2025-08-05,19482,2025080504017459,UMHL,Capital Max Securities Ltd,Imperial Securities Company Pvt. Ltd.,900,554.0,498600.0,2025-08-05 14:44:57.842202
2025-08-05,19481,2025080504017460,UMHL,Capital Max Securities Ltd,Sweta Securities Private Limited,50,554.0,27700.0,2025-08-05 14:44:57.842257
2025-08-05,19480,2025080504017461,UMHL,Capital Max Securities Ltd,Investment Management Nepal Pvt. Ltd.,1000,554.8,554800.0,2025-08-05 14:44:57.842288
2025-08-05,19479,2025080504017462,UMHL,Capital Max Securities Ltd,Nepal Investment And Securities Trading Private Limited,250,554.9,138725.0,2025-08-05 14:44:57.842309
2025-08-05,19478,2025080504017463,UMHL,Capital Max Securities Ltd,Nagarik Stock Dealer ,10,554.9,5549.0,2025-08-05 14:44:57.842346
2025-08-05,19477,2025080504017464,UMHL,Capital Max Securities Ltd,Nagarik Stock Dealer ,10,554.9,5549.0,2025-08-05 14:44:57.842367
2025-08-05,19476,2025080504017465,UMHL,Capital Max Securities Ltd,Naasa Securities Co. Ltd.,500,554.9,277450.0,2025-08-05 14:44:57.842388
2025-08-05,19137,2025080504017595,UMHL,Sumeru Securities Pvt. Ltd.,Sani Securities Company Ltd.,260,552.0,143520.0,2025-08-05 14:45:13.641454
2025-08-05,19136,2025080504017596,UMHL,Sumeru Securities Pvt. Ltd.,Stoxkarts Securities Limited,22,555.0,12210.0,2025-08-05 14:45:13.642028
2025-08-05,19135,2025080504017597,UMHL,Sumeru Securities Pvt. Ltd.,Vision Securities Pvt. Ltd,55,555.0,30525.0,2025-08-05 14:45:13.642386
2025-08-05,19134,2025080504017598,UMHL,Sumeru Securities Pvt. Ltd.,ABC Securities Private Limited,200,555.0,111000.0,2025-08-05 14:45:13.642719
2025-08-05,19133,2025080504017599,UMHL,Sumeru Securities Pvt. Ltd.,Cristal Kanchanjanga Securites Pvt. Ltd.,1000,555.0,555000.0,2025-08-05 14:45:13.643109
2025-08-05,19132,2025080504017600,UMHL,Sumeru Securities Pvt. Ltd.,Sanima Securities Limited,50,555.0,27750.0,2025-08-05 14:45:13.643483
2025-08-05,19131,2025080504017601,UMHL,Sumeru Securities Pvt. Ltd.,Online Securities Pvt. Ltd.,18,555.0,9990.0,2025-08-05 14:45:13.643607
2025-08-05,19129,2025080504017602,UMHL,Sumeru Securities Pvt. Ltd.,Shree Krishna Securities Ltd.,30,555.0,16650.0,2025-08-05 14:45:13.643728
2025-08-05,19128,2025080504017603,UMHL,Sumeru Securities Pvt. Ltd.,Imperial Securities Company Pvt. Ltd.,107,555.0,59385.0,2025-08-05 14:45:13.643851
2025-08-05,19127,2025080504017604,UMHL,Sumeru Securities Pvt. Ltd.,Sewa Securities Pvt. Ltd.,24,555.0,13320.0,2025-08-05 14:45:13.643961
2025-08-05,19126,2025080504017605,UMHL,Sumeru Securities Pvt. Ltd.,Naasa Securities Co. Ltd.,50,555.0,27750.0,2025-08-05 14:45:13.644071
2025-08-05,19125,2025080504017606,UMHL,Sumeru Securities Pvt. Ltd.,Sani Securities Company Ltd.,500,555.0,277500.0,2025-08-05 14:45:13.644193
2025-08-05,19124,2025080504017607,UMHL,Sumeru Securities Pvt. Ltd.,Sani Securities Company Ltd.,127,555.0,70485.0,2025-08-05 14:45:13.644351
2025-08-05,19123,2025080504017608,UMHL,Sumeru Securities Pvt. Ltd.,Imperial Securities Company Pvt. Ltd.,200,555.0,111000.0,2025-08-05 14:45:13.644493
2025-08-05,19122,2025080504017609,UMHL,Sumeru Securities Pvt. Ltd.,Dynamic Money Managers Securities Pvt. Ltd.,50,555.0,27750.0,2025-08-05 14:45:13.644609
2025-08-05,19121,2025080504017610,UMHL,Sumeru Securities Pvt. Ltd.,Naasa Securities Co. Ltd.,50,555.0,27750.0,2025-08-05 14:45:13.644729
2025-08-05,19120,2025080504017611,UMHL,Sumeru Securities Pvt. Ltd.,Online Securities Pvt. Ltd.,390,555.0,216450.0,2025-08-05 14:45:13.644844
2025-08-05,18969,2025080504017686,UMHL,Sumeru Securities Pvt. Ltd.,ABC Securities Private Limited,100,555.5,55550.0,2025-08-05 14:45:23.745831
2025-08-05,18968,2025080504017687,UMHL,Sumeru Securities Pvt. Ltd.,Malla & Malla Stock Broking Company Pvt. Limited,50,555.5,27775.0,2025-08-05 14:45:23.745979
2025-08-05,18967,2025080504017688,UMHL,Sumeru Securities Pvt. Ltd.,Dipshikha Dhitopatra Karobar Co. Pvt Ltd.,800,555.5,444400.0,2025-08-05 14:45:23.746097
2025-08-05,18966,2025080504017689,UMHL,Sumeru Securities Pvt. Ltd.,Vision Securities Pvt. Ltd,50,555.8,27790.0,2025-08-05 14:45:23.746167
2025-08-05,18740,2025080504017786,UMHL,Sumeru Securities Pvt. Ltd.,Vision Securities Pvt. Ltd,10,555.8,5558.0,2025-08-05 14:45:37.844670
2025-08-05,18739,2025080504017787,UMHL,Sumeru Securities Pvt. Ltd.,Oxford Securities Pvt. Ltd.,10,555.8,5558.0,2025-08-05 14:45:37.844786
2025-08-05,18738,2025080504017788,UMHL,Sumeru Securities Pvt. Ltd.,Neev Securities Pvt. Ltd.,30,556.0,16680.0,2025-08-05 14:45:37.844881
2025-08-05,18737,2025080504017789,UMHL,Sumeru Securities Pvt. Ltd.,Deevyaa Securities & Stock House Pvt. Ltd,21,556.0,11676.0,2025-08-05 14:45:37.844973
2025-08-05,18736,2025080504017790,UMHL,Sumeru Securities Pvt. Ltd.,Naasa Securities Co. Ltd.,158,556.9,87990.2,2025-08-05 14:45:37.845044
2025-08-05,18735,2025080504017791,UMHL,Sumeru Securities Pvt. Ltd.,Capital Max Securities Ltd,390,557.0,217230.0,2025-08-05 14:45:37.845129
2025-08-05,18734,2025080504017792,UMHL,Sumeru Securities Pvt. Ltd.,Premier Securities Company Ltd.,381,557.0,212217.0,2025-08-05 14:45:37.845211
2025-08-05,18624,2025080504017828,UMHL,Sumeru Securities Pvt. Ltd.,Premier Securities Company Ltd.,119,557.0,66283.0,2025-08-05 14:45:44.924427
2025-08-05,18623,2025080504017829,UMHL,Sumeru Securities Pvt. Ltd.,Vision Securities Pvt. Ltd,81,557.0,45117.0,2025-08-05 14:45:44.924895
2025-08-05,18293,2025080504017913,UMHL,Imperial Securities Company Pvt. Ltd.,Hatemalo Financial Services Private Limited,180,555.2,99936.0,2025-08-05 14:46:05.642520
2025-08-05,18292,2025080504017914,UMHL,Property Wiard Limited,Hatemalo Financial Services Private Limited,200,555.2,111040.0,2025-08-05 14:46:05.642776
2025-08-05,18291,2025080504017915,UMHL,Sumeru Securities Pvt. Ltd.,Hatemalo Financial Services Private Limited,1000,555.1,555100.0,2025-08-05 14:46:05.642881
2025-08-05,18290,2025080504017916,UMHL,Sumeru Securities Pvt. Ltd.,Hatemalo Financial Services Private Limited,760,555.0,421800.0,2025-08-05 14:46:05.642982
2025-08-05,17846,2025080504018034,UMHL,Sumeru Securities Pvt. Ltd.,Aryatara Investment & Securities,300,557.0,167100.0,2025-08-05 14:46:28.239873
2025-08-05,17845,2025080504018035,UMHL,Sumeru Securities Pvt. Ltd.,Sumeru Securities Pvt. Ltd.,500,557.0,278500.0,2025-08-05 14:46:28.239913
2025-08-05,17844,2025080504018036,UMHL,Sumeru Securities Pvt. Ltd.,Premier Securities Company Ltd.,65,558.0,36270.0,2025-08-05 14:46:28.239941
2025-08-05,17843,2025080504018037,UMHL,Sumeru Securities Pvt. Ltd.,Sani Securities Company Ltd.,135,558.0,75330.0,2025-08-05 14:46:28.239969
2025-08-05,17685,2025080504018090,UMHL,Sumeru Securities Pvt. Ltd.,Neev Securities Pvt. Ltd.,14,555.1,7771.4,2025-08-05 14:46:37.767053
2025-08-05,17396,2025080504018158,UMHL,Sumeru Securities Pvt. Ltd.,Sani Securities Company Ltd.,230,558.0,128340.0,2025-08-05 14:46:55.427262
2025-08-05,17395,2025080504018159,UMHL,Sumeru Securities Pvt. Ltd.,Stoxkarts Securities Limited,100,558.0,55800.0,2025-08-05 14:46:55.427307
2025-08-05,17394,2025080504018160,UMHL,Sumeru Securities Pvt. Ltd.,Imperial Securities Company Pvt. Ltd.,10,558.0,5580.0,2025-08-05 14:46:55.427380
2025-08-05,17315,2025080504018205,UMHL,Capital Max Securities Ltd,Imperial Securities Company Pvt. Ltd.,393,558.0,219294.0,2025-08-05 14:46:58.604293
2025-08-05,17314,2025080504018206,UMHL,Capital Max Securities Ltd,Imperial Securities Company Pvt. Ltd.,107,559.0,59813.0,2025-08-05 14:46:58.604444
2025-08-05,16275,2025080504018503,UMHL,Sumeru Securities Pvt. Ltd.,Capital Max Securities Ltd,20,559.0,11180.0,2025-08-05 14:48:00.445694
2025-08-05,16039,2025080504018548,UMHL,Sumeru Securities Pvt. Ltd.,Naasa Securities Co. Ltd.,10,557.9,5579.0,2025-08-05 14:48:14.537483
2025-08-05,15304,2025080504018782,UMHL,Trisul Securities & Invt. Ltd.,Creative Securities Pvt Ltd,50,557.8,27890.0,2025-08-05 14:48:54.697044
2025-08-05,15122,2025080504018838,UMHL,Primo Securities (PVT) Ltd.,Midas Stock Broking Company Private Limited,300,555.4,166620.0,2025-08-05 14:49:08.414789
2025-08-05,14703,2025080504018935,UMHL,Capital Max Securities Ltd,Creative Securities Pvt Ltd,950,557.8,529910.0,2025-08-05 14:49:29.117439
2025-08-05,14702,2025080504018936,UMHL,Capital Max Securities Ltd,Naasa Securities Co. Ltd.,50,557.9,27895.0,2025-08-05 14:49:29.117483
2025-08-05,14612,2025080504018972,UMHL,Capital Max Securities Ltd,Naasa Securities Co. Ltd.,1295,557.9,722480.5,2025-08-05 14:49:37.247566
2025-08-05,14611,2025080504018973,UMHL,Capital Max Securities Ltd,Capital Max Securities Ltd,20,559.0,11180.0,2025-08-05 14:49:37.247673
2025-08-05,14260,2025080504019029,UMHL,Capital Max Securities Ltd,Capital Max Securities Ltd,500,557.8,278900.0,2025-08-05 14:49:55.398478
2025-08-05,14259,2025080504019030,UMHL,Capital Max Securities Ltd,Capital Max Securities Ltd,322,559.0,179998.0,2025-08-05 14:49:55.398524
2025-08-05,14258,2025080504019031,UMHL,Capital Max Securities Ltd,Siprabi Securities Pvt. Ltd.,150,559.0,83850.0,2025-08-05 14:49:55.398554
2025-08-05,14257,2025080504019032,UMHL,Capital Max Securities Ltd,Naasa Securities Co. Ltd.,500,559.0,279500.0,2025-08-05 14:49:55.398583
2025-08-05,14256,2025080504019033,UMHL,Capital Max Securities Ltd,Sani Securities Company Ltd.,20,559.0,11180.0,2025-08-05 14:49:55.398609
2025-08-05,14255,2025080504019034,UMHL,Capital Max Securities Ltd,Naasa Securities Co. Ltd.,84,559.0,46956.0,2025-08-05 14:49:55.398634
2025-08-05,14254,2025080504019035,UMHL,Capital Max Securities Ltd,Imperial Securities Company Pvt. Ltd.,200,559.0,111800.0,2025-08-05 14:49:55.398661
2025-08-05,14253,2025080504019036,UMHL,Capital Max Securities Ltd,Naasa Securities Co. Ltd.,100,559.0,55900.0,2025-08-05 14:49:55.398688
2025-08-05,14252,2025080504019037,UMHL,Capital Max Securities Ltd,Dipshikha Dhitopatra Karobar Co. Pvt Ltd.,70,559.0,39130.0,2025-08-05 14:49:55.398713
2025-08-05,14251,2025080504019038,UMHL,Capital Max Securities Ltd,Sani Securities Company Ltd.,20,559.7,11194.0,2025-08-05 14:49:55.398741
2025-08-05,14250,2025080504019039,UMHL,Capital Max Securities Ltd,Trishakti Securities Public Limited,34,559.9,19036.6,2025-08-05 14:49:55.398766
2025-08-05,14163,2025080504019051,UMHL,Capital Max Securities Ltd,Trishakti Securities Public Limited,466,559.9,260913.4,2025-08-05 14:50:01.431042
2025-08-05,14162,2025080504019052,UMHL,Capital Max Securities Ltd,BHOLE GANESH SECURITIES LTD,300,559.9,167970.0,2025-08-05 14:50:01.431095
2025-08-05,14161,2025080504019053,UMHL,Capital Max Securities Ltd,Dipshikha Dhitopatra Karobar Co. Pvt Ltd.,34,560.0,19040.0,2025-08-05 14:50:01.431125
2025-08-05,13681,2025080504019163,UMHL,Capital Max Securities Ltd,Primo Securities (PVT) Ltd.,500,558.0,279000.0,2025-08-05 14:50:28.608703
2025-08-05,12899,2025080504019308,UMHL,Capital Max Securities Ltd,Kumari Securities Private Limited,500,556.0,278000.0,2025-08-05 14:51:15.091552
2025-08-05,12838,2025080504019327,UMHL,Capital Max Securities Ltd,Primo Securities (PVT) Ltd.,500,558.0,279000.0,2025-08-05 14:51:19.104197
2025-08-05,12837,2025080504019328,UMHL,Capital Max Securities Ltd,SUN SECURITIES PVT LTD,200,558.0,111600.0,2025-08-05 14:51:19.104227
2025-08-05,12836,2025080504019329,UMHL,Capital Max Securities Ltd,J.F. Securites (PVT) Ltd.,21,558.0,11718.0,2025-08-05 14:51:19.104249
2025-08-05,12835,2025080504019330,UMHL,Capital Max Securities Ltd,Capital Max Securities Ltd,1000,558.0,558000.0,2025-08-05 14:51:19.104299
2025-08-05,12834,2025080504019331,UMHL,Capital Max Securities Ltd,Kohinoor Investment & Securities Pvt. Ltd.,100,558.0,55800.0,2025-08-05 14:51:19.104329
2025-08-05,12833,2025080504019332,UMHL,Capital Max Securities Ltd,Secured Securities Ltd.,10,558.0,5580.0,2025-08-05 14:51:19.104348
2025-08-05,12832,2025080504019333,UMHL,Capital Max Securities Ltd,Dipshikha Dhitopatra Karobar Co. Pvt Ltd.,150,560.0,84000.0,2025-08-05 14:51:19.104370
2025-08-05,12831,2025080504019334,UMHL,Capital Max Securities Ltd,Dynamic Money Managers Securities Pvt. Ltd.,10,560.0,5600.0,2025-08-05 14:51:19.104395
2025-08-05,12165,2025080504019463,UMHL,Sumeru Securities Pvt. Ltd.,Capital Max Securities Ltd,1000,556.0,556000.0,2025-08-05 14:52:02.479326
2025-08-05,11537,2025080504019597,UMHL,Sumeru Securities Pvt. Ltd.,INDEX SECURITIES LIMITED,200,556.0,111200.0,2025-08-05 14:52:36.046265
2025-08-05,11536,2025080504019598,UMHL,Capital Max Securities Ltd,INDEX SECURITIES LIMITED,500,555.6,277800.0,2025-08-05 14:52:36.046536
2025-08-05,11535,2025080504019599,UMHL,Prabhu Stock Market Limited,INDEX SECURITIES LIMITED,500,555.5,277750.0,2025-08-05 14:52:36.046645
2025-08-05,11401,2025080504019638,UMHL,Capital Max Securities Ltd,Sundhara Securities Limited,250,558.0,139500.0,2025-08-05 14:52:43.768797
2025-08-05,11400,2025080504019639,UMHL,Capital Max Securities Ltd,Capital Max Securities Ltd,10,558.9,5589.0,2025-08-05 14:52:43.768843
2025-08-05,11289,2025080504019692,UMHL,Thrive Brokerage House Pvt. Ltd,Capital Max Securities Ltd,1000,555.7,555700.0,2025-08-05 14:52:50.819929
2025-08-05,11193,2025080504019707,UMHL,Capital Max Securities Ltd,Capital Max Securities Ltd,200,558.9,111780.0,2025-08-05 14:52:55.860210
2025-08-05,10868,2025080504019790,UMHL,Cristal Kanchanjanga Securites Pvt. Ltd.,Linch Stock Market Ltd.,500,558.0,279000.0,2025-08-05 14:53:13.438258
2025-08-05,10867,2025080504019791,UMHL,Cristal Kanchanjanga Securites Pvt. Ltd.,Capital Max Securities Ltd,790,558.9,441531.0,2025-08-05 14:53:13.438390
2025-08-05,10866,2025080504019792,UMHL,Cristal Kanchanjanga Securites Pvt. Ltd.,Cristal Kanchanjanga Securites Pvt. Ltd.,120,558.9,67068.0,2025-08-05 14:53:13.438468
2025-08-05,10865,2025080504019793,UMHL,Cristal Kanchanjanga Securites Pvt. Ltd.,Oxford Securities Pvt. Ltd.,39,559.0,21801.0,2025-08-05 14:53:13.438545
2025-08-05,10864,2025080504019794,UMHL,Cristal Kanchanjanga Securites Pvt. Ltd.,Linch Stock Market Ltd.,1000,559.8,559800.0,2025-08-05 14:53:13.438630
2025-08-05,10863,2025080504019795,UMHL,Cristal Kanchanjanga Securites Pvt. Ltd.,BHOLE GANESH SECURITIES LTD,200,559.9,111980.0,2025-08-05 14:53:13.438713
2025-08-05,10862,2025080504019796,UMHL,Cristal Kanchanjanga Securites Pvt. Ltd.,Nepal Stock House (PVT) Ltd.,200,560.0,112000.0,2025-08-05 14:53:13.438796
2025-08-05,10861,2025080504019797,UMHL,Cristal Kanchanjanga Securites Pvt. Ltd.,S.P.S.A. Securities Limited,100,560.0,56000.0,2025-08-05 14:53:13.438872
2025-08-05,10860,2025080504019798,UMHL,Cristal Kanchanjanga Securites Pvt. Ltd.,Asian Securities Private Ltd.,14,560.0,7840.0,2025-08-05 14:53:13.438945
2025-08-05,10859,2025080504019799,UMHL,Cristal Kanchanjanga Securites Pvt. Ltd.,Naasa Securities Co. Ltd.,10,560.0,5600.0,2025-08-05 14:53:13.439012
2025-08-05,10858,2025080504019800,UMHL,Cristal Kanchanjanga Securites Pvt. Ltd.,Kumari Securities Private Limited,500,560.0,280000.0,2025-08-05 14:53:13.439080
2025-08-05,10857,2025080504019801,UMHL,Cristal Kanchanjanga Securites Pvt. Ltd.,Thrive Brokerage House Pvt. Ltd,500,560.0,280000.0,2025-08-05 14:53:13.439152
2025-08-05,10856,2025080504019802,UMHL,Cristal Kanchanjanga Securites Pvt. Ltd.,Thrive Brokerage House Pvt. Ltd,500,560.0,280000.0,2025-08-05 14:53:13.439226
2025-08-05,10855,2025080504019803,UMHL,Cristal Kanchanjanga Securites Pvt. Ltd.,Dipshikha Dhitopatra Karobar Co. Pvt Ltd.,200,560.0,112000.0,2025-08-05 14:53:13.439306
2025-08-05,10854,2025080504019804,UMHL,Cristal Kanchanjanga Securites Pvt. Ltd.,Naasa Securities Co. Ltd.,10,560.0,5600.0,2025-08-05 14:53:13.439378
2025-08-05,10853,2025080504019805,UMHL,Cristal Kanchanjanga Securites Pvt. Ltd.,Agrawal Securities (PVT) Ltd.,100,560.0,56000.0,2025-08-05 14:53:13.439451
2025-08-05,10852,2025080504019806,UMHL,Cristal Kanchanjanga Securites Pvt. Ltd.,Dakshinkali Investment & Securities Pvt. Ltd.,107,560.0,59920.0,2025-08-05 14:53:13.439522
2025-08-05,10851,2025080504019807,UMHL,Cristal Kanchanjanga Securites Pvt. Ltd.,Linch Stock Market Ltd.,50,560.0,28000.0,2025-08-05 14:53:13.439594
2025-08-05,10850,2025080504019808,UMHL,Cristal Kanchanjanga Securites Pvt. Ltd.,Swarna Laxmi Securities Pvt. Ltd.,60,560.0,33600.0,2025-08-05 14:53:13.439674
2025-08-05,10735,2025080504019846,UMHL,Capital Max Securities Ltd,Swarna Laxmi Securities Pvt. Ltd.,10,560.0,5600.0,2025-08-05 14:53:20.050896
2025-08-05,10284,2025080504020015,UMHL,Capital Max Securities Ltd,Capital Max Securities Ltd,1000,555.8,555800.0,2025-08-05 14:53:39.784024
2025-08-05,10283,2025080504020016,UMHL,Thrive Brokerage House Pvt. Ltd,Capital Max Securities Ltd,400,555.7,222280.0,2025-08-05 14:53:39.784107
2025-08-05,10282,2025080504020017,UMHL,Nagarik Stock Dealer ,Capital Max Securities Ltd,500,555.7,277850.0,2025-08-05 14:53:39.784155
2025-08-05,10281,2025080504020018,UMHL,Prabhu Stock Market Limited,Capital Max Securities Ltd,300,555.5,166650.0,2025-08-05 14:53:39.784183
2025-08-05,10212,2025080504020022,UMHL,Imperial Securities Company Pvt. Ltd.,Dipshikha Dhitopatra Karobar Co. Pvt Ltd.,500,556.0,278000.0,2025-08-05 14:53:41.552002
2025-08-05,10135,2025080504020039,UMHL,Imperial Securities Company Pvt. Ltd.,Capital Max Securities Ltd,1500,556.0,834000.0,2025-08-05 14:53:46.832096
2025-08-05,10047,2025080504020077,UMHL,Capital Max Securities Ltd,Infinity Securities Limited,100,556.0,55600.0,2025-08-05 14:53:51.868743
2025-08-05,10046,2025080504020078,UMHL,Capital Max Securities Ltd,Creative Securities Pvt Ltd,1000,557.9,557900.0,2025-08-05 14:53:51.868799
2025-08-05,9890,2025080504020123,UMHL,Capital Max Securities Ltd,Capital Max Securities Ltd,58,555.5,32219.0,2025-08-05 14:53:58.946147
2025-08-05,9889,2025080504020124,UMHL,Capital Max Securities Ltd,Capital Max Securities Ltd,1000,559.9,559900.0,2025-08-05 14:53:58.949004
2025-08-05,9888,2025080504020125,UMHL,Capital Max Securities Ltd,Swarna Laxmi Securities Pvt. Ltd.,10,560.0,5600.0,2025-08-05 14:53:58.949073
2025-08-05,9300,2025080504020257,UMHL,Siprabi Securities Pvt. Ltd.,Swarna Laxmi Securities Pvt. Ltd.,420,560.0,235200.0,2025-08-05 14:54:23.931921
2025-08-05,9299,2025080504020258,UMHL,Siprabi Securities Pvt. Ltd.,Trishakti Securities Public Limited,10,560.0,5600.0,2025-08-05 14:54:23.932344
2025-08-05,9298,2025080504020259,UMHL,Siprabi Securities Pvt. Ltd.,Deevyaa Securities & Stock House Pvt. Ltd,10,560.0,5600.0,2025-08-05 14:54:23.932626
2025-08-05,9297,2025080504020260,UMHL,Siprabi Securities Pvt. Ltd.,Sundhara Securities Limited,30,560.0,16800.0,2025-08-05 14:54:23.932896
2025-08-05,9296,2025080504020261,UMHL,Siprabi Securities Pvt. Ltd.,Aakashbhairab Securities Ltd.,25,560.0,14000.0,2025-08-05 14:54:23.933164
2025-08-05,9295,2025080504020262,UMHL,Siprabi Securities Pvt. Ltd.,Online Securities Pvt. Ltd.,1000,560.0,560000.0,2025-08-05 14:54:23.933459
2025-08-05,9294,2025080504020263,UMHL,Siprabi Securities Pvt. Ltd.,South Asian Bulls Pvt. Ltd.,50,560.0,28000.0,2025-08-05 14:54:23.933735
2025-08-05,9293,2025080504020264,UMHL,Siprabi Securities Pvt. Ltd.,Sri Hari Securities Pvt. Ltd.,90,560.0,50400.0,2025-08-05 14:54:23.933996
2025-08-05,9292,2025080504020265,UMHL,Siprabi Securities Pvt. Ltd.,Kumari Securities Private Limited,500,560.0,280000.0,2025-08-05 14:54:23.934253
2025-08-05,9291,2025080504020266,UMHL,Siprabi Securities Pvt. Ltd.,Sundhara Securities Limited,14,560.0,7840.0,2025-08-05 14:54:23.934525
2025-08-05,9290,2025080504020267,UMHL,Siprabi Securities Pvt. Ltd.,Cristal Kanchanjanga Securites Pvt. Ltd.,50,560.0,28000.0,2025-08-05 14:54:23.934797
2025-08-05,9289,2025080504020268,UMHL,Siprabi Securities Pvt. Ltd.,Naasa Securities Co. Ltd.,100,560.0,56000.0,2025-08-05 14:54:23.935079
2025-08-05,9288,2025080504020269,UMHL,Siprabi Securities Pvt. Ltd.,Himalayan Brokerage Company Limited,200,560.0,112000.0,2025-08-05 14:54:23.935357
2025-08-05,8864,2025080504020358,UMHL,Online Securities Pvt. Ltd.,Capital Max Securities Ltd,200,556.6,111320.0,2025-08-05 14:54:40.323121
2025-08-05,8863,2025080504020359,UMHL,Thrive Brokerage House Pvt. Ltd,Capital Max Securities Ltd,1000,556.1,556100.0,2025-08-05 14:54:40.323163
2025-08-05,8862,2025080504020360,UMHL,Sani Securities Company Ltd.,Capital Max Securities Ltd,60,556.0,33360.0,2025-08-05 14:54:40.323189
2025-08-05,8861,2025080504020361,UMHL,Naasa Securities Co. Ltd.,Capital Max Securities Ltd,150,556.0,83400.0,2025-08-05 14:54:40.323214
2025-08-05,8860,2025080504020362,UMHL,Sweta Securities Private Limited,Capital Max Securities Ltd,90,556.0,50040.0,2025-08-05 14:54:40.323241
2025-08-05,8818,2025080504020373,UMHL,Capital Max Securities Ltd,Investment Management Nepal Pvt. Ltd.,200,560.4,112080.0,2025-08-05 14:54:43.354565
2025-08-05,8817,2025080504020374,UMHL,Capital Max Securities Ltd,Vision Securities Pvt. Ltd,100,560.5,56050.0,2025-08-05 14:54:43.354601
2025-08-05,8816,2025080504020375,UMHL,Capital Max Securities Ltd,Kumari Securities Private Limited,100,560.7,56070.0,2025-08-05 14:54:43.354629
2025-08-05,8615,2025080504020444,UMHL,Sweta Securities Private Limited,Capital Max Securities Ltd,710,556.0,394760.0,2025-08-05 14:54:53.495547
2025-08-05,8614,2025080504020445,UMHL,Sundhara Securities Limited,Capital Max Securities Ltd,200,555.6,111120.0,2025-08-05 14:54:53.495646
2025-08-05,8613,2025080504020446,UMHL,Sumeru Securities Pvt. Ltd.,Capital Max Securities Ltd,1090,555.5,605495.0,2025-08-05 14:54:53.495741
2025-08-05,8580,2025080504020449,UMHL,Capital Max Securities Ltd,Kumari Securities Private Limited,10,560.7,5607.0,2025-08-05 14:54:55.512928
2025-08-05,8210,2025080504020544,UMHL,Dipshikha Dhitopatra Karobar Co. Pvt Ltd.,Kumari Securities Private Limited,200,560.7,112140.0,2025-08-05 14:55:12.362839
2025-08-05,8134,2025080504020584,UMHL,Capital Max Securities Ltd,Kumari Securities Private Limited,10,560.7,5607.0,2025-08-05 14:55:14.659780
2025-08-05,7546,2025080504020725,UMHL,Siprabi Securities Pvt. Ltd.,Kumari Securities Private Limited,1000,560.0,560000.0,2025-08-05 14:55:38.781652
2025-08-05,7086,2025080504020844,UMHL,Imperial Securities Company Pvt. Ltd.,Primo Securities (PVT) Ltd.,14,556.0,7784.0,2025-08-05 14:55:59.164440
2025-08-05,6720,2025080504020950,UMHL,Nagarik Stock Dealer ,Capital Max Securities Ltd,1000,556.1,556100.0,2025-08-05 14:56:17.121840
2025-08-05,6719,2025080504020951,UMHL,Imperial Securities Company Pvt. Ltd.,Capital Max Securities Ltd,1000,555.8,555800.0,2025-08-05 14:56:17.121899
2025-08-05,6624,2025080504020962,UMHL,Capital Max Securities Ltd,Trisul Securities & Invt. Ltd.,100,560.0,56000.0,2025-08-05 14:56:20.150987
2025-08-05,6623,2025080504020963,UMHL,Capital Max Securities Ltd,Aryatara Investment & Securities,50,560.0,28000.0,2025-08-05 14:56:20.151071
2025-08-05,6622,2025080504020964,UMHL,Capital Max Securities Ltd,Agrawal Securities (PVT) Ltd.,160,560.0,89600.0,2025-08-05 14:56:20.151098
2025-08-05,6621,2025080504020965,UMHL,Capital Max Securities Ltd,Sani Securities Company Ltd.,1000,560.0,560000.0,2025-08-05 14:56:20.151123
2025-08-05,6620,2025080504020966,UMHL,Capital Max Securities Ltd,Kumari Securities Private Limited,500,560.0,280000.0,2025-08-05 14:56:20.151146
2025-08-05,6619,2025080504020967,UMHL,Capital Max Securities Ltd,Imperial Securities Company Pvt. Ltd.,60,560.0,33600.0,2025-08-05 14:56:20.151187
2025-08-05,6618,2025080504020968,UMHL,Capital Max Securities Ltd,Kumari Securities Private Limited,130,560.7,72891.0,2025-08-05 14:56:20.151216
2025-08-05,5971,2025080504021177,UMHL,Property Wiard Limited,ABC Securities Private Limited,10,555.7,5557.0,2025-08-05 14:56:45.755303
2025-08-05,5856,2025080504021204,UMHL,Property Wiard Limited,Capital Max Securities Ltd,190,555.7,105583.0,2025-08-05 14:56:52.382243
2025-08-05,5855,2025080504021205,UMHL,Naasa Securities Co. Ltd.,Capital Max Securities Ltd,500,555.6,277800.0,2025-08-05 14:56:52.382318
2025-08-05,5772,2025080504021225,UMHL,Capital Max Securities Ltd,Vision Securities Pvt. Ltd,200,559.0,111800.0,2025-08-05 14:56:55.468978
2025-08-05,5771,2025080504021226,UMHL,Capital Max Securities Ltd,SUN SECURITIES PVT LTD,150,559.0,83850.0,2025-08-05 14:56:55.469042
2025-08-05,5770,2025080504021227,UMHL,Capital Max Securities Ltd,ABC Securities Private Limited,2000,559.5,1119000.0,2025-08-05 14:56:55.469089
2025-08-05,5769,2025080504021228,UMHL,Capital Max Securities Ltd,Naasa Securities Co. Ltd.,1123,559.9,628767.7,2025-08-05 14:56:55.469120
2025-08-05,5768,2025080504021229,UMHL,Capital Max Securities Ltd,Dipshikha Dhitopatra Karobar Co. Pvt Ltd.,500,559.9,279950.0,2025-08-05 14:56:55.469143
2025-08-05,5767,2025080504021230,UMHL,Capital Max Securities Ltd,Agrawal Securities (PVT) Ltd.,27,559.9,15117.3,2025-08-05 14:56:55.469170
2025-08-05,5666,2025080504021264,UMHL,Capital Max Securities Ltd,Investment Management Nepal Pvt. Ltd.,10,558.0,5580.0,2025-08-05 14:57:00.525389
2025-08-05,5665,2025080504021265,UMHL,Capital Max Securities Ltd,Elite Stock House Limited,200,558.9,111780.0,2025-08-05 14:57:00.525470
2025-08-05,5664,2025080504021266,UMHL,Capital Max Securities Ltd,Dynamic Money Managers Securities Pvt. Ltd.,790,559.0,441610.0,2025-08-05 14:57:00.525497
2025-08-05,5491,2025080504021323,UMHL,Capital Max Securities Ltd,Dynamic Money Managers Securities Pvt. Ltd.,510,559.0,285090.0,2025-08-05 14:57:08.571133
2025-08-05,5490,2025080504021324,UMHL,Capital Max Securities Ltd,Agrawal Securities (PVT) Ltd.,73,559.9,40872.7,2025-08-05 14:57:08.571188
2025-08-05,5489,2025080504021325,UMHL,Capital Max Securities Ltd,Linch Stock Market Ltd.,200,559.9,111980.0,2025-08-05 14:57:08.571216
2025-08-05,5488,2025080504021326,UMHL,Capital Max Securities Ltd,Market Securities & Exchange (PVT) Ltd.,14,560.6,7848.4,2025-08-05 14:57:08.571239
2025-08-05,5487,2025080504021327,UMHL,Capital Max Securities Ltd,Kumari Securities Private Limited,50,560.7,28035.0,2025-08-05 14:57:08.571262
2025-08-05,5486,2025080504021328,UMHL,Capital Max Securities Ltd,Sundhara Securities Limited,153,560.8,85802.4,2025-08-05 14:57:08.571295
2025-08-05,5328,2025080504021383,UMHL,Capital Max Securities Ltd,Imperial Securities Company Pvt. Ltd.,100,559.0,55900.0,2025-08-05 14:57:15.634640
2025-08-05,5209,2025080504021411,UMHL,Capital Max Securities Ltd,Capital Max Securities Ltd,200,559.0,111800.0,2025-08-05 14:57:21.702379
2025-08-05,5208,2025080504021412,UMHL,Siprabi Securities Pvt. Ltd.,Capital Max Securities Ltd,1800,556.0,1000800.0,2025-08-05 14:57:21.702424
2025-08-05,5101,2025080504021429,UMHL,Capital Max Securities Ltd,Imperial Securities Company Pvt. Ltd.,20,560.7,11214.0,2025-08-05 14:57:24.726449
2025-08-05,5100,2025080504021430,UMHL,Capital Max Securities Ltd,Sundhara Securities Limited,80,560.8,44864.0,2025-08-05 14:57:24.726492
2025-08-05,4273,2025080504021615,UMHL,Cristal Kanchanjanga Securites Pvt. Ltd.,Thrive Brokerage House Pvt. Ltd,500,560.0,280000.0,2025-08-05 14:57:52.479744
2025-08-05,4272,2025080504021616,UMHL,Cristal Kanchanjanga Securites Pvt. Ltd.,Sani Securities Company Ltd.,200,560.7,112140.0,2025-08-05 14:57:52.479824
2025-08-05,4271,2025080504021617,UMHL,Cristal Kanchanjanga Securites Pvt. Ltd.,Sundhara Securities Limited,430,560.8,241144.0,2025-08-05 14:57:52.479853
2025-08-05,4270,2025080504021618,UMHL,Cristal Kanchanjanga Securites Pvt. Ltd.,Linch Stock Market Ltd.,200,560.8,112160.0,2025-08-05 14:57:52.479881
2025-08-05,4269,2025080504021619,UMHL,Cristal Kanchanjanga Securites Pvt. Ltd.,Sweta Securities Private Limited,310,560.8,173848.0,2025-08-05 14:57:52.479904
2025-08-05,4268,2025080504021620,UMHL,Cristal Kanchanjanga Securites Pvt. Ltd.,Online Securities Pvt. Ltd.,1000,560.9,560900.0,2025-08-05 14:57:52.479928
2025-08-05,4267,2025080504021621,UMHL,Cristal Kanchanjanga Securites Pvt. Ltd.,Linch Stock Market Ltd.,14,561.0,7854.0,2025-08-05 14:57:52.479955
2025-08-05,4266,2025080504021622,UMHL,Cristal Kanchanjanga Securites Pvt. Ltd.,Vision Securities Pvt. Ltd,30,561.0,16830.0,2025-08-05 14:57:52.479984
2025-08-05,4265,2025080504021623,UMHL,Cristal Kanchanjanga Securites Pvt. Ltd.,Market Securities & Exchange (PVT) Ltd.,10,562.0,5620.0,2025-08-05 14:57:52.480012
2025-08-05,4264,2025080504021624,UMHL,Cristal Kanchanjanga Securites Pvt. Ltd.,J.F. Securites (PVT) Ltd.,306,562.0,171972.0,2025-08-05 14:57:52.480035
2025-08-05,4071,2025080504021690,UMHL,Primo Securities (PVT) Ltd.,Capital Max Securities Ltd,200,557.0,111400.0,2025-08-05 14:58:00.157575
2025-08-05,4070,2025080504021691,UMHL,Siprabi Securities Pvt. Ltd.,Capital Max Securities Ltd,200,556.0,111200.0,2025-08-05 14:58:00.157681
2025-08-05,4069,2025080504021692,UMHL,Dipshikha Dhitopatra Karobar Co. Pvt Ltd.,Capital Max Securities Ltd,420,555.7,233394.0,2025-08-05 14:58:00.157798
2025-08-05,4068,2025080504021693,UMHL,Sumeru Securities Pvt. Ltd.,Capital Max Securities Ltd,1180,555.6,655608.0,2025-08-05 14:58:00.157877
2025-08-05,4008,2025080504021717,UMHL,Capital Max Securities Ltd,J.F. Securites (PVT) Ltd.,10,562.0,5620.0,2025-08-05 14:58:02.171243
2025-08-05,3935,2025080504021735,UMHL,Cristal Kanchanjanga Securites Pvt. Ltd.,J.F. Securites (PVT) Ltd.,664,562.0,373168.0,2025-08-05 14:58:06.666118
2025-08-05,3934,2025080504021736,UMHL,Cristal Kanchanjanga Securites Pvt. Ltd.,Swarna Laxmi Securities Pvt. Ltd.,50,562.0,28100.0,2025-08-05 14:58:06.666168
2025-08-05,3933,2025080504021737,UMHL,Cristal Kanchanjanga Securites Pvt. Ltd.,Property Wiard Limited,60,562.0,33720.0,2025-08-05 14:58:06.666194
2025-08-05,3932,2025080504021738,UMHL,Cristal Kanchanjanga Securites Pvt. Ltd.,Aryatara Investment & Securities,107,562.0,60134.0,2025-08-05 14:58:06.666224
2025-08-05,3931,2025080504021739,UMHL,Cristal Kanchanjanga Securites Pvt. Ltd.,Agrawal Securities (PVT) Ltd.,1119,562.0,628878.0,2025-08-05 14:58:06.666250
2025-08-05,2815,2025080504022024,UMHL,Property Wiard Limited,Agrawal Securities (PVT) Ltd.,200,562.0,112400.0,2025-08-05 14:58:48.029507
2025-08-05,2745,2025080504022052,UMHL,Premier Securities Company Ltd.,Premier Securities Company Ltd.,80,556.0,44480.0,2025-08-05 14:58:50.767934
2025-08-05,2744,2025080504022053,UMHL,Property Wiard Limited,Premier Securities Company Ltd.,200,555.7,111140.0,2025-08-05 14:58:50.767988
2025-08-05,2743,2025080504022054,UMHL,Sumeru Securities Pvt. Ltd.,Premier Securities Company Ltd.,20,555.6,11112.0,2025-08-05 14:58:50.768018
2025-08-05,2742,2025080504022055,UMHL,Trishakti Securities Public Limited,Premier Securities Company Ltd.,1000,555.6,555600.0,2025-08-05 14:58:50.768045
2025-08-05,2741,2025080504022056,UMHL,Imperial Securities Company Pvt. Ltd.,Premier Securities Company Ltd.,500,555.6,277800.0,2025-08-05 14:58:50.768071
2025-08-05,2740,2025080504022057,UMHL,Imperial Securities Company Pvt. Ltd.,Premier Securities Company Ltd.,1000,555.5,555500.0,2025-08-05 14:58:50.768108
2025-08-05,2739,2025080504022058,UMHL,Capital Max Securities Ltd,Premier Securities Company Ltd.,1310,555.5,727705.0,2025-08-05 14:58:50.768143
2025-08-05,2570,2025080504022110,UMHL,Capital Max Securities Ltd,Online Securities Pvt. Ltd.,10,561.0,5610.0,2025-08-05 14:58:57.609541
2025-08-05,2384,2025080504022174,UMHL,Cristal Kanchanjanga Securites Pvt. Ltd.,Bhrikuti Stock Broking Co. Pvt. Ltd.,3,554.9,1664.7,2025-08-05 14:59:02.957634
2025-08-05,2189,2025080504022230,UMHL,Capital Max Securities Ltd,Online Securities Pvt. Ltd.,90,561.0,50490.0,2025-08-05 14:59:08.698195
2025-08-05,2188,2025080504022231,UMHL,Capital Max Securities Ltd,SUN SECURITIES PVT LTD,200,561.0,112200.0,2025-08-05 14:59:08.698252
2025-08-05,2187,2025080504022232,UMHL,Capital Max Securities Ltd,Himalayan Brokerage Company Limited,10,561.0,5610.0,2025-08-05 14:59:08.698275
2025-08-05,1985,2025080504022300,UMHL,Capital Max Securities Ltd,Himalayan Brokerage Company Limited,90,561.0,50490.0,2025-08-05 14:59:14.747402
2025-08-05,1984,2025080504022301,UMHL,Capital Max Securities Ltd,Nepal Stock House (PVT) Ltd.,10,561.9,5619.0,2025-08-05 14:59:14.747448
2025-08-05,1886,2025080504022327,UMHL,Investment Management Nepal Pvt. Ltd.,Himalayan Brokerage Company Limited,154,561.0,86394.0,2025-08-05 14:59:18.010556
2025-08-05,1885,2025080504022328,UMHL,Investment Management Nepal Pvt. Ltd.,Nepal Stock House (PVT) Ltd.,790,561.9,443901.0,2025-08-05 14:59:18.010775
2025-08-05,1884,2025080504022329,UMHL,Investment Management Nepal Pvt. Ltd.,Deevyaa Securities & Stock House Pvt. Ltd,50,561.9,28095.0,2025-08-05 14:59:18.010874
2025-08-05,1655,2025080504022388,UMHL,Opal Securities Investment (PVT) Ltd.,Capital Max Securities Ltd,2000,556.1,1112200.0,2025-08-05 14:59:23.821604
2025-08-05,1654,2025080504022389,UMHL,Property Wiard Limited,Capital Max Securities Ltd,80,556.1,44488.0,2025-08-05 14:59:23.821667
2025-08-05,1653,2025080504022390,UMHL,Capital Max Securities Ltd,Capital Max Securities Ltd,1000,556.1,556100.0,2025-08-05 14:59:23.821694
2025-08-05,1652,2025080504022391,UMHL,Naasa Securities Co. Ltd.,Capital Max Securities Ltd,510,556.0,283560.0,2025-08-05 14:59:23.821719
2025-08-05,1651,2025080504022392,UMHL,Siprabi Securities Pvt. Ltd.,Capital Max Securities Ltd,1410,556.0,783960.0,2025-08-05 14:59:23.821744
2025-08-05,1541,2025080504022418,UMHL,Capital Max Securities Ltd,Linch Stock Market Ltd.,35,560.9,19631.5,2025-08-05 14:59:26.856844
2025-08-05,1540,2025080504022419,UMHL,Capital Max Securities Ltd,Naasa Securities Co. Ltd.,65,561.9,36523.5,2025-08-05 14:59:26.856887
2025-08-05,967,2025080504022558,UMHL,Imperial Securities Company Pvt. Ltd.,SUN SECURITIES PVT LTD,300,561.8,168540.0,2025-08-05 14:59:39.207792
2025-08-05,966,2025080504022559,UMHL,Imperial Securities Company Pvt. Ltd.,Naasa Securities Co. Ltd.,3385,561.9,1902031.5,2025-08-05 14:59:39.208021
2025-08-05,965,2025080504022560,UMHL,Imperial Securities Company Pvt. Ltd.,Agrawal Securities (PVT) Ltd.,381,562.0,214122.0,2025-08-05 14:59:39.208118
2025-08-05,964,2025080504022561,UMHL,Imperial Securities Company Pvt. Ltd.,Nepal Investment And Securities Trading Private Limited,50,562.0,28100.0,2025-08-05 14:59:39.208213
2025-08-05,963,2025080504022562,UMHL,Imperial Securities Company Pvt. Ltd.,Trishakti Securities Public Limited,884,562.0,496808.0,2025-08-05 14:59:39.208305
2025-08-05,675,2025080504022644,UMHL,Investment Management Nepal Pvt. Ltd.,Vision Securities Pvt. Ltd,6,562.0,3372.0,2025-08-05 14:59:46.654252
2025-08-05,159,2025080504022760,UMHL,Capital Max Securities Ltd,Trishakti Securities Public Limited,116,562.0,65192.0,2025-08-05 14:59:57.146500
2025-08-05,158,2025080504022761,UMHL,Capital Max Securities Ltd,Creative Securities Pvt Ltd,284,562.0,159608.0,2025-08-05 14:59:57.146535
2025-08-05,139,2025080504022765,UMHL,Sumeru Securities Pvt. Ltd.,Creative Securities Pvt Ltd,100,562.0,56200.0,2025-08-05 14:59:57.570132
2025-08-05,34,2025080504022782,UMHL,Dipshikha Dhitopatra Karobar Co. Pvt Ltd.,Creative Securities Pvt Ltd,616,562.0,346192.0,2025-08-05 14:59:59.403341
2025-08-05,33,2025080504022783,UMHL,Dipshikha Dhitopatra Karobar Co. Pvt Ltd.,Cristal Kanchanjanga Securites Pvt. Ltd.,100,562.0,56200.0,2025-08-05 14:59:59.403547
2025-08-05,32,2025080504022784,UMHL,Dipshikha Dhitopatra Karobar Co. Pvt Ltd.,Sani Securities Company Ltd.,74,562.0,41588.0,2025-08-05 14:59:59.403637
2025-08-05,31,2025080504022785,UMHL,Dipshikha Dhitopatra Karobar Co. Pvt Ltd.,Nepal Stock House (PVT) Ltd.,10,562.0,5620.0,2025-08-05 14:59:59.403722
