contractId,stockSymbol,buyerMemberId,sellerMemberId,quantity,rate,amount,businessDate,tradeBookId,stockId,buyerBrokerName,sellerBrokerName,transaction_time,securityName
2026041604000003,BPCL,62,11,10,697.0,6970.0,2026-04-16,186531527,153,Capital Max Securities Ltd,Malla & Malla Stock Broking Company Pvt. Limited,2026-04-16 10:46:00.021127,Butwal Power Company Limited
2026041604000335,BPCL,32,58,10,710.9,7109.0,2026-04-16,186534320,153,Premier Securities Company Ltd.,Naasa Securities Co. Ltd.,2026-04-16 11:03:08.001784,Butwal Power Company Limited
2026041604000532,BPCL,32,81,500,711.0,355500.0,2026-04-16,186536559,153,Premier Securities Company Ltd.,Aakashbhairab Securities Ltd.,2026-04-16 11:05:16.893646,Butwal Power Company Limited
2026041604000716,BPCL,32,42,30,710.0,21300.0,2026-04-16,186538717,153,Premier Securities Company Ltd.,Sani Securities Company Ltd.,2026-04-16 11:07:17.349970,Butwal Power Company Limited
2026041604001620,BPCL,32,6,30,710.0,21300.0,2026-04-16,186547840,153,Premier Securities Company Ltd.,Agrawal Securities (PVT) Ltd.,2026-04-16 11:14:17.389746,Butwal Power Company Limited
2026041604001621,BPCL,36,6,100,709.1,70910.0,2026-04-16,186547842,153,Secured Securities Ltd.,Agrawal Securities (PVT) Ltd.,2026-04-16 11:14:17.389835,Butwal Power Company Limited
2026041604001622,BPCL,62,6,200,709.0,141800.0,2026-04-16,186547844,153,Capital Max Securities Ltd,Agrawal Securities (PVT) Ltd.,2026-04-16 11:14:17.389900,Butwal Power Company Limited
2026041604001623,BPCL,59,6,80,709.0,56720.0,2026-04-16,186547845,153,Deevyaa Securities & Stock House Pvt. Ltd,Agrawal Securities (PVT) Ltd.,2026-04-16 11:14:17.389986,Butwal Power Company Limited
2026041604001926,BPCL,32,42,30,709.1,21273.0,2026-04-16,186551022,153,Premier Securities Company Ltd.,Sani Securities Company Ltd.,2026-04-16 11:17:17.358104,Butwal Power Company Limited
2026041604002213,BPCL,56,42,37,709.1,26236.7,2026-04-16,186553875,153,Sri Hari Securities Pvt. Ltd.,Sani Securities Company Ltd.,2026-04-16 11:20:13.622135,Butwal Power Company Limited
2026041604002214,BPCL,56,28,20,709.1,14182.0,2026-04-16,186553877,153,Sri Hari Securities Pvt. Ltd.,Shree Krishna Securities Ltd.,2026-04-16 11:20:13.622275,Butwal Power Company Limited
2026041604002390,BPCL,56,81,443,709.1,314131.3,2026-04-16,186555192,153,Sri Hari Securities Pvt. Ltd.,Aakashbhairab Securities Ltd.,2026-04-16 11:21:46.652070,Butwal Power Company Limited
2026041604002391,BPCL,59,81,920,709.0,652280.0,2026-04-16,186555194,153,Deevyaa Securities & Stock House Pvt. Ltd,Aakashbhairab Securities Ltd.,2026-04-16 11:21:46.652342,Butwal Power Company Limited
2026041604002392,BPCL,70,81,137,709.0,97133.0,2026-04-16,186555195,153,Infinity Securities Limited,Aakashbhairab Securities Ltd.,2026-04-16 11:21:46.652483,Butwal Power Company Limited
2026041604002624,BPCL,70,58,63,709.0,44667.0,2026-04-16,186556930,153,Infinity Securities Limited,Naasa Securities Co. Ltd.,2026-04-16 11:23:41.926013,Butwal Power Company Limited
2026041604002706,BPCL,58,58,150,709.0,106350.0,2026-04-16,186557534,153,Naasa Securities Co. Ltd.,Naasa Securities Co. Ltd.,2026-04-16 11:24:16.748383,Butwal Power Company Limited
2026041604002730,BPCL,4,58,100,709.0,70900.0,2026-04-16,186557868,153,Opal Securities Investment (PVT) Ltd.,Naasa Securities Co. Ltd.,2026-04-16 11:24:31.685100,Butwal Power Company Limited
2026041604002964,BPCL,19,6,150,707.1,106065.0,2026-04-16,186559724,153,Nepal Investment And Securities Trading Private Limited,Agrawal Securities (PVT) Ltd.,2026-04-16 11:26:21.330973,Butwal Power Company Limited
2026041604002965,BPCL,50,6,10,707.0,7070.0,2026-04-16,186559726,153,Cristal Kanchanjanga Securites Pvt. Ltd.,Agrawal Securities (PVT) Ltd.,2026-04-16 11:26:21.331052,Butwal Power Company Limited
2026041604002966,BPCL,49,6,140,706.3,98882.0,2026-04-16,186559727,153,Online Securities Pvt. Ltd.,Agrawal Securities (PVT) Ltd.,2026-04-16 11:26:21.331081,Butwal Power Company Limited
2026041604003168,BPCL,49,81,10,706.3,7063.0,2026-04-16,186561820,153,Online Securities Pvt. Ltd.,Aakashbhairab Securities Ltd.,2026-04-16 11:28:47.432501,Butwal Power Company Limited
2026041604003169,BPCL,19,81,50,706.1,35305.0,2026-04-16,186561822,153,Nepal Investment And Securities Trading Private Limited,Aakashbhairab Securities Ltd.,2026-04-16 11:28:47.432652,Butwal Power Company Limited
2026041604003170,BPCL,98,81,700,706.0,494200.0,2026-04-16,186561824,153,Trademow Securities Private Limited,Aakashbhairab Securities Ltd.,2026-04-16 11:28:47.432708,Butwal Power Company Limited
2026041604003171,BPCL,62,81,490,705.1,345499.0,2026-04-16,186561826,153,Capital Max Securities Ltd,Aakashbhairab Securities Ltd.,2026-04-16 11:28:47.432761,Butwal Power Company Limited
2026041604003172,BPCL,29,81,300,705.1,211530.0,2026-04-16,186561828,153,Trisul Securities & Invt. Ltd.,Aakashbhairab Securities Ltd.,2026-04-16 11:28:47.432808,Butwal Power Company Limited
2026041604003173,BPCL,17,81,504,705.0,355320.0,2026-04-16,186561830,153,ABC Securities Private Limited,Aakashbhairab Securities Ltd.,2026-04-16 11:28:47.432854,Butwal Power Company Limited
2026041604003174,BPCL,17,81,1000,705.0,705000.0,2026-04-16,186561832,153,ABC Securities Private Limited,Aakashbhairab Securities Ltd.,2026-04-16 11:28:47.432935,Butwal Power Company Limited
2026041604003175,BPCL,54,81,200,705.0,141000.0,2026-04-16,186561834,153,Sewa Securities Pvt. Ltd.,Aakashbhairab Securities Ltd.,2026-04-16 11:28:47.432978,Butwal Power Company Limited
2026041604003176,BPCL,54,81,200,705.0,141000.0,2026-04-16,186561836,153,Sewa Securities Pvt. Ltd.,Aakashbhairab Securities Ltd.,2026-04-16 11:28:47.433038,Butwal Power Company Limited
2026041604003177,BPCL,58,81,10,705.0,7050.0,2026-04-16,186561838,153,Naasa Securities Co. Ltd.,Aakashbhairab Securities Ltd.,2026-04-16 11:28:47.433117,Butwal Power Company Limited
2026041604003178,BPCL,42,81,36,705.0,25380.0,2026-04-16,186561839,153,Sani Securities Company Ltd.,Aakashbhairab Securities Ltd.,2026-04-16 11:28:47.433165,Butwal Power Company Limited
2026041604003190,BPCL,42,26,68,705.0,47940.0,2026-04-16,186561944,153,Sani Securities Company Ltd.,Asian Securities Private Ltd.,2026-04-16 11:28:53.338963,Butwal Power Company Limited
2026041604003302,BPCL,11,57,10,702.0,7020.0,2026-04-16,186562784,153,Malla & Malla Stock Broking Company Pvt. Limited,Aryatara Investment & Securities,2026-04-16 11:29:41.752138,Butwal Power Company Limited
2026041604003303,BPCL,58,57,36,702.0,25272.0,2026-04-16,186562785,153,Naasa Securities Co. Ltd.,Aryatara Investment & Securities,2026-04-16 11:29:41.752224,Butwal Power Company Limited
2026041604003401,BPCL,58,26,114,702.0,80028.0,2026-04-16,186563588,153,Naasa Securities Co. Ltd.,Asian Securities Private Ltd.,2026-04-16 11:30:31.681803,Butwal Power Company Limited
2026041604003402,BPCL,60,26,80,700.1,56008.0,2026-04-16,186563590,153,Nagarik Stock Dealer ,Asian Securities Private Ltd.,2026-04-16 11:30:31.681917,Butwal Power Company Limited
2026041604003403,BPCL,57,26,100,700.0,70000.0,2026-04-16,186563592,153,Aryatara Investment & Securities,Asian Securities Private Ltd.,2026-04-16 11:30:31.681967,Butwal Power Company Limited
2026041604003404,BPCL,44,26,100,700.0,70000.0,2026-04-16,186563594,153,Dynamic Money Managers Securities Pvt. Ltd.,Asian Securities Private Ltd.,2026-04-16 11:30:31.682079,Butwal Power Company Limited
2026041604003405,BPCL,54,26,100,700.0,70000.0,2026-04-16,186563596,153,Sewa Securities Pvt. Ltd.,Asian Securities Private Ltd.,2026-04-16 11:30:31.682123,Butwal Power Company Limited
2026041604003406,BPCL,54,26,100,700.0,70000.0,2026-04-16,186563598,153,Sewa Securities Pvt. Ltd.,Asian Securities Private Ltd.,2026-04-16 11:30:31.682166,Butwal Power Company Limited
2026041604003407,BPCL,22,26,638,700.0,446600.0,2026-04-16,186563599,153,Siprabi Securities Pvt. Ltd.,Asian Securities Private Ltd.,2026-04-16 11:30:31.682207,Butwal Power Company Limited
2026041604003440,BPCL,22,29,200,700.0,140000.0,2026-04-16,186563823,153,Siprabi Securities Pvt. Ltd.,Trisul Securities & Invt. Ltd.,2026-04-16 11:30:44.803563,Butwal Power Company Limited
2026041604003496,BPCL,22,58,162,700.0,113400.0,2026-04-16,186564508,153,Siprabi Securities Pvt. Ltd.,Naasa Securities Co. Ltd.,2026-04-16 11:31:14.690057,Butwal Power Company Limited
2026041604003999,BPCL,39,56,200,702.0,140400.0,2026-04-16,186568506,153,Sumeru Securities Pvt. Ltd.,Sri Hari Securities Pvt. Ltd.,2026-04-16 11:34:28.988577,Butwal Power Company Limited
2026041604004000,BPCL,32,56,300,702.0,210600.0,2026-04-16,186568507,153,Premier Securities Company Ltd.,Sri Hari Securities Pvt. Ltd.,2026-04-16 11:34:28.988706,Butwal Power Company Limited
2026041604004199,BPCL,32,45,50,702.0,35100.0,2026-04-16,186569907,153,Premier Securities Company Ltd.,Imperial Securities Company Pvt. Ltd.,2026-04-16 11:35:49.136994,Butwal Power Company Limited
2026041604005011,BPCL,58,51,1000,705.0,705000.0,2026-04-16,186577148,153,Naasa Securities Co. Ltd.,Oxford Securities Pvt. Ltd.,2026-04-16 11:42:35.859515,Butwal Power Company Limited
2026041604005749,BPCL,56,44,500,703.1,351550.0,2026-04-16,186584147,153,Sri Hari Securities Pvt. Ltd.,Dynamic Money Managers Securities Pvt. Ltd.,2026-04-16 11:50:23.454537,Butwal Power Company Limited
2026041604006423,BPCL,32,57,40,705.0,28200.0,2026-04-16,186591569,153,Premier Securities Company Ltd.,Aryatara Investment & Securities,2026-04-16 11:58:06.406678,Butwal Power Company Limited
2026041604006719,BPCL,50,81,150,705.1,105765.0,2026-04-16,186594498,153,Cristal Kanchanjanga Securites Pvt. Ltd.,Aakashbhairab Securities Ltd.,2026-04-16 12:01:46.339890,Butwal Power Company Limited
2026041604006720,BPCL,64,81,250,705.1,176275.0,2026-04-16,186594500,153,SUN SECURITIES PVT LTD,Aakashbhairab Securities Ltd.,2026-04-16 12:01:46.340185,Butwal Power Company Limited
2026041604006721,BPCL,32,81,460,705.0,324300.0,2026-04-16,186594502,153,Premier Securities Company Ltd.,Aakashbhairab Securities Ltd.,2026-04-16 12:01:46.340399,Butwal Power Company Limited
2026041604006722,BPCL,81,81,100,705.0,70500.0,2026-04-16,186594504,153,Aakashbhairab Securities Ltd.,Aakashbhairab Securities Ltd.,2026-04-16 12:01:46.340575,Butwal Power Company Limited
2026041604006723,BPCL,42,81,40,705.0,28200.0,2026-04-16,186594505,153,Sani Securities Company Ltd.,Aakashbhairab Securities Ltd.,2026-04-16 12:01:46.340747,Butwal Power Company Limited
2026041604006936,BPCL,42,58,160,705.0,112800.0,2026-04-16,186596296,153,Sani Securities Company Ltd.,Naasa Securities Co. Ltd.,2026-04-16 12:04:19.444654,Butwal Power Company Limited
2026041604006937,BPCL,19,58,100,704.3,70430.0,2026-04-16,186596298,153,Nepal Investment And Securities Trading Private Limited,Naasa Securities Co. Ltd.,2026-04-16 12:04:19.444958,Butwal Power Company Limited
2026041604006938,BPCL,56,58,427,704.1,300650.7,2026-04-16,186596299,153,Sri Hari Securities Pvt. Ltd.,Naasa Securities Co. Ltd.,2026-04-16 12:04:19.445149,Butwal Power Company Limited
2026041604007121,BPCL,56,81,73,704.1,51399.3,2026-04-16,186597852,153,Sri Hari Securities Pvt. Ltd.,Aakashbhairab Securities Ltd.,2026-04-16 12:06:35.622716,Butwal Power Company Limited
2026041604007122,BPCL,56,81,927,704.0,652608.0,2026-04-16,186597853,153,Sri Hari Securities Pvt. Ltd.,Aakashbhairab Securities Ltd.,2026-04-16 12:06:35.623009,Butwal Power Company Limited
2026041604007184,BPCL,56,81,573,704.0,403392.0,2026-04-16,186598230,153,Sri Hari Securities Pvt. Ltd.,Aakashbhairab Securities Ltd.,2026-04-16 12:07:02.708000,Butwal Power Company Limited
2026041604007185,BPCL,22,81,40,704.0,28160.0,2026-04-16,186598232,153,Siprabi Securities Pvt. Ltd.,Aakashbhairab Securities Ltd.,2026-04-16 12:07:02.708125,Butwal Power Company Limited
2026041604007316,BPCL,101,48,200,703.2,140640.0,2026-04-16,186599382,153,APPLE SECURITIES PRIVATE LIMITED,Trishakti Securities Public Limited,2026-04-16 12:08:20.427241,Butwal Power Company Limited
2026041604007317,BPCL,17,48,50,703.0,35150.0,2026-04-16,186599384,153,ABC Securities Private Limited,Trishakti Securities Public Limited,2026-04-16 12:08:20.427559,Butwal Power Company Limited
2026041604007318,BPCL,32,48,650,703.0,456950.0,2026-04-16,186599386,153,Premier Securities Company Ltd.,Trishakti Securities Public Limited,2026-04-16 12:08:20.427731,Butwal Power Company Limited
2026041604007319,BPCL,38,48,50,703.0,35150.0,2026-04-16,186599387,153,Dipshikha Dhitopatra Karobar Co. Pvt Ltd.,Trishakti Securities Public Limited,2026-04-16 12:08:20.427895,Butwal Power Company Limited
2026041604007354,BPCL,38,47,91,703.0,63973.0,2026-04-16,186599682,153,Dipshikha Dhitopatra Karobar Co. Pvt Ltd.,Neev Securities Pvt. Ltd.,2026-04-16 12:08:39.448854,Butwal Power Company Limited
2026041604007355,BPCL,75,47,100,703.0,70300.0,2026-04-16,186599684,153,N.I.M.B. Stock Markets Limited,Neev Securities Pvt. Ltd.,2026-04-16 12:08:39.448898,Butwal Power Company Limited
2026041604007356,BPCL,28,47,100,702.8,70280.0,2026-04-16,186599686,153,Shree Krishna Securities Ltd.,Neev Securities Pvt. Ltd.,2026-04-16 12:08:39.448926,Butwal Power Company Limited
2026041604007357,BPCL,32,47,500,702.6,351300.0,2026-04-16,186599688,153,Premier Securities Company Ltd.,Neev Securities Pvt. Ltd.,2026-04-16 12:08:39.448949,Butwal Power Company Limited
2026041604007358,BPCL,32,47,209,702.5,146822.5,2026-04-16,186599689,153,Premier Securities Company Ltd.,Neev Securities Pvt. Ltd.,2026-04-16 12:08:39.448975,Butwal Power Company Limited
2026041604007631,BPCL,32,6,102,702.5,71655.0,2026-04-16,186602275,153,Premier Securities Company Ltd.,Agrawal Securities (PVT) Ltd.,2026-04-16 12:11:32.611656,Butwal Power Company Limited
2026041604007649,BPCL,32,62,189,702.5,132772.5,2026-04-16,186602396,153,Premier Securities Company Ltd.,Capital Max Securities Ltd,2026-04-16 12:11:44.246751,Butwal Power Company Limited
2026041604007650,BPCL,64,62,1000,702.2,702200.0,2026-04-16,186602398,153,SUN SECURITIES PVT LTD,Capital Max Securities Ltd,2026-04-16 12:11:44.246802,Butwal Power Company Limited
2026041604007651,BPCL,32,62,500,702.1,351050.0,2026-04-16,186602400,153,Premier Securities Company Ltd.,Capital Max Securities Ltd,2026-04-16 12:11:44.246829,Butwal Power Company Limited
2026041604007652,BPCL,19,62,40,702.0,28080.0,2026-04-16,186602402,153,Nepal Investment And Securities Trading Private Limited,Capital Max Securities Ltd,2026-04-16 12:11:44.246857,Butwal Power Company Limited
2026041604007653,BPCL,33,62,100,702.0,70200.0,2026-04-16,186602404,153,Dakshinkali Investment & Securities Pvt. Ltd.,Capital Max Securities Ltd,2026-04-16 12:11:44.246888,Butwal Power Company Limited
2026041604007654,BPCL,50,62,300,701.0,210300.0,2026-04-16,186602406,153,Cristal Kanchanjanga Securites Pvt. Ltd.,Capital Max Securities Ltd,2026-04-16 12:11:44.246926,Butwal Power Company Limited
2026041604007655,BPCL,58,62,250,701.0,175250.0,2026-04-16,186602408,153,Naasa Securities Co. Ltd.,Capital Max Securities Ltd,2026-04-16 12:11:44.246952,Butwal Power Company Limited
2026041604007656,BPCL,58,62,20,701.0,14020.0,2026-04-16,186602410,153,Naasa Securities Co. Ltd.,Capital Max Securities Ltd,2026-04-16 12:11:44.246977,Butwal Power Company Limited
2026041604008228,BPCL,32,60,500,700.4,350200.0,2026-04-16,186607826,153,Premier Securities Company Ltd.,Nagarik Stock Dealer ,2026-04-16 12:19:27.130357,Butwal Power Company Limited
2026041604008229,BPCL,54,60,100,700.3,70030.0,2026-04-16,186607828,153,Sewa Securities Pvt. Ltd.,Nagarik Stock Dealer ,2026-04-16 12:19:27.130417,Butwal Power Company Limited
2026041604008230,BPCL,34,60,300,700.3,210090.0,2026-04-16,186607830,153,Vision Securities Pvt. Ltd,Nagarik Stock Dealer ,2026-04-16 12:19:27.130443,Butwal Power Company Limited
2026041604008231,BPCL,54,60,100,700.2,70020.0,2026-04-16,186607832,153,Sewa Securities Pvt. Ltd.,Nagarik Stock Dealer ,2026-04-16 12:19:27.130463,Butwal Power Company Limited
2026041604008232,BPCL,56,60,500,700.2,350100.0,2026-04-16,186607834,153,Sri Hari Securities Pvt. Ltd.,Nagarik Stock Dealer ,2026-04-16 12:19:27.130487,Butwal Power Company Limited
2026041604008233,BPCL,19,60,50,700.1,35005.0,2026-04-16,186607836,153,Nepal Investment And Securities Trading Private Limited,Nagarik Stock Dealer ,2026-04-16 12:19:27.130523,Butwal Power Company Limited
2026041604008234,BPCL,1,60,200,700.0,140000.0,2026-04-16,186607838,153,Kumari Securities Private Limited,Nagarik Stock Dealer ,2026-04-16 12:19:27.130546,Butwal Power Company Limited
2026041604008235,BPCL,57,60,100,700.0,70000.0,2026-04-16,186607840,153,Aryatara Investment & Securities,Nagarik Stock Dealer ,2026-04-16 12:19:27.130599,Butwal Power Company Limited
2026041604008236,BPCL,39,60,50,700.0,35000.0,2026-04-16,186607842,153,Sumeru Securities Pvt. Ltd.,Nagarik Stock Dealer ,2026-04-16 12:19:27.130624,Butwal Power Company Limited
2026041604008237,BPCL,78,60,359,700.0,251300.0,2026-04-16,186607843,153,Garima Securities Limited,Nagarik Stock Dealer ,2026-04-16 12:19:27.130646,Butwal Power Company Limited
2026041604009124,BPCL,34,25,10,701.1,7011.0,2026-04-16,186616510,153,Vision Securities Pvt. Ltd,Sweta Securities Private Limited,2026-04-16 12:31:06.322227,Butwal Power Company Limited
2026041604009125,BPCL,44,25,20,701.0,14020.0,2026-04-16,186616512,153,Dynamic Money Managers Securities Pvt. Ltd.,Sweta Securities Private Limited,2026-04-16 12:31:06.322562,Butwal Power Company Limited
2026041604009126,BPCL,58,25,15,701.0,10515.0,2026-04-16,186616514,153,Naasa Securities Co. Ltd.,Sweta Securities Private Limited,2026-04-16 12:31:06.322750,Butwal Power Company Limited
2026041604009127,BPCL,78,25,141,700.0,98700.0,2026-04-16,186616516,153,Garima Securities Limited,Sweta Securities Private Limited,2026-04-16 12:31:06.322930,Butwal Power Company Limited
2026041604009128,BPCL,62,25,50,700.0,35000.0,2026-04-16,186616518,153,Capital Max Securities Ltd,Sweta Securities Private Limited,2026-04-16 12:31:06.323107,Butwal Power Company Limited
2026041604009129,BPCL,42,25,70,700.0,49000.0,2026-04-16,186616520,153,Sani Securities Company Ltd.,Sweta Securities Private Limited,2026-04-16 12:31:06.323299,Butwal Power Company Limited
2026041604009130,BPCL,34,25,200,700.0,140000.0,2026-04-16,186616522,153,Vision Securities Pvt. Ltd,Sweta Securities Private Limited,2026-04-16 12:31:06.323490,Butwal Power Company Limited
2026041604009131,BPCL,64,25,107,700.0,74900.0,2026-04-16,186616524,153,SUN SECURITIES PVT LTD,Sweta Securities Private Limited,2026-04-16 12:31:06.323655,Butwal Power Company Limited
2026041604009132,BPCL,7,25,20,700.0,14000.0,2026-04-16,186616526,153,J.F. Securites (PVT) Ltd.,Sweta Securities Private Limited,2026-04-16 12:31:06.323837,Butwal Power Company Limited
2026041604009133,BPCL,8,25,100,700.0,70000.0,2026-04-16,186616528,153,Brilliant Securities Pvt. Ltd.,Sweta Securities Private Limited,2026-04-16 12:31:06.324026,Butwal Power Company Limited
2026041604009134,BPCL,75,25,50,700.0,35000.0,2026-04-16,186616530,153,N.I.M.B. Stock Markets Limited,Sweta Securities Private Limited,2026-04-16 12:31:06.324197,Butwal Power Company Limited
2026041604009135,BPCL,65,25,25,700.0,17500.0,2026-04-16,186616532,153,Sharepro Securities Private Limited,Sweta Securities Private Limited,2026-04-16 12:31:06.324418,Butwal Power Company Limited
2026041604009136,BPCL,58,25,196,699.1,137023.6,2026-04-16,186616533,153,Naasa Securities Co. Ltd.,Sweta Securities Private Limited,2026-04-16 12:31:06.324594,Butwal Power Company Limited
2026041604009261,BPCL,32,41,10,704.9,7049.0,2026-04-16,186618224,153,Premier Securities Company Ltd.,Linch Stock Market Ltd.,2026-04-16 12:33:28.525218,Butwal Power Company Limited
2026041604009382,BPCL,49,28,10,699.5,6995.0,2026-04-16,186619362,153,Online Securities Pvt. Ltd.,Shree Krishna Securities Ltd.,2026-04-16 12:35:09.824456,Butwal Power Company Limited
2026041604009383,BPCL,32,28,100,699.3,69930.0,2026-04-16,186619366,153,Premier Securities Company Ltd.,Shree Krishna Securities Ltd.,2026-04-16 12:35:09.824645,Butwal Power Company Limited
2026041604009384,BPCL,71,28,2190,699.3,1531467.0,2026-04-16,186619367,153,SHUBHAKAMANA SECURITIES PVT. LTD,Shree Krishna Securities Ltd.,2026-04-16 12:35:09.824709,Butwal Power Company Limited
2026041604009488,BPCL,71,57,100,699.3,69930.0,2026-04-16,186620699,153,SHUBHAKAMANA SECURITIES PVT. LTD,Aryatara Investment & Securities,2026-04-16 12:37:11.890952,Butwal Power Company Limited
2026041604009570,BPCL,32,41,10,704.9,7049.0,2026-04-16,186621696,153,Premier Securities Company Ltd.,Linch Stock Market Ltd.,2026-04-16 12:39:07.894010,Butwal Power Company Limited
2026041604009681,BPCL,45,41,20,703.0,14060.0,2026-04-16,186622732,153,Imperial Securities Company Pvt. Ltd.,Linch Stock Market Ltd.,2026-04-16 12:40:47.235898,Butwal Power Company Limited
2026041604009823,BPCL,39,39,30,699.4,20982.0,2026-04-16,186624360,153,Sumeru Securities Pvt. Ltd.,Sumeru Securities Pvt. Ltd.,2026-04-16 12:43:17.650369,Butwal Power Company Limited
2026041604010008,BPCL,32,41,10,703.0,7030.0,2026-04-16,186627089,153,Premier Securities Company Ltd.,Linch Stock Market Ltd.,2026-04-16 12:46:57.423019,Butwal Power Company Limited
2026041604010009,BPCL,32,64,10,704.0,7040.0,2026-04-16,186627092,153,Premier Securities Company Ltd.,SUN SECURITIES PVT LTD,2026-04-16 12:46:57.423068,Butwal Power Company Limited
2026041604010534,BPCL,45,64,140,704.0,98560.0,2026-04-16,186632894,153,Imperial Securities Company Pvt. Ltd.,SUN SECURITIES PVT LTD,2026-04-16 12:55:21.988496,Butwal Power Company Limited
2026041604011678,BPCL,14,81,100,702.0,70200.0,2026-04-16,186642384,153,Nepal Stock House (PVT) Ltd.,Aakashbhairab Securities Ltd.,2026-04-16 13:09:30.133582,Butwal Power Company Limited
2026041604011679,BPCL,52,81,30,700.5,21015.0,2026-04-16,186642386,153,Sundhara Securities Limited,Aakashbhairab Securities Ltd.,2026-04-16 13:09:30.133837,Butwal Power Company Limited
2026041604011680,BPCL,51,81,100,700.0,70000.0,2026-04-16,186642388,153,Oxford Securities Pvt. Ltd.,Aakashbhairab Securities Ltd.,2026-04-16 13:09:30.133912,Butwal Power Company Limited
2026041604011681,BPCL,49,81,243,700.0,170100.0,2026-04-16,186642390,153,Online Securities Pvt. Ltd.,Aakashbhairab Securities Ltd.,2026-04-16 13:09:30.134010,Butwal Power Company Limited
2026041604011682,BPCL,40,81,30,700.0,21000.0,2026-04-16,186642392,153,Creative Securities Pvt Ltd,Aakashbhairab Securities Ltd.,2026-04-16 13:09:30.134116,Butwal Power Company Limited
2026041604011683,BPCL,39,81,100,699.7,69970.0,2026-04-16,186642394,153,Sumeru Securities Pvt. Ltd.,Aakashbhairab Securities Ltd.,2026-04-16 13:09:30.134223,Butwal Power Company Limited
2026041604011684,BPCL,56,81,200,699.6,139920.0,2026-04-16,186642396,153,Sri Hari Securities Pvt. Ltd.,Aakashbhairab Securities Ltd.,2026-04-16 13:09:30.134310,Butwal Power Company Limited
2026041604011685,BPCL,39,81,100,699.5,69950.0,2026-04-16,186642398,153,Sumeru Securities Pvt. Ltd.,Aakashbhairab Securities Ltd.,2026-04-16 13:09:30.134391,Butwal Power Company Limited
2026041604011686,BPCL,49,81,1000,699.5,699500.0,2026-04-16,186642401,153,Online Securities Pvt. Ltd.,Aakashbhairab Securities Ltd.,2026-04-16 13:09:30.134482,Butwal Power Company Limited
2026041604011687,BPCL,39,81,445,699.4,311233.0,2026-04-16,186642404,153,Sumeru Securities Pvt. Ltd.,Aakashbhairab Securities Ltd.,2026-04-16 13:09:30.134580,Butwal Power Company Limited
2026041604011688,BPCL,71,81,10,699.3,6993.0,2026-04-16,186642406,153,SHUBHAKAMANA SECURITIES PVT. LTD,Aakashbhairab Securities Ltd.,2026-04-16 13:09:30.134679,Butwal Power Company Limited
2026041604011689,BPCL,32,81,100,699.3,69930.0,2026-04-16,186642408,153,Premier Securities Company Ltd.,Aakashbhairab Securities Ltd.,2026-04-16 13:09:30.134794,Butwal Power Company Limited
2026041604011690,BPCL,75,81,50,699.3,34965.0,2026-04-16,186642410,153,N.I.M.B. Stock Markets Limited,Aakashbhairab Securities Ltd.,2026-04-16 13:09:30.134865,Butwal Power Company Limited
2026041604011691,BPCL,58,81,492,699.1,343957.2,2026-04-16,186642411,153,Naasa Securities Co. Ltd.,Aakashbhairab Securities Ltd.,2026-04-16 13:09:30.134927,Butwal Power Company Limited
2026041604011880,BPCL,101,42,200,700.0,140000.0,2026-04-16,186643897,153,APPLE SECURITIES PRIVATE LIMITED,Sani Securities Company Ltd.,2026-04-16 13:10:47.474889,Butwal Power Company Limited
2026041604012149,BPCL,39,42,100,699.2,69920.0,2026-04-16,186645539,153,Sumeru Securities Pvt. Ltd.,Sani Securities Company Ltd.,2026-04-16 13:12:05.603223,Butwal Power Company Limited
2026041604013173,BPCL,32,64,10,704.0,7040.0,2026-04-16,186650798,153,Premier Securities Company Ltd.,SUN SECURITIES PVT LTD,2026-04-16 13:16:38.707248,Butwal Power Company Limited
2026041604013298,BPCL,45,58,35,700.0,24500.0,2026-04-16,186651666,153,Imperial Securities Company Pvt. Ltd.,Naasa Securities Co. Ltd.,2026-04-16 13:17:24.074822,Butwal Power Company Limited
2026041604013299,BPCL,17,58,150,699.6,104940.0,2026-04-16,186651668,153,ABC Securities Private Limited,Naasa Securities Co. Ltd.,2026-04-16 13:17:24.075119,Butwal Power Company Limited
2026041604013300,BPCL,58,58,100,699.2,69920.0,2026-04-16,186651670,153,Naasa Securities Co. Ltd.,Naasa Securities Co. Ltd.,2026-04-16 13:17:24.075349,Butwal Power Company Limited
2026041604013301,BPCL,58,58,312,699.1,218119.2,2026-04-16,186651672,153,Naasa Securities Co. Ltd.,Naasa Securities Co. Ltd.,2026-04-16 13:17:24.075541,Butwal Power Company Limited
2026041604013302,BPCL,50,58,1000,699.1,699100.0,2026-04-16,186651674,153,Cristal Kanchanjanga Securites Pvt. Ltd.,Naasa Securities Co. Ltd.,2026-04-16 13:17:24.075736,Butwal Power Company Limited
2026041604013303,BPCL,32,58,500,699.0,349500.0,2026-04-16,186651676,153,Premier Securities Company Ltd.,Naasa Securities Co. Ltd.,2026-04-16 13:17:24.075932,Butwal Power Company Limited
2026041604013304,BPCL,89,58,14,699.0,9786.0,2026-04-16,186651677,153,Global IME Securities Limited,Naasa Securities Co. Ltd.,2026-04-16 13:17:24.076121,Butwal Power Company Limited
2026041604013703,BPCL,89,51,15,699.0,10485.0,2026-04-16,186654339,153,Global IME Securities Limited,Oxford Securities Pvt. Ltd.,2026-04-16 13:19:20.711558,Butwal Power Company Limited
2026041604013791,BPCL,89,58,311,699.0,217389.0,2026-04-16,186654908,153,Global IME Securities Limited,Naasa Securities Co. Ltd.,2026-04-16 13:19:47.436514,Butwal Power Company Limited
2026041604013792,BPCL,62,58,100,699.0,69900.0,2026-04-16,186654910,153,Capital Max Securities Ltd,Naasa Securities Co. Ltd.,2026-04-16 13:19:47.436644,Butwal Power Company Limited
2026041604013793,BPCL,56,58,200,699.0,139800.0,2026-04-16,186654912,153,Sri Hari Securities Pvt. Ltd.,Naasa Securities Co. Ltd.,2026-04-16 13:19:47.436742,Butwal Power Company Limited
2026041604013794,BPCL,35,58,389,699.0,271911.0,2026-04-16,186654913,153,Kohinoor Investment & Securities Pvt. Ltd.,Naasa Securities Co. Ltd.,2026-04-16 13:19:47.436862,Butwal Power Company Limited
2026041604013824,BPCL,35,42,15,699.0,10485.0,2026-04-16,186655263,153,Kohinoor Investment & Securities Pvt. Ltd.,Sani Securities Company Ltd.,2026-04-16 13:19:57.097762,Butwal Power Company Limited
2026041604014005,BPCL,35,38,176,699.0,123024.0,2026-04-16,186656530,153,Kohinoor Investment & Securities Pvt. Ltd.,Dipshikha Dhitopatra Karobar Co. Pvt Ltd.,2026-04-16 13:21:04.259864,Butwal Power Company Limited
2026041604014006,BPCL,58,38,143,699.0,99957.0,2026-04-16,186656532,153,Naasa Securities Co. Ltd.,Dipshikha Dhitopatra Karobar Co. Pvt Ltd.,2026-04-16 13:21:04.259963,Butwal Power Company Limited
2026041604014007,BPCL,34,38,35,699.0,24465.0,2026-04-16,186656534,153,Vision Securities Pvt. Ltd,Dipshikha Dhitopatra Karobar Co. Pvt Ltd.,2026-04-16 13:21:04.260029,Butwal Power Company Limited
2026041604014008,BPCL,1,38,200,699.0,139800.0,2026-04-16,186656536,153,Kumari Securities Private Limited,Dipshikha Dhitopatra Karobar Co. Pvt Ltd.,2026-04-16 13:21:04.260084,Butwal Power Company Limited
2026041604014009,BPCL,52,38,162,699.0,113238.0,2026-04-16,186656538,153,Sundhara Securities Limited,Dipshikha Dhitopatra Karobar Co. Pvt Ltd.,2026-04-16 13:21:04.260147,Butwal Power Company Limited
2026041604014010,BPCL,25,38,50,699.0,34950.0,2026-04-16,186656540,153,Sweta Securities Private Limited,Dipshikha Dhitopatra Karobar Co. Pvt Ltd.,2026-04-16 13:21:04.260209,Butwal Power Company Limited
2026041604014011,BPCL,32,38,85,699.0,59415.0,2026-04-16,186656542,153,Premier Securities Company Ltd.,Dipshikha Dhitopatra Karobar Co. Pvt Ltd.,2026-04-16 13:21:04.260271,Butwal Power Company Limited
2026041604014012,BPCL,6,38,50,698.0,34900.0,2026-04-16,186656544,153,Agrawal Securities (PVT) Ltd.,Dipshikha Dhitopatra Karobar Co. Pvt Ltd.,2026-04-16 13:21:04.260354,Butwal Power Company Limited
2026041604014013,BPCL,62,38,100,698.0,69800.0,2026-04-16,186656546,153,Capital Max Securities Ltd,Dipshikha Dhitopatra Karobar Co. Pvt Ltd.,2026-04-16 13:21:04.260417,Butwal Power Company Limited
2026041604014014,BPCL,39,38,200,698.0,139600.0,2026-04-16,186656548,153,Sumeru Securities Pvt. Ltd.,Dipshikha Dhitopatra Karobar Co. Pvt Ltd.,2026-04-16 13:21:04.260480,Butwal Power Company Limited
2026041604014015,BPCL,38,38,100,697.0,69700.0,2026-04-16,186656550,153,Dipshikha Dhitopatra Karobar Co. Pvt Ltd.,Dipshikha Dhitopatra Karobar Co. Pvt Ltd.,2026-04-16 13:21:04.260544,Butwal Power Company Limited
2026041604014016,BPCL,34,38,10,697.0,6970.0,2026-04-16,186656552,153,Vision Securities Pvt. Ltd,Dipshikha Dhitopatra Karobar Co. Pvt Ltd.,2026-04-16 13:21:04.260627,Butwal Power Company Limited
2026041604014017,BPCL,14,38,50,697.0,34850.0,2026-04-16,186656554,153,Nepal Stock House (PVT) Ltd.,Dipshikha Dhitopatra Karobar Co. Pvt Ltd.,2026-04-16 13:21:04.260690,Butwal Power Company Limited
2026041604014018,BPCL,49,38,25,697.0,17425.0,2026-04-16,186656556,153,Online Securities Pvt. Ltd.,Dipshikha Dhitopatra Karobar Co. Pvt Ltd.,2026-04-16 13:21:04.260752,Butwal Power Company Limited
2026041604014019,BPCL,60,38,114,696.8,79435.2,2026-04-16,186656557,153,Nagarik Stock Dealer ,Dipshikha Dhitopatra Karobar Co. Pvt Ltd.,2026-04-16 13:21:04.260814,Butwal Power Company Limited
2026041604014032,BPCL,60,94,86,696.8,59924.8,2026-04-16,186656604,153,Nagarik Stock Dealer ,K.B.L. Securities Limited ,2026-04-16 13:21:07.543902,Butwal Power Company Limited
2026041604014033,BPCL,46,94,37,696.0,25752.0,2026-04-16,186656606,153,Kalika Securities Pvt. Ltd.,K.B.L. Securities Limited ,2026-04-16 13:21:07.543975,Butwal Power Company Limited
2026041604014034,BPCL,49,94,190,696.0,132240.0,2026-04-16,186656608,153,Online Securities Pvt. Ltd.,K.B.L. Securities Limited ,2026-04-16 13:21:07.544002,Butwal Power Company Limited
2026041604014035,BPCL,54,94,100,696.0,69600.0,2026-04-16,186656610,153,Sewa Securities Pvt. Ltd.,K.B.L. Securities Limited ,2026-04-16 13:21:07.544041,Butwal Power Company Limited
2026041604014036,BPCL,54,94,200,696.0,139200.0,2026-04-16,186656612,153,Sewa Securities Pvt. Ltd.,K.B.L. Securities Limited ,2026-04-16 13:21:07.544060,Butwal Power Company Limited
2026041604014037,BPCL,99,94,200,695.1,139020.0,2026-04-16,186656614,153,Prabhu Stock Market Limited,K.B.L. Securities Limited ,2026-04-16 13:21:07.544085,Butwal Power Company Limited
2026041604014038,BPCL,58,94,1000,695.1,695100.0,2026-04-16,186656616,153,Naasa Securities Co. Ltd.,K.B.L. Securities Limited ,2026-04-16 13:21:07.544109,Butwal Power Company Limited
2026041604014039,BPCL,5,94,100,695.0,69500.0,2026-04-16,186656618,153,Market Securities & Exchange (PVT) Ltd.,K.B.L. Securities Limited ,2026-04-16 13:21:07.544132,Butwal Power Company Limited
2026041604014040,BPCL,33,94,10,695.0,6950.0,2026-04-16,186656620,153,Dakshinkali Investment & Securities Pvt. Ltd.,K.B.L. Securities Limited ,2026-04-16 13:21:07.544153,Butwal Power Company Limited
2026041604014041,BPCL,1,94,10,695.0,6950.0,2026-04-16,186656622,153,Kumari Securities Private Limited,K.B.L. Securities Limited ,2026-04-16 13:21:07.544177,Butwal Power Company Limited
2026041604014042,BPCL,43,94,30,695.0,20850.0,2026-04-16,186656624,153,South Asian Bulls Pvt. Ltd.,K.B.L. Securities Limited ,2026-04-16 13:21:07.544215,Butwal Power Company Limited
2026041604014043,BPCL,94,94,1000,695.0,695000.0,2026-04-16,186656626,153,K.B.L. Securities Limited ,K.B.L. Securities Limited ,2026-04-16 13:21:07.544237,Butwal Power Company Limited
2026041604014044,BPCL,62,94,100,695.0,69500.0,2026-04-16,186656628,153,Capital Max Securities Ltd,K.B.L. Securities Limited ,2026-04-16 13:21:07.544258,Butwal Power Company Limited
2026041604014045,BPCL,49,94,95,695.0,66025.0,2026-04-16,186656630,153,Online Securities Pvt. Ltd.,K.B.L. Securities Limited ,2026-04-16 13:21:07.544279,Butwal Power Company Limited
2026041604014046,BPCL,21,94,25,695.0,17375.0,2026-04-16,186656632,153,Midas Stock Broking Company Private Limited,K.B.L. Securities Limited ,2026-04-16 13:21:07.544299,Butwal Power Company Limited
2026041604014047,BPCL,42,94,80,695.0,55600.0,2026-04-16,186656634,153,Sani Securities Company Ltd.,K.B.L. Securities Limited ,2026-04-16 13:21:07.544343,Butwal Power Company Limited
2026041604014048,BPCL,6,94,250,695.0,173750.0,2026-04-16,186656636,153,Agrawal Securities (PVT) Ltd.,K.B.L. Securities Limited ,2026-04-16 13:21:07.544362,Butwal Power Company Limited
2026041604014049,BPCL,36,94,50,695.0,34750.0,2026-04-16,186656638,153,Secured Securities Ltd.,K.B.L. Securities Limited ,2026-04-16 13:21:07.544383,Butwal Power Company Limited
2026041604014050,BPCL,54,94,100,695.0,69500.0,2026-04-16,186656640,153,Sewa Securities Pvt. Ltd.,K.B.L. Securities Limited ,2026-04-16 13:21:07.544404,Butwal Power Company Limited
2026041604014051,BPCL,53,94,150,695.0,104250.0,2026-04-16,186656642,153,Investment Management Nepal Pvt. Ltd.,K.B.L. Securities Limited ,2026-04-16 13:21:07.544432,Butwal Power Company Limited
2026041604014052,BPCL,1,94,200,695.0,139000.0,2026-04-16,186656644,153,Kumari Securities Private Limited,K.B.L. Securities Limited ,2026-04-16 13:21:07.544451,Butwal Power Company Limited
2026041604014053,BPCL,17,94,250,695.0,173750.0,2026-04-16,186656646,153,ABC Securities Private Limited,K.B.L. Securities Limited ,2026-04-16 13:21:07.544469,Butwal Power Company Limited
2026041604014054,BPCL,54,94,100,695.0,69500.0,2026-04-16,186656648,153,Sewa Securities Pvt. Ltd.,K.B.L. Securities Limited ,2026-04-16 13:21:07.544489,Butwal Power Company Limited
2026041604014055,BPCL,54,94,200,695.0,139000.0,2026-04-16,186656650,153,Sewa Securities Pvt. Ltd.,K.B.L. Securities Limited ,2026-04-16 13:21:07.544508,Butwal Power Company Limited
2026041604014056,BPCL,88,94,100,695.0,69500.0,2026-04-16,186656652,153,Blue Chip Securities Ltd,K.B.L. Securities Limited ,2026-04-16 13:21:07.544527,Butwal Power Company Limited
2026041604014057,BPCL,47,94,160,694.9,111184.0,2026-04-16,186656654,153,Neev Securities Pvt. Ltd.,K.B.L. Securities Limited ,2026-04-16 13:21:07.544549,Butwal Power Company Limited
2026041604014058,BPCL,37,94,500,693.0,346500.0,2026-04-16,186656656,153,Swarna Laxmi Securities Pvt. Ltd.,K.B.L. Securities Limited ,2026-04-16 13:21:07.544572,Butwal Power Company Limited
2026041604014059,BPCL,38,94,60,692.2,41532.0,2026-04-16,186656658,153,Dipshikha Dhitopatra Karobar Co. Pvt Ltd.,K.B.L. Securities Limited ,2026-04-16 13:21:07.544592,Butwal Power Company Limited
2026041604014060,BPCL,80,94,150,692.0,103800.0,2026-04-16,186656660,153,Indira securities pvt. ltd,K.B.L. Securities Limited ,2026-04-16 13:21:07.544613,Butwal Power Company Limited
2026041604014061,BPCL,54,94,200,692.0,138400.0,2026-04-16,186656662,153,Sewa Securities Pvt. Ltd.,K.B.L. Securities Limited ,2026-04-16 13:21:07.544635,Butwal Power Company Limited
2026041604014062,BPCL,54,94,200,692.0,138400.0,2026-04-16,186656664,153,Sewa Securities Pvt. Ltd.,K.B.L. Securities Limited ,2026-04-16 13:21:07.544654,Butwal Power Company Limited
2026041604014063,BPCL,82,94,100,692.0,69200.0,2026-04-16,186656666,153,N.M.B. SECURITIES LIMITED,K.B.L. Securities Limited ,2026-04-16 13:21:07.544675,Butwal Power Company Limited
2026041604014064,BPCL,58,94,150,692.0,103800.0,2026-04-16,186656668,153,Naasa Securities Co. Ltd.,K.B.L. Securities Limited ,2026-04-16 13:21:07.544698,Butwal Power Company Limited
2026041604014065,BPCL,60,94,80,691.1,55288.0,2026-04-16,186656670,153,Nagarik Stock Dealer ,K.B.L. Securities Limited ,2026-04-16 13:21:07.544748,Butwal Power Company Limited
2026041604014066,BPCL,58,94,737,691.0,509267.0,2026-04-16,186656671,153,Naasa Securities Co. Ltd.,K.B.L. Securities Limited ,2026-04-16 13:21:07.544770,Butwal Power Company Limited
2026041604014266,BPCL,42,41,20,699.0,13980.0,2026-04-16,186657840,153,Sani Securities Company Ltd.,Linch Stock Market Ltd.,2026-04-16 13:22:00.898431,Butwal Power Company Limited
2026041604014267,BPCL,58,41,221,691.0,152711.0,2026-04-16,186657841,153,Naasa Securities Co. Ltd.,Linch Stock Market Ltd.,2026-04-16 13:22:00.898696,Butwal Power Company Limited
2026041604014792,BPCL,11,44,100,695.0,69500.0,2026-04-16,186661396,153,Malla & Malla Stock Broking Company Pvt. Limited,Dynamic Money Managers Securities Pvt. Ltd.,2026-04-16 13:25:20.690959,Butwal Power Company Limited
2026041604015104,BPCL,49,8,10,692.2,6922.0,2026-04-16,186663579,153,Online Securities Pvt. Ltd.,Brilliant Securities Pvt. Ltd.,2026-04-16 13:27:29.210852,Butwal Power Company Limited
2026041604015533,BPCL,32,58,10,700.0,7000.0,2026-04-16,186667540,153,Premier Securities Company Ltd.,Naasa Securities Co. Ltd.,2026-04-16 13:32:08.242940,Butwal Power Company Limited
2026041604015963,BPCL,52,4,10,693.5,6935.0,2026-04-16,186670925,153,Sundhara Securities Limited,Opal Securities Investment (PVT) Ltd.,2026-04-16 13:35:13.017265,Butwal Power Company Limited
2026041604016507,BPCL,32,58,10,700.0,7000.0,2026-04-16,186674046,153,Premier Securities Company Ltd.,Naasa Securities Co. Ltd.,2026-04-16 13:37:58.698403,Butwal Power Company Limited
2026041604017897,BPCL,43,58,80,700.0,56000.0,2026-04-16,186684073,153,South Asian Bulls Pvt. Ltd.,Naasa Securities Co. Ltd.,2026-04-16 13:50:07.582947,Butwal Power Company Limited
2026041604017898,BPCL,43,64,200,700.0,140000.0,2026-04-16,186684075,153,South Asian Bulls Pvt. Ltd.,SUN SECURITIES PVT LTD,2026-04-16 13:50:07.583124,Butwal Power Company Limited
2026041604017899,BPCL,43,49,195,700.0,136500.0,2026-04-16,186684078,153,South Asian Bulls Pvt. Ltd.,Online Securities Pvt. Ltd.,2026-04-16 13:50:07.583191,Butwal Power Company Limited
2026041604018005,BPCL,32,58,10,702.0,7020.0,2026-04-16,186685224,153,Premier Securities Company Ltd.,Naasa Securities Co. Ltd.,2026-04-16 13:52:06.251046,Butwal Power Company Limited
2026041604018477,BPCL,52,58,20,702.0,14040.0,2026-04-16,186688510,153,Sundhara Securities Limited,Naasa Securities Co. Ltd.,2026-04-16 13:57:46.962121,Butwal Power Company Limited
2026041604018506,BPCL,34,49,20,696.5,13930.0,2026-04-16,186688834,153,Vision Securities Pvt. Ltd,Online Securities Pvt. Ltd.,2026-04-16 13:58:26.339717,Butwal Power Company Limited
2026041604018507,BPCL,8,49,100,696.1,69610.0,2026-04-16,186688836,153,Brilliant Securities Pvt. Ltd.,Online Securities Pvt. Ltd.,2026-04-16 13:58:26.340031,Butwal Power Company Limited
2026041604018508,BPCL,14,49,110,696.0,76560.0,2026-04-16,186688838,153,Nepal Stock House (PVT) Ltd.,Online Securities Pvt. Ltd.,2026-04-16 13:58:26.340221,Butwal Power Company Limited
2026041604018509,BPCL,36,49,30,696.0,20880.0,2026-04-16,186688840,153,Secured Securities Ltd.,Online Securities Pvt. Ltd.,2026-04-16 13:58:26.340413,Butwal Power Company Limited
2026041604018510,BPCL,45,49,30,696.0,20880.0,2026-04-16,186688842,153,Imperial Securities Company Pvt. Ltd.,Online Securities Pvt. Ltd.,2026-04-16 13:58:26.340600,Butwal Power Company Limited
2026041604018511,BPCL,37,49,100,695.2,69520.0,2026-04-16,186688844,153,Swarna Laxmi Securities Pvt. Ltd.,Online Securities Pvt. Ltd.,2026-04-16 13:58:26.340784,Butwal Power Company Limited
2026041604018512,BPCL,1,49,65,695.2,45188.0,2026-04-16,186688846,153,Kumari Securities Private Limited,Online Securities Pvt. Ltd.,2026-04-16 13:58:26.340968,Butwal Power Company Limited
2026041604018513,BPCL,74,49,201,695.1,139715.1,2026-04-16,186688847,153,KALASH STOCK MARKET PVT. LTD.,Online Securities Pvt. Ltd.,2026-04-16 13:58:26.341149,Butwal Power Company Limited
2026041604018745,BPCL,17,58,10,702.0,7020.0,2026-04-16,186690558,153,ABC Securities Private Limited,Naasa Securities Co. Ltd.,2026-04-16 14:00:53.155537,Butwal Power Company Limited
2026041604019860,BPCL,1,88,16,698.0,11168.0,2026-04-16,186699002,153,Kumari Securities Private Limited,Blue Chip Securities Ltd,2026-04-16 14:12:33.299895,Butwal Power Company Limited
2026041604019861,BPCL,42,88,200,696.1,139220.0,2026-04-16,186699004,153,Sani Securities Company Ltd.,Blue Chip Securities Ltd,2026-04-16 14:12:33.299945,Butwal Power Company Limited
2026041604019862,BPCL,45,88,15,696.0,10440.0,2026-04-16,186699006,153,Imperial Securities Company Pvt. Ltd.,Blue Chip Securities Ltd,2026-04-16 14:12:33.299978,Butwal Power Company Limited
2026041604019863,BPCL,62,88,50,695.2,34760.0,2026-04-16,186699008,153,Capital Max Securities Ltd,Blue Chip Securities Ltd,2026-04-16 14:12:33.300005,Butwal Power Company Limited
2026041604019864,BPCL,74,88,149,695.1,103569.9,2026-04-16,186699009,153,KALASH STOCK MARKET PVT. LTD.,Blue Chip Securities Ltd,2026-04-16 14:12:33.300032,Butwal Power Company Limited
2026041604020122,BPCL,32,58,10,702.0,7020.0,2026-04-16,186701076,153,Premier Securities Company Ltd.,Naasa Securities Co. Ltd.,2026-04-16 14:15:42.486562,Butwal Power Company Limited
2026041604020938,BPCL,57,45,10,699.9,6999.0,2026-04-16,186708298,153,Aryatara Investment & Securities,Imperial Securities Company Pvt. Ltd.,2026-04-16 14:26:55.502816,Butwal Power Company Limited
2026041604020968,BPCL,58,45,190,699.9,132981.0,2026-04-16,186708728,153,Naasa Securities Co. Ltd.,Imperial Securities Company Pvt. Ltd.,2026-04-16 14:27:17.500025,Butwal Power Company Limited
2026041604021429,BPCL,45,45,100,699.9,69990.0,2026-04-16,186715040,153,Imperial Securities Company Pvt. Ltd.,Imperial Securities Company Pvt. Ltd.,2026-04-16 14:32:40.792641,Butwal Power Company Limited
2026041604022047,BPCL,58,45,100,699.9,69990.0,2026-04-16,186719531,153,Naasa Securities Co. Ltd.,Imperial Securities Company Pvt. Ltd.,2026-04-16 14:37:54.170129,Butwal Power Company Limited
2026041604022048,BPCL,58,45,100,699.9,69990.0,2026-04-16,186719534,153,Naasa Securities Co. Ltd.,Imperial Securities Company Pvt. Ltd.,2026-04-16 14:37:54.170442,Butwal Power Company Limited
2026041604022289,BPCL,58,45,100,699.9,69990.0,2026-04-16,186721084,153,Naasa Securities Co. Ltd.,Imperial Securities Company Pvt. Ltd.,2026-04-16 14:39:39.057915,Butwal Power Company Limited
2026041604022910,BPCL,32,26,10,700.0,7000.0,2026-04-16,186726890,153,Premier Securities Company Ltd.,Asian Securities Private Ltd.,2026-04-16 14:44:52.576079,Butwal Power Company Limited
2026041604023341,BPCL,49,26,50,698.0,34900.0,2026-04-16,186729516,153,Online Securities Pvt. Ltd.,Asian Securities Private Ltd.,2026-04-16 14:47:14.456752,Butwal Power Company Limited
2026041604023342,BPCL,38,26,100,697.0,69700.0,2026-04-16,186729518,153,Dipshikha Dhitopatra Karobar Co. Pvt Ltd.,Asian Securities Private Ltd.,2026-04-16 14:47:14.457168,Butwal Power Company Limited
2026041604023343,BPCL,58,26,11,697.0,7667.0,2026-04-16,186729520,153,Naasa Securities Co. Ltd.,Asian Securities Private Ltd.,2026-04-16 14:47:14.457415,Butwal Power Company Limited
2026041604023344,BPCL,22,26,20,696.2,13924.0,2026-04-16,186729522,153,Siprabi Securities Pvt. Ltd.,Asian Securities Private Ltd.,2026-04-16 14:47:14.457637,Butwal Power Company Limited
2026041604023345,BPCL,46,26,50,696.1,34805.0,2026-04-16,186729524,153,Kalika Securities Pvt. Ltd.,Asian Securities Private Ltd.,2026-04-16 14:47:14.457941,Butwal Power Company Limited
2026041604023346,BPCL,59,26,269,696.0,187224.0,2026-04-16,186729525,153,Deevyaa Securities & Stock House Pvt. Ltd,Asian Securities Private Ltd.,2026-04-16 14:47:14.458212,Butwal Power Company Limited
2026041604024123,BPCL,49,58,150,697.0,104550.0,2026-04-16,186734652,153,Online Securities Pvt. Ltd.,Naasa Securities Co. Ltd.,2026-04-16 14:51:24.152345,Butwal Power Company Limited
2026041604024124,BPCL,59,58,231,696.0,160776.0,2026-04-16,186734654,153,Deevyaa Securities & Stock House Pvt. Ltd,Naasa Securities Co. Ltd.,2026-04-16 14:51:24.152559,Butwal Power Company Limited
2026041604024125,BPCL,22,58,50,696.0,34800.0,2026-04-16,186734656,153,Siprabi Securities Pvt. Ltd.,Naasa Securities Co. Ltd.,2026-04-16 14:51:24.152638,Butwal Power Company Limited
2026041604024126,BPCL,62,58,69,696.0,48024.0,2026-04-16,186734657,153,Capital Max Securities Ltd,Naasa Securities Co. Ltd.,2026-04-16 14:51:24.152709,Butwal Power Company Limited
2026041604024229,BPCL,62,26,131,696.0,91176.0,2026-04-16,186735322,153,Capital Max Securities Ltd,Asian Securities Private Ltd.,2026-04-16 14:51:56.370966,Butwal Power Company Limited
2026041604024230,BPCL,3,26,70,696.0,48720.0,2026-04-16,186735324,153,Arun Securities (PVT) Ltd.,Asian Securities Private Ltd.,2026-04-16 14:51:56.371161,Butwal Power Company Limited
2026041604024231,BPCL,19,26,150,696.0,104400.0,2026-04-16,186735326,153,Nepal Investment And Securities Trading Private Limited,Asian Securities Private Ltd.,2026-04-16 14:51:56.371310,Butwal Power Company Limited
2026041604024232,BPCL,49,26,10,696.0,6960.0,2026-04-16,186735328,153,Online Securities Pvt. Ltd.,Asian Securities Private Ltd.,2026-04-16 14:51:56.371396,Butwal Power Company Limited
2026041604024233,BPCL,49,26,50,696.0,34800.0,2026-04-16,186735330,153,Online Securities Pvt. Ltd.,Asian Securities Private Ltd.,2026-04-16 14:51:56.371473,Butwal Power Company Limited
2026041604024234,BPCL,22,26,50,696.0,34800.0,2026-04-16,186735332,153,Siprabi Securities Pvt. Ltd.,Asian Securities Private Ltd.,2026-04-16 14:51:56.371555,Butwal Power Company Limited
2026041604024235,BPCL,8,26,69,695.3,47975.7,2026-04-16,186735333,153,Brilliant Securities Pvt. Ltd.,Asian Securities Private Ltd.,2026-04-16 14:51:56.371629,Butwal Power Company Limited
2026041604024453,BPCL,32,58,10,699.0,6990.0,2026-04-16,186737122,153,Premier Securities Company Ltd.,Naasa Securities Co. Ltd.,2026-04-16 14:53:08.655140,Butwal Power Company Limited
2026041604024469,BPCL,8,67,150,695.4,104310.0,2026-04-16,186737237,153,Brilliant Securities Pvt. Ltd.,Property Wiard Limited,2026-04-16 14:53:12.615287,Butwal Power Company Limited
2026041604024470,BPCL,8,67,31,695.3,21554.3,2026-04-16,186737239,153,Brilliant Securities Pvt. Ltd.,Property Wiard Limited,2026-04-16 14:53:12.615538,Butwal Power Company Limited
2026041604024471,BPCL,58,67,30,695.2,20856.0,2026-04-16,186737241,153,Naasa Securities Co. Ltd.,Property Wiard Limited,2026-04-16 14:53:12.615650,Butwal Power Company Limited
2026041604024472,BPCL,74,67,150,695.1,104265.0,2026-04-16,186737243,153,KALASH STOCK MARKET PVT. LTD.,Property Wiard Limited,2026-04-16 14:53:12.615729,Butwal Power Company Limited
2026041604024473,BPCL,75,67,50,695.1,34755.0,2026-04-16,186737245,153,N.I.M.B. Stock Markets Limited,Property Wiard Limited,2026-04-16 14:53:12.615804,Butwal Power Company Limited
2026041604024474,BPCL,50,67,500,695.1,347550.0,2026-04-16,186737247,153,Cristal Kanchanjanga Securites Pvt. Ltd.,Property Wiard Limited,2026-04-16 14:53:12.615878,Butwal Power Company Limited
2026041604024475,BPCL,36,67,100,695.0,69500.0,2026-04-16,186737249,153,Secured Securities Ltd.,Property Wiard Limited,2026-04-16 14:53:12.615966,Butwal Power Company Limited
2026041604024476,BPCL,35,67,500,695.0,347500.0,2026-04-16,186737251,153,Kohinoor Investment & Securities Pvt. Ltd.,Property Wiard Limited,2026-04-16 14:53:12.616037,Butwal Power Company Limited
2026041604024477,BPCL,33,67,50,695.0,34750.0,2026-04-16,186737253,153,Dakshinkali Investment & Securities Pvt. Ltd.,Property Wiard Limited,2026-04-16 14:53:12.616141,Butwal Power Company Limited
2026041604024478,BPCL,49,67,30,695.0,20850.0,2026-04-16,186737255,153,Online Securities Pvt. Ltd.,Property Wiard Limited,2026-04-16 14:53:12.616218,Butwal Power Company Limited
2026041604024479,BPCL,42,67,45,695.0,31275.0,2026-04-16,186737257,153,Sani Securities Company Ltd.,Property Wiard Limited,2026-04-16 14:53:12.616292,Butwal Power Company Limited
2026041604024480,BPCL,58,67,100,695.0,69500.0,2026-04-16,186737259,153,Naasa Securities Co. Ltd.,Property Wiard Limited,2026-04-16 14:53:12.616385,Butwal Power Company Limited
2026041604024481,BPCL,52,67,250,695.0,173750.0,2026-04-16,186737261,153,Sundhara Securities Limited,Property Wiard Limited,2026-04-16 14:53:12.616505,Butwal Power Company Limited
2026041604024482,BPCL,3,67,200,695.0,139000.0,2026-04-16,186737263,153,Arun Securities (PVT) Ltd.,Property Wiard Limited,2026-04-16 14:53:12.616594,Butwal Power Company Limited
2026041604024483,BPCL,5,67,500,695.0,347500.0,2026-04-16,186737265,153,Market Securities & Exchange (PVT) Ltd.,Property Wiard Limited,2026-04-16 14:53:12.616670,Butwal Power Company Limited
2026041604024484,BPCL,47,67,596,695.0,414220.0,2026-04-16,186737266,153,Neev Securities Pvt. Ltd.,Property Wiard Limited,2026-04-16 14:53:12.616745,Butwal Power Company Limited
2026041604024499,BPCL,32,58,10,699.0,6990.0,2026-04-16,186737442,153,Premier Securities Company Ltd.,Naasa Securities Co. Ltd.,2026-04-16 14:53:18.943713,Butwal Power Company Limited
2026041604024893,BPCL,46,58,20,699.0,13980.0,2026-04-16,186741224,153,Kalika Securities Pvt. Ltd.,Naasa Securities Co. Ltd.,2026-04-16 14:55:27.565013,Butwal Power Company Limited
2026041604025956,BPCL,35,58,20,698.0,13960.0,2026-04-16,186749344,153,Kohinoor Investment & Securities Pvt. Ltd.,Naasa Securities Co. Ltd.,2026-04-16 14:59:04.626473,Butwal Power Company Limited
2026041604026302,BPCL,41,95,140,698.0,97720.0,2026-04-16,186751594,153,Linch Stock Market Ltd.,Magnet Securities and Investment Company Private Limited,2026-04-16 14:59:37.394120,Butwal Power Company Limited
2026041604026446,BPCL,41,48,60,698.0,41880.0,2026-04-16,186752884,153,Linch Stock Market Ltd.,Trishakti Securities Public Limited,2026-04-16 14:59:49.554838,Butwal Power Company Limited
2026041604026447,BPCL,21,48,90,696.0,62640.0,2026-04-16,186752885,153,Midas Stock Broking Company Private Limited,Trishakti Securities Public Limited,2026-04-16 14:59:49.554890,Butwal Power Company Limited
