contractId,stockSymbol,buyerMemberId,sellerMemberId,quantity,rate,amount,businessDate,tradeBookId,stockId,buyerBrokerName,sellerBrokerName,transaction_time,securityName
2026041601000499,EBL,1,62,10,695.0,6950.0,2026-04-16,186533508,137,Kumari Securities Private Limited,Capital Max Securities Ltd,2026-04-16 11:02:21.236363,Everest Bank Limited
2026041601004936,EBL,1,36,10,696.1,6961.0,2026-04-16,186549390,137,Kumari Securities Private Limited,Secured Securities Ltd.,2026-04-16 11:15:40.932911,Everest Bank Limited
2026041601005216,EBL,51,36,30,696.1,20883.0,2026-04-16,186550286,137,Oxford Securities Pvt. Ltd.,Secured Securities Ltd.,2026-04-16 11:16:28.331304,Everest Bank Limited
2026041601005353,EBL,36,36,10,696.1,6961.0,2026-04-16,186550761,137,Secured Securities Ltd.,Secured Securities Ltd.,2026-04-16 11:17:01.737942,Everest Bank Limited
2026041601006701,EBL,85,45,50,699.0,34950.0,2026-04-16,186556214,137,Capital Hub P. Ltd,Imperial Securities Company Pvt. Ltd.,2026-04-16 11:22:47.062833,Everest Bank Limited
2026041601007860,EBL,45,50,109,698.0,76082.0,2026-04-16,186560982,137,Imperial Securities Company Pvt. Ltd.,Cristal Kanchanjanga Securites Pvt. Ltd.,2026-04-16 11:27:43.932174,Everest Bank Limited
2026041601007861,EBL,75,50,35,698.0,24430.0,2026-04-16,186560983,137,N.I.M.B. Stock Markets Limited,Cristal Kanchanjanga Securites Pvt. Ltd.,2026-04-16 11:27:43.932286,Everest Bank Limited
2026041601008021,EBL,96,45,10,698.0,6980.0,2026-04-16,186561670,137,Himalayan Securities Limited,Imperial Securities Company Pvt. Ltd.,2026-04-16 11:28:35.970847,Everest Bank Limited
2026041601008022,EBL,34,45,440,698.0,307120.0,2026-04-16,186561671,137,Vision Securities Pvt. Ltd,Imperial Securities Company Pvt. Ltd.,2026-04-16 11:28:35.970944,Everest Bank Limited
2026041601008164,EBL,34,34,1000,698.0,698000.0,2026-04-16,186562311,137,Vision Securities Pvt. Ltd,Vision Securities Pvt. Ltd,2026-04-16 11:29:14.154432,Everest Bank Limited
2026041601008557,EBL,34,29,60,698.0,41880.0,2026-04-16,186564166,137,Vision Securities Pvt. Ltd,Trisul Securities & Invt. Ltd.,2026-04-16 11:31:00.759229,Everest Bank Limited
2026041601008558,EBL,41,29,10,698.0,6980.0,2026-04-16,186564168,137,Linch Stock Market Ltd.,Trisul Securities & Invt. Ltd.,2026-04-16 11:31:00.759360,Everest Bank Limited
2026041601008559,EBL,16,29,50,698.0,34900.0,2026-04-16,186564170,137,Primo Securities (PVT) Ltd.,Trisul Securities & Invt. Ltd.,2026-04-16 11:31:00.759413,Everest Bank Limited
2026041601008560,EBL,49,29,15,696.3,10444.5,2026-04-16,186564172,137,Online Securities Pvt. Ltd.,Trisul Securities & Invt. Ltd.,2026-04-16 11:31:00.759462,Everest Bank Limited
2026041601008561,EBL,44,29,300,696.2,208860.0,2026-04-16,186564174,137,Dynamic Money Managers Securities Pvt. Ltd.,Trisul Securities & Invt. Ltd.,2026-04-16 11:31:00.759512,Everest Bank Limited
2026041601008562,EBL,49,29,14,696.2,9746.8,2026-04-16,186564176,137,Online Securities Pvt. Ltd.,Trisul Securities & Invt. Ltd.,2026-04-16 11:31:00.759560,Everest Bank Limited
2026041601008563,EBL,96,29,10,696.2,6962.0,2026-04-16,186564178,137,Himalayan Securities Limited,Trisul Securities & Invt. Ltd.,2026-04-16 11:31:00.759608,Everest Bank Limited
2026041601008564,EBL,51,29,50,696.1,34805.0,2026-04-16,186564180,137,Oxford Securities Pvt. Ltd.,Trisul Securities & Invt. Ltd.,2026-04-16 11:31:00.759656,Everest Bank Limited
2026041601008565,EBL,94,29,10,696.1,6961.0,2026-04-16,186564182,137,K.B.L. Securities Limited ,Trisul Securities & Invt. Ltd.,2026-04-16 11:31:00.759701,Everest Bank Limited
2026041601008566,EBL,41,29,20,696.1,13922.0,2026-04-16,186564184,137,Linch Stock Market Ltd.,Trisul Securities & Invt. Ltd.,2026-04-16 11:31:00.759747,Everest Bank Limited
2026041601008567,EBL,32,29,15,696.0,10440.0,2026-04-16,186564186,137,Premier Securities Company Ltd.,Trisul Securities & Invt. Ltd.,2026-04-16 11:31:00.759794,Everest Bank Limited
2026041601008568,EBL,6,29,470,696.0,327120.0,2026-04-16,186564187,137,Agrawal Securities (PVT) Ltd.,Trisul Securities & Invt. Ltd.,2026-04-16 11:31:00.759873,Everest Bank Limited
2026041601010260,EBL,49,57,10,698.0,6980.0,2026-04-16,186571611,137,Online Securities Pvt. Ltd.,Aryatara Investment & Securities,2026-04-16 11:37:31.129964,Everest Bank Limited
2026041601010617,EBL,51,49,20,698.9,13978.0,2026-04-16,186573066,137,Oxford Securities Pvt. Ltd.,Online Securities Pvt. Ltd.,2026-04-16 11:38:55.923494,Everest Bank Limited
2026041601010973,EBL,49,76,10,697.0,6970.0,2026-04-16,186574532,137,Online Securities Pvt. Ltd.,Machhapuchchhre Securities Limited,2026-04-16 11:40:28.314986,Everest Bank Limited
2026041601010974,EBL,5,76,14,697.0,9758.0,2026-04-16,186574534,137,Market Securities & Exchange (PVT) Ltd.,Machhapuchchhre Securities Limited,2026-04-16 11:40:28.315117,Everest Bank Limited
2026041601011029,EBL,14,10,50,696.1,34805.0,2026-04-16,186574704,137,Nepal Stock House (PVT) Ltd.,Pragyan Securities (PVT) Ltd.,2026-04-16 11:40:36.825541,Everest Bank Limited
2026041601011030,EBL,6,10,103,696.1,71698.3,2026-04-16,186574705,137,Agrawal Securities (PVT) Ltd.,Pragyan Securities (PVT) Ltd.,2026-04-16 11:40:36.825663,Everest Bank Limited
2026041601011071,EBL,74,76,136,697.0,94792.0,2026-04-16,186574838,137,KALASH STOCK MARKET PVT. LTD.,Machhapuchchhre Securities Limited,2026-04-16 11:40:44.088892,Everest Bank Limited
2026041601011127,EBL,6,6,11,696.1,7657.1,2026-04-16,186575085,137,Agrawal Securities (PVT) Ltd.,Agrawal Securities (PVT) Ltd.,2026-04-16 11:40:56.704942,Everest Bank Limited
2026041601012880,EBL,7,44,10,696.6,6966.0,2026-04-16,186581768,137,J.F. Securites (PVT) Ltd.,Dynamic Money Managers Securities Pvt. Ltd.,2026-04-16 11:47:15.778415,Everest Bank Limited
2026041601012881,EBL,48,44,15,696.5,10447.5,2026-04-16,186581770,137,Trishakti Securities Public Limited,Dynamic Money Managers Securities Pvt. Ltd.,2026-04-16 11:47:15.778644,Everest Bank Limited
2026041601012882,EBL,56,44,975,696.3,678892.5,2026-04-16,186581771,137,Sri Hari Securities Pvt. Ltd.,Dynamic Money Managers Securities Pvt. Ltd.,2026-04-16 11:47:15.778803,Everest Bank Limited
2026041601012893,EBL,56,45,25,696.3,17407.5,2026-04-16,186581806,137,Sri Hari Securities Pvt. Ltd.,Imperial Securities Company Pvt. Ltd.,2026-04-16 11:47:20.135649,Everest Bank Limited
2026041601012894,EBL,6,45,886,696.1,616744.6,2026-04-16,186581808,137,Agrawal Securities (PVT) Ltd.,Imperial Securities Company Pvt. Ltd.,2026-04-16 11:47:20.135765,Everest Bank Limited
2026041601012895,EBL,6,45,2871,696.0,1998216.0,2026-04-16,186581810,137,Agrawal Securities (PVT) Ltd.,Imperial Securities Company Pvt. Ltd.,2026-04-16 11:47:20.135814,Everest Bank Limited
2026041601012896,EBL,40,45,53,696.0,36888.0,2026-04-16,186581812,137,Creative Securities Pvt Ltd,Imperial Securities Company Pvt. Ltd.,2026-04-16 11:47:20.135866,Everest Bank Limited
2026041601012897,EBL,16,45,100,696.0,69600.0,2026-04-16,186581814,137,Primo Securities (PVT) Ltd.,Imperial Securities Company Pvt. Ltd.,2026-04-16 11:47:20.135916,Everest Bank Limited
2026041601012898,EBL,58,45,70,696.0,48720.0,2026-04-16,186581816,137,Naasa Securities Co. Ltd.,Imperial Securities Company Pvt. Ltd.,2026-04-16 11:47:20.135966,Everest Bank Limited
2026041601013064,EBL,14,45,995,696.0,692520.0,2026-04-16,186582415,137,Nepal Stock House (PVT) Ltd.,Imperial Securities Company Pvt. Ltd.,2026-04-16 11:48:07.693799,Everest Bank Limited
2026041601013144,EBL,36,14,20,695.5,13910.0,2026-04-16,186582744,137,Secured Securities Ltd.,Nepal Stock House (PVT) Ltd.,2026-04-16 11:48:39.962137,Everest Bank Limited
2026041601013145,EBL,37,14,108,695.2,75081.6,2026-04-16,186582745,137,Swarna Laxmi Securities Pvt. Ltd.,Nepal Stock House (PVT) Ltd.,2026-04-16 11:48:39.962275,Everest Bank Limited
2026041601013928,EBL,45,52,200,698.5,139700.0,2026-04-16,186585450,137,Imperial Securities Company Pvt. Ltd.,Sundhara Securities Limited,2026-04-16 11:51:32.511829,Everest Bank Limited
2026041601014077,EBL,41,52,10,698.5,6985.0,2026-04-16,186586366,137,Linch Stock Market Ltd.,Sundhara Securities Limited,2026-04-16 11:52:28.384668,Everest Bank Limited
2026041601014393,EBL,58,75,100,696.0,69600.0,2026-04-16,186587504,137,Naasa Securities Co. Ltd.,N.I.M.B. Stock Markets Limited,2026-04-16 11:53:30.769143,Everest Bank Limited
2026041601014560,EBL,38,75,100,696.0,69600.0,2026-04-16,186588290,137,Dipshikha Dhitopatra Karobar Co. Pvt Ltd.,N.I.M.B. Stock Markets Limited,2026-04-16 11:54:23.836369,Everest Bank Limited
2026041601014574,EBL,51,75,39,696.0,27144.0,2026-04-16,186588353,137,Oxford Securities Pvt. Ltd.,N.I.M.B. Stock Markets Limited,2026-04-16 11:54:29.410591,Everest Bank Limited
2026041601014928,EBL,75,3,93,698.0,64914.0,2026-04-16,186589973,137,N.I.M.B. Stock Markets Limited,Arun Securities (PVT) Ltd.,2026-04-16 11:56:26.780972,Everest Bank Limited
2026041601014929,EBL,75,52,1790,698.5,1250315.0,2026-04-16,186589975,137,N.I.M.B. Stock Markets Limited,Sundhara Securities Limited,2026-04-16 11:56:26.781015,Everest Bank Limited
2026041601014930,EBL,75,49,12,698.9,8386.8,2026-04-16,186589977,137,N.I.M.B. Stock Markets Limited,Online Securities Pvt. Ltd.,2026-04-16 11:56:26.781049,Everest Bank Limited
2026041601014931,EBL,75,58,30,699.0,20970.0,2026-04-16,186589979,137,N.I.M.B. Stock Markets Limited,Naasa Securities Co. Ltd.,2026-04-16 11:56:26.781076,Everest Bank Limited
2026041601014932,EBL,75,34,55,699.0,38445.0,2026-04-16,186589981,137,N.I.M.B. Stock Markets Limited,Vision Securities Pvt. Ltd,2026-04-16 11:56:26.781099,Everest Bank Limited
2026041601014933,EBL,75,19,20,699.0,13980.0,2026-04-16,186589984,137,N.I.M.B. Stock Markets Limited,Nepal Investment And Securities Trading Private Limited,2026-04-16 11:56:26.781138,Everest Bank Limited
2026041601014988,EBL,75,41,118,699.9,82588.2,2026-04-16,186590207,137,N.I.M.B. Stock Markets Limited,Linch Stock Market Ltd.,2026-04-16 11:56:41.498983,Everest Bank Limited
2026041601014989,EBL,75,14,22,700.0,15400.0,2026-04-16,186590209,137,N.I.M.B. Stock Markets Limited,Nepal Stock House (PVT) Ltd.,2026-04-16 11:56:41.499245,Everest Bank Limited
2026041601014990,EBL,75,58,20,700.0,14000.0,2026-04-16,186590211,137,N.I.M.B. Stock Markets Limited,Naasa Securities Co. Ltd.,2026-04-16 11:56:41.499399,Everest Bank Limited
2026041601014991,EBL,75,52,3000,700.0,2100000.0,2026-04-16,186590213,137,N.I.M.B. Stock Markets Limited,Sundhara Securities Limited,2026-04-16 11:56:41.499545,Everest Bank Limited
2026041601014992,EBL,75,5,2000,700.0,1400000.0,2026-04-16,186590215,137,N.I.M.B. Stock Markets Limited,Market Securities & Exchange (PVT) Ltd.,2026-04-16 11:56:41.499683,Everest Bank Limited
2026041601014993,EBL,75,5,650,700.0,455000.0,2026-04-16,186590217,137,N.I.M.B. Stock Markets Limited,Market Securities & Exchange (PVT) Ltd.,2026-04-16 11:56:41.499814,Everest Bank Limited
2026041601014994,EBL,75,46,156,700.0,109200.0,2026-04-16,186590219,137,N.I.M.B. Stock Markets Limited,Kalika Securities Pvt. Ltd.,2026-04-16 11:56:41.499956,Everest Bank Limited
2026041601015106,EBL,75,45,34,700.0,23800.0,2026-04-16,186590686,137,N.I.M.B. Stock Markets Limited,Imperial Securities Company Pvt. Ltd.,2026-04-16 11:57:17.847581,Everest Bank Limited
2026041601015299,EBL,51,46,65,696.0,45240.0,2026-04-16,186591299,137,Oxford Securities Pvt. Ltd.,Kalika Securities Pvt. Ltd.,2026-04-16 11:57:53.680968,Everest Bank Limited
2026041601017562,EBL,14,62,5,695.0,3475.0,2026-04-16,186601955,137,Nepal Stock House (PVT) Ltd.,Capital Max Securities Ltd,2026-04-16 12:11:09.230735,Everest Bank Limited
2026041601017700,EBL,57,16,30,699.9,20997.0,2026-04-16,186602662,137,Aryatara Investment & Securities,Primo Securities (PVT) Ltd.,2026-04-16 12:12:05.568477,Everest Bank Limited
2026041601017808,EBL,14,48,1,695.0,695.0,2026-04-16,186603183,137,Nepal Stock House (PVT) Ltd.,Trishakti Securities Public Limited,2026-04-16 12:12:49.957498,Everest Bank Limited
2026041601017937,EBL,14,35,1,695.0,695.0,2026-04-16,186603582,137,Nepal Stock House (PVT) Ltd.,Kohinoor Investment & Securities Pvt. Ltd.,2026-04-16 12:13:16.014407,Everest Bank Limited
2026041601018583,EBL,58,16,30,699.9,20997.0,2026-04-16,186606234,137,Naasa Securities Co. Ltd.,Primo Securities (PVT) Ltd.,2026-04-16 12:17:27.894281,Everest Bank Limited
2026041601019394,EBL,58,14,20,697.5,13950.0,2026-04-16,186609206,137,Naasa Securities Co. Ltd.,Nepal Stock House (PVT) Ltd.,2026-04-16 12:21:30.348010,Everest Bank Limited
2026041601019395,EBL,38,14,45,697.5,31387.5,2026-04-16,186609207,137,Dipshikha Dhitopatra Karobar Co. Pvt Ltd.,Nepal Stock House (PVT) Ltd.,2026-04-16 12:21:30.348305,Everest Bank Limited
2026041601019613,EBL,38,36,90,697.5,62775.0,2026-04-16,186610019,137,Dipshikha Dhitopatra Karobar Co. Pvt Ltd.,Secured Securities Ltd.,2026-04-16 12:22:35.498396,Everest Bank Limited
2026041601020086,EBL,49,57,26,698.0,18148.0,2026-04-16,186611908,137,Online Securities Pvt. Ltd.,Aryatara Investment & Securities,2026-04-16 12:24:44.705670,Everest Bank Limited
2026041601020087,EBL,38,57,174,697.5,121365.0,2026-04-16,186611909,137,Dipshikha Dhitopatra Karobar Co. Pvt Ltd.,Aryatara Investment & Securities,2026-04-16 12:24:44.705964,Everest Bank Limited
2026041601020784,EBL,14,22,1,698.0,698.0,2026-04-16,186615223,137,Nepal Stock House (PVT) Ltd.,Siprabi Securities Pvt. Ltd.,2026-04-16 12:29:02.789085,Everest Bank Limited
2026041601021102,EBL,35,36,30,699.5,20985.0,2026-04-16,186616430,137,Kohinoor Investment & Securities Pvt. Ltd.,Secured Securities Ltd.,2026-04-16 12:30:57.574982,Everest Bank Limited
2026041601021710,EBL,71,36,20,699.5,13990.0,2026-04-16,186618923,137,SHUBHAKAMANA SECURITIES PVT. LTD,Secured Securities Ltd.,2026-04-16 12:34:30.757066,Everest Bank Limited
2026041601021711,EBL,71,16,40,699.9,27996.0,2026-04-16,186618925,137,SHUBHAKAMANA SECURITIES PVT. LTD,Primo Securities (PVT) Ltd.,2026-04-16 12:34:30.757111,Everest Bank Limited
2026041601021712,EBL,71,25,40,699.9,27996.0,2026-04-16,186618927,137,SHUBHAKAMANA SECURITIES PVT. LTD,Sweta Securities Private Limited,2026-04-16 12:34:30.757140,Everest Bank Limited
2026041601021713,EBL,71,45,280,700.0,196000.0,2026-04-16,186618930,137,SHUBHAKAMANA SECURITIES PVT. LTD,Imperial Securities Company Pvt. Ltd.,2026-04-16 12:34:30.757169,Everest Bank Limited
2026041601021959,EBL,47,41,19,699.9,13298.1,2026-04-16,186620032,137,Neev Securities Pvt. Ltd.,Linch Stock Market Ltd.,2026-04-16 12:36:04.783144,Everest Bank Limited
2026041601022086,EBL,17,41,20,699.9,13998.0,2026-04-16,186620474,137,ABC Securities Private Limited,Linch Stock Market Ltd.,2026-04-16 12:36:49.181320,Everest Bank Limited
2026041601022101,EBL,58,41,40,699.9,27996.0,2026-04-16,186620542,137,Naasa Securities Co. Ltd.,Linch Stock Market Ltd.,2026-04-16 12:36:57.971616,Everest Bank Limited
2026041601022225,EBL,14,58,1,697.5,697.5,2026-04-16,186620993,137,Nepal Stock House (PVT) Ltd.,Naasa Securities Co. Ltd.,2026-04-16 12:37:41.225297,Everest Bank Limited
2026041601022320,EBL,4,18,6,698.0,4188.0,2026-04-16,186621373,137,Opal Securities Investment (PVT) Ltd.,Sagarmatha Securities Private Limited,2026-04-16 12:38:23.740111,Everest Bank Limited
2026041601022789,EBL,58,41,20,699.9,13998.0,2026-04-16,186623296,137,Naasa Securities Co. Ltd.,Linch Stock Market Ltd.,2026-04-16 12:41:35.596804,Everest Bank Limited
2026041601022836,EBL,49,37,78,699.0,54522.0,2026-04-16,186623498,137,Online Securities Pvt. Ltd.,Swarna Laxmi Securities Pvt. Ltd.,2026-04-16 12:41:55.383269,Everest Bank Limited
2026041601022892,EBL,75,37,72,699.0,50328.0,2026-04-16,186623727,137,N.I.M.B. Stock Markets Limited,Swarna Laxmi Securities Pvt. Ltd.,2026-04-16 12:42:22.492382,Everest Bank Limited
2026041601022893,EBL,75,45,186,700.0,130200.0,2026-04-16,186623729,137,N.I.M.B. Stock Markets Limited,Imperial Securities Company Pvt. Ltd.,2026-04-16 12:42:22.492540,Everest Bank Limited
2026041601022894,EBL,75,49,50,700.0,35000.0,2026-04-16,186623731,137,N.I.M.B. Stock Markets Limited,Online Securities Pvt. Ltd.,2026-04-16 12:42:22.492601,Everest Bank Limited
2026041601022895,EBL,75,57,76,700.0,53200.0,2026-04-16,186623733,137,N.I.M.B. Stock Markets Limited,Aryatara Investment & Securities,2026-04-16 12:42:22.492664,Everest Bank Limited
2026041601022896,EBL,75,5,3000,700.0,2100000.0,2026-04-16,186623735,137,N.I.M.B. Stock Markets Limited,Market Securities & Exchange (PVT) Ltd.,2026-04-16 12:42:22.492726,Everest Bank Limited
2026041601022897,EBL,75,44,3000,700.0,2100000.0,2026-04-16,186623737,137,N.I.M.B. Stock Markets Limited,Dynamic Money Managers Securities Pvt. Ltd.,2026-04-16 12:42:22.492786,Everest Bank Limited
2026041601022898,EBL,75,29,10,700.0,7000.0,2026-04-16,186623739,137,N.I.M.B. Stock Markets Limited,Trisul Securities & Invt. Ltd.,2026-04-16 12:42:22.492868,Everest Bank Limited
2026041601022899,EBL,75,53,406,700.0,284200.0,2026-04-16,186623742,137,N.I.M.B. Stock Markets Limited,Investment Management Nepal Pvt. Ltd.,2026-04-16 12:42:22.492928,Everest Bank Limited
2026041601023223,EBL,49,53,35,700.0,24500.0,2026-04-16,186624934,137,Online Securities Pvt. Ltd.,Investment Management Nepal Pvt. Ltd.,2026-04-16 12:43:56.143701,Everest Bank Limited
2026041601023404,EBL,45,53,59,700.0,41300.0,2026-04-16,186625617,137,Imperial Securities Company Pvt. Ltd.,Investment Management Nepal Pvt. Ltd.,2026-04-16 12:44:45.079807,Everest Bank Limited
2026041601023405,EBL,45,35,1,700.0,700.0,2026-04-16,186625619,137,Imperial Securities Company Pvt. Ltd.,Kohinoor Investment & Securities Pvt. Ltd.,2026-04-16 12:44:45.079904,Everest Bank Limited
2026041601023445,EBL,71,52,500,701.0,350500.0,2026-04-16,186625726,137,SHUBHAKAMANA SECURITIES PVT. LTD,Sundhara Securities Limited,2026-04-16 12:44:54.449885,Everest Bank Limited
2026041601024447,EBL,45,44,33,700.9,23129.7,2026-04-16,186629208,137,Imperial Securities Company Pvt. Ltd.,Dynamic Money Managers Securities Pvt. Ltd.,2026-04-16 12:50:14.728437,Everest Bank Limited
2026041601025984,EBL,13,34,180,700.8,126144.0,2026-04-16,186635013,137,Thrive Brokerage House Pvt. Ltd,Vision Securities Pvt. Ltd,2026-04-16 12:59:39.233430,Everest Bank Limited
2026041601025985,EBL,13,44,167,700.9,117050.3,2026-04-16,186635015,137,Thrive Brokerage House Pvt. Ltd,Dynamic Money Managers Securities Pvt. Ltd.,2026-04-16 12:59:39.233765,Everest Bank Limited
2026041601025986,EBL,13,52,153,701.0,107253.0,2026-04-16,186635018,137,Thrive Brokerage House Pvt. Ltd,Sundhara Securities Limited,2026-04-16 12:59:39.233974,Everest Bank Limited
2026041601026196,EBL,13,52,500,701.0,350500.0,2026-04-16,186635966,137,Thrive Brokerage House Pvt. Ltd,Sundhara Securities Limited,2026-04-16 13:00:58.245267,Everest Bank Limited
2026041601026212,EBL,13,52,500,701.0,350500.0,2026-04-16,186636046,137,Thrive Brokerage House Pvt. Ltd,Sundhara Securities Limited,2026-04-16 13:01:07.934910,Everest Bank Limited
2026041601026389,EBL,4,52,1000,701.0,701000.0,2026-04-16,186636752,137,Opal Securities Investment (PVT) Ltd.,Sundhara Securities Limited,2026-04-16 13:02:16.741910,Everest Bank Limited
2026041601027031,EBL,22,52,22,701.0,15422.0,2026-04-16,186639532,137,Siprabi Securities Pvt. Ltd.,Sundhara Securities Limited,2026-04-16 13:06:31.597879,Everest Bank Limited
2026041601027535,EBL,59,45,100,700.0,70000.0,2026-04-16,186642346,137,Deevyaa Securities & Stock House Pvt. Ltd,Imperial Securities Company Pvt. Ltd.,2026-04-16 13:09:28.677804,Everest Bank Limited
2026041601027623,EBL,52,58,69,699.0,48231.0,2026-04-16,186642749,137,Sundhara Securities Limited,Naasa Securities Co. Ltd.,2026-04-16 13:09:46.693213,Everest Bank Limited
2026041601028204,EBL,4,38,169,699.1,118147.9,2026-04-16,186646009,137,Opal Securities Investment (PVT) Ltd.,Dipshikha Dhitopatra Karobar Co. Pvt Ltd.,2026-04-16 13:12:29.494974,Everest Bank Limited
2026041601028758,EBL,54,59,20,700.8,14016.0,2026-04-16,186650072,137,Sewa Securities Pvt. Ltd.,Deevyaa Securities & Stock House Pvt. Ltd,2026-04-16 13:16:03.753574,Everest Bank Limited
2026041601029283,EBL,74,14,200,699.2,139840.0,2026-04-16,186653141,137,KALASH STOCK MARKET PVT. LTD.,Nepal Stock House (PVT) Ltd.,2026-04-16 13:18:21.333398,Everest Bank Limited
2026041601029324,EBL,4,14,275,699.1,192252.5,2026-04-16,186653607,137,Opal Securities Investment (PVT) Ltd.,Nepal Stock House (PVT) Ltd.,2026-04-16 13:18:45.524174,Everest Bank Limited
2026041601029521,EBL,4,29,56,699.1,39149.6,2026-04-16,186655161,137,Opal Securities Investment (PVT) Ltd.,Trisul Securities & Invt. Ltd.,2026-04-16 13:19:50.480838,Everest Bank Limited
2026041601029522,EBL,54,29,10,699.1,6991.0,2026-04-16,186655163,137,Sewa Securities Pvt. Ltd.,Trisul Securities & Invt. Ltd.,2026-04-16 13:19:50.481075,Everest Bank Limited
2026041601029523,EBL,52,29,31,699.0,21669.0,2026-04-16,186655165,137,Sundhara Securities Limited,Trisul Securities & Invt. Ltd.,2026-04-16 13:19:50.481234,Everest Bank Limited
2026041601029524,EBL,34,29,152,699.0,106248.0,2026-04-16,186655166,137,Vision Securities Pvt. Ltd,Trisul Securities & Invt. Ltd.,2026-04-16 13:19:50.481311,Everest Bank Limited
2026041601029639,EBL,34,49,95,699.0,66405.0,2026-04-16,186656061,137,Vision Securities Pvt. Ltd,Online Securities Pvt. Ltd.,2026-04-16 13:20:38.693708,Everest Bank Limited
2026041601030921,EBL,22,41,100,699.1,69910.0,2026-04-16,186663379,137,Siprabi Securities Pvt. Ltd.,Linch Stock Market Ltd.,2026-04-16 13:27:12.876571,Everest Bank Limited
2026041601031222,EBL,34,32,50,699.0,34950.0,2026-04-16,186664899,137,Vision Securities Pvt. Ltd,Premier Securities Company Ltd.,2026-04-16 13:29:20.805019,Everest Bank Limited
2026041601031794,EBL,34,41,100,699.0,69900.0,2026-04-16,186667111,137,Vision Securities Pvt. Ltd,Linch Stock Market Ltd.,2026-04-16 13:31:39.231786,Everest Bank Limited
2026041601033834,EBL,32,16,50,699.8,34990.0,2026-04-16,186678146,137,Premier Securities Company Ltd.,Primo Securities (PVT) Ltd.,2026-04-16 13:41:52.984895,Everest Bank Limited
2026041601033849,EBL,39,16,50,699.8,34990.0,2026-04-16,186678238,137,Sumeru Securities Pvt. Ltd.,Primo Securities (PVT) Ltd.,2026-04-16 13:42:00.326494,Everest Bank Limited
2026041601034530,EBL,57,52,64,699.1,44742.4,2026-04-16,186681831,137,Aryatara Investment & Securities,Sundhara Securities Limited,2026-04-16 13:46:59.157811,Everest Bank Limited
2026041601035375,EBL,45,58,15,699.1,10486.5,2026-04-16,186685902,137,Imperial Securities Company Pvt. Ltd.,Naasa Securities Co. Ltd.,2026-04-16 13:53:13.673006,Everest Bank Limited
2026041601035376,EBL,38,58,30,699.0,20970.0,2026-04-16,186685904,137,Dipshikha Dhitopatra Karobar Co. Pvt Ltd.,Naasa Securities Co. Ltd.,2026-04-16 13:53:13.673168,Everest Bank Limited
2026041601035377,EBL,22,58,10,699.0,6990.0,2026-04-16,186685906,137,Siprabi Securities Pvt. Ltd.,Naasa Securities Co. Ltd.,2026-04-16 13:53:13.673271,Everest Bank Limited
2026041601035378,EBL,29,58,14,699.0,9786.0,2026-04-16,186685908,137,Trisul Securities & Invt. Ltd.,Naasa Securities Co. Ltd.,2026-04-16 13:53:13.673347,Everest Bank Limited
2026041601035379,EBL,59,58,37,699.0,25863.0,2026-04-16,186685909,137,Deevyaa Securities & Stock House Pvt. Ltd,Naasa Securities Co. Ltd.,2026-04-16 13:53:13.673412,Everest Bank Limited
2026041601035409,EBL,59,41,13,699.0,9087.0,2026-04-16,186686128,137,Deevyaa Securities & Stock House Pvt. Ltd,Linch Stock Market Ltd.,2026-04-16 13:53:33.833675,Everest Bank Limited
2026041601035410,EBL,14,41,48,699.0,33552.0,2026-04-16,186686129,137,Nepal Stock House (PVT) Ltd.,Linch Stock Market Ltd.,2026-04-16 13:53:33.834059,Everest Bank Limited
2026041601035843,EBL,17,44,10,699.5,6995.0,2026-04-16,186688066,137,ABC Securities Private Limited,Dynamic Money Managers Securities Pvt. Ltd.,2026-04-16 13:56:50.332139,Everest Bank Limited
2026041601035965,EBL,17,44,96,699.5,67152.0,2026-04-16,186688634,137,ABC Securities Private Limited,Dynamic Money Managers Securities Pvt. Ltd.,2026-04-16 13:58:03.050111,Everest Bank Limited
2026041601036322,EBL,42,59,86,699.4,60148.4,2026-04-16,186690523,137,Sani Securities Company Ltd.,Deevyaa Securities & Stock House Pvt. Ltd,2026-04-16 14:00:51.533538,Everest Bank Limited
2026041601036323,EBL,42,44,14,699.5,9793.0,2026-04-16,186690526,137,Sani Securities Company Ltd.,Dynamic Money Managers Securities Pvt. Ltd.,2026-04-16 14:00:51.533962,Everest Bank Limited
2026041601036378,EBL,74,59,50,699.1,34955.0,2026-04-16,186690789,137,KALASH STOCK MARKET PVT. LTD.,Deevyaa Securities & Stock House Pvt. Ltd,2026-04-16 14:01:17.611413,Everest Bank Limited
2026041601037379,EBL,49,45,6,700.0,4200.0,2026-04-16,186695707,137,Online Securities Pvt. Ltd.,Imperial Securities Company Pvt. Ltd.,2026-04-16 14:07:34.782670,Everest Bank Limited
2026041601037712,EBL,48,44,15,699.5,10492.5,2026-04-16,186697086,137,Trishakti Securities Public Limited,Dynamic Money Managers Securities Pvt. Ltd.,2026-04-16 14:09:43.770551,Everest Bank Limited
2026041601037805,EBL,74,6,10,699.1,6991.0,2026-04-16,186697517,137,KALASH STOCK MARKET PVT. LTD.,Agrawal Securities (PVT) Ltd.,2026-04-16 14:10:23.392814,Everest Bank Limited
2026041601038250,EBL,74,44,65,699.5,45467.5,2026-04-16,186700052,137,KALASH STOCK MARKET PVT. LTD.,Dynamic Money Managers Securities Pvt. Ltd.,2026-04-16 14:13:57.892161,Everest Bank Limited
2026041601038278,EBL,74,16,50,699.8,34990.0,2026-04-16,186700182,137,KALASH STOCK MARKET PVT. LTD.,Primo Securities (PVT) Ltd.,2026-04-16 14:14:16.860166,Everest Bank Limited
2026041601038517,EBL,42,32,20,699.8,13996.0,2026-04-16,186701086,137,Sani Securities Company Ltd.,Premier Securities Company Ltd.,2026-04-16 14:15:44.048812,Everest Bank Limited
2026041601039026,EBL,58,32,11,699.8,7697.8,2026-04-16,186703372,137,Naasa Securities Co. Ltd.,Premier Securities Company Ltd.,2026-04-16 14:19:51.067152,Everest Bank Limited
2026041601039074,EBL,74,58,34,699.1,23769.4,2026-04-16,186703636,137,KALASH STOCK MARKET PVT. LTD.,Naasa Securities Co. Ltd.,2026-04-16 14:20:24.395926,Everest Bank Limited
2026041601039075,EBL,43,58,26,699.1,18176.6,2026-04-16,186703637,137,South Asian Bulls Pvt. Ltd.,Naasa Securities Co. Ltd.,2026-04-16 14:20:24.396032,Everest Bank Limited
2026041601039467,EBL,43,49,10,699.1,6991.0,2026-04-16,186705441,137,South Asian Bulls Pvt. Ltd.,Online Securities Pvt. Ltd.,2026-04-16 14:22:53.475370,Everest Bank Limited
2026041601039545,EBL,43,21,48,699.1,33556.8,2026-04-16,186705769,137,South Asian Bulls Pvt. Ltd.,Midas Stock Broking Company Private Limited,2026-04-16 14:23:30.846325,Everest Bank Limited
2026041601039664,EBL,43,35,16,699.1,11185.6,2026-04-16,186706320,137,South Asian Bulls Pvt. Ltd.,Kohinoor Investment & Securities Pvt. Ltd.,2026-04-16 14:24:32.109406,Everest Bank Limited
2026041601039665,EBL,14,35,34,699.0,23766.0,2026-04-16,186706321,137,Nepal Stock House (PVT) Ltd.,Kohinoor Investment & Securities Pvt. Ltd.,2026-04-16 14:24:32.109830,Everest Bank Limited
2026041601039737,EBL,40,4,91,699.7,63672.7,2026-04-16,186706635,137,Creative Securities Pvt Ltd,Opal Securities Investment (PVT) Ltd.,2026-04-16 14:25:01.610324,Everest Bank Limited
2026041601039738,EBL,40,32,109,699.8,76278.2,2026-04-16,186706638,137,Creative Securities Pvt Ltd,Premier Securities Company Ltd.,2026-04-16 14:25:01.610517,Everest Bank Limited
2026041601040848,EBL,45,32,20,699.8,13996.0,2026-04-16,186710515,137,Imperial Securities Company Pvt. Ltd.,Premier Securities Company Ltd.,2026-04-16 14:28:43.131457,Everest Bank Limited
2026041601040849,EBL,45,39,100,699.9,69990.0,2026-04-16,186710517,137,Imperial Securities Company Pvt. Ltd.,Sumeru Securities Pvt. Ltd.,2026-04-16 14:28:43.131825,Everest Bank Limited
2026041601040850,EBL,45,43,330,700.0,231000.0,2026-04-16,186710519,137,Imperial Securities Company Pvt. Ltd.,South Asian Bulls Pvt. Ltd.,2026-04-16 14:28:43.132082,Everest Bank Limited
2026041601040851,EBL,45,40,261,700.0,182700.0,2026-04-16,186710522,137,Imperial Securities Company Pvt. Ltd.,Creative Securities Pvt Ltd,2026-04-16 14:28:43.132300,Everest Bank Limited
2026041601042048,EBL,34,40,239,700.0,167300.0,2026-04-16,186714103,137,Vision Securities Pvt. Ltd,Creative Securities Pvt Ltd,2026-04-16 14:31:50.245766,Everest Bank Limited
2026041601042049,EBL,34,16,100,700.0,70000.0,2026-04-16,186714105,137,Vision Securities Pvt. Ltd,Primo Securities (PVT) Ltd.,2026-04-16 14:31:50.245806,Everest Bank Limited
2026041601042050,EBL,34,44,600,700.0,420000.0,2026-04-16,186714107,137,Vision Securities Pvt. Ltd,Dynamic Money Managers Securities Pvt. Ltd.,2026-04-16 14:31:50.245841,Everest Bank Limited
2026041601042051,EBL,34,53,61,700.0,42700.0,2026-04-16,186714110,137,Vision Securities Pvt. Ltd,Investment Management Nepal Pvt. Ltd.,2026-04-16 14:31:50.245868,Everest Bank Limited
2026041601043347,EBL,14,53,11,700.0,7700.0,2026-04-16,186720022,137,Nepal Stock House (PVT) Ltd.,Investment Management Nepal Pvt. Ltd.,2026-04-16 14:38:31.433721,Everest Bank Limited
2026041601043348,EBL,4,53,200,700.0,140000.0,2026-04-16,186720028,137,Opal Securities Investment (PVT) Ltd.,Investment Management Nepal Pvt. Ltd.,2026-04-16 14:38:31.603825,Everest Bank Limited
2026041601043385,EBL,14,26,100,699.0,69900.0,2026-04-16,186720163,137,Nepal Stock House (PVT) Ltd.,Asian Securities Private Ltd.,2026-04-16 14:38:46.145619,Everest Bank Limited
2026041601044769,EBL,14,58,18,699.0,12582.0,2026-04-16,186726860,137,Nepal Stock House (PVT) Ltd.,Naasa Securities Co. Ltd.,2026-04-16 14:44:50.920534,Everest Bank Limited
2026041601044770,EBL,4,58,200,699.0,139800.0,2026-04-16,186726862,137,Opal Securities Investment (PVT) Ltd.,Naasa Securities Co. Ltd.,2026-04-16 14:44:50.920906,Everest Bank Limited
2026041601044771,EBL,10,58,25,699.0,17475.0,2026-04-16,186726864,137,Pragyan Securities (PVT) Ltd.,Naasa Securities Co. Ltd.,2026-04-16 14:44:50.921175,Everest Bank Limited
2026041601044901,EBL,74,53,28,700.0,19600.0,2026-04-16,186727653,137,KALASH STOCK MARKET PVT. LTD.,Investment Management Nepal Pvt. Ltd.,2026-04-16 14:45:30.953432,Everest Bank Limited
2026041601044902,EBL,74,49,100,700.0,70000.0,2026-04-16,186727655,137,KALASH STOCK MARKET PVT. LTD.,Online Securities Pvt. Ltd.,2026-04-16 14:45:30.953758,Everest Bank Limited
2026041601044903,EBL,74,13,101,700.0,70700.0,2026-04-16,186727657,137,KALASH STOCK MARKET PVT. LTD.,Thrive Brokerage House Pvt. Ltd,2026-04-16 14:45:30.953983,Everest Bank Limited
2026041601044904,EBL,74,43,50,700.0,35000.0,2026-04-16,186727660,137,KALASH STOCK MARKET PVT. LTD.,South Asian Bulls Pvt. Ltd.,2026-04-16 14:45:30.954225,Everest Bank Limited
2026041601045466,EBL,19,35,16,699.0,11184.0,2026-04-16,186730930,137,Nepal Investment And Securities Trading Private Limited,Kohinoor Investment & Securities Pvt. Ltd.,2026-04-16 14:48:25.957814,Everest Bank Limited
2026041601045467,EBL,42,35,35,699.0,24465.0,2026-04-16,186730932,137,Sani Securities Company Ltd.,Kohinoor Investment & Securities Pvt. Ltd.,2026-04-16 14:48:25.958233,Everest Bank Limited
2026041601045468,EBL,54,35,20,699.0,13980.0,2026-04-16,186730934,137,Sewa Securities Pvt. Ltd.,Kohinoor Investment & Securities Pvt. Ltd.,2026-04-16 14:48:25.958474,Everest Bank Limited
2026041601045469,EBL,4,35,69,699.0,48231.0,2026-04-16,186730935,137,Opal Securities Investment (PVT) Ltd.,Kohinoor Investment & Securities Pvt. Ltd.,2026-04-16 14:48:25.958714,Everest Bank Limited
2026041601045921,EBL,4,11,31,699.0,21669.0,2026-04-16,186733280,137,Opal Securities Investment (PVT) Ltd.,Malla & Malla Stock Broking Company Pvt. Limited,2026-04-16 14:50:17.253550,Everest Bank Limited
2026041601045922,EBL,25,11,169,699.0,118131.0,2026-04-16,186733281,137,Sweta Securities Private Limited,Malla & Malla Stock Broking Company Pvt. Limited,2026-04-16 14:50:17.253765,Everest Bank Limited
2026041601046484,EBL,25,44,31,699.0,21669.0,2026-04-16,186736288,137,Sweta Securities Private Limited,Dynamic Money Managers Securities Pvt. Ltd.,2026-04-16 14:52:43.744351,Everest Bank Limited
2026041601046485,EBL,90,44,69,699.0,48231.0,2026-04-16,186736289,137,Sajilo Broker Limited,Dynamic Money Managers Securities Pvt. Ltd.,2026-04-16 14:52:43.744544,Everest Bank Limited
2026041601046544,EBL,75,49,18,700.0,12600.0,2026-04-16,186736441,137,N.I.M.B. Stock Markets Limited,Online Securities Pvt. Ltd.,2026-04-16 14:52:47.443827,Everest Bank Limited
2026041601046545,EBL,75,14,30,700.0,21000.0,2026-04-16,186736443,137,N.I.M.B. Stock Markets Limited,Nepal Stock House (PVT) Ltd.,2026-04-16 14:52:47.444194,Everest Bank Limited
2026041601046546,EBL,75,52,325,701.0,227825.0,2026-04-16,186736445,137,N.I.M.B. Stock Markets Limited,Sundhara Securities Limited,2026-04-16 14:52:47.444463,Everest Bank Limited
2026041601046547,EBL,75,58,126,701.0,88326.0,2026-04-16,186736447,137,N.I.M.B. Stock Markets Limited,Naasa Securities Co. Ltd.,2026-04-16 14:52:47.444695,Everest Bank Limited
2026041601046548,EBL,75,66,10,701.0,7010.0,2026-04-16,186736449,137,N.I.M.B. Stock Markets Limited,Miyo Securities Pvt Ltd,2026-04-16 14:52:47.444928,Everest Bank Limited
2026041601046549,EBL,75,58,480,701.0,336480.0,2026-04-16,186736451,137,N.I.M.B. Stock Markets Limited,Naasa Securities Co. Ltd.,2026-04-16 14:52:47.445170,Everest Bank Limited
2026041601046550,EBL,75,52,5711,701.6,4006837.6,2026-04-16,186736454,137,N.I.M.B. Stock Markets Limited,Sundhara Securities Limited,2026-04-16 14:52:47.445415,Everest Bank Limited
2026041601047926,EBL,35,41,100,701.0,70100.0,2026-04-16,186742345,137,Kohinoor Investment & Securities Pvt. Ltd.,Linch Stock Market Ltd.,2026-04-16 14:56:07.709458,Everest Bank Limited
2026041601048102,EBL,7,58,14,701.5,9821.0,2026-04-16,186743330,137,J.F. Securites (PVT) Ltd.,Naasa Securities Co. Ltd.,2026-04-16 14:56:46.186556,Everest Bank Limited
2026041601048197,EBL,28,48,99,700.0,69300.0,2026-04-16,186743914,137,Shree Krishna Securities Ltd.,Trishakti Securities Public Limited,2026-04-16 14:57:04.600533,Everest Bank Limited
2026041601048198,EBL,42,48,100,700.0,70000.0,2026-04-16,186743916,137,Sani Securities Company Ltd.,Trishakti Securities Public Limited,2026-04-16 14:57:04.600733,Everest Bank Limited
2026041601048199,EBL,90,48,31,699.0,21669.0,2026-04-16,186743918,137,Sajilo Broker Limited,Trishakti Securities Public Limited,2026-04-16 14:57:04.600815,Everest Bank Limited
2026041601048200,EBL,7,48,70,699.0,48930.0,2026-04-16,186743919,137,J.F. Securites (PVT) Ltd.,Trishakti Securities Public Limited,2026-04-16 14:57:04.600892,Everest Bank Limited
2026041601048460,EBL,16,89,10,701.0,7010.0,2026-04-16,186745591,137,Primo Securities (PVT) Ltd.,Global IME Securities Limited,2026-04-16 14:57:51.339732,Everest Bank Limited
2026041601048696,EBL,16,58,10,701.0,7010.0,2026-04-16,186747084,137,Primo Securities (PVT) Ltd.,Naasa Securities Co. Ltd.,2026-04-16 14:58:21.657807,Everest Bank Limited
2026041601049752,EBL,71,48,200,701.0,140200.0,2026-04-16,186752532,137,SHUBHAKAMANA SECURITIES PVT. LTD,Trishakti Securities Public Limited,2026-04-16 14:59:45.563923,Everest Bank Limited
2026041601050005,EBL,7,44,10,699.0,6990.0,2026-04-16,186753813,137,J.F. Securites (PVT) Ltd.,Dynamic Money Managers Securities Pvt. Ltd.,2026-04-16 14:59:56.322376,Everest Bank Limited
2026041601050006,EBL,71,44,300,699.0,209700.0,2026-04-16,186753815,137,SHUBHAKAMANA SECURITIES PVT. LTD,Dynamic Money Managers Securities Pvt. Ltd.,2026-04-16 14:59:56.322550,Everest Bank Limited
2026041601050017,EBL,42,44,20,699.0,13980.0,2026-04-16,186754014,137,Sani Securities Company Ltd.,Dynamic Money Managers Securities Pvt. Ltd.,2026-04-16 14:59:56.931658,Everest Bank Limited
