contractId,stockSymbol,buyerMemberId,sellerMemberId,quantity,rate,amount,businessDate,tradeBookId,stockId,buyerBrokerName,sellerBrokerName,transaction_time,securityName
2026041603000031,GRDBL,32,87,10,1050.7,10507.0,2026-04-16,186532811,2744,Premier Securities Company Ltd.,S.P.S.A. Securities Limited,2026-04-16 11:01:37.510562,Green Development Bank Ltd.
2026041603000433,GRDBL,87,35,10,1067.0,10670.0,2026-04-16,186552398,2744,S.P.S.A. Securities Limited,Kohinoor Investment & Securities Pvt. Ltd.,2026-04-16 11:18:32.310181,Green Development Bank Ltd.
2026041603000455,GRDBL,34,38,50,1059.2,52960.0,2026-04-16,186553589,2744,Vision Securities Pvt. Ltd,Dipshikha Dhitopatra Karobar Co. Pvt Ltd.,2026-04-16 11:19:55.100282,Green Development Bank Ltd.
2026041603000481,GRDBL,87,25,10,1068.0,10680.0,2026-04-16,186553862,2744,S.P.S.A. Securities Limited,Sweta Securities Private Limited,2026-04-16 11:20:12.988158,Green Development Bank Ltd.
2026041603000596,GRDBL,20,58,132,1065.0,140580.0,2026-04-16,186557946,2744,Sipla Securities Private Limited,Naasa Securities Co. Ltd.,2026-04-16 11:24:36.689535,Green Development Bank Ltd.
2026041603000613,GRDBL,87,25,10,1068.0,10680.0,2026-04-16,186559064,2744,S.P.S.A. Securities Limited,Sweta Securities Private Limited,2026-04-16 11:25:39.315082,Green Development Bank Ltd.
2026041603000822,GRDBL,58,49,100,1060.2,106020.0,2026-04-16,186564710,2744,Naasa Securities Co. Ltd.,Online Securities Pvt. Ltd.,2026-04-16 11:31:27.378734,Green Development Bank Ltd.
2026041603000823,GRDBL,34,49,75,1060.1,79507.5,2026-04-16,186564711,2744,Vision Securities Pvt. Ltd,Online Securities Pvt. Ltd.,2026-04-16 11:31:27.378850,Green Development Bank Ltd.
2026041603000851,GRDBL,87,25,10,1068.0,10680.0,2026-04-16,186565676,2744,S.P.S.A. Securities Limited,Sweta Securities Private Limited,2026-04-16 11:32:10.824120,Green Development Bank Ltd.
2026041603000882,GRDBL,34,13,25,1060.1,26502.5,2026-04-16,186566386,2744,Vision Securities Pvt. Ltd,Thrive Brokerage House Pvt. Ltd,2026-04-16 11:32:55.833556,Green Development Bank Ltd.
2026041603000883,GRDBL,42,13,166,1060.0,175960.0,2026-04-16,186566388,2744,Sani Securities Company Ltd.,Thrive Brokerage House Pvt. Ltd,2026-04-16 11:32:55.833613,Green Development Bank Ltd.
2026041603000884,GRDBL,34,13,100,1060.0,106000.0,2026-04-16,186566390,2744,Vision Securities Pvt. Ltd,Thrive Brokerage House Pvt. Ltd,2026-04-16 11:32:55.833644,Green Development Bank Ltd.
2026041603000885,GRDBL,34,13,100,1059.0,105900.0,2026-04-16,186566392,2744,Vision Securities Pvt. Ltd,Thrive Brokerage House Pvt. Ltd,2026-04-16 11:32:55.833673,Green Development Bank Ltd.
2026041603000886,GRDBL,22,13,309,1057.3,326705.7,2026-04-16,186566393,2744,Siprabi Securities Pvt. Ltd.,Thrive Brokerage House Pvt. Ltd,2026-04-16 11:32:55.833694,Green Development Bank Ltd.
2026041603000946,GRDBL,87,52,10,1067.0,10670.0,2026-04-16,186568462,2744,S.P.S.A. Securities Limited,Sundhara Securities Limited,2026-04-16 11:34:24.074644,Green Development Bank Ltd.
2026041603000978,GRDBL,22,58,10,1057.3,10573.0,2026-04-16,186569911,2744,Siprabi Securities Pvt. Ltd.,Naasa Securities Co. Ltd.,2026-04-16 11:35:49.539574,Green Development Bank Ltd.
2026041603001005,GRDBL,87,58,10,1066.5,10665.0,2026-04-16,186570700,2744,S.P.S.A. Securities Limited,Naasa Securities Co. Ltd.,2026-04-16 11:36:31.098250,Green Development Bank Ltd.
2026041603001067,GRDBL,22,58,10,1057.3,10573.0,2026-04-16,186572895,2744,Siprabi Securities Pvt. Ltd.,Naasa Securities Co. Ltd.,2026-04-16 11:38:44.528254,Green Development Bank Ltd.
2026041603001127,GRDBL,87,52,10,1067.0,10670.0,2026-04-16,186574366,2744,S.P.S.A. Securities Limited,Sundhara Securities Limited,2026-04-16 11:40:17.459295,Green Development Bank Ltd.
2026041603001676,GRDBL,33,52,88,1067.0,93896.0,2026-04-16,186587741,2744,Dakshinkali Investment & Securities Pvt. Ltd.,Sundhara Securities Limited,2026-04-16 11:53:47.999907,Green Development Bank Ltd.
2026041603001677,GRDBL,33,45,17,1067.0,18139.0,2026-04-16,186587744,2744,Dakshinkali Investment & Securities Pvt. Ltd.,Imperial Securities Company Pvt. Ltd.,2026-04-16 11:53:48.000018,Green Development Bank Ltd.
2026041603001694,GRDBL,87,25,10,1068.0,10680.0,2026-04-16,186587978,2744,S.P.S.A. Securities Limited,Sweta Securities Private Limited,2026-04-16 11:54:07.936963,Green Development Bank Ltd.
2026041603001838,GRDBL,89,71,470,1060.0,498200.0,2026-04-16,186592464,2744,Global IME Securities Limited,SHUBHAKAMANA SECURITIES PVT. LTD,2026-04-16 11:59:17.962746,Green Development Bank Ltd.
2026041603001851,GRDBL,34,71,30,1060.0,31800.0,2026-04-16,186592807,2744,Vision Securities Pvt. Ltd,SHUBHAKAMANA SECURITIES PVT. LTD,2026-04-16 11:59:32.422005,Green Development Bank Ltd.
2026041603001872,GRDBL,87,25,10,1068.0,10680.0,2026-04-16,186593170,2744,S.P.S.A. Securities Limited,Sweta Securities Private Limited,2026-04-16 12:00:00.482636,Green Development Bank Ltd.
2026041603001895,GRDBL,34,4,20,1060.0,21200.0,2026-04-16,186593858,2744,Vision Securities Pvt. Ltd,Opal Securities Investment (PVT) Ltd.,2026-04-16 12:00:57.529720,Green Development Bank Ltd.
2026041603001937,GRDBL,34,4,30,1060.0,31800.0,2026-04-16,186594652,2744,Vision Securities Pvt. Ltd,Opal Securities Investment (PVT) Ltd.,2026-04-16 12:02:00.494619,Green Development Bank Ltd.
2026041603001938,GRDBL,87,25,10,1068.0,10680.0,2026-04-16,186594786,2744,S.P.S.A. Securities Limited,Sweta Securities Private Limited,2026-04-16 12:02:09.358967,Green Development Bank Ltd.
2026041603002034,GRDBL,61,25,20,1068.0,21360.0,2026-04-16,186596433,2744,BHOLE GANESH SECURITIES LTD,Sweta Securities Private Limited,2026-04-16 12:04:31.947120,Green Development Bank Ltd.
2026041603002035,GRDBL,61,40,200,1068.0,213600.0,2026-04-16,186596435,2744,BHOLE GANESH SECURITIES LTD,Creative Securities Pvt Ltd,2026-04-16 12:04:31.947236,Green Development Bank Ltd.
2026041603002036,GRDBL,61,50,250,1069.8,267450.0,2026-04-16,186596437,2744,BHOLE GANESH SECURITIES LTD,Cristal Kanchanjanga Securites Pvt. Ltd.,2026-04-16 12:04:31.947285,Green Development Bank Ltd.
2026041603002045,GRDBL,61,34,30,1069.8,32094.0,2026-04-16,186596675,2744,BHOLE GANESH SECURITIES LTD,Vision Securities Pvt. Ltd,2026-04-16 12:04:50.674851,Green Development Bank Ltd.
2026041603002983,GRDBL,16,34,10,1059.1,10591.0,2026-04-16,186619107,2744,Primo Securities (PVT) Ltd.,Vision Securities Pvt. Ltd,2026-04-16 12:34:46.285696,Green Development Bank Ltd.
2026041603002997,GRDBL,87,25,10,1068.0,10680.0,2026-04-16,186619778,2744,S.P.S.A. Securities Limited,Sweta Securities Private Limited,2026-04-16 12:35:39.184509,Green Development Bank Ltd.
2026041603003004,GRDBL,16,60,139,1059.1,147214.9,2026-04-16,186619838,2744,Primo Securities (PVT) Ltd.,Nagarik Stock Dealer ,2026-04-16 12:35:45.511546,Green Development Bank Ltd.
2026041603003005,GRDBL,22,60,36,1057.8,38080.8,2026-04-16,186619840,2744,Siprabi Securities Pvt. Ltd.,Nagarik Stock Dealer ,2026-04-16 12:35:45.511668,Green Development Bank Ltd.
2026041603003006,GRDBL,62,60,100,1056.0,105600.0,2026-04-16,186619842,2744,Capital Max Securities Ltd,Nagarik Stock Dealer ,2026-04-16 12:35:45.511751,Green Development Bank Ltd.
2026041603003007,GRDBL,34,60,100,1055.1,105510.0,2026-04-16,186619844,2744,Vision Securities Pvt. Ltd,Nagarik Stock Dealer ,2026-04-16 12:35:45.511827,Green Development Bank Ltd.
2026041603003008,GRDBL,42,60,140,1055.0,147700.0,2026-04-16,186619846,2744,Sani Securities Company Ltd.,Nagarik Stock Dealer ,2026-04-16 12:35:45.511902,Green Development Bank Ltd.
2026041603003009,GRDBL,87,60,83,1055.0,87565.0,2026-04-16,186619847,2744,S.P.S.A. Securities Limited,Nagarik Stock Dealer ,2026-04-16 12:35:45.511973,Green Development Bank Ltd.
2026041603003036,GRDBL,87,25,10,1068.0,10680.0,2026-04-16,186620286,2744,S.P.S.A. Securities Limited,Sweta Securities Private Limited,2026-04-16 12:36:28.470659,Green Development Bank Ltd.
2026041603003216,GRDBL,62,34,1,1050.0,1050.0,2026-04-16,186625071,2744,Capital Max Securities Ltd,Vision Securities Pvt. Ltd,2026-04-16 12:44:02.874406,Green Development Bank Ltd.
2026041603003230,GRDBL,62,43,1,1055.0,1055.0,2026-04-16,186625313,2744,Capital Max Securities Ltd,South Asian Bulls Pvt. Ltd.,2026-04-16 12:44:21.121902,Green Development Bank Ltd.
2026041603003241,GRDBL,62,57,1,1056.0,1056.0,2026-04-16,186625539,2744,Capital Max Securities Ltd,Aryatara Investment & Securities,2026-04-16 12:44:37.120723,Green Development Bank Ltd.
2026041603003355,GRDBL,33,72,10,1056.0,10560.0,2026-04-16,186629031,2744,Dakshinkali Investment & Securities Pvt. Ltd.,Hatemalo Financial Services Private Limited,2026-04-16 12:49:59.323946,Green Development Bank Ltd.
2026041603003364,GRDBL,87,32,10,1067.5,10675.0,2026-04-16,186629366,2744,S.P.S.A. Securities Limited,Premier Securities Company Ltd.,2026-04-16 12:50:25.085409,Green Development Bank Ltd.
2026041603003477,GRDBL,88,14,10,1067.8,10678.0,2026-04-16,186633084,2744,Blue Chip Securities Ltd,Nepal Stock House (PVT) Ltd.,2026-04-16 12:55:52.016504,Green Development Bank Ltd.
2026041603003601,GRDBL,88,14,10,1067.8,10678.0,2026-04-16,186635698,2744,Blue Chip Securities Ltd,Nepal Stock House (PVT) Ltd.,2026-04-16 13:00:33.245896,Green Development Bank Ltd.
2026041603003628,GRDBL,88,14,10,1067.8,10678.0,2026-04-16,186636846,2744,Blue Chip Securities Ltd,Nepal Stock House (PVT) Ltd.,2026-04-16 13:02:24.834787,Green Development Bank Ltd.
2026041603003797,GRDBL,26,17,100,1057.0,105700.0,2026-04-16,186641020,2744,Asian Securities Private Ltd.,ABC Securities Private Limited,2026-04-16 13:07:58.611537,Green Development Bank Ltd.
2026041603003798,GRDBL,89,17,40,1057.0,42280.0,2026-04-16,186641022,2744,Global IME Securities Limited,ABC Securities Private Limited,2026-04-16 13:07:58.611794,Green Development Bank Ltd.
2026041603003799,GRDBL,89,17,20,1057.0,21140.0,2026-04-16,186641023,2744,Global IME Securities Limited,ABC Securities Private Limited,2026-04-16 13:07:58.611920,Green Development Bank Ltd.
2026041603003814,GRDBL,33,17,290,1056.0,306240.0,2026-04-16,186641315,2744,Dakshinkali Investment & Securities Pvt. Ltd.,ABC Securities Private Limited,2026-04-16 13:08:23.204133,Green Development Bank Ltd.
2026041603003833,GRDBL,87,14,10,1067.8,10678.0,2026-04-16,186641718,2744,S.P.S.A. Securities Limited,Nepal Stock House (PVT) Ltd.,2026-04-16 13:08:52.343605,Green Development Bank Ltd.
2026041603003843,GRDBL,62,17,100,1055.0,105500.0,2026-04-16,186641985,2744,Capital Max Securities Ltd,ABC Securities Private Limited,2026-04-16 13:09:12.276856,Green Development Bank Ltd.
2026041603003851,GRDBL,34,17,100,1054.2,105420.0,2026-04-16,186642233,2744,Vision Securities Pvt. Ltd,ABC Securities Private Limited,2026-04-16 13:09:24.105011,Green Development Bank Ltd.
2026041603003881,GRDBL,41,17,10,1054.1,10541.0,2026-04-16,186642790,2744,Linch Stock Market Ltd.,ABC Securities Private Limited,2026-04-16 13:09:49.163598,Green Development Bank Ltd.
2026041603003882,GRDBL,42,17,200,1054.0,210800.0,2026-04-16,186642792,2744,Sani Securities Company Ltd.,ABC Securities Private Limited,2026-04-16 13:09:49.163753,Green Development Bank Ltd.
2026041603003883,GRDBL,58,17,51,1054.0,53754.0,2026-04-16,186642793,2744,Naasa Securities Co. Ltd.,ABC Securities Private Limited,2026-04-16 13:09:49.163801,Green Development Bank Ltd.
2026041603003901,GRDBL,58,17,10,1054.0,10540.0,2026-04-16,186643037,2744,Naasa Securities Co. Ltd.,ABC Securities Private Limited,2026-04-16 13:10:02.488686,Green Development Bank Ltd.
2026041603003966,GRDBL,87,14,10,1067.8,10678.0,2026-04-16,186644308,2744,S.P.S.A. Securities Limited,Nepal Stock House (PVT) Ltd.,2026-04-16 13:11:09.045877,Green Development Bank Ltd.
2026041603003971,GRDBL,58,17,139,1054.0,146506.0,2026-04-16,186644413,2744,Naasa Securities Co. Ltd.,ABC Securities Private Limited,2026-04-16 13:11:16.639020,Green Development Bank Ltd.
2026041603003980,GRDBL,64,17,50,1053.0,52650.0,2026-04-16,186645033,2744,SUN SECURITIES PVT LTD,ABC Securities Private Limited,2026-04-16 13:11:37.958969,Green Development Bank Ltd.
2026041603004029,GRDBL,45,17,10,1054.0,10540.0,2026-04-16,186646226,2744,Imperial Securities Company Pvt. Ltd.,ABC Securities Private Limited,2026-04-16 13:12:42.499313,Green Development Bank Ltd.
2026041603004035,GRDBL,52,17,100,1052.0,105200.0,2026-04-16,186646326,2744,Sundhara Securities Limited,ABC Securities Private Limited,2026-04-16 13:12:50.040151,Green Development Bank Ltd.
2026041603004036,GRDBL,32,17,10,1051.1,10511.0,2026-04-16,186646328,2744,Premier Securities Company Ltd.,ABC Securities Private Limited,2026-04-16 13:12:50.040385,Green Development Bank Ltd.
2026041603004037,GRDBL,32,17,10,1050.9,10509.0,2026-04-16,186646330,2744,Premier Securities Company Ltd.,ABC Securities Private Limited,2026-04-16 13:12:50.040517,Green Development Bank Ltd.
2026041603004038,GRDBL,50,17,380,1050.8,399304.0,2026-04-16,186646331,2744,Cristal Kanchanjanga Securites Pvt. Ltd.,ABC Securities Private Limited,2026-04-16 13:12:50.040645,Green Development Bank Ltd.
2026041603004063,GRDBL,62,58,10,1051.0,10510.0,2026-04-16,186646515,2744,Capital Max Securities Ltd,Naasa Securities Co. Ltd.,2026-04-16 13:13:00.961297,Green Development Bank Ltd.
2026041603004102,GRDBL,45,17,10,1051.1,10511.0,2026-04-16,186647142,2744,Imperial Securities Company Pvt. Ltd.,ABC Securities Private Limited,2026-04-16 13:13:34.342065,Green Development Bank Ltd.
2026041603004109,GRDBL,62,17,10,1051.0,10510.0,2026-04-16,186647287,2744,Capital Max Securities Ltd,ABC Securities Private Limited,2026-04-16 13:13:42.367214,Green Development Bank Ltd.
2026041603004253,GRDBL,45,14,10,1051.1,10511.0,2026-04-16,186651010,2744,Imperial Securities Company Pvt. Ltd.,Nepal Stock House (PVT) Ltd.,2026-04-16 13:16:48.565986,Green Development Bank Ltd.
2026041603004254,GRDBL,62,14,117,1051.0,122967.0,2026-04-16,186651012,2744,Capital Max Securities Ltd,Nepal Stock House (PVT) Ltd.,2026-04-16 13:16:48.566218,Green Development Bank Ltd.
2026041603004255,GRDBL,62,14,50,1051.0,52550.0,2026-04-16,186651014,2744,Capital Max Securities Ltd,Nepal Stock House (PVT) Ltd.,2026-04-16 13:16:48.566348,Green Development Bank Ltd.
2026041603004256,GRDBL,18,14,200,1050.5,210100.0,2026-04-16,186651016,2744,Sagarmatha Securities Private Limited,Nepal Stock House (PVT) Ltd.,2026-04-16 13:16:48.566481,Green Development Bank Ltd.
2026041603004257,GRDBL,50,14,120,1050.1,126012.0,2026-04-16,186651018,2744,Cristal Kanchanjanga Securites Pvt. Ltd.,Nepal Stock House (PVT) Ltd.,2026-04-16 13:16:48.566635,Green Development Bank Ltd.
2026041603004258,GRDBL,91,14,103,1050.0,108150.0,2026-04-16,186651019,2744,Citizens Share Broker Limited,Nepal Stock House (PVT) Ltd.,2026-04-16 13:16:48.566761,Green Development Bank Ltd.
2026041603004317,GRDBL,45,14,10,1050.1,10501.0,2026-04-16,186651682,2744,Imperial Securities Company Pvt. Ltd.,Nepal Stock House (PVT) Ltd.,2026-04-16 13:17:24.467114,Green Development Bank Ltd.
2026041603004318,GRDBL,91,14,197,1050.0,206850.0,2026-04-16,186651684,2744,Citizens Share Broker Limited,Nepal Stock House (PVT) Ltd.,2026-04-16 13:17:24.467297,Green Development Bank Ltd.
2026041603004319,GRDBL,58,14,10,1050.0,10500.0,2026-04-16,186651686,2744,Naasa Securities Co. Ltd.,Nepal Stock House (PVT) Ltd.,2026-04-16 13:17:24.467423,Green Development Bank Ltd.
2026041603004320,GRDBL,58,14,283,1050.0,297150.0,2026-04-16,186651687,2744,Naasa Securities Co. Ltd.,Nepal Stock House (PVT) Ltd.,2026-04-16 13:17:24.467546,Green Development Bank Ltd.
2026041603004858,GRDBL,45,14,10,1050.1,10501.0,2026-04-16,186659812,2744,Imperial Securities Company Pvt. Ltd.,Nepal Stock House (PVT) Ltd.,2026-04-16 13:23:44.029327,Green Development Bank Ltd.
2026041603004859,GRDBL,58,14,17,1050.0,17850.0,2026-04-16,186659814,2744,Naasa Securities Co. Ltd.,Nepal Stock House (PVT) Ltd.,2026-04-16 13:23:44.029452,Green Development Bank Ltd.
2026041603004860,GRDBL,32,14,213,1049.1,223458.3,2026-04-16,186659815,2744,Premier Securities Company Ltd.,Nepal Stock House (PVT) Ltd.,2026-04-16 13:23:44.029508,Green Development Bank Ltd.
2026041603004874,GRDBL,32,14,27,1049.1,28325.7,2026-04-16,186660113,2744,Premier Securities Company Ltd.,Nepal Stock House (PVT) Ltd.,2026-04-16 13:24:02.397405,Green Development Bank Ltd.
2026041603004887,GRDBL,16,14,50,1049.0,52450.0,2026-04-16,186660501,2744,Primo Securities (PVT) Ltd.,Nepal Stock House (PVT) Ltd.,2026-04-16 13:24:25.598751,Green Development Bank Ltd.
2026041603005062,GRDBL,87,17,10,1054.0,10540.0,2026-04-16,186664146,2744,S.P.S.A. Securities Limited,ABC Securities Private Limited,2026-04-16 13:28:22.650275,Green Development Bank Ltd.
2026041603005109,GRDBL,38,14,100,1049.0,104900.0,2026-04-16,186664891,2744,Dipshikha Dhitopatra Karobar Co. Pvt Ltd.,Nepal Stock House (PVT) Ltd.,2026-04-16 13:29:20.067312,Green Development Bank Ltd.
2026041603005141,GRDBL,41,14,76,1048.0,79648.0,2026-04-16,186665219,2744,Linch Stock Market Ltd.,Nepal Stock House (PVT) Ltd.,2026-04-16 13:29:38.823196,Green Development Bank Ltd.
2026041603005280,GRDBL,52,14,100,1049.0,104900.0,2026-04-16,186668105,2744,Sundhara Securities Limited,Nepal Stock House (PVT) Ltd.,2026-04-16 13:32:32.368257,Green Development Bank Ltd.
2026041603005546,GRDBL,49,34,80,1049.2,83936.0,2026-04-16,186674149,2744,Online Securities Pvt. Ltd.,Vision Securities Pvt. Ltd,2026-04-16 13:38:03.395594,Green Development Bank Ltd.
2026041603005774,GRDBL,87,13,10,1053.6,10536.0,2026-04-16,186679556,2744,S.P.S.A. Securities Limited,Thrive Brokerage House Pvt. Ltd,2026-04-16 13:43:39.024173,Green Development Bank Ltd.
2026041603005795,GRDBL,47,22,20,1049.3,20986.0,2026-04-16,186680121,2744,Neev Securities Pvt. Ltd.,Siprabi Securities Pvt. Ltd.,2026-04-16 13:44:30.871524,Green Development Bank Ltd.
2026041603005909,GRDBL,87,17,10,1054.0,10540.0,2026-04-16,186681414,2744,S.P.S.A. Securities Limited,ABC Securities Private Limited,2026-04-16 13:46:20.107648,Green Development Bank Ltd.
2026041603006060,GRDBL,33,17,100,1054.0,105400.0,2026-04-16,186684804,2744,Dakshinkali Investment & Securities Pvt. Ltd.,ABC Securities Private Limited,2026-04-16 13:51:19.414191,Green Development Bank Ltd.
2026041603006186,GRDBL,87,13,10,1059.6,10596.0,2026-04-16,186688292,2744,S.P.S.A. Securities Limited,Thrive Brokerage House Pvt. Ltd,2026-04-16 13:57:18.584194,Green Development Bank Ltd.
2026041603006219,GRDBL,49,91,50,1059.8,52990.0,2026-04-16,186688737,2744,Online Securities Pvt. Ltd.,Citizens Share Broker Limited,2026-04-16 13:58:18.572722,Green Development Bank Ltd.
2026041603006220,GRDBL,49,50,250,1059.9,264975.0,2026-04-16,186688740,2744,Online Securities Pvt. Ltd.,Cristal Kanchanjanga Securites Pvt. Ltd.,2026-04-16 13:58:18.572957,Green Development Bank Ltd.
2026041603006252,GRDBL,32,45,20,1052.0,21040.0,2026-04-16,186689204,2744,Premier Securities Company Ltd.,Imperial Securities Company Pvt. Ltd.,2026-04-16 13:59:00.641491,Green Development Bank Ltd.
2026041603006269,GRDBL,87,45,21,1052.0,22092.0,2026-04-16,186689636,2744,S.P.S.A. Securities Limited,Imperial Securities Company Pvt. Ltd.,2026-04-16 13:59:39.714911,Green Development Bank Ltd.
2026041603006270,GRDBL,87,13,10,1064.6,10646.0,2026-04-16,186689660,2744,S.P.S.A. Securities Limited,Thrive Brokerage House Pvt. Ltd,2026-04-16 13:59:42.500656,Green Development Bank Ltd.
2026041603006271,GRDBL,4,91,30,1065.0,31950.0,2026-04-16,186689662,2744,Opal Securities Investment (PVT) Ltd.,Citizens Share Broker Limited,2026-04-16 13:59:42.672443,Green Development Bank Ltd.
2026041603006325,GRDBL,49,25,1,1050.0,1050.0,2026-04-16,186690565,2744,Online Securities Pvt. Ltd.,Sweta Securities Private Limited,2026-04-16 14:00:53.901603,Green Development Bank Ltd.
2026041603007008,GRDBL,4,58,100,1052.0,105200.0,2026-04-16,186705543,2744,Opal Securities Investment (PVT) Ltd.,Naasa Securities Co. Ltd.,2026-04-16 14:23:03.078368,Green Development Bank Ltd.
2026041603007042,GRDBL,87,22,11,1062.7,11689.7,2026-04-16,186705942,2744,S.P.S.A. Securities Limited,Siprabi Securities Pvt. Ltd.,2026-04-16 14:23:48.502250,Green Development Bank Ltd.
2026041603007044,GRDBL,87,13,11,1062.9,11691.9,2026-04-16,186705970,2744,S.P.S.A. Securities Limited,Thrive Brokerage House Pvt. Ltd,2026-04-16 14:23:51.731935,Green Development Bank Ltd.
2026041603007122,GRDBL,87,59,10,1063.0,10630.0,2026-04-16,186707784,2744,S.P.S.A. Securities Limited,Deevyaa Securities & Stock House Pvt. Ltd,2026-04-16 14:26:30.414448,Green Development Bank Ltd.
2026041603007445,GRDBL,49,45,9,1052.0,9468.0,2026-04-16,186718133,2744,Online Securities Pvt. Ltd.,Imperial Securities Company Pvt. Ltd.,2026-04-16 14:36:23.502345,Green Development Bank Ltd.
2026041603007679,GRDBL,26,13,10,1058.9,10589.0,2026-04-16,186724662,2744,Asian Securities Private Ltd.,Thrive Brokerage House Pvt. Ltd,2026-04-16 14:43:05.546331,Green Development Bank Ltd.
2026041603007746,GRDBL,87,42,10,1059.0,10590.0,2026-04-16,186726174,2744,S.P.S.A. Securities Limited,Sani Securities Company Ltd.,2026-04-16 14:44:23.483666,Green Development Bank Ltd.
2026041603007769,GRDBL,26,59,100,1056.0,105600.0,2026-04-16,186727062,2744,Asian Securities Private Ltd.,Deevyaa Securities & Stock House Pvt. Ltd,2026-04-16 14:45:03.664916,Green Development Bank Ltd.
2026041603008084,GRDBL,42,87,70,1055.0,73850.0,2026-04-16,186732879,2744,Sani Securities Company Ltd.,S.P.S.A. Securities Limited,2026-04-16 14:49:59.644243,Green Development Bank Ltd.
2026041603008085,GRDBL,42,11,30,1055.0,31650.0,2026-04-16,186732882,2744,Sani Securities Company Ltd.,Malla & Malla Stock Broking Company Pvt. Limited,2026-04-16 14:49:59.644504,Green Development Bank Ltd.
2026041603008117,GRDBL,47,42,17,1053.6,17911.2,2026-04-16,186734090,2744,Neev Securities Pvt. Ltd.,Sani Securities Company Ltd.,2026-04-16 14:50:56.292437,Green Development Bank Ltd.
2026041603008155,GRDBL,22,42,93,1053.5,97975.5,2026-04-16,186734678,2744,Siprabi Securities Pvt. Ltd.,Sani Securities Company Ltd.,2026-04-16 14:51:25.689421,Green Development Bank Ltd.
2026041603008156,GRDBL,22,42,20,1053.5,21070.0,2026-04-16,186734679,2744,Siprabi Securities Pvt. Ltd.,Sani Securities Company Ltd.,2026-04-16 14:51:25.689599,Green Development Bank Ltd.
2026041603008216,GRDBL,14,11,118,1055.0,124490.0,2026-04-16,186735837,2744,Nepal Stock House (PVT) Ltd.,Malla & Malla Stock Broking Company Pvt. Limited,2026-04-16 14:52:22.319053,Green Development Bank Ltd.
2026041603008217,GRDBL,14,59,82,1056.0,86592.0,2026-04-16,186735840,2744,Nepal Stock House (PVT) Ltd.,Deevyaa Securities & Stock House Pvt. Ltd,2026-04-16 14:52:22.319288,Green Development Bank Ltd.
2026041603008233,GRDBL,87,59,10,1056.0,10560.0,2026-04-16,186736296,2744,S.P.S.A. Securities Limited,Deevyaa Securities & Stock House Pvt. Ltd,2026-04-16 14:52:44.243961,Green Development Bank Ltd.
2026041603008237,GRDBL,87,13,10,1058.9,10589.0,2026-04-16,186736481,2744,S.P.S.A. Securities Limited,Thrive Brokerage House Pvt. Ltd,2026-04-16 14:52:48.206092,Green Development Bank Ltd.
2026041603008238,GRDBL,87,22,10,1060.0,10600.0,2026-04-16,186736484,2744,S.P.S.A. Securities Limited,Siprabi Securities Pvt. Ltd.,2026-04-16 14:52:48.206168,Green Development Bank Ltd.
2026041603008241,GRDBL,47,80,10,1053.2,10532.0,2026-04-16,186736840,2744,Neev Securities Pvt. Ltd.,Indira securities pvt. ltd,2026-04-16 14:52:55.286947,Green Development Bank Ltd.
2026041603008242,GRDBL,45,80,100,1053.1,105310.0,2026-04-16,186736842,2744,Imperial Securities Company Pvt. Ltd.,Indira securities pvt. ltd,2026-04-16 14:52:55.286982,Green Development Bank Ltd.
2026041603008243,GRDBL,57,80,200,1053.0,210600.0,2026-04-16,186736844,2744,Aryatara Investment & Securities,Indira securities pvt. ltd,2026-04-16 14:52:55.287007,Green Development Bank Ltd.
2026041603008244,GRDBL,47,80,20,1050.2,21004.0,2026-04-16,186736846,2744,Neev Securities Pvt. Ltd.,Indira securities pvt. ltd,2026-04-16 14:52:55.287041,Green Development Bank Ltd.
2026041603008245,GRDBL,49,80,170,1049.2,178364.0,2026-04-16,186736847,2744,Online Securities Pvt. Ltd.,Indira securities pvt. ltd,2026-04-16 14:52:55.287071,Green Development Bank Ltd.
2026041603008296,GRDBL,34,14,20,1053.0,21060.0,2026-04-16,186738133,2744,Vision Securities Pvt. Ltd,Nepal Stock House (PVT) Ltd.,2026-04-16 14:53:45.357971,Green Development Bank Ltd.
2026041603008297,GRDBL,34,34,75,1053.0,78975.0,2026-04-16,186738136,2744,Vision Securities Pvt. Ltd,Vision Securities Pvt. Ltd,2026-04-16 14:53:45.358017,Green Development Bank Ltd.
2026041603008304,GRDBL,87,45,10,1060.0,10600.0,2026-04-16,186738350,2744,S.P.S.A. Securities Limited,Imperial Securities Company Pvt. Ltd.,2026-04-16 14:53:54.636175,Green Development Bank Ltd.
2026041603008447,GRDBL,41,87,10,1049.4,10494.0,2026-04-16,186741248,2744,Linch Stock Market Ltd.,S.P.S.A. Securities Limited,2026-04-16 14:55:28.562075,Green Development Bank Ltd.
2026041603008448,GRDBL,47,87,40,1049.4,41976.0,2026-04-16,186741250,2744,Neev Securities Pvt. Ltd.,S.P.S.A. Securities Limited,2026-04-16 14:55:28.562243,Green Development Bank Ltd.
2026041603008449,GRDBL,14,87,150,1049.3,157395.0,2026-04-16,186741251,2744,Nepal Stock House (PVT) Ltd.,S.P.S.A. Securities Limited,2026-04-16 14:55:28.562300,Green Development Bank Ltd.
2026041603008458,GRDBL,87,45,10,1060.0,10600.0,2026-04-16,186741432,2744,S.P.S.A. Securities Limited,Imperial Securities Company Pvt. Ltd.,2026-04-16 14:55:35.359296,Green Development Bank Ltd.
2026041603008715,GRDBL,3,87,50,1049.4,52470.0,2026-04-16,186746268,2744,Arun Securities (PVT) Ltd.,S.P.S.A. Securities Limited,2026-04-16 14:58:10.737209,Green Development Bank Ltd.
2026041603008716,GRDBL,14,87,50,1049.3,52465.0,2026-04-16,186746270,2744,Nepal Stock House (PVT) Ltd.,S.P.S.A. Securities Limited,2026-04-16 14:58:10.737338,Green Development Bank Ltd.
2026041603008717,GRDBL,49,87,100,1049.2,104920.0,2026-04-16,186746271,2744,Online Securities Pvt. Ltd.,S.P.S.A. Securities Limited,2026-04-16 14:58:10.737391,Green Development Bank Ltd.
2026041603008863,GRDBL,49,87,200,1049.2,209840.0,2026-04-16,186747641,2744,Online Securities Pvt. Ltd.,S.P.S.A. Securities Limited,2026-04-16 14:58:31.533780,Green Development Bank Ltd.
