contractId,stockSymbol,buyerMemberId,sellerMemberId,quantity,rate,amount,businessDate,tradeBookId,stockId,buyerBrokerName,sellerBrokerName,transaction_time,securityName
2026041603000373,GUFL,38,48,10,545.0,5450.0,2026-04-16,186550440,204,Dipshikha Dhitopatra Karobar Co. Pvt Ltd.,Trishakti Securities Public Limited,2026-04-16 11:16:39.934326,Gurkhas Finance Ltd.
2026041603000456,GUFL,46,48,30,549.0,16470.0,2026-04-16,186553592,204,Kalika Securities Pvt. Ltd.,Trishakti Securities Public Limited,2026-04-16 11:19:55.113189,Gurkhas Finance Ltd.
2026041603001378,GUFL,42,48,30,544.9,16347.0,2026-04-16,186579300,204,Sani Securities Company Ltd.,Trishakti Securities Public Limited,2026-04-16 11:44:43.008619,Gurkhas Finance Ltd.
2026041603001687,GUFL,41,34,60,544.0,32640.0,2026-04-16,186587912,204,Linch Stock Market Ltd.,Vision Securities Pvt. Ltd,2026-04-16 11:54:01.986290,Gurkhas Finance Ltd.
2026041603001690,GUFL,1,80,11,541.0,5951.0,2026-04-16,186587939,204,Kumari Securities Private Limited,Indira securities pvt. ltd,2026-04-16 11:54:05.475267,Gurkhas Finance Ltd.
2026041603002297,GUFL,58,34,150,540.0,81000.0,2026-04-16,186603479,204,Naasa Securities Co. Ltd.,Vision Securities Pvt. Ltd,2026-04-16 12:13:13.138501,Gurkhas Finance Ltd.
2026041603002689,GUFL,49,8,100,536.1,53610.0,2026-04-16,186611524,204,Online Securities Pvt. Ltd.,Brilliant Securities Pvt. Ltd.,2026-04-16 12:24:26.558690,Gurkhas Finance Ltd.
2026041603002788,GUFL,1,8,50,536.1,26805.0,2026-04-16,186612936,204,Kumari Securities Private Limited,Brilliant Securities Pvt. Ltd.,2026-04-16 12:25:57.062814,Gurkhas Finance Ltd.
2026041603002881,GUFL,58,28,500,536.0,268000.0,2026-04-16,186615853,204,Naasa Securities Co. Ltd.,Shree Krishna Securities Ltd.,2026-04-16 12:30:05.981247,Gurkhas Finance Ltd.
2026041603003271,GUFL,87,54,10,537.0,5370.0,2026-04-16,186626365,204,S.P.S.A. Securities Limited,Sewa Securities Pvt. Ltd.,2026-04-16 12:46:00.657738,Gurkhas Finance Ltd.
2026041603003283,GUFL,49,58,10,540.0,5400.0,2026-04-16,186626724,204,Online Securities Pvt. Ltd.,Naasa Securities Co. Ltd.,2026-04-16 12:46:30.981628,Gurkhas Finance Ltd.
2026041603003434,GUFL,38,42,16,540.0,8640.0,2026-04-16,186631263,204,Dipshikha Dhitopatra Karobar Co. Pvt Ltd.,Sani Securities Company Ltd.,2026-04-16 12:53:24.557562,Gurkhas Finance Ltd.
2026041603003530,GUFL,38,34,34,540.0,18360.0,2026-04-16,186634025,204,Dipshikha Dhitopatra Karobar Co. Pvt Ltd.,Vision Securities Pvt. Ltd,2026-04-16 12:57:31.247562,Gurkhas Finance Ltd.
2026041603004260,GUFL,45,34,70,538.0,37660.0,2026-04-16,186651108,204,Imperial Securities Company Pvt. Ltd.,Vision Securities Pvt. Ltd,2026-04-16 13:16:55.030126,Gurkhas Finance Ltd.
2026041603004261,GUFL,38,34,50,537.0,26850.0,2026-04-16,186651110,204,Dipshikha Dhitopatra Karobar Co. Pvt Ltd.,Vision Securities Pvt. Ltd,2026-04-16 13:16:55.030216,Gurkhas Finance Ltd.
2026041603004262,GUFL,85,34,100,536.2,53620.0,2026-04-16,186651112,204,Capital Hub P. Ltd,Vision Securities Pvt. Ltd,2026-04-16 13:16:55.030254,Gurkhas Finance Ltd.
2026041603004263,GUFL,49,34,1380,536.2,739956.0,2026-04-16,186651114,204,Online Securities Pvt. Ltd.,Vision Securities Pvt. Ltd,2026-04-16 13:16:55.030299,Gurkhas Finance Ltd.
2026041603004264,GUFL,58,34,100,536.1,53610.0,2026-04-16,186651116,204,Naasa Securities Co. Ltd.,Vision Securities Pvt. Ltd,2026-04-16 13:16:55.030338,Gurkhas Finance Ltd.
2026041603004265,GUFL,46,34,90,536.0,48240.0,2026-04-16,186651118,204,Kalika Securities Pvt. Ltd.,Vision Securities Pvt. Ltd,2026-04-16 13:16:55.030377,Gurkhas Finance Ltd.
2026041603004266,GUFL,34,34,50,536.0,26800.0,2026-04-16,186651120,204,Vision Securities Pvt. Ltd,Vision Securities Pvt. Ltd,2026-04-16 13:16:55.030416,Gurkhas Finance Ltd.
2026041603004267,GUFL,26,34,100,535.0,53500.0,2026-04-16,186651122,204,Asian Securities Private Ltd.,Vision Securities Pvt. Ltd,2026-04-16 13:16:55.030456,Gurkhas Finance Ltd.
2026041603004268,GUFL,58,34,200,535.0,107000.0,2026-04-16,186651124,204,Naasa Securities Co. Ltd.,Vision Securities Pvt. Ltd,2026-04-16 13:16:55.030499,Gurkhas Finance Ltd.
2026041603004269,GUFL,94,34,60,535.0,32100.0,2026-04-16,186651125,204,K.B.L. Securities Limited ,Vision Securities Pvt. Ltd,2026-04-16 13:16:55.030539,Gurkhas Finance Ltd.
2026041603004289,GUFL,94,19,20,535.0,10700.0,2026-04-16,186651499,204,K.B.L. Securities Limited ,Nepal Investment And Securities Trading Private Limited,2026-04-16 13:17:17.521914,Gurkhas Finance Ltd.
2026041603004290,GUFL,94,17,20,535.0,10700.0,2026-04-16,186651520,204,K.B.L. Securities Limited ,ABC Securities Private Limited,2026-04-16 13:17:18.338229,Gurkhas Finance Ltd.
2026041603004291,GUFL,25,17,100,535.0,53500.0,2026-04-16,186651522,204,Sweta Securities Private Limited,ABC Securities Private Limited,2026-04-16 13:17:18.338416,Gurkhas Finance Ltd.
2026041603004292,GUFL,56,17,180,535.0,96300.0,2026-04-16,186651523,204,Sri Hari Securities Pvt. Ltd.,ABC Securities Private Limited,2026-04-16 13:17:18.338525,Gurkhas Finance Ltd.
2026041603004349,GUFL,56,63,120,535.0,64200.0,2026-04-16,186652018,204,Sri Hari Securities Pvt. Ltd.,Himalayan Brokerage Company Limited,2026-04-16 13:17:43.650647,Gurkhas Finance Ltd.
2026041603004350,GUFL,42,63,130,532.1,69173.0,2026-04-16,186652019,204,Sani Securities Company Ltd.,Himalayan Brokerage Company Limited,2026-04-16 13:17:43.650809,Gurkhas Finance Ltd.
2026041603004412,GUFL,42,36,370,532.1,196877.0,2026-04-16,186653420,204,Sani Securities Company Ltd.,Secured Securities Ltd.,2026-04-16 13:18:34.996730,Gurkhas Finance Ltd.
2026041603004413,GUFL,3,36,52,531.0,27612.0,2026-04-16,186653422,204,Arun Securities (PVT) Ltd.,Secured Securities Ltd.,2026-04-16 13:18:34.996887,Gurkhas Finance Ltd.
2026041603004414,GUFL,44,36,300,530.4,159120.0,2026-04-16,186653424,204,Dynamic Money Managers Securities Pvt. Ltd.,Secured Securities Ltd.,2026-04-16 13:18:34.996990,Gurkhas Finance Ltd.
2026041603004415,GUFL,46,36,100,530.3,53030.0,2026-04-16,186653426,204,Kalika Securities Pvt. Ltd.,Secured Securities Ltd.,2026-04-16 13:18:34.997113,Gurkhas Finance Ltd.
2026041603004416,GUFL,36,36,500,530.2,265100.0,2026-04-16,186653428,204,Secured Securities Ltd.,Secured Securities Ltd.,2026-04-16 13:18:34.997211,Gurkhas Finance Ltd.
2026041603004417,GUFL,74,36,50,530.0,26500.0,2026-04-16,186653430,204,KALASH STOCK MARKET PVT. LTD.,Secured Securities Ltd.,2026-04-16 13:18:34.997307,Gurkhas Finance Ltd.
2026041603004418,GUFL,57,36,90,530.0,47700.0,2026-04-16,186653432,204,Aryatara Investment & Securities,Secured Securities Ltd.,2026-04-16 13:18:34.997401,Gurkhas Finance Ltd.
2026041603004419,GUFL,42,36,30,530.0,15900.0,2026-04-16,186653434,204,Sani Securities Company Ltd.,Secured Securities Ltd.,2026-04-16 13:18:34.997488,Gurkhas Finance Ltd.
2026041603004420,GUFL,94,36,508,530.0,269240.0,2026-04-16,186653435,204,K.B.L. Securities Limited ,Secured Securities Ltd.,2026-04-16 13:18:34.997574,Gurkhas Finance Ltd.
2026041603004798,GUFL,38,62,20,532.0,10640.0,2026-04-16,186659093,204,Dipshikha Dhitopatra Karobar Co. Pvt Ltd.,Capital Max Securities Ltd,2026-04-16 13:23:06.788600,Gurkhas Finance Ltd.
2026041603004842,GUFL,38,88,10,532.0,5320.0,2026-04-16,186659714,204,Dipshikha Dhitopatra Karobar Co. Pvt Ltd.,Blue Chip Securities Ltd,2026-04-16 13:23:40.342195,Gurkhas Finance Ltd.
2026041603004843,GUFL,38,88,20,531.2,10624.0,2026-04-16,186659716,204,Dipshikha Dhitopatra Karobar Co. Pvt Ltd.,Blue Chip Securities Ltd,2026-04-16 13:23:40.342305,Gurkhas Finance Ltd.
2026041603004844,GUFL,42,88,1000,530.3,530300.0,2026-04-16,186659718,204,Sani Securities Company Ltd.,Blue Chip Securities Ltd,2026-04-16 13:23:40.342375,Gurkhas Finance Ltd.
2026041603004845,GUFL,48,88,50,530.3,26515.0,2026-04-16,186659720,204,Trishakti Securities Public Limited,Blue Chip Securities Ltd,2026-04-16 13:23:40.342445,Gurkhas Finance Ltd.
2026041603004846,GUFL,94,88,492,530.0,260760.0,2026-04-16,186659722,204,K.B.L. Securities Limited ,Blue Chip Securities Ltd,2026-04-16 13:23:40.342517,Gurkhas Finance Ltd.
2026041603004847,GUFL,56,88,500,530.0,265000.0,2026-04-16,186659724,204,Sri Hari Securities Pvt. Ltd.,Blue Chip Securities Ltd,2026-04-16 13:23:40.342583,Gurkhas Finance Ltd.
2026041603004848,GUFL,38,88,500,530.0,265000.0,2026-04-16,186659726,204,Dipshikha Dhitopatra Karobar Co. Pvt Ltd.,Blue Chip Securities Ltd,2026-04-16 13:23:40.342652,Gurkhas Finance Ltd.
2026041603004849,GUFL,54,88,30,530.0,15900.0,2026-04-16,186659728,204,Sewa Securities Pvt. Ltd.,Blue Chip Securities Ltd,2026-04-16 13:23:40.342744,Gurkhas Finance Ltd.
2026041603004850,GUFL,33,88,200,530.0,106000.0,2026-04-16,186659730,204,Dakshinkali Investment & Securities Pvt. Ltd.,Blue Chip Securities Ltd,2026-04-16 13:23:40.342800,Gurkhas Finance Ltd.
2026041603004851,GUFL,41,88,100,530.0,53000.0,2026-04-16,186659732,204,Linch Stock Market Ltd.,Blue Chip Securities Ltd,2026-04-16 13:23:40.342878,Gurkhas Finance Ltd.
2026041603004852,GUFL,34,88,600,530.0,318000.0,2026-04-16,186659734,204,Vision Securities Pvt. Ltd,Blue Chip Securities Ltd,2026-04-16 13:23:40.342940,Gurkhas Finance Ltd.
2026041603004853,GUFL,13,88,30,529.2,15876.0,2026-04-16,186659736,204,Thrive Brokerage House Pvt. Ltd,Blue Chip Securities Ltd,2026-04-16 13:23:40.342990,Gurkhas Finance Ltd.
2026041603004854,GUFL,13,88,30,529.2,15876.0,2026-04-16,186659738,204,Thrive Brokerage House Pvt. Ltd,Blue Chip Securities Ltd,2026-04-16 13:23:40.343065,Gurkhas Finance Ltd.
2026041603004855,GUFL,57,88,50,526.0,26300.0,2026-04-16,186659740,204,Aryatara Investment & Securities,Blue Chip Securities Ltd,2026-04-16 13:23:40.343139,Gurkhas Finance Ltd.
2026041603004856,GUFL,32,88,150,525.5,78825.0,2026-04-16,186659742,204,Premier Securities Company Ltd.,Blue Chip Securities Ltd,2026-04-16 13:23:40.343199,Gurkhas Finance Ltd.
2026041603004857,GUFL,1,88,38,525.4,19965.2,2026-04-16,186659743,204,Kumari Securities Private Limited,Blue Chip Securities Ltd,2026-04-16 13:23:40.343264,Gurkhas Finance Ltd.
2026041603005189,GUFL,38,41,20,529.0,10580.0,2026-04-16,186666243,204,Dipshikha Dhitopatra Karobar Co. Pvt Ltd.,Linch Stock Market Ltd.,2026-04-16 13:30:51.437688,Gurkhas Finance Ltd.
2026041603005205,GUFL,38,57,50,528.0,26400.0,2026-04-16,186666535,204,Dipshikha Dhitopatra Karobar Co. Pvt Ltd.,Aryatara Investment & Securities,2026-04-16 13:31:09.700188,Gurkhas Finance Ltd.
2026041603005381,GUFL,38,41,20,529.0,10580.0,2026-04-16,186670167,204,Dipshikha Dhitopatra Karobar Co. Pvt Ltd.,Linch Stock Market Ltd.,2026-04-16 13:34:24.560486,Gurkhas Finance Ltd.
2026041603005467,GUFL,38,41,20,529.0,10580.0,2026-04-16,186672241,204,Dipshikha Dhitopatra Karobar Co. Pvt Ltd.,Linch Stock Market Ltd.,2026-04-16 13:36:25.782534,Gurkhas Finance Ltd.
2026041603005509,GUFL,14,41,40,530.0,21200.0,2026-04-16,186673197,204,Nepal Stock House (PVT) Ltd.,Linch Stock Market Ltd.,2026-04-16 13:37:20.083521,Gurkhas Finance Ltd.
2026041603005548,GUFL,49,62,85,535.0,45475.0,2026-04-16,186674229,204,Online Securities Pvt. Ltd.,Capital Max Securities Ltd,2026-04-16 13:38:09.478407,Gurkhas Finance Ltd.
2026041603005549,GUFL,49,21,73,535.0,39055.0,2026-04-16,186674231,204,Online Securities Pvt. Ltd.,Midas Stock Broking Company Private Limited,2026-04-16 13:38:09.478585,Gurkhas Finance Ltd.
2026041603005550,GUFL,49,45,42,535.0,22470.0,2026-04-16,186674234,204,Online Securities Pvt. Ltd.,Imperial Securities Company Pvt. Ltd.,2026-04-16 13:38:09.478696,Gurkhas Finance Ltd.
2026041603005825,GUFL,17,34,100,532.0,53200.0,2026-04-16,186680460,204,ABC Securities Private Limited,Vision Securities Pvt. Ltd,2026-04-16 13:44:59.221578,Gurkhas Finance Ltd.
2026041603005826,GUFL,58,34,46,532.0,24472.0,2026-04-16,186680461,204,Naasa Securities Co. Ltd.,Vision Securities Pvt. Ltd,2026-04-16 13:44:59.221766,Gurkhas Finance Ltd.
2026041603006064,GUFL,58,44,10,531.0,5310.0,2026-04-16,186684932,204,Naasa Securities Co. Ltd.,Dynamic Money Managers Securities Pvt. Ltd.,2026-04-16 13:51:37.742530,Gurkhas Finance Ltd.
2026041603006065,GUFL,4,44,114,531.0,60534.0,2026-04-16,186684934,204,Opal Securities Investment (PVT) Ltd.,Dynamic Money Managers Securities Pvt. Ltd.,2026-04-16 13:51:37.742745,Gurkhas Finance Ltd.
2026041603006066,GUFL,58,44,10,531.0,5310.0,2026-04-16,186684936,204,Naasa Securities Co. Ltd.,Dynamic Money Managers Securities Pvt. Ltd.,2026-04-16 13:51:37.742872,Gurkhas Finance Ltd.
2026041603006067,GUFL,38,44,100,530.1,53010.0,2026-04-16,186684938,204,Dipshikha Dhitopatra Karobar Co. Pvt Ltd.,Dynamic Money Managers Securities Pvt. Ltd.,2026-04-16 13:51:37.742994,Gurkhas Finance Ltd.
2026041603006068,GUFL,36,44,50,530.1,26505.0,2026-04-16,186684940,204,Secured Securities Ltd.,Dynamic Money Managers Securities Pvt. Ltd.,2026-04-16 13:51:37.743133,Gurkhas Finance Ltd.
2026041603006069,GUFL,17,44,100,530.0,53000.0,2026-04-16,186684942,204,ABC Securities Private Limited,Dynamic Money Managers Securities Pvt. Ltd.,2026-04-16 13:51:37.743254,Gurkhas Finance Ltd.
2026041603006070,GUFL,44,44,16,530.0,8480.0,2026-04-16,186684943,204,Dynamic Money Managers Securities Pvt. Ltd.,Dynamic Money Managers Securities Pvt. Ltd.,2026-04-16 13:51:37.743406,Gurkhas Finance Ltd.
2026041603006127,GUFL,51,41,14,532.0,7448.0,2026-04-16,186686941,204,Oxford Securities Pvt. Ltd.,Linch Stock Market Ltd.,2026-04-16 13:54:46.502172,Gurkhas Finance Ltd.
2026041603006228,GUFL,38,21,300,532.0,159600.0,2026-04-16,186688897,204,Dipshikha Dhitopatra Karobar Co. Pvt Ltd.,Midas Stock Broking Company Private Limited,2026-04-16 13:58:30.634449,Gurkhas Finance Ltd.
2026041603006299,GUFL,38,17,150,532.0,79800.0,2026-04-16,186690209,204,Dipshikha Dhitopatra Karobar Co. Pvt Ltd.,ABC Securities Private Limited,2026-04-16 14:00:24.894250,Gurkhas Finance Ltd.
2026041603006322,GUFL,38,19,12,532.0,6384.0,2026-04-16,186690491,204,Dipshikha Dhitopatra Karobar Co. Pvt Ltd.,Nepal Investment And Securities Trading Private Limited,2026-04-16 14:00:49.529859,Gurkhas Finance Ltd.
2026041603006337,GUFL,38,41,38,532.0,20216.0,2026-04-16,186690798,204,Dipshikha Dhitopatra Karobar Co. Pvt Ltd.,Linch Stock Market Ltd.,2026-04-16 14:01:19.346989,Gurkhas Finance Ltd.
2026041603006338,GUFL,58,41,10,532.0,5320.0,2026-04-16,186690799,204,Naasa Securities Co. Ltd.,Linch Stock Market Ltd.,2026-04-16 14:01:19.347208,Gurkhas Finance Ltd.
2026041603006802,GUFL,13,40,50,531.1,26555.0,2026-04-16,186701650,204,Thrive Brokerage House Pvt. Ltd,Creative Securities Pvt Ltd,2026-04-16 14:16:43.109783,Gurkhas Finance Ltd.
2026041603006803,GUFL,46,40,30,531.0,15930.0,2026-04-16,186701651,204,Kalika Securities Pvt. Ltd.,Creative Securities Pvt Ltd,2026-04-16 14:16:43.109894,Gurkhas Finance Ltd.
2026041603006925,GUFL,21,62,89,537.0,47793.0,2026-04-16,186704318,204,Midas Stock Broking Company Private Limited,Capital Max Securities Ltd,2026-04-16 14:21:18.824441,Gurkhas Finance Ltd.
2026041603007121,GUFL,26,46,50,533.0,26650.0,2026-04-16,186707777,204,Asian Securities Private Ltd.,Kalika Securities Pvt. Ltd.,2026-04-16 14:26:30.092877,Gurkhas Finance Ltd.
2026041603007468,GUFL,49,62,11,537.0,5907.0,2026-04-16,186718881,204,Online Securities Pvt. Ltd.,Capital Max Securities Ltd,2026-04-16 14:37:06.549576,Gurkhas Finance Ltd.
2026041603007469,GUFL,49,13,30,537.2,16116.0,2026-04-16,186718883,204,Online Securities Pvt. Ltd.,Thrive Brokerage House Pvt. Ltd,2026-04-16 14:37:06.549732,Gurkhas Finance Ltd.
2026041603007927,GUFL,45,21,11,537.0,5907.0,2026-04-16,186730064,204,Imperial Securities Company Pvt. Ltd.,Midas Stock Broking Company Private Limited,2026-04-16 14:47:42.851691,Gurkhas Finance Ltd.
2026041603007928,GUFL,57,21,10,537.0,5370.0,2026-04-16,186730066,204,Aryatara Investment & Securities,Midas Stock Broking Company Private Limited,2026-04-16 14:47:42.851829,Gurkhas Finance Ltd.
2026041603007929,GUFL,38,21,43,537.0,23091.0,2026-04-16,186730067,204,Dipshikha Dhitopatra Karobar Co. Pvt Ltd.,Midas Stock Broking Company Private Limited,2026-04-16 14:47:42.851885,Gurkhas Finance Ltd.
2026041603008061,GUFL,49,63,20,532.0,10640.0,2026-04-16,186732678,204,Online Securities Pvt. Ltd.,Himalayan Brokerage Company Limited,2026-04-16 14:49:50.764842,Gurkhas Finance Ltd.
2026041603008062,GUFL,41,63,200,532.0,106400.0,2026-04-16,186732680,204,Linch Stock Market Ltd.,Himalayan Brokerage Company Limited,2026-04-16 14:49:50.765089,Gurkhas Finance Ltd.
2026041603008063,GUFL,42,63,70,532.0,37240.0,2026-04-16,186732682,204,Sani Securities Company Ltd.,Himalayan Brokerage Company Limited,2026-04-16 14:49:50.765238,Gurkhas Finance Ltd.
2026041603008064,GUFL,35,63,200,532.0,106400.0,2026-04-16,186732684,204,Kohinoor Investment & Securities Pvt. Ltd.,Himalayan Brokerage Company Limited,2026-04-16 14:49:50.765380,Gurkhas Finance Ltd.
2026041603008065,GUFL,58,63,10,532.0,5320.0,2026-04-16,186732685,204,Naasa Securities Co. Ltd.,Himalayan Brokerage Company Limited,2026-04-16 14:49:50.765518,Gurkhas Finance Ltd.
2026041603008091,GUFL,38,32,50,532.5,26625.0,2026-04-16,186733236,204,Dipshikha Dhitopatra Karobar Co. Pvt Ltd.,Premier Securities Company Ltd.,2026-04-16 14:50:14.461526,Gurkhas Finance Ltd.
2026041603008092,GUFL,46,32,70,531.0,37170.0,2026-04-16,186733238,204,Kalika Securities Pvt. Ltd.,Premier Securities Company Ltd.,2026-04-16 14:50:14.461613,Gurkhas Finance Ltd.
2026041603008093,GUFL,58,32,10,531.0,5310.0,2026-04-16,186733240,204,Naasa Securities Co. Ltd.,Premier Securities Company Ltd.,2026-04-16 14:50:14.461641,Gurkhas Finance Ltd.
2026041603008094,GUFL,1,32,12,530.3,6363.6,2026-04-16,186733242,204,Kumari Securities Private Limited,Premier Securities Company Ltd.,2026-04-16 14:50:14.461667,Gurkhas Finance Ltd.
2026041603008095,GUFL,44,32,84,530.0,44520.0,2026-04-16,186733244,204,Dynamic Money Managers Securities Pvt. Ltd.,Premier Securities Company Ltd.,2026-04-16 14:50:14.461695,Gurkhas Finance Ltd.
2026041603008096,GUFL,38,32,20,530.0,10600.0,2026-04-16,186733245,204,Dipshikha Dhitopatra Karobar Co. Pvt Ltd.,Premier Securities Company Ltd.,2026-04-16 14:50:14.461723,Gurkhas Finance Ltd.
2026041603008645,GUFL,38,14,45,530.1,23854.5,2026-04-16,186744366,204,Dipshikha Dhitopatra Karobar Co. Pvt Ltd.,Nepal Stock House (PVT) Ltd.,2026-04-16 14:57:17.061535,Gurkhas Finance Ltd.
2026041603008646,GUFL,42,14,15,530.1,7951.5,2026-04-16,186744368,204,Sani Securities Company Ltd.,Nepal Stock House (PVT) Ltd.,2026-04-16 14:57:17.061656,Gurkhas Finance Ltd.
2026041603008647,GUFL,42,14,1000,530.1,530100.0,2026-04-16,186744369,204,Sani Securities Company Ltd.,Nepal Stock House (PVT) Ltd.,2026-04-16 14:57:17.061700,Gurkhas Finance Ltd.
2026041603008702,GUFL,49,28,24,535.0,12840.0,2026-04-16,186745894,204,Online Securities Pvt. Ltd.,Shree Krishna Securities Ltd.,2026-04-16 14:58:01.887654,Gurkhas Finance Ltd.
2026041603008976,GUFL,38,14,30,530.0,15900.0,2026-04-16,186749056,204,Dipshikha Dhitopatra Karobar Co. Pvt Ltd.,Nepal Stock House (PVT) Ltd.,2026-04-16 14:58:59.802560,Gurkhas Finance Ltd.
2026041603008977,GUFL,41,14,200,530.0,106000.0,2026-04-16,186749058,204,Linch Stock Market Ltd.,Nepal Stock House (PVT) Ltd.,2026-04-16 14:58:59.802781,Gurkhas Finance Ltd.
2026041603008978,GUFL,46,14,50,530.0,26500.0,2026-04-16,186749060,204,Kalika Securities Pvt. Ltd.,Nepal Stock House (PVT) Ltd.,2026-04-16 14:58:59.802938,Gurkhas Finance Ltd.
2026041603008979,GUFL,40,14,500,530.0,265000.0,2026-04-16,186749062,204,Creative Securities Pvt Ltd,Nepal Stock House (PVT) Ltd.,2026-04-16 14:58:59.803104,Gurkhas Finance Ltd.
2026041603008980,GUFL,13,14,50,530.0,26500.0,2026-04-16,186749064,204,Thrive Brokerage House Pvt. Ltd,Nepal Stock House (PVT) Ltd.,2026-04-16 14:58:59.803243,Gurkhas Finance Ltd.
2026041603008981,GUFL,43,14,50,530.0,26500.0,2026-04-16,186749065,204,South Asian Bulls Pvt. Ltd.,Nepal Stock House (PVT) Ltd.,2026-04-16 14:58:59.803403,Gurkhas Finance Ltd.
2026041603009025,GUFL,32,28,300,530.0,159000.0,2026-04-16,186749676,204,Premier Securities Company Ltd.,Shree Krishna Securities Ltd.,2026-04-16 14:59:12.626171,Gurkhas Finance Ltd.
2026041603009171,GUFL,35,14,10,529.1,5291.0,2026-04-16,186751805,204,Kohinoor Investment & Securities Pvt. Ltd.,Nepal Stock House (PVT) Ltd.,2026-04-16 14:59:40.497369,Gurkhas Finance Ltd.
2026041603009194,GUFL,43,28,176,530.0,93280.0,2026-04-16,186752563,204,South Asian Bulls Pvt. Ltd.,Shree Krishna Securities Ltd.,2026-04-16 14:59:46.018038,Gurkhas Finance Ltd.
