contractId,stockSymbol,buyerMemberId,sellerMemberId,quantity,rate,amount,businessDate,tradeBookId,stockId,buyerBrokerName,sellerBrokerName,transaction_time,securityName
2026041601000003,HBL,35,34,10,215.0,2150.0,2026-04-16,186531536,134,Kohinoor Investment & Securities Pvt. Ltd.,Vision Securities Pvt. Ltd,2026-04-16 10:46:00.034422,Himalayan Bank Limited
2026041601000053,HBL,35,14,447,215.0,96105.0,2026-04-16,186531748,134,Kohinoor Investment & Securities Pvt. Ltd.,Nepal Stock House (PVT) Ltd.,2026-04-16 11:00:03.282009,Himalayan Bank Limited
2026041601000054,HBL,35,14,100,215.0,21500.0,2026-04-16,186531749,134,Kohinoor Investment & Securities Pvt. Ltd.,Nepal Stock House (PVT) Ltd.,2026-04-16 11:00:03.282184,Himalayan Bank Limited
2026041601000060,HBL,58,38,10,216.0,2160.0,2026-04-16,186531777,134,Naasa Securities Co. Ltd.,Dipshikha Dhitopatra Karobar Co. Pvt Ltd.,2026-04-16 11:00:16.910422,Himalayan Bank Limited
2026041601000061,HBL,58,41,10,216.0,2160.0,2026-04-16,186531779,134,Naasa Securities Co. Ltd.,Linch Stock Market Ltd.,2026-04-16 11:00:16.910479,Himalayan Bank Limited
2026041601000062,HBL,58,68,10,217.0,2170.0,2026-04-16,186531782,134,Naasa Securities Co. Ltd.,Elite Stock House Limited,2026-04-16 11:00:16.910515,Himalayan Bank Limited
2026041601000290,HBL,50,1,500,215.0,107500.0,2026-04-16,186532826,134,Cristal Kanchanjanga Securites Pvt. Ltd.,Kumari Securities Private Limited,2026-04-16 11:01:38.068481,Himalayan Bank Limited
2026041601000378,HBL,58,1,35,215.0,7525.0,2026-04-16,186533106,134,Naasa Securities Co. Ltd.,Kumari Securities Private Limited,2026-04-16 11:01:57.680457,Himalayan Bank Limited
2026041601000391,HBL,8,14,300,214.0,64200.0,2026-04-16,186533140,134,Brilliant Securities Pvt. Ltd.,Nepal Stock House (PVT) Ltd.,2026-04-16 11:01:59.937825,Himalayan Bank Limited
2026041601000392,HBL,58,14,245,214.0,52430.0,2026-04-16,186533142,134,Naasa Securities Co. Ltd.,Nepal Stock House (PVT) Ltd.,2026-04-16 11:01:59.937973,Himalayan Bank Limited
2026041601000393,HBL,72,14,500,214.0,107000.0,2026-04-16,186533144,134,Hatemalo Financial Services Private Limited,Nepal Stock House (PVT) Ltd.,2026-04-16 11:01:59.938110,Himalayan Bank Limited
2026041601000394,HBL,35,14,46,214.0,9844.0,2026-04-16,186533146,134,Kohinoor Investment & Securities Pvt. Ltd.,Nepal Stock House (PVT) Ltd.,2026-04-16 11:01:59.938216,Himalayan Bank Limited
2026041601000395,HBL,58,14,33,214.0,7062.0,2026-04-16,186533148,134,Naasa Securities Co. Ltd.,Nepal Stock House (PVT) Ltd.,2026-04-16 11:01:59.938320,Himalayan Bank Limited
2026041601000396,HBL,66,14,500,214.0,107000.0,2026-04-16,186533149,134,Miyo Securities Pvt Ltd,Nepal Stock House (PVT) Ltd.,2026-04-16 11:01:59.938433,Himalayan Bank Limited
2026041601000618,HBL,44,1,10,215.0,2150.0,2026-04-16,186533926,134,Dynamic Money Managers Securities Pvt. Ltd.,Kumari Securities Private Limited,2026-04-16 11:02:47.758460,Himalayan Bank Limited
2026041601000735,HBL,58,1,50,215.0,10750.0,2026-04-16,186534350,134,Naasa Securities Co. Ltd.,Kumari Securities Private Limited,2026-04-16 11:03:09.694942,Himalayan Bank Limited
2026041601000744,HBL,21,57,10,214.0,2140.0,2026-04-16,186534389,134,Midas Stock Broking Company Private Limited,Aryatara Investment & Securities,2026-04-16 11:03:13.765573,Himalayan Bank Limited
2026041601000755,HBL,58,1,15,215.0,3225.0,2026-04-16,186534438,134,Naasa Securities Co. Ltd.,Kumari Securities Private Limited,2026-04-16 11:03:16.967962,Himalayan Bank Limited
2026041601000770,HBL,21,52,10,214.0,2140.0,2026-04-16,186534513,134,Midas Stock Broking Company Private Limited,Sundhara Securities Limited,2026-04-16 11:03:19.982109,Himalayan Bank Limited
2026041601000858,HBL,21,42,10,214.0,2140.0,2026-04-16,186534843,134,Midas Stock Broking Company Private Limited,Sani Securities Company Ltd.,2026-04-16 11:03:37.614377,Himalayan Bank Limited
2026041601000899,HBL,21,58,70,214.0,14980.0,2026-04-16,186535030,134,Midas Stock Broking Company Private Limited,Naasa Securities Co. Ltd.,2026-04-16 11:03:49.986304,Himalayan Bank Limited
2026041601000982,HBL,32,56,10,213.1,2131.0,2026-04-16,186535335,134,Premier Securities Company Ltd.,Sri Hari Securities Pvt. Ltd.,2026-04-16 11:04:09.495229,Himalayan Bank Limited
2026041601000993,HBL,32,19,10,213.1,2131.0,2026-04-16,186535373,134,Premier Securities Company Ltd.,Nepal Investment And Securities Trading Private Limited,2026-04-16 11:04:13.223850,Himalayan Bank Limited
2026041601001031,HBL,32,3,10,213.1,2131.0,2026-04-16,186535469,134,Premier Securities Company Ltd.,Arun Securities (PVT) Ltd.,2026-04-16 11:04:18.717580,Himalayan Bank Limited
2026041601001074,HBL,32,58,30,213.1,6393.0,2026-04-16,186535637,134,Premier Securities Company Ltd.,Naasa Securities Co. Ltd.,2026-04-16 11:04:27.834503,Himalayan Bank Limited
2026041601001114,HBL,32,101,10,213.1,2131.0,2026-04-16,186535757,134,Premier Securities Company Ltd.,APPLE SECURITIES PRIVATE LIMITED,2026-04-16 11:04:34.681347,Himalayan Bank Limited
2026041601001118,HBL,32,38,10,213.1,2131.0,2026-04-16,186535769,134,Premier Securities Company Ltd.,Dipshikha Dhitopatra Karobar Co. Pvt Ltd.,2026-04-16 11:04:36.171715,Himalayan Bank Limited
2026041601001134,HBL,32,59,10,213.1,2131.0,2026-04-16,186535845,134,Premier Securities Company Ltd.,Deevyaa Securities & Stock House Pvt. Ltd,2026-04-16 11:04:39.847774,Himalayan Bank Limited
2026041601001253,HBL,32,36,410,213.1,87371.0,2026-04-16,186536238,134,Premier Securities Company Ltd.,Secured Securities Ltd.,2026-04-16 11:05:00.306333,Himalayan Bank Limited
2026041601001254,HBL,58,36,10,213.0,2130.0,2026-04-16,186536240,134,Naasa Securities Co. Ltd.,Secured Securities Ltd.,2026-04-16 11:05:00.306430,Himalayan Bank Limited
2026041601001255,HBL,58,36,10,213.0,2130.0,2026-04-16,186536242,134,Naasa Securities Co. Ltd.,Secured Securities Ltd.,2026-04-16 11:05:00.306480,Himalayan Bank Limited
2026041601001256,HBL,74,36,500,213.0,106500.0,2026-04-16,186536244,134,KALASH STOCK MARKET PVT. LTD.,Secured Securities Ltd.,2026-04-16 11:05:00.306536,Himalayan Bank Limited
2026041601001349,HBL,35,36,10,213.0,2130.0,2026-04-16,186536538,134,Kohinoor Investment & Securities Pvt. Ltd.,Secured Securities Ltd.,2026-04-16 11:05:16.414766,Himalayan Bank Limited
2026041601001358,HBL,56,36,20,213.0,4260.0,2026-04-16,186536562,134,Sri Hari Securities Pvt. Ltd.,Secured Securities Ltd.,2026-04-16 11:05:17.010019,Himalayan Bank Limited
2026041601001470,HBL,44,38,10,212.8,2128.0,2026-04-16,186536923,134,Dynamic Money Managers Securities Pvt. Ltd.,Dipshikha Dhitopatra Karobar Co. Pvt Ltd.,2026-04-16 11:05:39.909172,Himalayan Bank Limited
2026041601001542,HBL,44,91,10,212.8,2128.0,2026-04-16,186537157,134,Dynamic Money Managers Securities Pvt. Ltd.,Citizens Share Broker Limited,2026-04-16 11:05:52.534155,Himalayan Bank Limited
2026041601001604,HBL,58,36,40,213.0,8520.0,2026-04-16,186537397,134,Naasa Securities Co. Ltd.,Secured Securities Ltd.,2026-04-16 11:06:05.856747,Himalayan Bank Limited
2026041601001623,HBL,58,42,10,213.0,2130.0,2026-04-16,186537467,134,Naasa Securities Co. Ltd.,Sani Securities Company Ltd.,2026-04-16 11:06:08.890421,Himalayan Bank Limited
2026041601001644,HBL,58,58,10,213.0,2130.0,2026-04-16,186537561,134,Naasa Securities Co. Ltd.,Naasa Securities Co. Ltd.,2026-04-16 11:06:17.374453,Himalayan Bank Limited
2026041601001661,HBL,56,16,10,213.0,2130.0,2026-04-16,186537615,134,Sri Hari Securities Pvt. Ltd.,Primo Securities (PVT) Ltd.,2026-04-16 11:06:20.334531,Himalayan Bank Limited
2026041601001705,HBL,56,45,10,213.0,2130.0,2026-04-16,186537761,134,Sri Hari Securities Pvt. Ltd.,Imperial Securities Company Pvt. Ltd.,2026-04-16 11:06:28.513593,Himalayan Bank Limited
2026041601001716,HBL,38,58,10,213.1,2131.0,2026-04-16,186537792,134,Dipshikha Dhitopatra Karobar Co. Pvt Ltd.,Naasa Securities Co. Ltd.,2026-04-16 11:06:29.516268,Himalayan Bank Limited
2026041601001733,HBL,38,21,10,213.0,2130.0,2026-04-16,186537867,134,Dipshikha Dhitopatra Karobar Co. Pvt Ltd.,Midas Stock Broking Company Private Limited,2026-04-16 11:06:34.290268,Himalayan Bank Limited
2026041601001784,HBL,38,25,10,213.0,2130.0,2026-04-16,186538079,134,Dipshikha Dhitopatra Karobar Co. Pvt Ltd.,Sweta Securities Private Limited,2026-04-16 11:06:48.279829,Himalayan Bank Limited
2026041601001833,HBL,35,4,10,214.0,2140.0,2026-04-16,186538325,134,Kohinoor Investment & Securities Pvt. Ltd.,Opal Securities Investment (PVT) Ltd.,2026-04-16 11:06:57.638303,Himalayan Bank Limited
2026041601001834,HBL,35,70,10,214.0,2140.0,2026-04-16,186538327,134,Kohinoor Investment & Securities Pvt. Ltd.,Infinity Securities Limited,2026-04-16 11:06:57.638518,Himalayan Bank Limited
2026041601001835,HBL,35,51,10,214.0,2140.0,2026-04-16,186538329,134,Kohinoor Investment & Securities Pvt. Ltd.,Oxford Securities Pvt. Ltd.,2026-04-16 11:06:57.638661,Himalayan Bank Limited
2026041601001836,HBL,35,14,716,214.9,153868.4,2026-04-16,186538331,134,Kohinoor Investment & Securities Pvt. Ltd.,Nepal Stock House (PVT) Ltd.,2026-04-16 11:06:57.638803,Himalayan Bank Limited
2026041601001837,HBL,35,1,254,215.0,54610.0,2026-04-16,186538334,134,Kohinoor Investment & Securities Pvt. Ltd.,Kumari Securities Private Limited,2026-04-16 11:06:57.638935,Himalayan Bank Limited
2026041601001875,HBL,38,42,10,213.0,2130.0,2026-04-16,186538457,134,Dipshikha Dhitopatra Karobar Co. Pvt Ltd.,Sani Securities Company Ltd.,2026-04-16 11:07:04.462944,Himalayan Bank Limited
2026041601001878,HBL,38,96,10,213.0,2130.0,2026-04-16,186538467,134,Dipshikha Dhitopatra Karobar Co. Pvt Ltd.,Himalayan Securities Limited,2026-04-16 11:07:05.278055,Himalayan Bank Limited
2026041601001958,HBL,38,57,10,213.0,2130.0,2026-04-16,186538779,134,Dipshikha Dhitopatra Karobar Co. Pvt Ltd.,Aryatara Investment & Securities,2026-04-16 11:07:20.830072,Himalayan Bank Limited
2026041601001964,HBL,38,8,10,213.0,2130.0,2026-04-16,186538793,134,Dipshikha Dhitopatra Karobar Co. Pvt Ltd.,Brilliant Securities Pvt. Ltd.,2026-04-16 11:07:21.407862,Himalayan Bank Limited
2026041601001965,HBL,58,1,100,215.0,21500.0,2026-04-16,186538796,134,Naasa Securities Co. Ltd.,Kumari Securities Private Limited,2026-04-16 11:07:21.582823,Himalayan Bank Limited
2026041601002018,HBL,38,13,10,213.0,2130.0,2026-04-16,186538975,134,Dipshikha Dhitopatra Karobar Co. Pvt Ltd.,Thrive Brokerage House Pvt. Ltd,2026-04-16 11:07:31.243213,Himalayan Bank Limited
2026041601002075,HBL,38,45,10,213.0,2130.0,2026-04-16,186539143,134,Dipshikha Dhitopatra Karobar Co. Pvt Ltd.,Imperial Securities Company Pvt. Ltd.,2026-04-16 11:07:38.967557,Himalayan Bank Limited
2026041601002212,HBL,38,45,10,213.0,2130.0,2026-04-16,186539591,134,Dipshikha Dhitopatra Karobar Co. Pvt Ltd.,Imperial Securities Company Pvt. Ltd.,2026-04-16 11:07:59.699421,Himalayan Bank Limited
2026041601002237,HBL,44,45,10,214.0,2140.0,2026-04-16,186539699,134,Dynamic Money Managers Securities Pvt. Ltd.,Imperial Securities Company Pvt. Ltd.,2026-04-16 11:08:04.908468,Himalayan Bank Limited
2026041601002403,HBL,44,56,10,214.0,2140.0,2026-04-16,186540391,134,Dynamic Money Managers Securities Pvt. Ltd.,Sri Hari Securities Pvt. Ltd.,2026-04-16 11:08:44.859710,Himalayan Bank Limited
2026041601002405,HBL,44,53,10,214.0,2140.0,2026-04-16,186540405,134,Dynamic Money Managers Securities Pvt. Ltd.,Investment Management Nepal Pvt. Ltd.,2026-04-16 11:08:45.500789,Himalayan Bank Limited
2026041601002417,HBL,44,42,10,214.0,2140.0,2026-04-16,186540461,134,Dynamic Money Managers Securities Pvt. Ltd.,Sani Securities Company Ltd.,2026-04-16 11:08:48.647147,Himalayan Bank Limited
2026041601002450,HBL,44,1,60,214.0,12840.0,2026-04-16,186540626,134,Dynamic Money Managers Securities Pvt. Ltd.,Kumari Securities Private Limited,2026-04-16 11:08:56.779840,Himalayan Bank Limited
2026041601002451,HBL,45,1,490,214.0,104860.0,2026-04-16,186540628,134,Imperial Securities Company Pvt. Ltd.,Kumari Securities Private Limited,2026-04-16 11:08:56.780126,Himalayan Bank Limited
2026041601002452,HBL,56,1,110,214.0,23540.0,2026-04-16,186540630,134,Sri Hari Securities Pvt. Ltd.,Kumari Securities Private Limited,2026-04-16 11:08:56.780308,Himalayan Bank Limited
2026041601002461,HBL,67,1,40,214.0,8560.0,2026-04-16,186540681,134,Property Wiard Limited,Kumari Securities Private Limited,2026-04-16 11:09:00.969959,Himalayan Bank Limited
2026041601002462,HBL,67,3,535,214.8,114918.0,2026-04-16,186540683,134,Property Wiard Limited,Arun Securities (PVT) Ltd.,2026-04-16 11:09:00.970250,Himalayan Bank Limited
2026041601002464,HBL,67,4,10,214.8,2148.0,2026-04-16,186540693,134,Property Wiard Limited,Opal Securities Investment (PVT) Ltd.,2026-04-16 11:09:01.728053,Himalayan Bank Limited
2026041601002545,HBL,67,49,10,214.8,2148.0,2026-04-16,186541009,134,Property Wiard Limited,Online Securities Pvt. Ltd.,2026-04-16 11:09:16.489284,Himalayan Bank Limited
2026041601002577,HBL,67,1,105,214.8,22554.0,2026-04-16,186541264,134,Property Wiard Limited,Kumari Securities Private Limited,2026-04-16 11:09:19.973661,Himalayan Bank Limited
2026041601002592,HBL,58,58,20,214.0,4280.0,2026-04-16,186541327,134,Naasa Securities Co. Ltd.,Naasa Securities Co. Ltd.,2026-04-16 11:09:24.375577,Himalayan Bank Limited
2026041601002626,HBL,65,1,230,214.8,49404.0,2026-04-16,186541546,134,Sharepro Securities Private Limited,Kumari Securities Private Limited,2026-04-16 11:09:30.803521,Himalayan Bank Limited
2026041601002630,HBL,58,13,10,214.0,2140.0,2026-04-16,186541559,134,Naasa Securities Co. Ltd.,Thrive Brokerage House Pvt. Ltd,2026-04-16 11:09:31.829233,Himalayan Bank Limited
2026041601002694,HBL,58,1,120,214.0,25680.0,2026-04-16,186541744,134,Naasa Securities Co. Ltd.,Kumari Securities Private Limited,2026-04-16 11:09:36.536713,Himalayan Bank Limited
2026041601002902,HBL,38,58,10,213.5,2135.0,2026-04-16,186542525,134,Dipshikha Dhitopatra Karobar Co. Pvt Ltd.,Naasa Securities Co. Ltd.,2026-04-16 11:10:11.520354,Himalayan Bank Limited
2026041601002907,HBL,38,58,10,213.5,2135.0,2026-04-16,186542565,134,Dipshikha Dhitopatra Karobar Co. Pvt Ltd.,Naasa Securities Co. Ltd.,2026-04-16 11:10:12.748490,Himalayan Bank Limited
2026041601002954,HBL,38,38,10,213.5,2135.0,2026-04-16,186542693,134,Dipshikha Dhitopatra Karobar Co. Pvt Ltd.,Dipshikha Dhitopatra Karobar Co. Pvt Ltd.,2026-04-16 11:10:19.056816,Himalayan Bank Limited
2026041601002978,HBL,38,17,10,213.5,2135.0,2026-04-16,186542785,134,Dipshikha Dhitopatra Karobar Co. Pvt Ltd.,ABC Securities Private Limited,2026-04-16 11:10:23.456239,Himalayan Bank Limited
2026041601003029,HBL,57,58,10,213.6,2136.0,2026-04-16,186542929,134,Aryatara Investment & Securities,Naasa Securities Co. Ltd.,2026-04-16 11:10:28.482108,Himalayan Bank Limited
2026041601003087,HBL,57,25,10,213.6,2136.0,2026-04-16,186543109,134,Aryatara Investment & Securities,Sweta Securities Private Limited,2026-04-16 11:10:36.581386,Himalayan Bank Limited
2026041601003089,HBL,4,1,45,214.0,9630.0,2026-04-16,186543116,134,Opal Securities Investment (PVT) Ltd.,Kumari Securities Private Limited,2026-04-16 11:10:36.910004,Himalayan Bank Limited
2026041601003103,HBL,57,50,10,213.6,2136.0,2026-04-16,186543155,134,Aryatara Investment & Securities,Cristal Kanchanjanga Securites Pvt. Ltd.,2026-04-16 11:10:38.479540,Himalayan Bank Limited
2026041601003146,HBL,57,50,100,213.6,21360.0,2026-04-16,186543293,134,Aryatara Investment & Securities,Cristal Kanchanjanga Securites Pvt. Ltd.,2026-04-16 11:10:43.886203,Himalayan Bank Limited
2026041601003174,HBL,57,57,200,213.6,42720.0,2026-04-16,186543395,134,Aryatara Investment & Securities,Aryatara Investment & Securities,2026-04-16 11:10:47.624321,Himalayan Bank Limited
2026041601003230,HBL,57,22,10,213.6,2136.0,2026-04-16,186543567,134,Aryatara Investment & Securities,Siprabi Securities Pvt. Ltd.,2026-04-16 11:10:55.497096,Himalayan Bank Limited
2026041601003271,HBL,57,8,10,213.6,2136.0,2026-04-16,186543719,134,Aryatara Investment & Securities,Brilliant Securities Pvt. Ltd.,2026-04-16 11:11:02.276429,Himalayan Bank Limited
2026041601003316,HBL,57,41,10,213.6,2136.0,2026-04-16,186543885,134,Aryatara Investment & Securities,Linch Stock Market Ltd.,2026-04-16 11:11:10.929565,Himalayan Bank Limited
2026041601003516,HBL,57,58,10,213.6,2136.0,2026-04-16,186544483,134,Aryatara Investment & Securities,Naasa Securities Co. Ltd.,2026-04-16 11:11:35.706295,Himalayan Bank Limited
2026041601003583,HBL,57,8,10,213.9,2139.0,2026-04-16,186544787,134,Aryatara Investment & Securities,Brilliant Securities Pvt. Ltd.,2026-04-16 11:11:52.562650,Himalayan Bank Limited
2026041601003607,HBL,57,58,10,213.9,2139.0,2026-04-16,186544871,134,Aryatara Investment & Securities,Naasa Securities Co. Ltd.,2026-04-16 11:11:57.706501,Himalayan Bank Limited
2026041601003613,HBL,57,38,10,213.9,2139.0,2026-04-16,186544885,134,Aryatara Investment & Securities,Dipshikha Dhitopatra Karobar Co. Pvt Ltd.,2026-04-16 11:11:58.989824,Himalayan Bank Limited
2026041601003641,HBL,57,44,10,213.9,2139.0,2026-04-16,186544963,134,Aryatara Investment & Securities,Dynamic Money Managers Securities Pvt. Ltd.,2026-04-16 11:12:02.313017,Himalayan Bank Limited
2026041601003671,HBL,57,1,960,213.9,205344.0,2026-04-16,186545130,134,Aryatara Investment & Securities,Kumari Securities Private Limited,2026-04-16 11:12:08.213741,Himalayan Bank Limited
2026041601003679,HBL,57,58,10,213.6,2136.0,2026-04-16,186545153,134,Aryatara Investment & Securities,Naasa Securities Co. Ltd.,2026-04-16 11:12:09.002494,Himalayan Bank Limited
2026041601003681,HBL,57,36,10,213.6,2136.0,2026-04-16,186545175,134,Aryatara Investment & Securities,Secured Securities Ltd.,2026-04-16 11:12:09.695314,Himalayan Bank Limited
2026041601003813,HBL,57,53,10,213.6,2136.0,2026-04-16,186545504,134,Aryatara Investment & Securities,Investment Management Nepal Pvt. Ltd.,2026-04-16 11:12:22.247971,Himalayan Bank Limited
2026041601003814,HBL,38,53,190,213.5,40565.0,2026-04-16,186545505,134,Dipshikha Dhitopatra Karobar Co. Pvt Ltd.,Investment Management Nepal Pvt. Ltd.,2026-04-16 11:12:22.248122,Himalayan Bank Limited
2026041601003858,HBL,38,45,10,213.5,2135.0,2026-04-16,186545675,134,Dipshikha Dhitopatra Karobar Co. Pvt Ltd.,Imperial Securities Company Pvt. Ltd.,2026-04-16 11:12:29.319766,Himalayan Bank Limited
2026041601003911,HBL,38,4,50,213.6,10680.0,2026-04-16,186545816,134,Dipshikha Dhitopatra Karobar Co. Pvt Ltd.,Opal Securities Investment (PVT) Ltd.,2026-04-16 11:12:34.499296,Himalayan Bank Limited
2026041601004023,HBL,38,36,10,213.5,2135.0,2026-04-16,186546147,134,Dipshikha Dhitopatra Karobar Co. Pvt Ltd.,Secured Securities Ltd.,2026-04-16 11:12:47.928193,Himalayan Bank Limited
2026041601004059,HBL,38,42,10,213.5,2135.0,2026-04-16,186546277,134,Dipshikha Dhitopatra Karobar Co. Pvt Ltd.,Sani Securities Company Ltd.,2026-04-16 11:12:55.349785,Himalayan Bank Limited
2026041601004064,HBL,26,4,100,213.6,21360.0,2026-04-16,186546291,134,Asian Securities Private Ltd.,Opal Securities Investment (PVT) Ltd.,2026-04-16 11:12:56.860440,Himalayan Bank Limited
2026041601004065,HBL,26,1,15,213.9,3208.5,2026-04-16,186546294,134,Asian Securities Private Ltd.,Kumari Securities Private Limited,2026-04-16 11:12:56.860581,Himalayan Bank Limited
2026041601004090,HBL,38,14,10,213.5,2135.0,2026-04-16,186546405,134,Dipshikha Dhitopatra Karobar Co. Pvt Ltd.,Nepal Stock House (PVT) Ltd.,2026-04-16 11:13:04.151560,Himalayan Bank Limited
2026041601004134,HBL,58,1,10,213.9,2139.0,2026-04-16,186546536,134,Naasa Securities Co. Ltd.,Kumari Securities Private Limited,2026-04-16 11:13:12.091593,Himalayan Bank Limited
2026041601004164,HBL,38,70,10,213.5,2135.0,2026-04-16,186546671,134,Dipshikha Dhitopatra Karobar Co. Pvt Ltd.,Infinity Securities Limited,2026-04-16 11:13:18.868055,Himalayan Bank Limited
2026041601004198,HBL,38,49,10,213.5,2135.0,2026-04-16,186546817,134,Dipshikha Dhitopatra Karobar Co. Pvt Ltd.,Online Securities Pvt. Ltd.,2026-04-16 11:13:27.184690,Himalayan Bank Limited
2026041601004215,HBL,13,1,15,213.9,3208.5,2026-04-16,186546863,134,Thrive Brokerage House Pvt. Ltd,Kumari Securities Private Limited,2026-04-16 11:13:29.395849,Himalayan Bank Limited
2026041601004216,HBL,13,4,10,213.9,2139.0,2026-04-16,186546866,134,Thrive Brokerage House Pvt. Ltd,Opal Securities Investment (PVT) Ltd.,2026-04-16 11:13:29.396044,Himalayan Bank Limited
2026041601004217,HBL,38,41,10,213.5,2135.0,2026-04-16,186546867,134,Dipshikha Dhitopatra Karobar Co. Pvt Ltd.,Linch Stock Market Ltd.,2026-04-16 11:13:29.446737,Himalayan Bank Limited
2026041601004272,HBL,38,34,10,213.5,2135.0,2026-04-16,186547001,134,Dipshikha Dhitopatra Karobar Co. Pvt Ltd.,Vision Securities Pvt. Ltd,2026-04-16 11:13:35.906282,Himalayan Bank Limited
2026041601004376,HBL,38,36,10,213.5,2135.0,2026-04-16,186547353,134,Dipshikha Dhitopatra Karobar Co. Pvt Ltd.,Secured Securities Ltd.,2026-04-16 11:13:54.870823,Himalayan Bank Limited
2026041601004396,HBL,38,43,10,213.5,2135.0,2026-04-16,186547437,134,Dipshikha Dhitopatra Karobar Co. Pvt Ltd.,South Asian Bulls Pvt. Ltd.,2026-04-16 11:13:58.283264,Himalayan Bank Limited
2026041601004410,HBL,38,49,10,213.5,2135.0,2026-04-16,186547509,134,Dipshikha Dhitopatra Karobar Co. Pvt Ltd.,Online Securities Pvt. Ltd.,2026-04-16 11:14:03.280422,Himalayan Bank Limited
2026041601004445,HBL,38,28,70,213.5,14945.0,2026-04-16,186547594,134,Dipshikha Dhitopatra Karobar Co. Pvt Ltd.,Shree Krishna Securities Ltd.,2026-04-16 11:14:06.130247,Himalayan Bank Limited
2026041601004446,HBL,35,28,75,213.5,16012.5,2026-04-16,186547596,134,Kohinoor Investment & Securities Pvt. Ltd.,Shree Krishna Securities Ltd.,2026-04-16 11:14:06.130399,Himalayan Bank Limited
2026041601004447,HBL,45,28,500,213.4,106700.0,2026-04-16,186547598,134,Imperial Securities Company Pvt. Ltd.,Shree Krishna Securities Ltd.,2026-04-16 11:14:06.130496,Himalayan Bank Limited
2026041601004448,HBL,29,28,355,213.3,75721.5,2026-04-16,186547599,134,Trisul Securities & Invt. Ltd.,Shree Krishna Securities Ltd.,2026-04-16 11:14:06.130566,Himalayan Bank Limited
2026041601004455,HBL,29,47,10,213.3,2133.0,2026-04-16,186547623,134,Trisul Securities & Invt. Ltd.,Neev Securities Pvt. Ltd.,2026-04-16 11:14:08.828248,Himalayan Bank Limited
2026041601004629,HBL,58,1,35,214.0,7490.0,2026-04-16,186548278,134,Naasa Securities Co. Ltd.,Kumari Securities Private Limited,2026-04-16 11:14:44.295753,Himalayan Bank Limited
2026041601004654,HBL,14,38,10,213.5,2135.0,2026-04-16,186548389,134,Nepal Stock House (PVT) Ltd.,Dipshikha Dhitopatra Karobar Co. Pvt Ltd.,2026-04-16 11:14:53.254368,Himalayan Bank Limited
2026041601004668,HBL,14,50,10,213.5,2135.0,2026-04-16,186548439,134,Nepal Stock House (PVT) Ltd.,Cristal Kanchanjanga Securites Pvt. Ltd.,2026-04-16 11:14:55.880776,Himalayan Bank Limited
2026041601004689,HBL,14,45,10,213.5,2135.0,2026-04-16,186548507,134,Nepal Stock House (PVT) Ltd.,Imperial Securities Company Pvt. Ltd.,2026-04-16 11:15:00.299833,Himalayan Bank Limited
2026041601004917,HBL,14,38,10,213.5,2135.0,2026-04-16,186549327,134,Nepal Stock House (PVT) Ltd.,Dipshikha Dhitopatra Karobar Co. Pvt Ltd.,2026-04-16 11:15:38.460379,Himalayan Bank Limited
2026041601005068,HBL,38,1,100,214.0,21400.0,2026-04-16,186549759,134,Dipshikha Dhitopatra Karobar Co. Pvt Ltd.,Kumari Securities Private Limited,2026-04-16 11:15:58.626694,Himalayan Bank Limited
2026041601005069,HBL,38,16,30,214.0,6420.0,2026-04-16,186549761,134,Dipshikha Dhitopatra Karobar Co. Pvt Ltd.,Primo Securities (PVT) Ltd.,2026-04-16 11:15:58.627052,Himalayan Bank Limited
2026041601005070,HBL,38,49,10,214.0,2140.0,2026-04-16,186549763,134,Dipshikha Dhitopatra Karobar Co. Pvt Ltd.,Online Securities Pvt. Ltd.,2026-04-16 11:15:58.627294,Himalayan Bank Limited
2026041601005071,HBL,38,58,10,214.0,2140.0,2026-04-16,186549765,134,Dipshikha Dhitopatra Karobar Co. Pvt Ltd.,Naasa Securities Co. Ltd.,2026-04-16 11:15:58.627527,Himalayan Bank Limited
2026041601005072,HBL,38,57,10,214.0,2140.0,2026-04-16,186549767,134,Dipshikha Dhitopatra Karobar Co. Pvt Ltd.,Aryatara Investment & Securities,2026-04-16 11:15:58.627760,Himalayan Bank Limited
2026041601005073,HBL,38,84,840,214.0,179760.0,2026-04-16,186549770,134,Dipshikha Dhitopatra Karobar Co. Pvt Ltd.,MILKY WAY SHARE BROKER COMPANY LTD ,2026-04-16 11:15:58.627988,Himalayan Bank Limited
2026041601005106,HBL,57,84,500,214.0,107000.0,2026-04-16,186549936,134,Aryatara Investment & Securities,MILKY WAY SHARE BROKER COMPANY LTD ,2026-04-16 11:16:07.551934,Himalayan Bank Limited
2026041601005170,HBL,57,57,10,213.7,2137.0,2026-04-16,186550153,134,Aryatara Investment & Securities,Aryatara Investment & Securities,2026-04-16 11:16:22.931190,Himalayan Bank Limited
2026041601005188,HBL,57,32,10,213.7,2137.0,2026-04-16,186550219,134,Aryatara Investment & Securities,Premier Securities Company Ltd.,2026-04-16 11:16:27.557708,Himalayan Bank Limited
2026041601005217,HBL,58,84,660,214.0,141240.0,2026-04-16,186550289,134,Naasa Securities Co. Ltd.,MILKY WAY SHARE BROKER COMPANY LTD ,2026-04-16 11:16:28.726987,Himalayan Bank Limited
2026041601005232,HBL,58,49,10,214.0,2140.0,2026-04-16,186550327,134,Naasa Securities Co. Ltd.,Online Securities Pvt. Ltd.,2026-04-16 11:16:30.318043,Himalayan Bank Limited
2026041601005235,HBL,58,52,10,214.0,2140.0,2026-04-16,186550333,134,Naasa Securities Co. Ltd.,Sundhara Securities Limited,2026-04-16 11:16:31.052648,Himalayan Bank Limited
2026041601005324,HBL,58,29,270,214.0,57780.0,2026-04-16,186550660,134,Naasa Securities Co. Ltd.,Trisul Securities & Invt. Ltd.,2026-04-16 11:16:54.176838,Himalayan Bank Limited
2026041601005343,HBL,39,29,50,214.0,10700.0,2026-04-16,186550722,134,Sumeru Securities Pvt. Ltd.,Trisul Securities & Invt. Ltd.,2026-04-16 11:16:57.275219,Himalayan Bank Limited
2026041601005363,HBL,13,29,568,214.0,121552.0,2026-04-16,186550877,134,Thrive Brokerage House Pvt. Ltd,Trisul Securities & Invt. Ltd.,2026-04-16 11:17:06.453864,Himalayan Bank Limited
2026041601005364,HBL,13,52,92,214.0,19688.0,2026-04-16,186550880,134,Thrive Brokerage House Pvt. Ltd,Sundhara Securities Limited,2026-04-16 11:17:06.454250,Himalayan Bank Limited
2026041601005393,HBL,35,52,75,214.0,16050.0,2026-04-16,186550994,134,Kohinoor Investment & Securities Pvt. Ltd.,Sundhara Securities Limited,2026-04-16 11:17:13.419694,Himalayan Bank Limited
2026041601005435,HBL,39,52,20,214.0,4280.0,2026-04-16,186551232,134,Sumeru Securities Pvt. Ltd.,Sundhara Securities Limited,2026-04-16 11:17:28.468155,Himalayan Bank Limited
2026041601005463,HBL,57,52,250,214.0,53500.0,2026-04-16,186551328,134,Aryatara Investment & Securities,Sundhara Securities Limited,2026-04-16 11:17:34.523286,Himalayan Bank Limited
2026041601005573,HBL,58,52,10,214.0,2140.0,2026-04-16,186551730,134,Naasa Securities Co. Ltd.,Sundhara Securities Limited,2026-04-16 11:17:52.870401,Himalayan Bank Limited
2026041601005587,HBL,57,48,10,213.8,2138.0,2026-04-16,186551769,134,Aryatara Investment & Securities,Trishakti Securities Public Limited,2026-04-16 11:17:55.808874,Himalayan Bank Limited
2026041601005636,HBL,13,52,53,214.0,11342.0,2026-04-16,186551917,134,Thrive Brokerage House Pvt. Ltd,Sundhara Securities Limited,2026-04-16 11:18:03.413595,Himalayan Bank Limited
2026041601005637,HBL,13,58,10,214.0,2140.0,2026-04-16,186551919,134,Thrive Brokerage House Pvt. Ltd,Naasa Securities Co. Ltd.,2026-04-16 11:18:03.413760,Himalayan Bank Limited
2026041601005638,HBL,13,25,10,214.0,2140.0,2026-04-16,186551921,134,Thrive Brokerage House Pvt. Ltd,Sweta Securities Private Limited,2026-04-16 11:18:03.413851,Himalayan Bank Limited
2026041601005649,HBL,57,49,10,213.8,2138.0,2026-04-16,186551989,134,Aryatara Investment & Securities,Online Securities Pvt. Ltd.,2026-04-16 11:18:06.538144,Himalayan Bank Limited
2026041601005774,HBL,57,47,10,213.8,2138.0,2026-04-16,186552549,134,Aryatara Investment & Securities,Neev Securities Pvt. Ltd.,2026-04-16 11:18:46.185401,Himalayan Bank Limited
2026041601005882,HBL,57,58,10,213.8,2138.0,2026-04-16,186552935,134,Aryatara Investment & Securities,Naasa Securities Co. Ltd.,2026-04-16 11:19:13.105540,Himalayan Bank Limited
2026041601006029,HBL,57,58,10,213.7,2137.0,2026-04-16,186553413,134,Aryatara Investment & Securities,Naasa Securities Co. Ltd.,2026-04-16 11:19:45.726185,Himalayan Bank Limited
2026041601006037,HBL,57,45,10,213.7,2137.0,2026-04-16,186553449,134,Aryatara Investment & Securities,Imperial Securities Company Pvt. Ltd.,2026-04-16 11:19:46.881539,Himalayan Bank Limited
2026041601006091,HBL,57,45,10,213.7,2137.0,2026-04-16,186553595,134,Aryatara Investment & Securities,Imperial Securities Company Pvt. Ltd.,2026-04-16 11:19:55.199108,Himalayan Bank Limited
2026041601006140,HBL,57,35,10,213.7,2137.0,2026-04-16,186553853,134,Aryatara Investment & Securities,Kohinoor Investment & Securities Pvt. Ltd.,2026-04-16 11:20:11.863375,Himalayan Bank Limited
2026041601006145,HBL,57,57,10,213.7,2137.0,2026-04-16,186553905,134,Aryatara Investment & Securities,Aryatara Investment & Securities,2026-04-16 11:20:15.187645,Himalayan Bank Limited
2026041601006149,HBL,57,49,10,213.7,2137.0,2026-04-16,186553931,134,Aryatara Investment & Securities,Online Securities Pvt. Ltd.,2026-04-16 11:20:17.432246,Himalayan Bank Limited
2026041601006177,HBL,57,1,10,213.7,2137.0,2026-04-16,186554031,134,Aryatara Investment & Securities,Kumari Securities Private Limited,2026-04-16 11:20:27.310457,Himalayan Bank Limited
2026041601006208,HBL,57,58,10,213.7,2137.0,2026-04-16,186554195,134,Aryatara Investment & Securities,Naasa Securities Co. Ltd.,2026-04-16 11:20:40.424760,Himalayan Bank Limited
2026041601006220,HBL,57,70,10,213.7,2137.0,2026-04-16,186554229,134,Aryatara Investment & Securities,Infinity Securities Limited,2026-04-16 11:20:43.527580,Himalayan Bank Limited
2026041601006229,HBL,57,58,10,213.7,2137.0,2026-04-16,186554283,134,Aryatara Investment & Securities,Naasa Securities Co. Ltd.,2026-04-16 11:20:47.992147,Himalayan Bank Limited
2026041601006312,HBL,57,45,10,213.7,2137.0,2026-04-16,186554551,134,Aryatara Investment & Securities,Imperial Securities Company Pvt. Ltd.,2026-04-16 11:21:07.307497,Himalayan Bank Limited
2026041601006344,HBL,57,61,10,213.7,2137.0,2026-04-16,186554701,134,Aryatara Investment & Securities,BHOLE GANESH SECURITIES LTD,2026-04-16 11:21:15.302692,Himalayan Bank Limited
2026041601006388,HBL,57,34,10,213.7,2137.0,2026-04-16,186554867,134,Aryatara Investment & Securities,Vision Securities Pvt. Ltd,2026-04-16 11:21:22.856944,Himalayan Bank Limited
2026041601006391,HBL,57,48,10,213.7,2137.0,2026-04-16,186554877,134,Aryatara Investment & Securities,Trishakti Securities Public Limited,2026-04-16 11:21:23.774344,Himalayan Bank Limited
2026041601006395,HBL,57,34,10,213.7,2137.0,2026-04-16,186554917,134,Aryatara Investment & Securities,Vision Securities Pvt. Ltd,2026-04-16 11:21:27.599396,Himalayan Bank Limited
2026041601006443,HBL,57,87,10,213.7,2137.0,2026-04-16,186555165,134,Aryatara Investment & Securities,S.P.S.A. Securities Limited,2026-04-16 11:21:44.895204,Himalayan Bank Limited
2026041601006495,HBL,57,53,10,213.7,2137.0,2026-04-16,186555433,134,Aryatara Investment & Securities,Investment Management Nepal Pvt. Ltd.,2026-04-16 11:22:01.446436,Himalayan Bank Limited
2026041601006537,HBL,57,1,1810,213.7,386797.0,2026-04-16,186555618,134,Aryatara Investment & Securities,Kumari Securities Private Limited,2026-04-16 11:22:07.742810,Himalayan Bank Limited
2026041601006554,HBL,14,34,10,213.5,2135.0,2026-04-16,186555681,134,Nepal Stock House (PVT) Ltd.,Vision Securities Pvt. Ltd,2026-04-16 11:22:14.827508,Himalayan Bank Limited
2026041601006585,HBL,14,45,10,213.5,2135.0,2026-04-16,186555763,134,Nepal Stock House (PVT) Ltd.,Imperial Securities Company Pvt. Ltd.,2026-04-16 11:22:18.966906,Himalayan Bank Limited
2026041601006630,HBL,43,1,190,213.7,40603.0,2026-04-16,186555937,134,South Asian Bulls Pvt. Ltd.,Kumari Securities Private Limited,2026-04-16 11:22:31.564108,Himalayan Bank Limited
2026041601006660,HBL,43,49,10,213.7,2137.0,2026-04-16,186556051,134,South Asian Bulls Pvt. Ltd.,Online Securities Pvt. Ltd.,2026-04-16 11:22:37.925237,Himalayan Bank Limited
2026041601006673,HBL,43,49,10,213.7,2137.0,2026-04-16,186556099,134,South Asian Bulls Pvt. Ltd.,Online Securities Pvt. Ltd.,2026-04-16 11:22:40.465671,Himalayan Bank Limited
2026041601006679,HBL,43,38,10,213.7,2137.0,2026-04-16,186556125,134,South Asian Bulls Pvt. Ltd.,Dipshikha Dhitopatra Karobar Co. Pvt Ltd.,2026-04-16 11:22:42.274943,Himalayan Bank Limited
2026041601006714,HBL,43,11,10,213.7,2137.0,2026-04-16,186556247,134,South Asian Bulls Pvt. Ltd.,Malla & Malla Stock Broking Company Pvt. Limited,2026-04-16 11:22:49.822660,Himalayan Bank Limited
2026041601006715,HBL,29,40,10,213.8,2138.0,2026-04-16,186556251,134,Trisul Securities & Invt. Ltd.,Creative Securities Pvt Ltd,2026-04-16 11:22:50.193719,Himalayan Bank Limited
2026041601006716,HBL,29,49,10,213.8,2138.0,2026-04-16,186556253,134,Trisul Securities & Invt. Ltd.,Online Securities Pvt. Ltd.,2026-04-16 11:22:50.194199,Himalayan Bank Limited
2026041601006717,HBL,29,36,10,213.8,2138.0,2026-04-16,186556255,134,Trisul Securities & Invt. Ltd.,Secured Securities Ltd.,2026-04-16 11:22:50.194517,Himalayan Bank Limited
2026041601006718,HBL,29,42,10,213.8,2138.0,2026-04-16,186556257,134,Trisul Securities & Invt. Ltd.,Sani Securities Company Ltd.,2026-04-16 11:22:50.194831,Himalayan Bank Limited
2026041601006723,HBL,29,1,10,213.8,2138.0,2026-04-16,186556313,134,Trisul Securities & Invt. Ltd.,Kumari Securities Private Limited,2026-04-16 11:22:51.828190,Himalayan Bank Limited
2026041601006739,HBL,29,57,10,213.8,2138.0,2026-04-16,186556391,134,Trisul Securities & Invt. Ltd.,Aryatara Investment & Securities,2026-04-16 11:22:59.512826,Himalayan Bank Limited
2026041601006766,HBL,29,25,10,213.8,2138.0,2026-04-16,186556471,134,Trisul Securities & Invt. Ltd.,Sweta Securities Private Limited,2026-04-16 11:23:07.587893,Himalayan Bank Limited
2026041601006819,HBL,29,28,10,213.8,2138.0,2026-04-16,186556709,134,Trisul Securities & Invt. Ltd.,Shree Krishna Securities Ltd.,2026-04-16 11:23:25.859950,Himalayan Bank Limited
2026041601006853,HBL,29,92,57,213.8,12186.6,2026-04-16,186556867,134,Trisul Securities & Invt. Ltd.,Roadshow securities limited,2026-04-16 11:23:36.409969,Himalayan Bank Limited
2026041601006859,HBL,29,1,498,213.8,106472.4,2026-04-16,186556900,134,Trisul Securities & Invt. Ltd.,Kumari Securities Private Limited,2026-04-16 11:23:38.824129,Himalayan Bank Limited
2026041601006997,HBL,34,1,20,213.8,4276.0,2026-04-16,186557426,134,Vision Securities Pvt. Ltd,Kumari Securities Private Limited,2026-04-16 11:24:07.258349,Himalayan Bank Limited
2026041601007024,HBL,51,1,100,213.8,21380.0,2026-04-16,186557520,134,Oxford Securities Pvt. Ltd.,Kumari Securities Private Limited,2026-04-16 11:24:14.675440,Himalayan Bank Limited
2026041601007038,HBL,43,80,10,213.7,2137.0,2026-04-16,186557561,134,South Asian Bulls Pvt. Ltd.,Indira securities pvt. ltd,2026-04-16 11:24:19.819396,Himalayan Bank Limited
2026041601007120,HBL,43,48,10,213.7,2137.0,2026-04-16,186558011,134,South Asian Bulls Pvt. Ltd.,Trishakti Securities Public Limited,2026-04-16 11:24:39.644342,Himalayan Bank Limited
2026041601007142,HBL,43,97,10,213.7,2137.0,2026-04-16,186558159,134,South Asian Bulls Pvt. Ltd.,R.B.B. Securities Company Ltd,2026-04-16 11:24:44.558366,Himalayan Bank Limited
2026041601007187,HBL,4,1,12,213.8,2565.6,2026-04-16,186558312,134,Opal Securities Investment (PVT) Ltd.,Kumari Securities Private Limited,2026-04-16 11:24:51.303947,Himalayan Bank Limited
2026041601007265,HBL,43,34,10,213.7,2137.0,2026-04-16,186558523,134,South Asian Bulls Pvt. Ltd.,Vision Securities Pvt. Ltd,2026-04-16 11:25:00.597641,Himalayan Bank Limited
2026041601007363,HBL,43,14,10,213.7,2137.0,2026-04-16,186559003,134,South Asian Bulls Pvt. Ltd.,Nepal Stock House (PVT) Ltd.,2026-04-16 11:25:36.029983,Himalayan Bank Limited
2026041601007402,HBL,43,49,10,213.7,2137.0,2026-04-16,186559143,134,South Asian Bulls Pvt. Ltd.,Online Securities Pvt. Ltd.,2026-04-16 11:25:45.124840,Himalayan Bank Limited
2026041601007433,HBL,43,58,10,213.7,2137.0,2026-04-16,186559295,134,South Asian Bulls Pvt. Ltd.,Naasa Securities Co. Ltd.,2026-04-16 11:25:53.074636,Himalayan Bank Limited
2026041601007449,HBL,43,57,100,213.7,21370.0,2026-04-16,186559360,134,South Asian Bulls Pvt. Ltd.,Aryatara Investment & Securities,2026-04-16 11:26:00.892194,Himalayan Bank Limited
2026041601007450,HBL,38,57,100,213.7,21370.0,2026-04-16,186559362,134,Dipshikha Dhitopatra Karobar Co. Pvt Ltd.,Aryatara Investment & Securities,2026-04-16 11:26:00.892471,Himalayan Bank Limited
2026041601007451,HBL,58,57,40,213.7,8548.0,2026-04-16,186559364,134,Naasa Securities Co. Ltd.,Aryatara Investment & Securities,2026-04-16 11:26:00.892601,Himalayan Bank Limited
2026041601007463,HBL,51,87,10,213.6,2136.0,2026-04-16,186559413,134,Oxford Securities Pvt. Ltd.,S.P.S.A. Securities Limited,2026-04-16 11:26:03.237995,Himalayan Bank Limited
2026041601007567,HBL,51,57,90,213.6,19224.0,2026-04-16,186559892,134,Oxford Securities Pvt. Ltd.,Aryatara Investment & Securities,2026-04-16 11:26:33.957370,Himalayan Bank Limited
2026041601007568,HBL,52,57,70,213.6,14952.0,2026-04-16,186559893,134,Sundhara Securities Limited,Aryatara Investment & Securities,2026-04-16 11:26:33.957873,Himalayan Bank Limited
2026041601007596,HBL,52,17,445,213.6,95052.0,2026-04-16,186559956,134,Sundhara Securities Limited,ABC Securities Private Limited,2026-04-16 11:26:36.667027,Himalayan Bank Limited
2026041601007599,HBL,14,52,10,213.5,2135.0,2026-04-16,186559963,134,Nepal Stock House (PVT) Ltd.,Sundhara Securities Limited,2026-04-16 11:26:38.157909,Himalayan Bank Limited
2026041601007619,HBL,14,38,30,213.5,6405.0,2026-04-16,186560058,134,Nepal Stock House (PVT) Ltd.,Dipshikha Dhitopatra Karobar Co. Pvt Ltd.,2026-04-16 11:26:45.910880,Himalayan Bank Limited
2026041601007620,HBL,58,38,20,213.5,4270.0,2026-04-16,186560060,134,Naasa Securities Co. Ltd.,Dipshikha Dhitopatra Karobar Co. Pvt Ltd.,2026-04-16 11:26:45.911131,Himalayan Bank Limited
2026041601007621,HBL,58,38,700,213.5,149450.0,2026-04-16,186560062,134,Naasa Securities Co. Ltd.,Dipshikha Dhitopatra Karobar Co. Pvt Ltd.,2026-04-16 11:26:45.911243,Himalayan Bank Limited
2026041601007622,HBL,45,38,30,213.5,6405.0,2026-04-16,186560064,134,Imperial Securities Company Pvt. Ltd.,Dipshikha Dhitopatra Karobar Co. Pvt Ltd.,2026-04-16 11:26:45.911353,Himalayan Bank Limited
2026041601007623,HBL,47,38,370,213.5,78995.0,2026-04-16,186560065,134,Neev Securities Pvt. Ltd.,Dipshikha Dhitopatra Karobar Co. Pvt Ltd.,2026-04-16 11:26:45.911462,Himalayan Bank Limited
2026041601007634,HBL,47,1,130,213.5,27755.0,2026-04-16,186560146,134,Neev Securities Pvt. Ltd.,Kumari Securities Private Limited,2026-04-16 11:26:48.075809,Himalayan Bank Limited
2026041601007635,HBL,35,1,100,213.5,21350.0,2026-04-16,186560148,134,Kohinoor Investment & Securities Pvt. Ltd.,Kumari Securities Private Limited,2026-04-16 11:26:48.076310,Himalayan Bank Limited
2026041601007636,HBL,17,1,1000,213.5,213500.0,2026-04-16,186560150,134,ABC Securities Private Limited,Kumari Securities Private Limited,2026-04-16 11:26:48.076640,Himalayan Bank Limited
2026041601007637,HBL,38,1,150,213.5,32025.0,2026-04-16,186560152,134,Dipshikha Dhitopatra Karobar Co. Pvt Ltd.,Kumari Securities Private Limited,2026-04-16 11:26:48.076977,Himalayan Bank Limited
2026041601007638,HBL,57,1,460,213.5,98210.0,2026-04-16,186560154,134,Aryatara Investment & Securities,Kumari Securities Private Limited,2026-04-16 11:26:48.077356,Himalayan Bank Limited
2026041601007749,HBL,54,45,10,213.3,2133.0,2026-04-16,186560565,134,Sewa Securities Pvt. Ltd.,Imperial Securities Company Pvt. Ltd.,2026-04-16 11:27:18.118985,Himalayan Bank Limited
2026041601007762,HBL,54,17,140,213.3,29862.0,2026-04-16,186560612,134,Sewa Securities Pvt. Ltd.,ABC Securities Private Limited,2026-04-16 11:27:19.530580,Himalayan Bank Limited
2026041601007793,HBL,38,17,915,213.3,195169.5,2026-04-16,186560763,134,Dipshikha Dhitopatra Karobar Co. Pvt Ltd.,ABC Securities Private Limited,2026-04-16 11:27:30.056601,Himalayan Bank Limited
2026041601007794,HBL,38,1,85,213.5,18147.5,2026-04-16,186560766,134,Dipshikha Dhitopatra Karobar Co. Pvt Ltd.,Kumari Securities Private Limited,2026-04-16 11:27:30.057102,Himalayan Bank Limited
2026041601007893,HBL,58,7,10,213.1,2131.0,2026-04-16,186561111,134,Naasa Securities Co. Ltd.,J.F. Securites (PVT) Ltd.,2026-04-16 11:27:54.015976,Himalayan Bank Limited
2026041601007954,HBL,58,44,20,213.1,4262.0,2026-04-16,186561375,134,Naasa Securities Co. Ltd.,Dynamic Money Managers Securities Pvt. Ltd.,2026-04-16 11:28:18.270268,Himalayan Bank Limited
2026041601007962,HBL,58,58,10,213.1,2131.0,2026-04-16,186561407,134,Naasa Securities Co. Ltd.,Naasa Securities Co. Ltd.,2026-04-16 11:28:20.210390,Himalayan Bank Limited
2026041601007984,HBL,58,16,10,213.1,2131.0,2026-04-16,186561527,134,Naasa Securities Co. Ltd.,Primo Securities (PVT) Ltd.,2026-04-16 11:28:27.835763,Himalayan Bank Limited
2026041601008029,HBL,58,42,10,213.1,2131.0,2026-04-16,186561697,134,Naasa Securities Co. Ltd.,Sani Securities Company Ltd.,2026-04-16 11:28:38.543072,Himalayan Bank Limited
2026041601008064,HBL,58,1,940,213.1,200314.0,2026-04-16,186561898,134,Naasa Securities Co. Ltd.,Kumari Securities Private Limited,2026-04-16 11:28:51.643121,Himalayan Bank Limited
2026041601008065,HBL,58,1,1000,213.1,213100.0,2026-04-16,186561900,134,Naasa Securities Co. Ltd.,Kumari Securities Private Limited,2026-04-16 11:28:51.643634,Himalayan Bank Limited
2026041601008066,HBL,13,1,60,213.1,12786.0,2026-04-16,186561901,134,Thrive Brokerage House Pvt. Ltd,Kumari Securities Private Limited,2026-04-16 11:28:51.643992,Himalayan Bank Limited
2026041601008094,HBL,62,62,10,213.4,2134.0,2026-04-16,186561971,134,Capital Max Securities Ltd,Capital Max Securities Ltd,2026-04-16 11:28:56.561496,Himalayan Bank Limited
2026041601008095,HBL,62,51,10,213.4,2134.0,2026-04-16,186561974,134,Capital Max Securities Ltd,Oxford Securities Pvt. Ltd.,2026-04-16 11:28:56.561664,Himalayan Bank Limited
2026041601008099,HBL,13,59,10,213.1,2131.0,2026-04-16,186561991,134,Thrive Brokerage House Pvt. Ltd,Deevyaa Securities & Stock House Pvt. Ltd,2026-04-16 11:28:58.088804,Himalayan Bank Limited
2026041601008143,HBL,13,45,10,213.1,2131.0,2026-04-16,186562227,134,Thrive Brokerage House Pvt. Ltd,Imperial Securities Company Pvt. Ltd.,2026-04-16 11:29:08.878718,Himalayan Bank Limited
2026041601008191,HBL,13,39,10,213.1,2131.0,2026-04-16,186562427,134,Thrive Brokerage House Pvt. Ltd,Sumeru Securities Pvt. Ltd.,2026-04-16 11:29:21.825580,Himalayan Bank Limited
2026041601008194,HBL,13,58,10,213.1,2131.0,2026-04-16,186562451,134,Thrive Brokerage House Pvt. Ltd,Naasa Securities Co. Ltd.,2026-04-16 11:29:24.520805,Himalayan Bank Limited
2026041601008279,HBL,13,7,10,213.1,2131.0,2026-04-16,186562817,134,Thrive Brokerage House Pvt. Ltd,J.F. Securites (PVT) Ltd.,2026-04-16 11:29:45.117768,Himalayan Bank Limited
2026041601008303,HBL,13,3,10,213.1,2131.0,2026-04-16,186562945,134,Thrive Brokerage House Pvt. Ltd,Arun Securities (PVT) Ltd.,2026-04-16 11:29:56.492823,Himalayan Bank Limited
2026041601008371,HBL,13,34,10,213.1,2131.0,2026-04-16,186563227,134,Thrive Brokerage House Pvt. Ltd,Vision Securities Pvt. Ltd,2026-04-16 11:30:11.383621,Himalayan Bank Limited
2026041601008386,HBL,13,44,20,213.1,4262.0,2026-04-16,186563407,134,Thrive Brokerage House Pvt. Ltd,Dynamic Money Managers Securities Pvt. Ltd.,2026-04-16 11:30:20.702086,Himalayan Bank Limited
2026041601008391,HBL,13,34,10,213.1,2131.0,2026-04-16,186563441,134,Thrive Brokerage House Pvt. Ltd,Vision Securities Pvt. Ltd,2026-04-16 11:30:24.201395,Himalayan Bank Limited
2026041601008439,HBL,13,58,10,213.1,2131.0,2026-04-16,186563617,134,Thrive Brokerage House Pvt. Ltd,Naasa Securities Co. Ltd.,2026-04-16 11:30:32.657652,Himalayan Bank Limited
2026041601008465,HBL,13,14,10,213.1,2131.0,2026-04-16,186563699,134,Thrive Brokerage House Pvt. Ltd,Nepal Stock House (PVT) Ltd.,2026-04-16 11:30:39.031683,Himalayan Bank Limited
2026041601008468,HBL,13,26,10,213.1,2131.0,2026-04-16,186563707,134,Thrive Brokerage House Pvt. Ltd,Asian Securities Private Ltd.,2026-04-16 11:30:39.354928,Himalayan Bank Limited
2026041601008473,HBL,13,38,10,213.1,2131.0,2026-04-16,186563759,134,Thrive Brokerage House Pvt. Ltd,Dipshikha Dhitopatra Karobar Co. Pvt Ltd.,2026-04-16 11:30:42.271537,Himalayan Bank Limited
2026041601008498,HBL,13,38,10,213.1,2131.0,2026-04-16,186563907,134,Thrive Brokerage House Pvt. Ltd,Dipshikha Dhitopatra Karobar Co. Pvt Ltd.,2026-04-16 11:30:46.593008,Himalayan Bank Limited
2026041601008515,HBL,13,58,10,213.1,2131.0,2026-04-16,186564015,134,Thrive Brokerage House Pvt. Ltd,Naasa Securities Co. Ltd.,2026-04-16 11:30:54.540328,Himalayan Bank Limited
2026041601008536,HBL,13,58,280,213.1,59668.0,2026-04-16,186564112,134,Thrive Brokerage House Pvt. Ltd,Naasa Securities Co. Ltd.,2026-04-16 11:30:58.951303,Himalayan Bank Limited
2026041601008537,HBL,58,58,50,213.0,10650.0,2026-04-16,186564114,134,Naasa Securities Co. Ltd.,Naasa Securities Co. Ltd.,2026-04-16 11:30:58.951795,Himalayan Bank Limited
2026041601008538,HBL,13,58,40,213.0,8520.0,2026-04-16,186564116,134,Thrive Brokerage House Pvt. Ltd,Naasa Securities Co. Ltd.,2026-04-16 11:30:58.952181,Himalayan Bank Limited
2026041601008539,HBL,36,58,2000,213.0,426000.0,2026-04-16,186564118,134,Secured Securities Ltd.,Naasa Securities Co. Ltd.,2026-04-16 11:30:58.952516,Himalayan Bank Limited
2026041601008540,HBL,57,58,100,213.0,21300.0,2026-04-16,186564120,134,Aryatara Investment & Securities,Naasa Securities Co. Ltd.,2026-04-16 11:30:58.952868,Himalayan Bank Limited
2026041601008541,HBL,57,58,200,213.0,42600.0,2026-04-16,186564122,134,Aryatara Investment & Securities,Naasa Securities Co. Ltd.,2026-04-16 11:30:58.953230,Himalayan Bank Limited
2026041601008542,HBL,35,58,100,213.0,21300.0,2026-04-16,186564124,134,Kohinoor Investment & Securities Pvt. Ltd.,Naasa Securities Co. Ltd.,2026-04-16 11:30:58.953576,Himalayan Bank Limited
2026041601008543,HBL,58,58,150,213.0,31950.0,2026-04-16,186564126,134,Naasa Securities Co. Ltd.,Naasa Securities Co. Ltd.,2026-04-16 11:30:58.953942,Himalayan Bank Limited
2026041601008544,HBL,7,58,500,213.0,106500.0,2026-04-16,186564128,134,J.F. Securites (PVT) Ltd.,Naasa Securities Co. Ltd.,2026-04-16 11:30:58.954290,Himalayan Bank Limited
2026041601008545,HBL,49,58,235,213.0,50055.0,2026-04-16,186564130,134,Online Securities Pvt. Ltd.,Naasa Securities Co. Ltd.,2026-04-16 11:30:58.954635,Himalayan Bank Limited
2026041601008546,HBL,32,58,200,213.0,42600.0,2026-04-16,186564132,134,Premier Securities Company Ltd.,Naasa Securities Co. Ltd.,2026-04-16 11:30:58.954984,Himalayan Bank Limited
2026041601008547,HBL,57,58,441,213.0,93933.0,2026-04-16,186564134,134,Aryatara Investment & Securities,Naasa Securities Co. Ltd.,2026-04-16 11:30:58.955384,Himalayan Bank Limited
2026041601008548,HBL,34,58,100,213.0,21300.0,2026-04-16,186564136,134,Vision Securities Pvt. Ltd,Naasa Securities Co. Ltd.,2026-04-16 11:30:58.955735,Himalayan Bank Limited
2026041601008549,HBL,58,58,200,213.0,42600.0,2026-04-16,186564138,134,Naasa Securities Co. Ltd.,Naasa Securities Co. Ltd.,2026-04-16 11:30:58.956095,Himalayan Bank Limited
2026041601008550,HBL,99,58,228,213.0,48564.0,2026-04-16,186564139,134,Prabhu Stock Market Limited,Naasa Securities Co. Ltd.,2026-04-16 11:30:58.956447,Himalayan Bank Limited
2026041601008577,HBL,99,1,232,213.0,49416.0,2026-04-16,186564226,134,Prabhu Stock Market Limited,Kumari Securities Private Limited,2026-04-16 11:31:03.459148,Himalayan Bank Limited
2026041601008578,HBL,32,1,20,213.0,4260.0,2026-04-16,186564228,134,Premier Securities Company Ltd.,Kumari Securities Private Limited,2026-04-16 11:31:03.459630,Himalayan Bank Limited
2026041601008579,HBL,14,1,90,213.0,19170.0,2026-04-16,186564230,134,Nepal Stock House (PVT) Ltd.,Kumari Securities Private Limited,2026-04-16 11:31:03.459987,Himalayan Bank Limited
2026041601008580,HBL,58,1,80,213.0,17040.0,2026-04-16,186564232,134,Naasa Securities Co. Ltd.,Kumari Securities Private Limited,2026-04-16 11:31:03.460321,Himalayan Bank Limited
2026041601008581,HBL,13,1,50,213.0,10650.0,2026-04-16,186564234,134,Thrive Brokerage House Pvt. Ltd,Kumari Securities Private Limited,2026-04-16 11:31:03.460647,Himalayan Bank Limited
2026041601008582,HBL,58,1,25,213.0,5325.0,2026-04-16,186564236,134,Naasa Securities Co. Ltd.,Kumari Securities Private Limited,2026-04-16 11:31:03.460966,Himalayan Bank Limited
2026041601008633,HBL,54,38,10,212.8,2128.0,2026-04-16,186564357,134,Sewa Securities Pvt. Ltd.,Dipshikha Dhitopatra Karobar Co. Pvt Ltd.,2026-04-16 11:31:06.863323,Himalayan Bank Limited
2026041601008642,HBL,35,1,30,213.0,6390.0,2026-04-16,186564388,134,Kohinoor Investment & Securities Pvt. Ltd.,Kumari Securities Private Limited,2026-04-16 11:31:08.383266,Himalayan Bank Limited
2026041601008667,HBL,54,38,10,212.8,2128.0,2026-04-16,186564513,134,Sewa Securities Pvt. Ltd.,Dipshikha Dhitopatra Karobar Co. Pvt Ltd.,2026-04-16 11:31:15.581813,Himalayan Bank Limited
2026041601008724,HBL,6,1,40,213.0,8520.0,2026-04-16,186564770,134,Agrawal Securities (PVT) Ltd.,Kumari Securities Private Limited,2026-04-16 11:31:30.692553,Himalayan Bank Limited
2026041601008731,HBL,54,7,10,212.8,2128.0,2026-04-16,186564803,134,Sewa Securities Pvt. Ltd.,J.F. Securites (PVT) Ltd.,2026-04-16 11:31:32.770932,Himalayan Bank Limited
2026041601008734,HBL,54,38,10,212.8,2128.0,2026-04-16,186564825,134,Sewa Securities Pvt. Ltd.,Dipshikha Dhitopatra Karobar Co. Pvt Ltd.,2026-04-16 11:31:35.088921,Himalayan Bank Limited
2026041601008774,HBL,54,40,10,212.8,2128.0,2026-04-16,186564995,134,Sewa Securities Pvt. Ltd.,Creative Securities Pvt Ltd,2026-04-16 11:31:43.800788,Himalayan Bank Limited
2026041601008785,HBL,54,32,10,212.8,2128.0,2026-04-16,186565107,134,Sewa Securities Pvt. Ltd.,Premier Securities Company Ltd.,2026-04-16 11:31:49.393201,Himalayan Bank Limited
2026041601008799,HBL,54,38,10,212.8,2128.0,2026-04-16,186565215,134,Sewa Securities Pvt. Ltd.,Dipshikha Dhitopatra Karobar Co. Pvt Ltd.,2026-04-16 11:31:56.622764,Himalayan Bank Limited
2026041601008800,HBL,58,1,40,213.0,8520.0,2026-04-16,186565248,134,Naasa Securities Co. Ltd.,Kumari Securities Private Limited,2026-04-16 11:31:57.614906,Himalayan Bank Limited
2026041601008803,HBL,57,13,10,212.7,2127.0,2026-04-16,186565253,134,Aryatara Investment & Securities,Thrive Brokerage House Pvt. Ltd,2026-04-16 11:31:58.706816,Himalayan Bank Limited
2026041601008948,HBL,57,22,10,212.7,2127.0,2026-04-16,186565805,134,Aryatara Investment & Securities,Siprabi Securities Pvt. Ltd.,2026-04-16 11:32:18.271056,Himalayan Bank Limited
2026041601008949,HBL,57,38,10,212.7,2127.0,2026-04-16,186565813,134,Aryatara Investment & Securities,Dipshikha Dhitopatra Karobar Co. Pvt Ltd.,2026-04-16 11:32:18.976617,Himalayan Bank Limited
2026041601008998,HBL,57,56,127,212.7,27012.9,2026-04-16,186566063,134,Aryatara Investment & Securities,Sri Hari Securities Pvt. Ltd.,2026-04-16 11:32:35.773486,Himalayan Bank Limited
2026041601009018,HBL,57,35,10,212.7,2127.0,2026-04-16,186566179,134,Aryatara Investment & Securities,Kohinoor Investment & Securities Pvt. Ltd.,2026-04-16 11:32:41.474313,Himalayan Bank Limited
2026041601009051,HBL,57,5,10,212.7,2127.0,2026-04-16,186566399,134,Aryatara Investment & Securities,Market Securities & Exchange (PVT) Ltd.,2026-04-16 11:32:56.665345,Himalayan Bank Limited
2026041601009058,HBL,57,34,10,212.7,2127.0,2026-04-16,186566417,134,Aryatara Investment & Securities,Vision Securities Pvt. Ltd,2026-04-16 11:32:57.566570,Himalayan Bank Limited
2026041601009229,HBL,57,54,10,212.7,2127.0,2026-04-16,186566973,134,Aryatara Investment & Securities,Sewa Securities Pvt. Ltd.,2026-04-16 11:33:18.042700,Himalayan Bank Limited
2026041601009260,HBL,57,3,10,212.7,2127.0,2026-04-16,186567153,134,Aryatara Investment & Securities,Arun Securities (PVT) Ltd.,2026-04-16 11:33:25.011097,Himalayan Bank Limited
2026041601009269,HBL,57,48,10,212.7,2127.0,2026-04-16,186567219,134,Aryatara Investment & Securities,Trishakti Securities Public Limited,2026-04-16 11:33:28.539910,Himalayan Bank Limited
2026041601009385,HBL,57,11,10,212.7,2127.0,2026-04-16,186567895,134,Aryatara Investment & Securities,Malla & Malla Stock Broking Company Pvt. Limited,2026-04-16 11:33:53.906934,Himalayan Bank Limited
2026041601009504,HBL,57,58,10,212.7,2127.0,2026-04-16,186568303,134,Aryatara Investment & Securities,Naasa Securities Co. Ltd.,2026-04-16 11:34:12.763120,Himalayan Bank Limited
2026041601009522,HBL,57,51,10,212.7,2127.0,2026-04-16,186568377,134,Aryatara Investment & Securities,Oxford Securities Pvt. Ltd.,2026-04-16 11:34:18.696586,Himalayan Bank Limited
2026041601009523,HBL,57,58,10,212.7,2127.0,2026-04-16,186568381,134,Aryatara Investment & Securities,Naasa Securities Co. Ltd.,2026-04-16 11:34:19.404327,Himalayan Bank Limited
2026041601009587,HBL,57,49,10,212.7,2127.0,2026-04-16,186568645,134,Aryatara Investment & Securities,Online Securities Pvt. Ltd.,2026-04-16 11:34:37.561079,Himalayan Bank Limited
2026041601009715,HBL,57,65,233,212.7,49559.1,2026-04-16,186569234,134,Aryatara Investment & Securities,Sharepro Securities Private Limited,2026-04-16 11:35:13.559709,Himalayan Bank Limited
2026041601009716,HBL,34,65,500,212.7,106350.0,2026-04-16,186569236,134,Vision Securities Pvt. Ltd,Sharepro Securities Private Limited,2026-04-16 11:35:13.560278,Himalayan Bank Limited
2026041601009717,HBL,58,65,71,212.5,15087.5,2026-04-16,186569238,134,Naasa Securities Co. Ltd.,Sharepro Securities Private Limited,2026-04-16 11:35:13.560645,Himalayan Bank Limited
2026041601009718,HBL,52,65,10,212.5,2125.0,2026-04-16,186569240,134,Sundhara Securities Limited,Sharepro Securities Private Limited,2026-04-16 11:35:13.561005,Himalayan Bank Limited
2026041601009719,HBL,50,65,186,212.0,39432.0,2026-04-16,186569241,134,Cristal Kanchanjanga Securites Pvt. Ltd.,Sharepro Securities Private Limited,2026-04-16 11:35:13.561393,Himalayan Bank Limited
2026041601009720,HBL,50,38,10,212.0,2120.0,2026-04-16,186569247,134,Cristal Kanchanjanga Securites Pvt. Ltd.,Dipshikha Dhitopatra Karobar Co. Pvt Ltd.,2026-04-16 11:35:14.025125,Himalayan Bank Limited
2026041601009796,HBL,50,56,10,212.0,2120.0,2026-04-16,186569583,134,Cristal Kanchanjanga Securites Pvt. Ltd.,Sri Hari Securities Pvt. Ltd.,2026-04-16 11:35:33.288134,Himalayan Bank Limited
2026041601009812,HBL,50,58,10,212.0,2120.0,2026-04-16,186569683,134,Cristal Kanchanjanga Securites Pvt. Ltd.,Naasa Securities Co. Ltd.,2026-04-16 11:35:39.749356,Himalayan Bank Limited
2026041601009818,HBL,50,49,10,212.0,2120.0,2026-04-16,186569709,134,Cristal Kanchanjanga Securites Pvt. Ltd.,Online Securities Pvt. Ltd.,2026-04-16 11:35:42.369291,Himalayan Bank Limited
2026041601009822,HBL,50,58,74,212.0,15688.0,2026-04-16,186569718,134,Cristal Kanchanjanga Securites Pvt. Ltd.,Naasa Securities Co. Ltd.,2026-04-16 11:35:42.578077,Himalayan Bank Limited
2026041601009823,HBL,49,58,180,212.0,38160.0,2026-04-16,186569720,134,Online Securities Pvt. Ltd.,Naasa Securities Co. Ltd.,2026-04-16 11:35:42.578574,Himalayan Bank Limited
2026041601009824,HBL,57,58,100,212.0,21200.0,2026-04-16,186569722,134,Aryatara Investment & Securities,Naasa Securities Co. Ltd.,2026-04-16 11:35:42.578918,Himalayan Bank Limited
2026041601009825,HBL,41,58,97,212.0,20564.0,2026-04-16,186569724,134,Linch Stock Market Ltd.,Naasa Securities Co. Ltd.,2026-04-16 11:35:42.579283,Himalayan Bank Limited
2026041601009826,HBL,22,58,50,212.0,10600.0,2026-04-16,186569726,134,Siprabi Securities Pvt. Ltd.,Naasa Securities Co. Ltd.,2026-04-16 11:35:42.579622,Himalayan Bank Limited
2026041601009827,HBL,58,58,100,212.0,21200.0,2026-04-16,186569728,134,Naasa Securities Co. Ltd.,Naasa Securities Co. Ltd.,2026-04-16 11:35:42.579975,Himalayan Bank Limited
2026041601009828,HBL,17,58,80,212.0,16960.0,2026-04-16,186569730,134,ABC Securities Private Limited,Naasa Securities Co. Ltd.,2026-04-16 11:35:42.580308,Himalayan Bank Limited
2026041601009884,HBL,58,58,400,212.0,84800.0,2026-04-16,186569886,134,Naasa Securities Co. Ltd.,Naasa Securities Co. Ltd.,2026-04-16 11:35:46.851417,Himalayan Bank Limited
2026041601009905,HBL,41,58,10,212.0,2120.0,2026-04-16,186570050,134,Linch Stock Market Ltd.,Naasa Securities Co. Ltd.,2026-04-16 11:35:55.327913,Himalayan Bank Limited
2026041601009909,HBL,58,58,409,212.0,86708.0,2026-04-16,186570071,134,Naasa Securities Co. Ltd.,Naasa Securities Co. Ltd.,2026-04-16 11:35:56.450510,Himalayan Bank Limited
2026041601009910,HBL,58,34,10,212.0,2120.0,2026-04-16,186570073,134,Naasa Securities Co. Ltd.,Vision Securities Pvt. Ltd,2026-04-16 11:35:56.451073,Himalayan Bank Limited
2026041601009977,HBL,58,48,10,212.0,2120.0,2026-04-16,186570407,134,Naasa Securities Co. Ltd.,Trishakti Securities Public Limited,2026-04-16 11:36:13.894867,Himalayan Bank Limited
2026041601010111,HBL,58,3,10,212.0,2120.0,2026-04-16,186570999,134,Naasa Securities Co. Ltd.,Arun Securities (PVT) Ltd.,2026-04-16 11:36:47.730062,Himalayan Bank Limited
2026041601010114,HBL,52,42,10,212.9,2129.0,2026-04-16,186571025,134,Sundhara Securities Limited,Sani Securities Company Ltd.,2026-04-16 11:36:50.056727,Himalayan Bank Limited
2026041601010115,HBL,52,57,10,212.9,2129.0,2026-04-16,186571027,134,Sundhara Securities Limited,Aryatara Investment & Securities,2026-04-16 11:36:50.057284,Himalayan Bank Limited
2026041601010134,HBL,58,48,10,212.0,2120.0,2026-04-16,186571087,134,Naasa Securities Co. Ltd.,Trishakti Securities Public Limited,2026-04-16 11:36:53.407391,Himalayan Bank Limited
2026041601010247,HBL,58,48,10,212.0,2120.0,2026-04-16,186571543,134,Naasa Securities Co. Ltd.,Trishakti Securities Public Limited,2026-04-16 11:37:24.435079,Himalayan Bank Limited
2026041601010257,HBL,58,58,10,212.0,2120.0,2026-04-16,186571585,134,Naasa Securities Co. Ltd.,Naasa Securities Co. Ltd.,2026-04-16 11:37:29.603503,Himalayan Bank Limited
2026041601010259,HBL,58,52,10,212.0,2120.0,2026-04-16,186571607,134,Naasa Securities Co. Ltd.,Sundhara Securities Limited,2026-04-16 11:37:30.963583,Himalayan Bank Limited
2026041601010285,HBL,58,58,10,212.0,2120.0,2026-04-16,186571675,134,Naasa Securities Co. Ltd.,Naasa Securities Co. Ltd.,2026-04-16 11:37:35.602797,Himalayan Bank Limited
2026041601010290,HBL,58,6,10,212.0,2120.0,2026-04-16,186571719,134,Naasa Securities Co. Ltd.,Agrawal Securities (PVT) Ltd.,2026-04-16 11:37:39.131220,Himalayan Bank Limited
2026041601010313,HBL,38,66,10,212.0,2120.0,2026-04-16,186571847,134,Dipshikha Dhitopatra Karobar Co. Pvt Ltd.,Miyo Securities Pvt Ltd,2026-04-16 11:37:49.858109,Himalayan Bank Limited
2026041601010339,HBL,38,57,10,212.0,2120.0,2026-04-16,186572011,134,Dipshikha Dhitopatra Karobar Co. Pvt Ltd.,Aryatara Investment & Securities,2026-04-16 11:37:58.216184,Himalayan Bank Limited
2026041601010353,HBL,38,7,10,212.0,2120.0,2026-04-16,186572075,134,Dipshikha Dhitopatra Karobar Co. Pvt Ltd.,J.F. Securites (PVT) Ltd.,2026-04-16 11:38:02.073916,Himalayan Bank Limited
2026041601010456,HBL,43,42,480,212.1,101808.0,2026-04-16,186572461,134,South Asian Bulls Pvt. Ltd.,Sani Securities Company Ltd.,2026-04-16 11:38:19.907288,Himalayan Bank Limited
2026041601010482,HBL,43,74,10,212.1,2121.0,2026-04-16,186572565,134,South Asian Bulls Pvt. Ltd.,KALASH STOCK MARKET PVT. LTD.,2026-04-16 11:38:26.819416,Himalayan Bank Limited
2026041601010495,HBL,43,38,10,212.1,2121.0,2026-04-16,186572645,134,South Asian Bulls Pvt. Ltd.,Dipshikha Dhitopatra Karobar Co. Pvt Ltd.,2026-04-16 11:38:30.575997,Himalayan Bank Limited
2026041601010644,HBL,38,39,10,212.0,2120.0,2026-04-16,186573137,134,Dipshikha Dhitopatra Karobar Co. Pvt Ltd.,Sumeru Securities Pvt. Ltd.,2026-04-16 11:39:01.470753,Himalayan Bank Limited
2026041601010738,HBL,38,34,10,212.0,2120.0,2026-04-16,186573501,134,Dipshikha Dhitopatra Karobar Co. Pvt Ltd.,Vision Securities Pvt. Ltd,2026-04-16 11:39:22.831854,Himalayan Bank Limited
2026041601010767,HBL,38,40,10,212.1,2121.0,2026-04-16,186573643,134,Dipshikha Dhitopatra Karobar Co. Pvt Ltd.,Creative Securities Pvt Ltd,2026-04-16 11:39:33.649431,Himalayan Bank Limited
2026041601010795,HBL,38,34,10,212.1,2121.0,2026-04-16,186573759,134,Dipshikha Dhitopatra Karobar Co. Pvt Ltd.,Vision Securities Pvt. Ltd,2026-04-16 11:39:43.858840,Himalayan Bank Limited
2026041601010819,HBL,38,58,10,212.1,2121.0,2026-04-16,186573899,134,Dipshikha Dhitopatra Karobar Co. Pvt Ltd.,Naasa Securities Co. Ltd.,2026-04-16 11:39:46.798448,Himalayan Bank Limited
2026041601010894,HBL,38,38,10,212.1,2121.0,2026-04-16,186574201,134,Dipshikha Dhitopatra Karobar Co. Pvt Ltd.,Dipshikha Dhitopatra Karobar Co. Pvt Ltd.,2026-04-16 11:40:05.963333,Himalayan Bank Limited
2026041601010979,HBL,38,66,10,212.1,2121.0,2026-04-16,186574551,134,Dipshikha Dhitopatra Karobar Co. Pvt Ltd.,Miyo Securities Pvt Ltd,2026-04-16 11:40:29.316388,Himalayan Bank Limited
2026041601011008,HBL,38,56,10,212.1,2121.0,2026-04-16,186574650,134,Dipshikha Dhitopatra Karobar Co. Pvt Ltd.,Sri Hari Securities Pvt. Ltd.,2026-04-16 11:40:34.076314,Himalayan Bank Limited
2026041601011026,HBL,38,58,10,212.1,2121.0,2026-04-16,186574695,134,Dipshikha Dhitopatra Karobar Co. Pvt Ltd.,Naasa Securities Co. Ltd.,2026-04-16 11:40:35.884745,Himalayan Bank Limited
2026041601011095,HBL,8,99,10,212.5,2125.0,2026-04-16,186575011,134,Brilliant Securities Pvt. Ltd.,Prabhu Stock Market Limited,2026-04-16 11:40:53.665990,Himalayan Bank Limited
2026041601011096,HBL,8,57,10,212.5,2125.0,2026-04-16,186575013,134,Brilliant Securities Pvt. Ltd.,Aryatara Investment & Securities,2026-04-16 11:40:53.666556,Himalayan Bank Limited
2026041601011132,HBL,38,56,10,212.1,2121.0,2026-04-16,186575101,134,Dipshikha Dhitopatra Karobar Co. Pvt Ltd.,Sri Hari Securities Pvt. Ltd.,2026-04-16 11:40:58.217249,Himalayan Bank Limited
2026041601011148,HBL,38,35,10,212.1,2121.0,2026-04-16,186575161,134,Dipshikha Dhitopatra Karobar Co. Pvt Ltd.,Kohinoor Investment & Securities Pvt. Ltd.,2026-04-16 11:41:05.312348,Himalayan Bank Limited
2026041601011155,HBL,38,42,300,212.1,63630.0,2026-04-16,186575182,134,Dipshikha Dhitopatra Karobar Co. Pvt Ltd.,Sani Securities Company Ltd.,2026-04-16 11:41:08.325988,Himalayan Bank Limited
2026041601011162,HBL,38,4,10,212.0,2120.0,2026-04-16,186575211,134,Dipshikha Dhitopatra Karobar Co. Pvt Ltd.,Opal Securities Investment (PVT) Ltd.,2026-04-16 11:41:12.179485,Himalayan Bank Limited
2026041601011349,HBL,58,42,13,212.1,2757.3,2026-04-16,186575472,134,Naasa Securities Co. Ltd.,Sani Securities Company Ltd.,2026-04-16 11:41:16.221177,Himalayan Bank Limited
2026041601011367,HBL,38,45,10,212.0,2120.0,2026-04-16,186575685,134,Dipshikha Dhitopatra Karobar Co. Pvt Ltd.,Imperial Securities Company Pvt. Ltd.,2026-04-16 11:41:19.284792,Himalayan Bank Limited
2026041601011372,HBL,38,56,10,212.0,2120.0,2026-04-16,186575705,134,Dipshikha Dhitopatra Karobar Co. Pvt Ltd.,Sri Hari Securities Pvt. Ltd.,2026-04-16 11:41:20.643762,Himalayan Bank Limited
2026041601011452,HBL,38,49,10,212.0,2120.0,2026-04-16,186576067,134,Dipshikha Dhitopatra Karobar Co. Pvt Ltd.,Online Securities Pvt. Ltd.,2026-04-16 11:41:35.984208,Himalayan Bank Limited
2026041601011464,HBL,38,58,10,212.0,2120.0,2026-04-16,186576149,134,Dipshikha Dhitopatra Karobar Co. Pvt Ltd.,Naasa Securities Co. Ltd.,2026-04-16 11:41:39.227521,Himalayan Bank Limited
2026041601011475,HBL,38,42,10,212.0,2120.0,2026-04-16,186576191,134,Dipshikha Dhitopatra Karobar Co. Pvt Ltd.,Sani Securities Company Ltd.,2026-04-16 11:41:42.831829,Himalayan Bank Limited
2026041601011482,HBL,38,1,10,212.0,2120.0,2026-04-16,186576251,134,Dipshikha Dhitopatra Karobar Co. Pvt Ltd.,Kumari Securities Private Limited,2026-04-16 11:41:47.344870,Himalayan Bank Limited
2026041601011531,HBL,38,58,10,212.0,2120.0,2026-04-16,186576427,134,Dipshikha Dhitopatra Karobar Co. Pvt Ltd.,Naasa Securities Co. Ltd.,2026-04-16 11:42:00.680429,Himalayan Bank Limited
2026041601011560,HBL,38,45,10,212.0,2120.0,2026-04-16,186576511,134,Dipshikha Dhitopatra Karobar Co. Pvt Ltd.,Imperial Securities Company Pvt. Ltd.,2026-04-16 11:42:06.245393,Himalayan Bank Limited
2026041601011827,HBL,32,58,10,212.1,2121.0,2026-04-16,186577721,134,Premier Securities Company Ltd.,Naasa Securities Co. Ltd.,2026-04-16 11:43:07.617217,Himalayan Bank Limited
2026041601011890,HBL,32,58,10,212.1,2121.0,2026-04-16,186577971,134,Premier Securities Company Ltd.,Naasa Securities Co. Ltd.,2026-04-16 11:43:19.976042,Himalayan Bank Limited
2026041601011893,HBL,32,58,10,212.1,2121.0,2026-04-16,186577977,134,Premier Securities Company Ltd.,Naasa Securities Co. Ltd.,2026-04-16 11:43:20.246575,Himalayan Bank Limited
2026041601011901,HBL,32,34,10,212.1,2121.0,2026-04-16,186577997,134,Premier Securities Company Ltd.,Vision Securities Pvt. Ltd,2026-04-16 11:43:22.650667,Himalayan Bank Limited
2026041601011913,HBL,32,38,10,212.1,2121.0,2026-04-16,186578103,134,Premier Securities Company Ltd.,Dipshikha Dhitopatra Karobar Co. Pvt Ltd.,2026-04-16 11:43:28.409363,Himalayan Bank Limited
2026041601012070,HBL,32,45,10,212.1,2121.0,2026-04-16,186578521,134,Premier Securities Company Ltd.,Imperial Securities Company Pvt. Ltd.,2026-04-16 11:43:47.735936,Himalayan Bank Limited
2026041601012110,HBL,39,25,10,212.5,2125.0,2026-04-16,186578671,134,Sumeru Securities Pvt. Ltd.,Sweta Securities Private Limited,2026-04-16 11:43:55.668304,Himalayan Bank Limited
2026041601012111,HBL,39,92,220,212.5,46750.0,2026-04-16,186578674,134,Sumeru Securities Pvt. Ltd.,Roadshow securities limited,2026-04-16 11:43:55.668640,Himalayan Bank Limited
2026041601012122,HBL,32,6,10,212.1,2121.0,2026-04-16,186578709,134,Premier Securities Company Ltd.,Agrawal Securities (PVT) Ltd.,2026-04-16 11:43:58.822924,Himalayan Bank Limited
2026041601012130,HBL,32,33,10,212.1,2121.0,2026-04-16,186578745,134,Premier Securities Company Ltd.,Dakshinkali Investment & Securities Pvt. Ltd.,2026-04-16 11:44:01.568911,Himalayan Bank Limited
2026041601012181,HBL,49,92,30,212.5,6375.0,2026-04-16,186578916,134,Online Securities Pvt. Ltd.,Roadshow securities limited,2026-04-16 11:44:15.231169,Himalayan Bank Limited
2026041601012183,HBL,32,58,10,212.1,2121.0,2026-04-16,186578923,134,Premier Securities Company Ltd.,Naasa Securities Co. Ltd.,2026-04-16 11:44:16.569575,Himalayan Bank Limited
2026041601012192,HBL,32,52,10,212.1,2121.0,2026-04-16,186578959,134,Premier Securities Company Ltd.,Sundhara Securities Limited,2026-04-16 11:44:20.433784,Himalayan Bank Limited
2026041601012273,HBL,32,49,20,212.1,4242.0,2026-04-16,186579341,134,Premier Securities Company Ltd.,Online Securities Pvt. Ltd.,2026-04-16 11:44:44.456817,Himalayan Bank Limited
2026041601012307,HBL,42,58,10,212.2,2122.0,2026-04-16,186579470,134,Sani Securities Company Ltd.,Naasa Securities Co. Ltd.,2026-04-16 11:44:54.095003,Himalayan Bank Limited
2026041601012322,HBL,42,38,10,212.2,2122.0,2026-04-16,186579538,134,Sani Securities Company Ltd.,Dipshikha Dhitopatra Karobar Co. Pvt Ltd.,2026-04-16 11:44:57.295583,Himalayan Bank Limited
2026041601012357,HBL,32,42,10,212.1,2121.0,2026-04-16,186579729,134,Premier Securities Company Ltd.,Sani Securities Company Ltd.,2026-04-16 11:45:10.304279,Himalayan Bank Limited
2026041601012367,HBL,32,42,10,212.1,2121.0,2026-04-16,186579773,134,Premier Securities Company Ltd.,Sani Securities Company Ltd.,2026-04-16 11:45:13.736159,Himalayan Bank Limited
2026041601012447,HBL,32,58,10,212.1,2121.0,2026-04-16,186580097,134,Premier Securities Company Ltd.,Naasa Securities Co. Ltd.,2026-04-16 11:45:37.463656,Himalayan Bank Limited
2026041601012454,HBL,32,49,20,212.1,4242.0,2026-04-16,186580145,134,Premier Securities Company Ltd.,Online Securities Pvt. Ltd.,2026-04-16 11:45:40.546082,Himalayan Bank Limited
2026041601012467,HBL,32,7,10,212.1,2121.0,2026-04-16,186580221,134,Premier Securities Company Ltd.,J.F. Securites (PVT) Ltd.,2026-04-16 11:45:47.434795,Himalayan Bank Limited
2026041601012540,HBL,32,45,10,212.1,2121.0,2026-04-16,186580499,134,Premier Securities Company Ltd.,Imperial Securities Company Pvt. Ltd.,2026-04-16 11:46:04.867211,Himalayan Bank Limited
2026041601012561,HBL,32,8,10,212.1,2121.0,2026-04-16,186580577,134,Premier Securities Company Ltd.,Brilliant Securities Pvt. Ltd.,2026-04-16 11:46:11.361335,Himalayan Bank Limited
2026041601012566,HBL,32,14,10,212.1,2121.0,2026-04-16,186580595,134,Premier Securities Company Ltd.,Nepal Stock House (PVT) Ltd.,2026-04-16 11:46:14.443718,Himalayan Bank Limited
2026041601012579,HBL,32,77,10,212.1,2121.0,2026-04-16,186580683,134,Premier Securities Company Ltd.,Nabil Stock Dealer Ltd.,2026-04-16 11:46:18.945309,Himalayan Bank Limited
2026041601012651,HBL,32,41,10,212.1,2121.0,2026-04-16,186580965,134,Premier Securities Company Ltd.,Linch Stock Market Ltd.,2026-04-16 11:46:33.917501,Himalayan Bank Limited
2026041601012925,HBL,32,58,10,212.1,2121.0,2026-04-16,186581873,134,Premier Securities Company Ltd.,Naasa Securities Co. Ltd.,2026-04-16 11:47:22.356888,Himalayan Bank Limited
2026041601012931,HBL,32,74,10,212.1,2121.0,2026-04-16,186581887,134,Premier Securities Company Ltd.,KALASH STOCK MARKET PVT. LTD.,2026-04-16 11:47:24.159962,Himalayan Bank Limited
2026041601013010,HBL,32,58,10,212.1,2121.0,2026-04-16,186582163,134,Premier Securities Company Ltd.,Naasa Securities Co. Ltd.,2026-04-16 11:47:48.439459,Himalayan Bank Limited
2026041601013040,HBL,32,36,10,212.1,2121.0,2026-04-16,186582299,134,Premier Securities Company Ltd.,Secured Securities Ltd.,2026-04-16 11:47:57.147116,Himalayan Bank Limited
2026041601013047,HBL,32,77,10,212.1,2121.0,2026-04-16,186582329,134,Premier Securities Company Ltd.,Nabil Stock Dealer Ltd.,2026-04-16 11:47:59.637071,Himalayan Bank Limited
2026041601013070,HBL,32,58,10,212.1,2121.0,2026-04-16,186582453,134,Premier Securities Company Ltd.,Naasa Securities Co. Ltd.,2026-04-16 11:48:11.524986,Himalayan Bank Limited
2026041601013095,HBL,32,32,10,212.1,2121.0,2026-04-16,186582567,134,Premier Securities Company Ltd.,Premier Securities Company Ltd.,2026-04-16 11:48:21.252643,Himalayan Bank Limited
2026041601013141,HBL,32,45,10,212.1,2121.0,2026-04-16,186582737,134,Premier Securities Company Ltd.,Imperial Securities Company Pvt. Ltd.,2026-04-16 11:48:39.909820,Himalayan Bank Limited
2026041601013171,HBL,32,11,10,212.1,2121.0,2026-04-16,186582889,134,Premier Securities Company Ltd.,Malla & Malla Stock Broking Company Pvt. Limited,2026-04-16 11:48:48.144221,Himalayan Bank Limited
2026041601013237,HBL,32,4,10,212.1,2121.0,2026-04-16,186583143,134,Premier Securities Company Ltd.,Opal Securities Investment (PVT) Ltd.,2026-04-16 11:49:03.589152,Himalayan Bank Limited
2026041601013272,HBL,32,43,10,212.1,2121.0,2026-04-16,186583275,134,Premier Securities Company Ltd.,South Asian Bulls Pvt. Ltd.,2026-04-16 11:49:15.070667,Himalayan Bank Limited
2026041601013291,HBL,32,58,10,212.1,2121.0,2026-04-16,186583351,134,Premier Securities Company Ltd.,Naasa Securities Co. Ltd.,2026-04-16 11:49:20.024184,Himalayan Bank Limited
2026041601013381,HBL,32,45,10,212.1,2121.0,2026-04-16,186583665,134,Premier Securities Company Ltd.,Imperial Securities Company Pvt. Ltd.,2026-04-16 11:49:43.717728,Himalayan Bank Limited
2026041601013559,HBL,32,58,10,212.1,2121.0,2026-04-16,186584355,134,Premier Securities Company Ltd.,Naasa Securities Co. Ltd.,2026-04-16 11:50:39.651094,Himalayan Bank Limited
2026041601013566,HBL,52,26,10,212.2,2122.0,2026-04-16,186584375,134,Sundhara Securities Limited,Asian Securities Private Ltd.,2026-04-16 11:50:41.474233,Himalayan Bank Limited
2026041601013567,HBL,52,45,10,212.2,2122.0,2026-04-16,186584377,134,Sundhara Securities Limited,Imperial Securities Company Pvt. Ltd.,2026-04-16 11:50:41.474542,Himalayan Bank Limited
2026041601013568,HBL,52,42,10,212.2,2122.0,2026-04-16,186584379,134,Sundhara Securities Limited,Sani Securities Company Ltd.,2026-04-16 11:50:41.474710,Himalayan Bank Limited
2026041601013587,HBL,52,34,10,212.2,2122.0,2026-04-16,186584431,134,Sundhara Securities Limited,Vision Securities Pvt. Ltd,2026-04-16 11:50:45.571303,Himalayan Bank Limited
2026041601013594,HBL,52,58,10,212.2,2122.0,2026-04-16,186584475,134,Sundhara Securities Limited,Naasa Securities Co. Ltd.,2026-04-16 11:50:48.169466,Himalayan Bank Limited
2026041601013626,HBL,52,77,10,212.2,2122.0,2026-04-16,186584595,134,Sundhara Securities Limited,Nabil Stock Dealer Ltd.,2026-04-16 11:50:54.152300,Himalayan Bank Limited
2026041601013906,HBL,58,4,10,212.8,2128.0,2026-04-16,186585307,134,Naasa Securities Co. Ltd.,Opal Securities Investment (PVT) Ltd.,2026-04-16 11:51:18.625552,Himalayan Bank Limited
2026041601013927,HBL,58,20,10,212.8,2128.0,2026-04-16,186585433,134,Naasa Securities Co. Ltd.,Sipla Securities Private Limited,2026-04-16 11:51:30.254282,Himalayan Bank Limited
2026041601013952,HBL,52,32,10,212.2,2122.0,2026-04-16,186585565,134,Sundhara Securities Limited,Premier Securities Company Ltd.,2026-04-16 11:51:43.395013,Himalayan Bank Limited
2026041601014049,HBL,52,38,10,212.2,2122.0,2026-04-16,186586213,134,Sundhara Securities Limited,Dipshikha Dhitopatra Karobar Co. Pvt Ltd.,2026-04-16 11:52:15.471471,Himalayan Bank Limited
2026041601014080,HBL,49,13,10,212.9,2129.0,2026-04-16,186586374,134,Online Securities Pvt. Ltd.,Thrive Brokerage House Pvt. Ltd,2026-04-16 11:52:28.954078,Himalayan Bank Limited
2026041601014087,HBL,52,49,150,212.2,31830.0,2026-04-16,186586432,134,Sundhara Securities Limited,Online Securities Pvt. Ltd.,2026-04-16 11:52:32.494810,Himalayan Bank Limited
2026041601014088,HBL,42,49,100,212.2,21220.0,2026-04-16,186586434,134,Sani Securities Company Ltd.,Online Securities Pvt. Ltd.,2026-04-16 11:52:32.495236,Himalayan Bank Limited
2026041601014089,HBL,75,49,270,212.2,57294.0,2026-04-16,186586435,134,N.I.M.B. Stock Markets Limited,Online Securities Pvt. Ltd.,2026-04-16 11:52:32.495464,Himalayan Bank Limited
2026041601014258,HBL,75,56,10,212.2,2122.0,2026-04-16,186586957,134,N.I.M.B. Stock Markets Limited,Sri Hari Securities Pvt. Ltd.,2026-04-16 11:52:57.966771,Himalayan Bank Limited
2026041601014280,HBL,75,17,10,212.2,2122.0,2026-04-16,186587087,134,N.I.M.B. Stock Markets Limited,ABC Securities Private Limited,2026-04-16 11:53:05.394802,Himalayan Bank Limited
2026041601014282,HBL,75,58,10,212.2,2122.0,2026-04-16,186587095,134,N.I.M.B. Stock Markets Limited,Naasa Securities Co. Ltd.,2026-04-16 11:53:05.937374,Himalayan Bank Limited
2026041601014332,HBL,75,58,10,212.2,2122.0,2026-04-16,186587243,134,N.I.M.B. Stock Markets Limited,Naasa Securities Co. Ltd.,2026-04-16 11:53:15.596050,Himalayan Bank Limited
2026041601014428,HBL,33,13,290,212.9,61741.0,2026-04-16,186587659,134,Dakshinkali Investment & Securities Pvt. Ltd.,Thrive Brokerage House Pvt. Ltd,2026-04-16 11:53:43.819084,Himalayan Bank Limited
2026041601014476,HBL,33,42,17,212.9,3619.3,2026-04-16,186587973,134,Dakshinkali Investment & Securities Pvt. Ltd.,Sani Securities Company Ltd.,2026-04-16 11:54:07.488349,Himalayan Bank Limited
2026041601014497,HBL,33,17,10,212.9,2129.0,2026-04-16,186588059,134,Dakshinkali Investment & Securities Pvt. Ltd.,ABC Securities Private Limited,2026-04-16 11:54:13.474295,Himalayan Bank Limited
2026041601014512,HBL,58,1,93,213.0,19809.0,2026-04-16,186588137,134,Naasa Securities Co. Ltd.,Kumari Securities Private Limited,2026-04-16 11:54:18.101364,Himalayan Bank Limited
2026041601014513,HBL,58,57,10,213.0,2130.0,2026-04-16,186588139,134,Naasa Securities Co. Ltd.,Aryatara Investment & Securities,2026-04-16 11:54:18.102097,Himalayan Bank Limited
2026041601014514,HBL,58,1,36,213.0,7668.0,2026-04-16,186588141,134,Naasa Securities Co. Ltd.,Kumari Securities Private Limited,2026-04-16 11:54:18.102607,Himalayan Bank Limited
2026041601014515,HBL,58,45,10,213.0,2130.0,2026-04-16,186588143,134,Naasa Securities Co. Ltd.,Imperial Securities Company Pvt. Ltd.,2026-04-16 11:54:18.103135,Himalayan Bank Limited
2026041601014516,HBL,58,41,10,213.0,2130.0,2026-04-16,186588145,134,Naasa Securities Co. Ltd.,Linch Stock Market Ltd.,2026-04-16 11:54:18.103633,Himalayan Bank Limited
2026041601014517,HBL,58,44,10,213.0,2130.0,2026-04-16,186588147,134,Naasa Securities Co. Ltd.,Dynamic Money Managers Securities Pvt. Ltd.,2026-04-16 11:54:18.104118,Himalayan Bank Limited
2026041601014518,HBL,58,35,10,213.0,2130.0,2026-04-16,186588149,134,Naasa Securities Co. Ltd.,Kohinoor Investment & Securities Pvt. Ltd.,2026-04-16 11:54:18.104608,Himalayan Bank Limited
2026041601014519,HBL,58,45,10,213.0,2130.0,2026-04-16,186588151,134,Naasa Securities Co. Ltd.,Imperial Securities Company Pvt. Ltd.,2026-04-16 11:54:18.105085,Himalayan Bank Limited
2026041601014520,HBL,58,35,10,213.0,2130.0,2026-04-16,186588153,134,Naasa Securities Co. Ltd.,Kohinoor Investment & Securities Pvt. Ltd.,2026-04-16 11:54:18.105579,Himalayan Bank Limited
2026041601014521,HBL,58,42,10,213.0,2130.0,2026-04-16,186588155,134,Naasa Securities Co. Ltd.,Sani Securities Company Ltd.,2026-04-16 11:54:18.106097,Himalayan Bank Limited
2026041601014522,HBL,58,56,10,213.0,2130.0,2026-04-16,186588157,134,Naasa Securities Co. Ltd.,Sri Hari Securities Pvt. Ltd.,2026-04-16 11:54:18.106319,Himalayan Bank Limited
2026041601014523,HBL,58,50,10,213.0,2130.0,2026-04-16,186588159,134,Naasa Securities Co. Ltd.,Cristal Kanchanjanga Securites Pvt. Ltd.,2026-04-16 11:54:18.106478,Himalayan Bank Limited
2026041601014524,HBL,58,41,10,213.0,2130.0,2026-04-16,186588161,134,Naasa Securities Co. Ltd.,Linch Stock Market Ltd.,2026-04-16 11:54:18.106642,Himalayan Bank Limited
2026041601014525,HBL,58,7,10,213.0,2130.0,2026-04-16,186588163,134,Naasa Securities Co. Ltd.,J.F. Securites (PVT) Ltd.,2026-04-16 11:54:18.106824,Himalayan Bank Limited
2026041601014526,HBL,58,45,10,213.0,2130.0,2026-04-16,186588165,134,Naasa Securities Co. Ltd.,Imperial Securities Company Pvt. Ltd.,2026-04-16 11:54:18.106986,Himalayan Bank Limited
2026041601014527,HBL,58,38,10,213.0,2130.0,2026-04-16,186588167,134,Naasa Securities Co. Ltd.,Dipshikha Dhitopatra Karobar Co. Pvt Ltd.,2026-04-16 11:54:18.107154,Himalayan Bank Limited
2026041601014528,HBL,58,57,20,213.0,4260.0,2026-04-16,186588169,134,Naasa Securities Co. Ltd.,Aryatara Investment & Securities,2026-04-16 11:54:18.107310,Himalayan Bank Limited
2026041601014529,HBL,58,84,10,213.0,2130.0,2026-04-16,186588171,134,Naasa Securities Co. Ltd.,MILKY WAY SHARE BROKER COMPANY LTD ,2026-04-16 11:54:18.107471,Himalayan Bank Limited
2026041601014530,HBL,58,42,10,213.0,2130.0,2026-04-16,186588173,134,Naasa Securities Co. Ltd.,Sani Securities Company Ltd.,2026-04-16 11:54:18.107630,Himalayan Bank Limited
2026041601014626,HBL,58,51,10,213.0,2130.0,2026-04-16,186588595,134,Naasa Securities Co. Ltd.,Oxford Securities Pvt. Ltd.,2026-04-16 11:54:48.001675,Himalayan Bank Limited
2026041601014669,HBL,58,29,10,213.0,2130.0,2026-04-16,186588833,134,Naasa Securities Co. Ltd.,Trisul Securities & Invt. Ltd.,2026-04-16 11:55:03.903336,Himalayan Bank Limited
2026041601014670,HBL,58,58,10,213.0,2130.0,2026-04-16,186588837,134,Naasa Securities Co. Ltd.,Naasa Securities Co. Ltd.,2026-04-16 11:55:04.507297,Himalayan Bank Limited
2026041601014731,HBL,58,34,10,213.0,2130.0,2026-04-16,186589049,134,Naasa Securities Co. Ltd.,Vision Securities Pvt. Ltd,2026-04-16 11:55:17.230681,Himalayan Bank Limited
2026041601014777,HBL,58,40,10,213.0,2130.0,2026-04-16,186589277,134,Naasa Securities Co. Ltd.,Creative Securities Pvt Ltd,2026-04-16 11:55:33.846876,Himalayan Bank Limited
2026041601014780,HBL,58,38,10,213.0,2130.0,2026-04-16,186589291,134,Naasa Securities Co. Ltd.,Dipshikha Dhitopatra Karobar Co. Pvt Ltd.,2026-04-16 11:55:35.473272,Himalayan Bank Limited
2026041601014835,HBL,58,62,10,213.0,2130.0,2026-04-16,186589505,134,Naasa Securities Co. Ltd.,Capital Max Securities Ltd,2026-04-16 11:55:52.555365,Himalayan Bank Limited
2026041601014836,HBL,58,29,10,213.0,2130.0,2026-04-16,186589507,134,Naasa Securities Co. Ltd.,Trisul Securities & Invt. Ltd.,2026-04-16 11:55:52.680300,Himalayan Bank Limited
2026041601014852,HBL,58,17,10,213.0,2130.0,2026-04-16,186589587,134,Naasa Securities Co. Ltd.,ABC Securities Private Limited,2026-04-16 11:55:59.034268,Himalayan Bank Limited
2026041601014859,HBL,58,43,10,213.0,2130.0,2026-04-16,186589619,134,Naasa Securities Co. Ltd.,South Asian Bulls Pvt. Ltd.,2026-04-16 11:56:03.498397,Himalayan Bank Limited
2026041601014874,HBL,58,42,10,213.0,2130.0,2026-04-16,186589663,134,Naasa Securities Co. Ltd.,Sani Securities Company Ltd.,2026-04-16 11:56:08.565289,Himalayan Bank Limited
2026041601014919,HBL,58,48,10,213.0,2130.0,2026-04-16,186589907,134,Naasa Securities Co. Ltd.,Trishakti Securities Public Limited,2026-04-16 11:56:23.069843,Himalayan Bank Limited
2026041601014924,HBL,49,1,30,213.5,6405.0,2026-04-16,186589920,134,Online Securities Pvt. Ltd.,Kumari Securities Private Limited,2026-04-16 11:56:24.034689,Himalayan Bank Limited
2026041601015300,HBL,42,1,45,213.5,9607.5,2026-04-16,186591301,134,Sani Securities Company Ltd.,Kumari Securities Private Limited,2026-04-16 11:57:53.688839,Himalayan Bank Limited
2026041601015301,HBL,42,21,10,213.5,2135.0,2026-04-16,186591303,134,Sani Securities Company Ltd.,Midas Stock Broking Company Private Limited,2026-04-16 11:57:53.689239,Himalayan Bank Limited
2026041601015302,HBL,42,58,10,213.5,2135.0,2026-04-16,186591305,134,Sani Securities Company Ltd.,Naasa Securities Co. Ltd.,2026-04-16 11:57:53.689415,Himalayan Bank Limited
2026041601015303,HBL,42,42,10,213.5,2135.0,2026-04-16,186591307,134,Sani Securities Company Ltd.,Sani Securities Company Ltd.,2026-04-16 11:57:53.689590,Himalayan Bank Limited
2026041601015304,HBL,42,16,10,213.5,2135.0,2026-04-16,186591309,134,Sani Securities Company Ltd.,Primo Securities (PVT) Ltd.,2026-04-16 11:57:53.689761,Himalayan Bank Limited
2026041601015305,HBL,42,29,10,213.5,2135.0,2026-04-16,186591311,134,Sani Securities Company Ltd.,Trisul Securities & Invt. Ltd.,2026-04-16 11:57:53.689927,Himalayan Bank Limited
2026041601015310,HBL,33,34,10,213.5,2135.0,2026-04-16,186591337,134,Dakshinkali Investment & Securities Pvt. Ltd.,Vision Securities Pvt. Ltd,2026-04-16 11:57:55.771681,Himalayan Bank Limited
2026041601015311,HBL,33,58,10,213.5,2135.0,2026-04-16,186591339,134,Dakshinkali Investment & Securities Pvt. Ltd.,Naasa Securities Co. Ltd.,2026-04-16 11:57:55.772435,Himalayan Bank Limited
2026041601015312,HBL,33,49,10,213.6,2136.0,2026-04-16,186591341,134,Dakshinkali Investment & Securities Pvt. Ltd.,Online Securities Pvt. Ltd.,2026-04-16 11:57:55.772966,Himalayan Bank Limited
2026041601015313,HBL,33,58,530,213.6,113208.0,2026-04-16,186591343,134,Dakshinkali Investment & Securities Pvt. Ltd.,Naasa Securities Co. Ltd.,2026-04-16 11:57:55.773511,Himalayan Bank Limited
2026041601015319,HBL,33,45,10,213.6,2136.0,2026-04-16,186591371,134,Dakshinkali Investment & Securities Pvt. Ltd.,Imperial Securities Company Pvt. Ltd.,2026-04-16 11:57:57.849462,Himalayan Bank Limited
2026041601015376,HBL,33,45,10,213.6,2136.0,2026-04-16,186591533,134,Dakshinkali Investment & Securities Pvt. Ltd.,Imperial Securities Company Pvt. Ltd.,2026-04-16 11:58:01.434413,Himalayan Bank Limited
2026041601015381,HBL,33,56,10,213.6,2136.0,2026-04-16,186591563,134,Dakshinkali Investment & Securities Pvt. Ltd.,Sri Hari Securities Pvt. Ltd.,2026-04-16 11:58:05.401197,Himalayan Bank Limited
2026041601015431,HBL,33,21,10,213.6,2136.0,2026-04-16,186591753,134,Dakshinkali Investment & Securities Pvt. Ltd.,Midas Stock Broking Company Private Limited,2026-04-16 11:58:19.578504,Himalayan Bank Limited
2026041601015501,HBL,14,1,70,213.8,14966.0,2026-04-16,186592055,134,Nepal Stock House (PVT) Ltd.,Kumari Securities Private Limited,2026-04-16 11:58:47.030120,Himalayan Bank Limited
2026041601015524,HBL,14,17,10,213.8,2138.0,2026-04-16,186592153,134,Nepal Stock House (PVT) Ltd.,ABC Securities Private Limited,2026-04-16 11:58:55.437586,Himalayan Bank Limited
2026041601015526,HBL,48,58,10,213.9,2139.0,2026-04-16,186592157,134,Trishakti Securities Public Limited,Naasa Securities Co. Ltd.,2026-04-16 11:58:55.697107,Himalayan Bank Limited
2026041601015527,HBL,48,38,10,214.0,2140.0,2026-04-16,186592159,134,Trishakti Securities Public Limited,Dipshikha Dhitopatra Karobar Co. Pvt Ltd.,2026-04-16 11:58:55.697184,Himalayan Bank Limited
2026041601015528,HBL,48,58,10,214.0,2140.0,2026-04-16,186592161,134,Trishakti Securities Public Limited,Naasa Securities Co. Ltd.,2026-04-16 11:58:55.697210,Himalayan Bank Limited
2026041601015529,HBL,48,49,10,214.0,2140.0,2026-04-16,186592163,134,Trishakti Securities Public Limited,Online Securities Pvt. Ltd.,2026-04-16 11:58:55.697235,Himalayan Bank Limited
2026041601015530,HBL,48,49,10,214.0,2140.0,2026-04-16,186592165,134,Trishakti Securities Public Limited,Online Securities Pvt. Ltd.,2026-04-16 11:58:55.697255,Himalayan Bank Limited
2026041601015531,HBL,48,49,10,214.0,2140.0,2026-04-16,186592167,134,Trishakti Securities Public Limited,Online Securities Pvt. Ltd.,2026-04-16 11:58:55.697277,Himalayan Bank Limited
2026041601015532,HBL,48,7,10,214.0,2140.0,2026-04-16,186592170,134,Trishakti Securities Public Limited,J.F. Securites (PVT) Ltd.,2026-04-16 11:58:55.697298,Himalayan Bank Limited
2026041601015533,HBL,48,58,10,214.0,2140.0,2026-04-16,186592174,134,Trishakti Securities Public Limited,Naasa Securities Co. Ltd.,2026-04-16 11:58:55.697334,Himalayan Bank Limited
2026041601015534,HBL,48,49,10,214.0,2140.0,2026-04-16,186592178,134,Trishakti Securities Public Limited,Online Securities Pvt. Ltd.,2026-04-16 11:58:55.697387,Himalayan Bank Limited
2026041601015535,HBL,48,7,10,214.0,2140.0,2026-04-16,186592181,134,Trishakti Securities Public Limited,J.F. Securites (PVT) Ltd.,2026-04-16 11:58:55.697416,Himalayan Bank Limited
2026041601015536,HBL,48,58,10,214.0,2140.0,2026-04-16,186592183,134,Trishakti Securities Public Limited,Naasa Securities Co. Ltd.,2026-04-16 11:58:55.697438,Himalayan Bank Limited
2026041601015537,HBL,48,42,10,214.0,2140.0,2026-04-16,186592185,134,Trishakti Securities Public Limited,Sani Securities Company Ltd.,2026-04-16 11:58:55.697461,Himalayan Bank Limited
2026041601015538,HBL,48,57,10,214.0,2140.0,2026-04-16,186592187,134,Trishakti Securities Public Limited,Aryatara Investment & Securities,2026-04-16 11:58:55.697481,Himalayan Bank Limited
2026041601015539,HBL,48,84,500,214.4,107200.0,2026-04-16,186592189,134,Trishakti Securities Public Limited,MILKY WAY SHARE BROKER COMPANY LTD ,2026-04-16 11:58:55.697503,Himalayan Bank Limited
2026041601015540,HBL,48,58,10,214.5,2145.0,2026-04-16,186592191,134,Trishakti Securities Public Limited,Naasa Securities Co. Ltd.,2026-04-16 11:58:55.697525,Himalayan Bank Limited
2026041601015541,HBL,48,7,360,214.5,77220.0,2026-04-16,186592194,134,Trishakti Securities Public Limited,J.F. Securites (PVT) Ltd.,2026-04-16 11:58:55.697548,Himalayan Bank Limited
2026041601015603,HBL,14,51,10,213.8,2138.0,2026-04-16,186592611,134,Nepal Stock House (PVT) Ltd.,Oxford Securities Pvt. Ltd.,2026-04-16 11:59:21.795875,Himalayan Bank Limited
2026041601015613,HBL,14,48,10,213.8,2138.0,2026-04-16,186592657,134,Nepal Stock House (PVT) Ltd.,Trishakti Securities Public Limited,2026-04-16 11:59:25.955666,Himalayan Bank Limited
2026041601015619,HBL,14,3,10,213.8,2138.0,2026-04-16,186592673,134,Nepal Stock House (PVT) Ltd.,Arun Securities (PVT) Ltd.,2026-04-16 11:59:27.225130,Himalayan Bank Limited
2026041601015661,HBL,14,57,10,213.8,2138.0,2026-04-16,186592773,134,Nepal Stock House (PVT) Ltd.,Aryatara Investment & Securities,2026-04-16 11:59:29.606031,Himalayan Bank Limited
2026041601015666,HBL,14,49,10,213.8,2138.0,2026-04-16,186592791,134,Nepal Stock House (PVT) Ltd.,Online Securities Pvt. Ltd.,2026-04-16 11:59:31.467202,Himalayan Bank Limited
2026041601015670,HBL,14,58,10,213.8,2138.0,2026-04-16,186592815,134,Nepal Stock House (PVT) Ltd.,Naasa Securities Co. Ltd.,2026-04-16 11:59:32.755759,Himalayan Bank Limited
2026041601015690,HBL,41,14,10,213.9,2139.0,2026-04-16,186592912,134,Linch Stock Market Ltd.,Nepal Stock House (PVT) Ltd.,2026-04-16 11:59:40.526728,Himalayan Bank Limited
2026041601015706,HBL,29,42,10,214.0,2140.0,2026-04-16,186592965,134,Trisul Securities & Invt. Ltd.,Sani Securities Company Ltd.,2026-04-16 11:59:45.178750,Himalayan Bank Limited
2026041601015707,HBL,29,8,10,214.0,2140.0,2026-04-16,186592967,134,Trisul Securities & Invt. Ltd.,Brilliant Securities Pvt. Ltd.,2026-04-16 11:59:45.178789,Himalayan Bank Limited
2026041601015708,HBL,29,7,10,214.5,2145.0,2026-04-16,186592970,134,Trisul Securities & Invt. Ltd.,J.F. Securites (PVT) Ltd.,2026-04-16 11:59:45.178811,Himalayan Bank Limited
2026041601015709,HBL,58,7,620,214.5,132990.0,2026-04-16,186592973,134,Naasa Securities Co. Ltd.,J.F. Securites (PVT) Ltd.,2026-04-16 11:59:45.877315,Himalayan Bank Limited
2026041601015710,HBL,58,92,250,214.5,53625.0,2026-04-16,186592975,134,Naasa Securities Co. Ltd.,Roadshow securities limited,2026-04-16 11:59:45.877698,Himalayan Bank Limited
2026041601015711,HBL,58,42,10,214.5,2145.0,2026-04-16,186592977,134,Naasa Securities Co. Ltd.,Sani Securities Company Ltd.,2026-04-16 11:59:45.877870,Himalayan Bank Limited
2026041601015718,HBL,58,22,10,214.5,2145.0,2026-04-16,186593001,134,Naasa Securities Co. Ltd.,Siprabi Securities Pvt. Ltd.,2026-04-16 11:59:47.845364,Himalayan Bank Limited
2026041601015746,HBL,58,1,110,214.5,23595.0,2026-04-16,186593102,134,Naasa Securities Co. Ltd.,Kumari Securities Private Limited,2026-04-16 11:59:54.545658,Himalayan Bank Limited
2026041601015751,HBL,14,4,10,213.8,2138.0,2026-04-16,186593115,134,Nepal Stock House (PVT) Ltd.,Opal Securities Investment (PVT) Ltd.,2026-04-16 11:59:56.151764,Himalayan Bank Limited
2026041601015775,HBL,14,26,10,213.8,2138.0,2026-04-16,186593217,134,Nepal Stock House (PVT) Ltd.,Asian Securities Private Ltd.,2026-04-16 12:00:05.688094,Himalayan Bank Limited
2026041601015776,HBL,14,35,10,213.8,2138.0,2026-04-16,186593233,134,Nepal Stock House (PVT) Ltd.,Kohinoor Investment & Securities Pvt. Ltd.,2026-04-16 12:00:06.593704,Himalayan Bank Limited
2026041601015916,HBL,14,89,10,213.8,2138.0,2026-04-16,186593837,134,Nepal Stock House (PVT) Ltd.,Global IME Securities Limited,2026-04-16 12:00:56.564564,Himalayan Bank Limited
2026041601015983,HBL,14,14,14,213.8,2993.2,2026-04-16,186594057,134,Nepal Stock House (PVT) Ltd.,Nepal Stock House (PVT) Ltd.,2026-04-16 12:01:09.097082,Himalayan Bank Limited
2026041601016098,HBL,33,40,10,213.6,2136.0,2026-04-16,186594711,134,Dakshinkali Investment & Securities Pvt. Ltd.,Creative Securities Pvt Ltd,2026-04-16 12:02:06.698489,Himalayan Bank Limited
2026041601016204,HBL,58,52,10,213.7,2137.0,2026-04-16,186595071,134,Naasa Securities Co. Ltd.,Sundhara Securities Limited,2026-04-16 12:02:24.633061,Himalayan Bank Limited
2026041601016243,HBL,4,36,10,214.0,2140.0,2026-04-16,186595235,134,Opal Securities Investment (PVT) Ltd.,Secured Securities Ltd.,2026-04-16 12:02:36.344835,Himalayan Bank Limited
2026041601016244,HBL,4,66,10,214.0,2140.0,2026-04-16,186595237,134,Opal Securities Investment (PVT) Ltd.,Miyo Securities Pvt Ltd,2026-04-16 12:02:36.345220,Himalayan Bank Limited
2026041601016288,HBL,4,48,10,214.0,2140.0,2026-04-16,186595493,134,Opal Securities Investment (PVT) Ltd.,Trishakti Securities Public Limited,2026-04-16 12:02:59.894600,Himalayan Bank Limited
2026041601016320,HBL,4,32,10,214.0,2140.0,2026-04-16,186595615,134,Opal Securities Investment (PVT) Ltd.,Premier Securities Company Ltd.,2026-04-16 12:03:10.841531,Himalayan Bank Limited
2026041601016350,HBL,4,13,10,214.0,2140.0,2026-04-16,186595801,134,Opal Securities Investment (PVT) Ltd.,Thrive Brokerage House Pvt. Ltd,2026-04-16 12:03:25.737457,Himalayan Bank Limited
2026041601016361,HBL,4,14,10,214.0,2140.0,2026-04-16,186595831,134,Opal Securities Investment (PVT) Ltd.,Nepal Stock House (PVT) Ltd.,2026-04-16 12:03:29.869280,Himalayan Bank Limited
2026041601016411,HBL,4,49,10,214.0,2140.0,2026-04-16,186596079,134,Opal Securities Investment (PVT) Ltd.,Online Securities Pvt. Ltd.,2026-04-16 12:03:57.463049,Himalayan Bank Limited
2026041601016425,HBL,4,17,10,214.0,2140.0,2026-04-16,186596125,134,Opal Securities Investment (PVT) Ltd.,ABC Securities Private Limited,2026-04-16 12:04:01.412118,Himalayan Bank Limited
2026041601016426,HBL,4,57,10,214.0,2140.0,2026-04-16,186596127,134,Opal Securities Investment (PVT) Ltd.,Aryatara Investment & Securities,2026-04-16 12:04:01.425593,Himalayan Bank Limited
2026041601016463,HBL,58,42,10,214.1,2141.0,2026-04-16,186596317,134,Naasa Securities Co. Ltd.,Sani Securities Company Ltd.,2026-04-16 12:04:20.720168,Himalayan Bank Limited
2026041601016486,HBL,58,58,10,214.1,2141.0,2026-04-16,186596431,134,Naasa Securities Co. Ltd.,Naasa Securities Co. Ltd.,2026-04-16 12:04:31.874977,Himalayan Bank Limited
2026041601016536,HBL,58,63,10,214.1,2141.0,2026-04-16,186596677,134,Naasa Securities Co. Ltd.,Himalayan Brokerage Company Limited,2026-04-16 12:04:50.753859,Himalayan Bank Limited
2026041601016543,HBL,49,1,190,214.5,40755.0,2026-04-16,186596699,134,Online Securities Pvt. Ltd.,Kumari Securities Private Limited,2026-04-16 12:04:54.599314,Himalayan Bank Limited
2026041601016544,HBL,49,62,10,214.5,2145.0,2026-04-16,186596701,134,Online Securities Pvt. Ltd.,Capital Max Securities Ltd,2026-04-16 12:04:54.600051,Himalayan Bank Limited
2026041601016545,HBL,49,45,10,214.5,2145.0,2026-04-16,186596703,134,Online Securities Pvt. Ltd.,Imperial Securities Company Pvt. Ltd.,2026-04-16 12:04:54.600591,Himalayan Bank Limited
2026041601016546,HBL,49,14,500,214.6,107300.0,2026-04-16,186596705,134,Online Securities Pvt. Ltd.,Nepal Stock House (PVT) Ltd.,2026-04-16 12:04:54.601138,Himalayan Bank Limited
2026041601016547,HBL,49,58,10,214.8,2148.0,2026-04-16,186596707,134,Online Securities Pvt. Ltd.,Naasa Securities Co. Ltd.,2026-04-16 12:04:54.601662,Himalayan Bank Limited
2026041601016548,HBL,49,29,44,214.9,9455.6,2026-04-16,186596709,134,Online Securities Pvt. Ltd.,Trisul Securities & Invt. Ltd.,2026-04-16 12:04:54.602194,Himalayan Bank Limited
2026041601016549,HBL,49,3,236,214.9,50716.4,2026-04-16,186596712,134,Online Securities Pvt. Ltd.,Arun Securities (PVT) Ltd.,2026-04-16 12:04:54.602759,Himalayan Bank Limited
2026041601016581,HBL,58,58,10,214.5,2145.0,2026-04-16,186596853,134,Naasa Securities Co. Ltd.,Naasa Securities Co. Ltd.,2026-04-16 12:05:08.013570,Himalayan Bank Limited
2026041601016582,HBL,49,3,264,214.9,56733.6,2026-04-16,186596859,134,Online Securities Pvt. Ltd.,Arun Securities (PVT) Ltd.,2026-04-16 12:05:08.920433,Himalayan Bank Limited
2026041601016583,HBL,49,41,500,215.0,107500.0,2026-04-16,186596861,134,Online Securities Pvt. Ltd.,Linch Stock Market Ltd.,2026-04-16 12:05:08.920795,Himalayan Bank Limited
2026041601016584,HBL,49,4,10,215.0,2150.0,2026-04-16,186596863,134,Online Securities Pvt. Ltd.,Opal Securities Investment (PVT) Ltd.,2026-04-16 12:05:08.920998,Himalayan Bank Limited
2026041601016585,HBL,49,58,10,215.0,2150.0,2026-04-16,186596865,134,Online Securities Pvt. Ltd.,Naasa Securities Co. Ltd.,2026-04-16 12:05:08.921297,Himalayan Bank Limited
2026041601016586,HBL,49,6,10,215.0,2150.0,2026-04-16,186596867,134,Online Securities Pvt. Ltd.,Agrawal Securities (PVT) Ltd.,2026-04-16 12:05:08.921522,Himalayan Bank Limited
2026041601016587,HBL,49,58,10,215.0,2150.0,2026-04-16,186596869,134,Online Securities Pvt. Ltd.,Naasa Securities Co. Ltd.,2026-04-16 12:05:08.921753,Himalayan Bank Limited
2026041601016588,HBL,49,58,10,215.0,2150.0,2026-04-16,186596871,134,Online Securities Pvt. Ltd.,Naasa Securities Co. Ltd.,2026-04-16 12:05:08.921966,Himalayan Bank Limited
2026041601016589,HBL,49,57,10,215.0,2150.0,2026-04-16,186596873,134,Online Securities Pvt. Ltd.,Aryatara Investment & Securities,2026-04-16 12:05:08.922176,Himalayan Bank Limited
2026041601016590,HBL,49,49,120,215.0,25800.0,2026-04-16,186596875,134,Online Securities Pvt. Ltd.,Online Securities Pvt. Ltd.,2026-04-16 12:05:08.922386,Himalayan Bank Limited
2026041601016591,HBL,49,38,10,215.0,2150.0,2026-04-16,186596877,134,Online Securities Pvt. Ltd.,Dipshikha Dhitopatra Karobar Co. Pvt Ltd.,2026-04-16 12:05:08.922598,Himalayan Bank Limited
2026041601016592,HBL,49,49,46,215.0,9890.0,2026-04-16,186596880,134,Online Securities Pvt. Ltd.,Online Securities Pvt. Ltd.,2026-04-16 12:05:08.922807,Himalayan Bank Limited
2026041601016608,HBL,58,14,46,214.5,9867.0,2026-04-16,186596977,134,Naasa Securities Co. Ltd.,Nepal Stock House (PVT) Ltd.,2026-04-16 12:05:19.073266,Himalayan Bank Limited
2026041601016817,HBL,58,34,10,214.5,2145.0,2026-04-16,186597999,134,Naasa Securities Co. Ltd.,Vision Securities Pvt. Ltd,2026-04-16 12:06:47.870780,Himalayan Bank Limited
2026041601016840,HBL,54,94,20,214.2,4284.0,2026-04-16,186598134,134,Sewa Securities Pvt. Ltd.,K.B.L. Securities Limited ,2026-04-16 12:06:57.381353,Himalayan Bank Limited
2026041601016841,HBL,58,94,24,214.1,5138.4,2026-04-16,186598135,134,Naasa Securities Co. Ltd.,K.B.L. Securities Limited ,2026-04-16 12:06:57.381457,Himalayan Bank Limited
2026041601016941,HBL,58,43,46,214.1,9848.6,2026-04-16,186598684,134,Naasa Securities Co. Ltd.,South Asian Bulls Pvt. Ltd.,2026-04-16 12:07:31.931704,Himalayan Bank Limited
2026041601017013,HBL,4,43,410,214.0,87740.0,2026-04-16,186598952,134,Opal Securities Investment (PVT) Ltd.,South Asian Bulls Pvt. Ltd.,2026-04-16 12:07:55.679156,Himalayan Bank Limited
2026041601017014,HBL,22,43,28,214.0,5992.0,2026-04-16,186598954,134,Siprabi Securities Pvt. Ltd.,South Asian Bulls Pvt. Ltd.,2026-04-16 12:07:55.679534,Himalayan Bank Limited
2026041601017015,HBL,38,43,16,214.0,3424.0,2026-04-16,186598955,134,Dipshikha Dhitopatra Karobar Co. Pvt Ltd.,South Asian Bulls Pvt. Ltd.,2026-04-16 12:07:55.679714,Himalayan Bank Limited
2026041601017044,HBL,38,8,10,214.0,2140.0,2026-04-16,186599257,134,Dipshikha Dhitopatra Karobar Co. Pvt Ltd.,Brilliant Securities Pvt. Ltd.,2026-04-16 12:08:09.123129,Himalayan Bank Limited
2026041601017078,HBL,38,58,10,214.0,2140.0,2026-04-16,186599409,134,Dipshikha Dhitopatra Karobar Co. Pvt Ltd.,Naasa Securities Co. Ltd.,2026-04-16 12:08:21.977792,Himalayan Bank Limited
2026041601017085,HBL,38,52,10,214.0,2140.0,2026-04-16,186599437,134,Dipshikha Dhitopatra Karobar Co. Pvt Ltd.,Sundhara Securities Limited,2026-04-16 12:08:24.432310,Himalayan Bank Limited
2026041601017086,HBL,38,58,10,214.0,2140.0,2026-04-16,186599439,134,Dipshikha Dhitopatra Karobar Co. Pvt Ltd.,Naasa Securities Co. Ltd.,2026-04-16 12:08:24.572700,Himalayan Bank Limited
2026041601017106,HBL,38,33,144,214.0,30816.0,2026-04-16,186599536,134,Dipshikha Dhitopatra Karobar Co. Pvt Ltd.,Dakshinkali Investment & Securities Pvt. Ltd.,2026-04-16 12:08:30.176226,Himalayan Bank Limited
2026041601017107,HBL,53,33,100,214.0,21400.0,2026-04-16,186599538,134,Investment Management Nepal Pvt. Ltd.,Dakshinkali Investment & Securities Pvt. Ltd.,2026-04-16 12:08:30.176972,Himalayan Bank Limited
2026041601017108,HBL,32,33,50,214.0,10700.0,2026-04-16,186599540,134,Premier Securities Company Ltd.,Dakshinkali Investment & Securities Pvt. Ltd.,2026-04-16 12:08:30.177495,Himalayan Bank Limited
2026041601017109,HBL,57,33,100,214.0,21400.0,2026-04-16,186599542,134,Aryatara Investment & Securities,Dakshinkali Investment & Securities Pvt. Ltd.,2026-04-16 12:08:30.178019,Himalayan Bank Limited
2026041601017110,HBL,16,33,150,214.0,32100.0,2026-04-16,186599544,134,Primo Securities (PVT) Ltd.,Dakshinkali Investment & Securities Pvt. Ltd.,2026-04-16 12:08:30.178551,Himalayan Bank Limited
2026041601017111,HBL,33,33,73,213.6,15592.8,2026-04-16,186599546,134,Dakshinkali Investment & Securities Pvt. Ltd.,Dakshinkali Investment & Securities Pvt. Ltd.,2026-04-16 12:08:30.179088,Himalayan Bank Limited
2026041601017112,HBL,47,33,165,213.6,35244.0,2026-04-16,186599548,134,Neev Securities Pvt. Ltd.,Dakshinkali Investment & Securities Pvt. Ltd.,2026-04-16 12:08:30.179613,Himalayan Bank Limited
2026041601017162,HBL,45,57,10,213.4,2134.0,2026-04-16,186599825,134,Imperial Securities Company Pvt. Ltd.,Aryatara Investment & Securities,2026-04-16 12:08:48.497144,Himalayan Bank Limited
2026041601017171,HBL,45,33,718,213.4,153221.2,2026-04-16,186599859,134,Imperial Securities Company Pvt. Ltd.,Dakshinkali Investment & Securities Pvt. Ltd.,2026-04-16 12:08:50.381690,Himalayan Bank Limited
