contractId,stockSymbol,buyerMemberId,sellerMemberId,quantity,rate,amount,businessDate,tradeBookId,stockId,buyerBrokerName,sellerBrokerName,transaction_time,securityName
2026041601000057,KBL,36,18,20,236.0,4720.0,2026-04-16,186531770,142,Secured Securities Ltd.,Sagarmatha Securities Private Limited,2026-04-16 11:00:13.623302,Kumari Bank Limited
2026041601000112,KBL,5,42,10,235.9,2359.0,2026-04-16,186532030,142,Market Securities & Exchange (PVT) Ltd.,Sani Securities Company Ltd.,2026-04-16 11:00:51.968391,Kumari Bank Limited
2026041601000157,KBL,36,58,70,235.0,16450.0,2026-04-16,186532188,142,Secured Securities Ltd.,Naasa Securities Co. Ltd.,2026-04-16 11:01:07.143960,Kumari Bank Limited
2026041601000323,KBL,49,51,30,234.0,7020.0,2026-04-16,186532922,142,Online Securities Pvt. Ltd.,Oxford Securities Pvt. Ltd.,2026-04-16 11:01:44.590081,Kumari Bank Limited
2026041601000324,KBL,11,51,10,232.5,2325.0,2026-04-16,186532924,142,Malla & Malla Stock Broking Company Pvt. Limited,Oxford Securities Pvt. Ltd.,2026-04-16 11:01:44.590202,Kumari Bank Limited
2026041601000325,KBL,14,51,100,232.2,23220.0,2026-04-16,186532926,142,Nepal Stock House (PVT) Ltd.,Oxford Securities Pvt. Ltd.,2026-04-16 11:01:44.590248,Kumari Bank Limited
2026041601000326,KBL,4,51,160,232.1,37136.0,2026-04-16,186532927,142,Opal Securities Investment (PVT) Ltd.,Oxford Securities Pvt. Ltd.,2026-04-16 11:01:44.590291,Kumari Bank Limited
2026041601000575,KBL,4,58,91,232.1,21121.1,2026-04-16,186533786,142,Opal Securities Investment (PVT) Ltd.,Naasa Securities Co. Ltd.,2026-04-16 11:02:36.911565,Kumari Bank Limited
2026041601000576,KBL,32,58,500,232.1,116050.0,2026-04-16,186533788,142,Premier Securities Company Ltd.,Naasa Securities Co. Ltd.,2026-04-16 11:02:36.911740,Kumari Bank Limited
2026041601000577,KBL,32,58,339,232.0,78648.0,2026-04-16,186533789,142,Premier Securities Company Ltd.,Naasa Securities Co. Ltd.,2026-04-16 11:02:36.911868,Kumari Bank Limited
2026041601000717,KBL,32,25,160,232.0,37120.0,2026-04-16,186534258,142,Premier Securities Company Ltd.,Sweta Securities Private Limited,2026-04-16 11:03:04.388989,Kumari Bank Limited
2026041601000808,KBL,10,101,1000,232.0,232000.0,2026-04-16,186534617,142,Pragyan Securities (PVT) Ltd.,APPLE SECURITIES PRIVATE LIMITED,2026-04-16 11:03:25.506212,Kumari Bank Limited
2026041601000816,KBL,10,58,645,232.0,149640.0,2026-04-16,186534651,142,Pragyan Securities (PVT) Ltd.,Naasa Securities Co. Ltd.,2026-04-16 11:03:27.911934,Kumari Bank Limited
2026041601000852,KBL,10,58,355,232.0,82360.0,2026-04-16,186534798,142,Pragyan Securities (PVT) Ltd.,Naasa Securities Co. Ltd.,2026-04-16 11:03:35.916280,Kumari Bank Limited
2026041601000862,KBL,52,58,30,232.0,6960.0,2026-04-16,186534858,142,Sundhara Securities Limited,Naasa Securities Co. Ltd.,2026-04-16 11:03:39.008706,Kumari Bank Limited
2026041601000961,KBL,43,34,25,231.7,5792.5,2026-04-16,186535284,142,South Asian Bulls Pvt. Ltd.,Vision Securities Pvt. Ltd,2026-04-16 11:04:06.445339,Kumari Bank Limited
2026041601000962,KBL,48,34,300,231.7,69510.0,2026-04-16,186535286,142,Trishakti Securities Public Limited,Vision Securities Pvt. Ltd,2026-04-16 11:04:06.445555,Kumari Bank Limited
2026041601000963,KBL,37,34,175,231.6,40530.0,2026-04-16,186535287,142,Swarna Laxmi Securities Pvt. Ltd.,Vision Securities Pvt. Ltd,2026-04-16 11:04:06.445692,Kumari Bank Limited
2026041601001042,KBL,34,58,115,232.0,26680.0,2026-04-16,186535527,142,Vision Securities Pvt. Ltd,Naasa Securities Co. Ltd.,2026-04-16 11:04:20.446919,Kumari Bank Limited
2026041601001397,KBL,10,85,500,232.1,116050.0,2026-04-16,186536673,142,Pragyan Securities (PVT) Ltd.,Capital Hub P. Ltd,2026-04-16 11:05:25.290977,Kumari Bank Limited
2026041601001404,KBL,10,58,500,232.1,116050.0,2026-04-16,186536687,142,Pragyan Securities (PVT) Ltd.,Naasa Securities Co. Ltd.,2026-04-16 11:05:26.442957,Kumari Bank Limited
2026041601001451,KBL,10,25,60,232.1,13926.0,2026-04-16,186536817,142,Pragyan Securities (PVT) Ltd.,Sweta Securities Private Limited,2026-04-16 11:05:33.925047,Kumari Bank Limited
2026041601001455,KBL,10,38,940,232.1,218174.0,2026-04-16,186536834,142,Pragyan Securities (PVT) Ltd.,Dipshikha Dhitopatra Karobar Co. Pvt Ltd.,2026-04-16 11:05:34.482930,Kumari Bank Limited
2026041601001516,KBL,32,41,500,232.0,116000.0,2026-04-16,186537065,142,Premier Securities Company Ltd.,Linch Stock Market Ltd.,2026-04-16 11:05:46.233229,Kumari Bank Limited
2026041601001517,KBL,38,41,100,232.0,23200.0,2026-04-16,186537069,142,Dipshikha Dhitopatra Karobar Co. Pvt Ltd.,Linch Stock Market Ltd.,2026-04-16 11:05:46.233518,Kumari Bank Limited
2026041601001575,KBL,46,41,400,232.0,92800.0,2026-04-16,186537297,142,Kalika Securities Pvt. Ltd.,Linch Stock Market Ltd.,2026-04-16 11:05:59.034569,Kumari Bank Limited
2026041601001579,KBL,46,7,90,232.0,20880.0,2026-04-16,186537305,142,Kalika Securities Pvt. Ltd.,J.F. Securites (PVT) Ltd.,2026-04-16 11:05:59.829086,Kumari Bank Limited
2026041601001618,KBL,46,62,510,232.0,118320.0,2026-04-16,186537450,142,Kalika Securities Pvt. Ltd.,Capital Max Securities Ltd,2026-04-16 11:06:07.126171,Kumari Bank Limited
2026041601001641,KBL,10,62,90,232.0,20880.0,2026-04-16,186537551,142,Pragyan Securities (PVT) Ltd.,Capital Max Securities Ltd,2026-04-16 11:06:17.241957,Kumari Bank Limited
2026041601001642,KBL,10,38,1060,232.1,246026.0,2026-04-16,186537553,142,Pragyan Securities (PVT) Ltd.,Dipshikha Dhitopatra Karobar Co. Pvt Ltd.,2026-04-16 11:06:17.242095,Kumari Bank Limited
2026041601001643,KBL,10,58,303,232.1,70326.3,2026-04-16,186537555,142,Pragyan Securities (PVT) Ltd.,Naasa Securities Co. Ltd.,2026-04-16 11:06:17.242155,Kumari Bank Limited
2026041601001690,KBL,10,89,10,232.1,2321.0,2026-04-16,186537709,142,Pragyan Securities (PVT) Ltd.,Global IME Securities Limited,2026-04-16 11:06:23.856890,Kumari Bank Limited
2026041601001791,KBL,36,34,170,233.0,39610.0,2026-04-16,186538116,142,Secured Securities Ltd.,Vision Securities Pvt. Ltd,2026-04-16 11:06:50.521064,Kumari Bank Limited
2026041601001826,KBL,10,25,200,232.1,46420.0,2026-04-16,186538299,142,Pragyan Securities (PVT) Ltd.,Sweta Securities Private Limited,2026-04-16 11:06:57.018945,Kumari Bank Limited
2026041601001847,KBL,59,34,100,233.0,23300.0,2026-04-16,186538370,142,Deevyaa Securities & Stock House Pvt. Ltd,Vision Securities Pvt. Ltd,2026-04-16 11:06:59.519776,Kumari Bank Limited
2026041601002109,KBL,10,34,230,232.1,53383.0,2026-04-16,186539277,142,Pragyan Securities (PVT) Ltd.,Vision Securities Pvt. Ltd,2026-04-16 11:07:45.373758,Kumari Bank Limited
2026041601002224,KBL,35,57,10,232.5,2325.0,2026-04-16,186539634,142,Kohinoor Investment & Securities Pvt. Ltd.,Aryatara Investment & Securities,2026-04-16 11:08:02.957315,Kumari Bank Limited
2026041601002268,KBL,10,4,13,232.1,3017.3,2026-04-16,186539769,142,Pragyan Securities (PVT) Ltd.,Opal Securities Investment (PVT) Ltd.,2026-04-16 11:08:08.941743,Kumari Bank Limited
2026041601002331,KBL,10,25,90,232.1,20889.0,2026-04-16,186540051,142,Pragyan Securities (PVT) Ltd.,Sweta Securities Private Limited,2026-04-16 11:08:25.008524,Kumari Bank Limited
2026041601002396,KBL,32,57,490,232.5,113925.0,2026-04-16,186540377,142,Premier Securities Company Ltd.,Aryatara Investment & Securities,2026-04-16 11:08:44.340187,Kumari Bank Limited
2026041601002397,KBL,32,57,500,233.0,116500.0,2026-04-16,186540379,142,Premier Securities Company Ltd.,Aryatara Investment & Securities,2026-04-16 11:08:44.340451,Kumari Bank Limited
2026041601002398,KBL,32,42,50,233.0,11650.0,2026-04-16,186540381,142,Premier Securities Company Ltd.,Sani Securities Company Ltd.,2026-04-16 11:08:44.340627,Kumari Bank Limited
2026041601002399,KBL,32,41,500,233.0,116500.0,2026-04-16,186540383,142,Premier Securities Company Ltd.,Linch Stock Market Ltd.,2026-04-16 11:08:44.340795,Kumari Bank Limited
2026041601002400,KBL,32,52,460,233.0,107180.0,2026-04-16,186540386,142,Premier Securities Company Ltd.,Sundhara Securities Limited,2026-04-16 11:08:44.340963,Kumari Bank Limited
2026041601002456,KBL,38,35,25,232.0,5800.0,2026-04-16,186540666,142,Dipshikha Dhitopatra Karobar Co. Pvt Ltd.,Kohinoor Investment & Securities Pvt. Ltd.,2026-04-16 11:08:59.228397,Kumari Bank Limited
2026041601002457,KBL,32,35,475,232.0,110200.0,2026-04-16,186540667,142,Premier Securities Company Ltd.,Kohinoor Investment & Securities Pvt. Ltd.,2026-04-16 11:08:59.228656,Kumari Bank Limited
2026041601002520,KBL,10,42,100,232.1,23210.0,2026-04-16,186540919,142,Pragyan Securities (PVT) Ltd.,Sani Securities Company Ltd.,2026-04-16 11:09:12.398151,Kumari Bank Limited
2026041601002526,KBL,10,1,1000,232.1,232100.0,2026-04-16,186540941,142,Pragyan Securities (PVT) Ltd.,Kumari Securities Private Limited,2026-04-16 11:09:13.207694,Kumari Bank Limited
2026041601002761,KBL,10,29,899,232.1,208657.9,2026-04-16,186541993,142,Pragyan Securities (PVT) Ltd.,Trisul Securities & Invt. Ltd.,2026-04-16 11:09:50.939774,Kumari Bank Limited
2026041601002772,KBL,32,48,25,232.0,5800.0,2026-04-16,186542040,142,Premier Securities Company Ltd.,Trishakti Securities Public Limited,2026-04-16 11:09:53.743459,Kumari Bank Limited
2026041601002773,KBL,58,48,575,232.0,133400.0,2026-04-16,186542041,142,Naasa Securities Co. Ltd.,Trishakti Securities Public Limited,2026-04-16 11:09:53.743749,Kumari Bank Limited
2026041601002833,KBL,58,42,1000,232.0,232000.0,2026-04-16,186542231,142,Naasa Securities Co. Ltd.,Sani Securities Company Ltd.,2026-04-16 11:10:00.630150,Kumari Bank Limited
2026041601002864,KBL,58,51,425,232.0,98600.0,2026-04-16,186542370,142,Naasa Securities Co. Ltd.,Oxford Securities Pvt. Ltd.,2026-04-16 11:10:05.215643,Kumari Bank Limited
2026041601002865,KBL,48,51,48,232.0,11136.0,2026-04-16,186542372,142,Trishakti Securities Public Limited,Oxford Securities Pvt. Ltd.,2026-04-16 11:10:05.215786,Kumari Bank Limited
2026041601002866,KBL,6,51,1000,232.0,232000.0,2026-04-16,186542374,142,Agrawal Securities (PVT) Ltd.,Oxford Securities Pvt. Ltd.,2026-04-16 11:10:05.215851,Kumari Bank Limited
2026041601002867,KBL,17,51,527,232.0,122264.0,2026-04-16,186542375,142,ABC Securities Private Limited,Oxford Securities Pvt. Ltd.,2026-04-16 11:10:05.215911,Kumari Bank Limited
2026041601002931,KBL,17,39,473,232.0,109736.0,2026-04-16,186542634,142,ABC Securities Private Limited,Sumeru Securities Pvt. Ltd.,2026-04-16 11:10:16.302412,Kumari Bank Limited
2026041601002932,KBL,10,39,100,231.8,23180.0,2026-04-16,186542636,142,Pragyan Securities (PVT) Ltd.,Sumeru Securities Pvt. Ltd.,2026-04-16 11:10:16.302549,Kumari Bank Limited
2026041601002933,KBL,38,39,500,231.8,115900.0,2026-04-16,186542638,142,Dipshikha Dhitopatra Karobar Co. Pvt Ltd.,Sumeru Securities Pvt. Ltd.,2026-04-16 11:10:16.302614,Kumari Bank Limited
2026041601002934,KBL,64,39,10,231.8,2318.0,2026-04-16,186542640,142,SUN SECURITIES PVT LTD,Sumeru Securities Pvt. Ltd.,2026-04-16 11:10:16.302676,Kumari Bank Limited
2026041601002935,KBL,57,39,500,231.7,115850.0,2026-04-16,186542642,142,Aryatara Investment & Securities,Sumeru Securities Pvt. Ltd.,2026-04-16 11:10:16.302741,Kumari Bank Limited
2026041601002936,KBL,37,39,640,231.6,148224.0,2026-04-16,186542644,142,Swarna Laxmi Securities Pvt. Ltd.,Sumeru Securities Pvt. Ltd.,2026-04-16 11:10:16.302806,Kumari Bank Limited
2026041601002937,KBL,58,39,50,231.5,11575.0,2026-04-16,186542646,142,Naasa Securities Co. Ltd.,Sumeru Securities Pvt. Ltd.,2026-04-16 11:10:16.302871,Kumari Bank Limited
2026041601002938,KBL,58,39,2000,231.5,463000.0,2026-04-16,186542648,142,Naasa Securities Co. Ltd.,Sumeru Securities Pvt. Ltd.,2026-04-16 11:10:16.302934,Kumari Bank Limited
2026041601002939,KBL,32,39,500,231.3,115650.0,2026-04-16,186542650,142,Premier Securities Company Ltd.,Sumeru Securities Pvt. Ltd.,2026-04-16 11:10:16.302998,Kumari Bank Limited
2026041601002940,KBL,57,39,1000,231.3,231300.0,2026-04-16,186542652,142,Aryatara Investment & Securities,Sumeru Securities Pvt. Ltd.,2026-04-16 11:10:16.303064,Kumari Bank Limited
2026041601002941,KBL,26,39,2000,231.2,462400.0,2026-04-16,186542654,142,Asian Securities Private Ltd.,Sumeru Securities Pvt. Ltd.,2026-04-16 11:10:16.303124,Kumari Bank Limited
2026041601002942,KBL,19,39,200,231.0,46200.0,2026-04-16,186542656,142,Nepal Investment And Securities Trading Private Limited,Sumeru Securities Pvt. Ltd.,2026-04-16 11:10:16.303182,Kumari Bank Limited
2026041601002943,KBL,65,39,100,231.0,23100.0,2026-04-16,186542658,142,Sharepro Securities Private Limited,Sumeru Securities Pvt. Ltd.,2026-04-16 11:10:16.303238,Kumari Bank Limited
2026041601002944,KBL,58,39,510,231.0,117810.0,2026-04-16,186542660,142,Naasa Securities Co. Ltd.,Sumeru Securities Pvt. Ltd.,2026-04-16 11:10:16.303292,Kumari Bank Limited
2026041601002945,KBL,16,39,1555,231.0,359205.0,2026-04-16,186542662,142,Primo Securities (PVT) Ltd.,Sumeru Securities Pvt. Ltd.,2026-04-16 11:10:16.303367,Kumari Bank Limited
2026041601002946,KBL,45,39,1000,231.0,231000.0,2026-04-16,186542664,142,Imperial Securities Company Pvt. Ltd.,Sumeru Securities Pvt. Ltd.,2026-04-16 11:10:16.303424,Kumari Bank Limited
2026041601003212,KBL,22,4,500,230.5,115250.0,2026-04-16,186543510,142,Siprabi Securities Pvt. Ltd.,Opal Securities Investment (PVT) Ltd.,2026-04-16 11:10:51.663824,Kumari Bank Limited
2026041601003405,KBL,34,39,200,231.0,46200.0,2026-04-16,186544170,142,Vision Securities Pvt. Ltd,Sumeru Securities Pvt. Ltd.,2026-04-16 11:11:22.897383,Kumari Bank Limited
2026041601003441,KBL,1,39,200,231.0,46200.0,2026-04-16,186544306,142,Kumari Securities Private Limited,Sumeru Securities Pvt. Ltd.,2026-04-16 11:11:29.934935,Kumari Bank Limited
2026041601003538,KBL,58,39,500,231.0,115500.0,2026-04-16,186544566,142,Naasa Securities Co. Ltd.,Sumeru Securities Pvt. Ltd.,2026-04-16 11:11:38.132937,Kumari Bank Limited
2026041601003554,KBL,34,39,200,231.0,46200.0,2026-04-16,186544646,142,Vision Securities Pvt. Ltd,Sumeru Securities Pvt. Ltd.,2026-04-16 11:11:42.930086,Kumari Bank Limited
2026041601003563,KBL,32,39,100,231.0,23100.0,2026-04-16,186544712,142,Premier Securities Company Ltd.,Sumeru Securities Pvt. Ltd.,2026-04-16 11:11:46.331449,Kumari Bank Limited
2026041601003614,KBL,10,4,500,230.6,115300.0,2026-04-16,186544889,142,Pragyan Securities (PVT) Ltd.,Opal Securities Investment (PVT) Ltd.,2026-04-16 11:11:59.086648,Kumari Bank Limited
2026041601003646,KBL,38,39,662,231.0,152922.0,2026-04-16,186545007,142,Dipshikha Dhitopatra Karobar Co. Pvt Ltd.,Sumeru Securities Pvt. Ltd.,2026-04-16 11:12:04.395395,Kumari Bank Limited
2026041601003660,KBL,38,33,338,231.0,78078.0,2026-04-16,186545062,142,Dipshikha Dhitopatra Karobar Co. Pvt Ltd.,Dakshinkali Investment & Securities Pvt. Ltd.,2026-04-16 11:12:06.587652,Kumari Bank Limited
2026041601003661,KBL,10,33,1500,230.6,345900.0,2026-04-16,186545064,142,Pragyan Securities (PVT) Ltd.,Dakshinkali Investment & Securities Pvt. Ltd.,2026-04-16 11:12:06.587829,Kumari Bank Limited
2026041601003662,KBL,16,33,1000,230.6,230600.0,2026-04-16,186545066,142,Primo Securities (PVT) Ltd.,Dakshinkali Investment & Securities Pvt. Ltd.,2026-04-16 11:12:06.587899,Kumari Bank Limited
2026041601003663,KBL,19,33,1000,230.6,230600.0,2026-04-16,186545068,142,Nepal Investment And Securities Trading Private Limited,Dakshinkali Investment & Securities Pvt. Ltd.,2026-04-16 11:12:06.587962,Kumari Bank Limited
2026041601003684,KBL,49,33,32,230.6,7379.2,2026-04-16,186545182,142,Online Securities Pvt. Ltd.,Dakshinkali Investment & Securities Pvt. Ltd.,2026-04-16 11:12:10.423347,Kumari Bank Limited
2026041601003688,KBL,34,33,130,230.6,29978.0,2026-04-16,186545189,142,Vision Securities Pvt. Ltd,Dakshinkali Investment & Securities Pvt. Ltd.,2026-04-16 11:12:10.797151,Kumari Bank Limited
2026041601003815,KBL,32,45,500,230.7,115350.0,2026-04-16,186545510,142,Premier Securities Company Ltd.,Imperial Securities Company Pvt. Ltd.,2026-04-16 11:12:22.372509,Kumari Bank Limited
2026041601003864,KBL,32,45,1000,230.7,230700.0,2026-04-16,186545690,142,Premier Securities Company Ltd.,Imperial Securities Company Pvt. Ltd.,2026-04-16 11:12:29.742354,Kumari Bank Limited
2026041601003953,KBL,69,32,500,230.6,115300.0,2026-04-16,186545963,142,INDEX SECURITIES LIMITED,Premier Securities Company Ltd.,2026-04-16 11:12:41.325189,Kumari Bank Limited
2026041601003959,KBL,34,45,100,230.7,23070.0,2026-04-16,186545994,142,Vision Securities Pvt. Ltd,Imperial Securities Company Pvt. Ltd.,2026-04-16 11:12:41.913596,Kumari Bank Limited
2026041601004018,KBL,16,45,300,230.7,69210.0,2026-04-16,186546138,142,Primo Securities (PVT) Ltd.,Imperial Securities Company Pvt. Ltd.,2026-04-16 11:12:47.282715,Kumari Bank Limited
2026041601004021,KBL,32,45,500,230.7,115350.0,2026-04-16,186546144,142,Premier Securities Company Ltd.,Imperial Securities Company Pvt. Ltd.,2026-04-16 11:12:47.492005,Kumari Bank Limited
2026041601004053,KBL,58,45,4000,230.7,922800.0,2026-04-16,186546258,142,Naasa Securities Co. Ltd.,Imperial Securities Company Pvt. Ltd.,2026-04-16 11:12:54.122758,Kumari Bank Limited
2026041601004092,KBL,49,45,500,230.7,115350.0,2026-04-16,186546416,142,Online Securities Pvt. Ltd.,Imperial Securities Company Pvt. Ltd.,2026-04-16 11:13:05.215754,Kumari Bank Limited
2026041601004143,KBL,43,45,100,230.7,23070.0,2026-04-16,186546597,142,South Asian Bulls Pvt. Ltd.,Imperial Securities Company Pvt. Ltd.,2026-04-16 11:13:15.695787,Kumari Bank Limited
2026041601004144,KBL,43,35,200,230.7,46140.0,2026-04-16,186546600,142,South Asian Bulls Pvt. Ltd.,Kohinoor Investment & Securities Pvt. Ltd.,2026-04-16 11:13:15.696112,Kumari Bank Limited
2026041601004170,KBL,42,35,200,230.7,46140.0,2026-04-16,186546712,142,Sani Securities Company Ltd.,Kohinoor Investment & Securities Pvt. Ltd.,2026-04-16 11:13:20.207159,Kumari Bank Limited
2026041601004260,KBL,58,35,100,230.7,23070.0,2026-04-16,186546970,142,Naasa Securities Co. Ltd.,Kohinoor Investment & Securities Pvt. Ltd.,2026-04-16 11:13:33.323397,Kumari Bank Limited
2026041601004277,KBL,59,35,200,230.7,46140.0,2026-04-16,186547018,142,Deevyaa Securities & Stock House Pvt. Ltd,Kohinoor Investment & Securities Pvt. Ltd.,2026-04-16 11:13:37.844473,Kumari Bank Limited
2026041601004279,KBL,18,35,500,230.7,115350.0,2026-04-16,186547022,142,Sagarmatha Securities Private Limited,Kohinoor Investment & Securities Pvt. Ltd.,2026-04-16 11:13:38.106831,Kumari Bank Limited
2026041601004313,KBL,34,35,1000,230.7,230700.0,2026-04-16,186547120,142,Vision Securities Pvt. Ltd,Kohinoor Investment & Securities Pvt. Ltd.,2026-04-16 11:13:42.621233,Kumari Bank Limited
2026041601004341,KBL,49,35,200,230.7,46140.0,2026-04-16,186547234,142,Online Securities Pvt. Ltd.,Kohinoor Investment & Securities Pvt. Ltd.,2026-04-16 11:13:48.776588,Kumari Bank Limited
2026041601004358,KBL,69,14,15,230.6,3459.0,2026-04-16,186547285,142,INDEX SECURITIES LIMITED,Nepal Stock House (PVT) Ltd.,2026-04-16 11:13:51.771179,Kumari Bank Limited
2026041601004374,KBL,32,35,600,230.7,138420.0,2026-04-16,186547349,142,Premier Securities Company Ltd.,Kohinoor Investment & Securities Pvt. Ltd.,2026-04-16 11:13:54.473007,Kumari Bank Limited
2026041601004824,KBL,35,52,10,233.0,2330.0,2026-04-16,186549010,142,Kohinoor Investment & Securities Pvt. Ltd.,Sundhara Securities Limited,2026-04-16 11:15:24.684856,Kumari Bank Limited
2026041601004930,KBL,42,40,300,232.0,69600.0,2026-04-16,186549366,142,Sani Securities Company Ltd.,Creative Securities Pvt Ltd,2026-04-16 11:15:39.083370,Kumari Bank Limited
2026041601004931,KBL,45,40,2200,231.2,508640.0,2026-04-16,186549367,142,Imperial Securities Company Pvt. Ltd.,Creative Securities Pvt Ltd,2026-04-16 11:15:39.083706,Kumari Bank Limited
2026041601005357,KBL,34,48,90,232.2,20898.0,2026-04-16,186550779,142,Vision Securities Pvt. Ltd,Trishakti Securities Public Limited,2026-04-16 11:17:03.188927,Kumari Bank Limited
2026041601005714,KBL,60,52,1000,233.0,233000.0,2026-04-16,186552238,142,Nagarik Stock Dealer ,Sundhara Securities Limited,2026-04-16 11:18:22.021219,Kumari Bank Limited
2026041601005763,KBL,60,52,30,233.0,6990.0,2026-04-16,186552491,142,Nagarik Stock Dealer ,Sundhara Securities Limited,2026-04-16 11:18:39.952361,Kumari Bank Limited
2026041601005764,KBL,60,42,290,233.0,67570.0,2026-04-16,186552493,142,Nagarik Stock Dealer ,Sani Securities Company Ltd.,2026-04-16 11:18:39.952605,Kumari Bank Limited
2026041601005765,KBL,60,22,375,233.0,87375.0,2026-04-16,186552495,142,Nagarik Stock Dealer ,Siprabi Securities Pvt. Ltd.,2026-04-16 11:18:39.952702,Kumari Bank Limited
2026041601005826,KBL,49,43,200,232.9,46580.0,2026-04-16,186552729,142,Online Securities Pvt. Ltd.,South Asian Bulls Pvt. Ltd.,2026-04-16 11:18:57.817758,Kumari Bank Limited
2026041601005827,KBL,49,34,20,233.0,4660.0,2026-04-16,186552731,142,Online Securities Pvt. Ltd.,Vision Securities Pvt. Ltd,2026-04-16 11:18:57.818151,Kumari Bank Limited
2026041601005828,KBL,49,51,280,233.0,65240.0,2026-04-16,186552734,142,Online Securities Pvt. Ltd.,Oxford Securities Pvt. Ltd.,2026-04-16 11:18:57.818428,Kumari Bank Limited
2026041601005912,KBL,94,59,15,232.6,3489.0,2026-04-16,186553034,142,K.B.L. Securities Limited ,Deevyaa Securities & Stock House Pvt. Ltd,2026-04-16 11:19:21.027040,Kumari Bank Limited
2026041601005913,KBL,39,59,50,232.6,11630.0,2026-04-16,186553036,142,Sumeru Securities Pvt. Ltd.,Deevyaa Securities & Stock House Pvt. Ltd,2026-04-16 11:19:21.027236,Kumari Bank Limited
2026041601005914,KBL,14,59,4935,232.3,1146400.5,2026-04-16,186553037,142,Nepal Stock House (PVT) Ltd.,Deevyaa Securities & Stock House Pvt. Ltd,2026-04-16 11:19:21.027332,Kumari Bank Limited
2026041601006168,KBL,57,51,720,233.0,167760.0,2026-04-16,186553995,142,Aryatara Investment & Securities,Oxford Securities Pvt. Ltd.,2026-04-16 11:20:24.115291,Kumari Bank Limited
2026041601006176,KBL,57,21,500,233.0,116500.0,2026-04-16,186554029,142,Aryatara Investment & Securities,Midas Stock Broking Company Private Limited,2026-04-16 11:20:27.181554,Kumari Bank Limited
2026041601006197,KBL,57,38,495,233.0,115335.0,2026-04-16,186554108,142,Aryatara Investment & Securities,Dipshikha Dhitopatra Karobar Co. Pvt Ltd.,2026-04-16 11:20:34.148600,Kumari Bank Limited
2026041601006198,KBL,17,38,200,233.0,46600.0,2026-04-16,186554110,142,ABC Securities Private Limited,Dipshikha Dhitopatra Karobar Co. Pvt Ltd.,2026-04-16 11:20:34.148801,Kumari Bank Limited
2026041601006199,KBL,14,38,65,232.3,15099.5,2026-04-16,186554112,142,Nepal Stock House (PVT) Ltd.,Dipshikha Dhitopatra Karobar Co. Pvt Ltd.,2026-04-16 11:20:34.148897,Kumari Bank Limited
2026041601006200,KBL,57,38,300,232.3,69690.0,2026-04-16,186554113,142,Aryatara Investment & Securities,Dipshikha Dhitopatra Karobar Co. Pvt Ltd.,2026-04-16 11:20:34.148989,Kumari Bank Limited
2026041601006235,KBL,57,62,980,232.3,227654.0,2026-04-16,186554316,142,Aryatara Investment & Securities,Capital Max Securities Ltd,2026-04-16 11:20:50.325622,Kumari Bank Limited
2026041601006236,KBL,16,62,325,232.3,75497.5,2026-04-16,186554318,142,Primo Securities (PVT) Ltd.,Capital Max Securities Ltd,2026-04-16 11:20:50.325760,Kumari Bank Limited
2026041601006237,KBL,34,62,210,232.2,48762.0,2026-04-16,186554320,142,Vision Securities Pvt. Ltd,Capital Max Securities Ltd,2026-04-16 11:20:50.325873,Kumari Bank Limited
2026041601006238,KBL,35,62,10,232.2,2322.0,2026-04-16,186554322,142,Kohinoor Investment & Securities Pvt. Ltd.,Capital Max Securities Ltd,2026-04-16 11:20:50.325976,Kumari Bank Limited
2026041601006239,KBL,34,62,500,232.0,116000.0,2026-04-16,186554324,142,Vision Securities Pvt. Ltd,Capital Max Securities Ltd,2026-04-16 11:20:50.326098,Kumari Bank Limited
2026041601006240,KBL,39,62,500,232.0,116000.0,2026-04-16,186554326,142,Sumeru Securities Pvt. Ltd.,Capital Max Securities Ltd,2026-04-16 11:20:50.326198,Kumari Bank Limited
2026041601006241,KBL,58,62,3000,232.0,696000.0,2026-04-16,186554328,142,Naasa Securities Co. Ltd.,Capital Max Securities Ltd,2026-04-16 11:20:50.326303,Kumari Bank Limited
2026041601006242,KBL,58,62,200,231.7,46340.0,2026-04-16,186554330,142,Naasa Securities Co. Ltd.,Capital Max Securities Ltd,2026-04-16 11:20:50.326380,Kumari Bank Limited
2026041601006243,KBL,26,62,1275,231.7,295417.5,2026-04-16,186554331,142,Asian Securities Private Ltd.,Capital Max Securities Ltd,2026-04-16 11:20:50.326450,Kumari Bank Limited
2026041601006310,KBL,53,28,10,234.0,2340.0,2026-04-16,186554540,142,Investment Management Nepal Pvt. Ltd.,Shree Krishna Securities Ltd.,2026-04-16 11:21:06.103547,Kumari Bank Limited
2026041601006751,KBL,58,4,63,232.9,14672.7,2026-04-16,186556430,142,Naasa Securities Co. Ltd.,Opal Securities Investment (PVT) Ltd.,2026-04-16 11:23:01.635971,Kumari Bank Limited
2026041601006753,KBL,60,1,519,232.3,120563.7,2026-04-16,186556433,142,Nagarik Stock Dealer ,Kumari Securities Private Limited,2026-04-16 11:23:01.932376,Kumari Bank Limited
2026041601006789,KBL,58,4,10,232.9,2329.0,2026-04-16,186556580,142,Naasa Securities Co. Ltd.,Opal Securities Investment (PVT) Ltd.,2026-04-16 11:23:13.447794,Kumari Bank Limited
2026041601006809,KBL,60,42,300,232.3,69690.0,2026-04-16,186556645,142,Nagarik Stock Dealer ,Sani Securities Company Ltd.,2026-04-16 11:23:20.565705,Kumari Bank Limited
2026041601006896,KBL,58,49,20,232.5,4650.0,2026-04-16,186557028,142,Naasa Securities Co. Ltd.,Online Securities Pvt. Ltd.,2026-04-16 11:23:47.287164,Kumari Bank Limited
2026041601006897,KBL,60,49,181,232.3,42046.3,2026-04-16,186557030,142,Nagarik Stock Dealer ,Online Securities Pvt. Ltd.,2026-04-16 11:23:47.287591,Kumari Bank Limited
2026041601006898,KBL,19,49,1000,232.3,232300.0,2026-04-16,186557032,142,Nepal Investment And Securities Trading Private Limited,Online Securities Pvt. Ltd.,2026-04-16 11:23:47.287894,Kumari Bank Limited
2026041601006899,KBL,26,49,799,232.1,185447.9,2026-04-16,186557033,142,Asian Securities Private Ltd.,Online Securities Pvt. Ltd.,2026-04-16 11:23:47.288184,Kumari Bank Limited
2026041601006948,KBL,26,49,201,232.1,46652.1,2026-04-16,186557270,142,Asian Securities Private Ltd.,Online Securities Pvt. Ltd.,2026-04-16 11:23:59.840324,Kumari Bank Limited
2026041601006949,KBL,19,49,1799,232.0,417368.0,2026-04-16,186557271,142,Nepal Investment And Securities Trading Private Limited,Online Securities Pvt. Ltd.,2026-04-16 11:23:59.840541,Kumari Bank Limited
2026041601007023,KBL,19,1,200,232.0,46400.0,2026-04-16,186557517,142,Nepal Investment And Securities Trading Private Limited,Kumari Securities Private Limited,2026-04-16 11:24:14.554616,Kumari Bank Limited
2026041601007074,KBL,4,38,250,232.0,58000.0,2026-04-16,186557807,142,Opal Securities Investment (PVT) Ltd.,Dipshikha Dhitopatra Karobar Co. Pvt Ltd.,2026-04-16 11:24:29.926330,Kumari Bank Limited
2026041601007301,KBL,4,74,500,232.0,116000.0,2026-04-16,186558723,142,Opal Securities Investment (PVT) Ltd.,KALASH STOCK MARKET PVT. LTD.,2026-04-16 11:25:14.390282,Kumari Bank Limited
2026041601007307,KBL,4,4,327,232.0,75864.0,2026-04-16,186558761,142,Opal Securities Investment (PVT) Ltd.,Opal Securities Investment (PVT) Ltd.,2026-04-16 11:25:15.547818,Kumari Bank Limited
2026041601007309,KBL,4,3,403,232.0,93496.0,2026-04-16,186558770,142,Opal Securities Investment (PVT) Ltd.,Arun Securities (PVT) Ltd.,2026-04-16 11:25:16.673507,Kumari Bank Limited
2026041601007310,KBL,50,3,97,232.0,22504.0,2026-04-16,186558771,142,Cristal Kanchanjanga Securites Pvt. Ltd.,Arun Securities (PVT) Ltd.,2026-04-16 11:25:16.673796,Kumari Bank Limited
2026041601007341,KBL,50,3,481,232.0,111592.0,2026-04-16,186558914,142,Cristal Kanchanjanga Securites Pvt. Ltd.,Arun Securities (PVT) Ltd.,2026-04-16 11:25:26.533972,Kumari Bank Limited
2026041601007342,KBL,19,3,19,232.0,4408.0,2026-04-16,186558915,142,Nepal Investment And Securities Trading Private Limited,Arun Securities (PVT) Ltd.,2026-04-16 11:25:26.534205,Kumari Bank Limited
2026041601007345,KBL,19,51,438,232.0,101616.0,2026-04-16,186558921,142,Nepal Investment And Securities Trading Private Limited,Oxford Securities Pvt. Ltd.,2026-04-16 11:25:27.347986,Kumari Bank Limited
2026041601007398,KBL,19,49,543,232.0,125976.0,2026-04-16,186559136,142,Nepal Investment And Securities Trading Private Limited,Online Securities Pvt. Ltd.,2026-04-16 11:25:44.847569,Kumari Bank Limited
2026041601007399,KBL,5,49,500,232.0,116000.0,2026-04-16,186559138,142,Market Securities & Exchange (PVT) Ltd.,Online Securities Pvt. Ltd.,2026-04-16 11:25:44.848050,Kumari Bank Limited
2026041601007457,KBL,25,4,219,231.9,50786.1,2026-04-16,186559375,142,Sweta Securities Private Limited,Opal Securities Investment (PVT) Ltd.,2026-04-16 11:26:01.961486,Kumari Bank Limited
2026041601007532,KBL,25,38,3000,231.9,695700.0,2026-04-16,186559799,142,Sweta Securities Private Limited,Dipshikha Dhitopatra Karobar Co. Pvt Ltd.,2026-04-16 11:26:27.326875,Kumari Bank Limited
2026041601007536,KBL,25,21,1000,231.9,231900.0,2026-04-16,186559819,142,Sweta Securities Private Limited,Midas Stock Broking Company Private Limited,2026-04-16 11:26:29.146088,Kumari Bank Limited
2026041601007555,KBL,25,53,781,231.9,181113.9,2026-04-16,186559860,142,Sweta Securities Private Limited,Investment Management Nepal Pvt. Ltd.,2026-04-16 11:26:31.018002,Kumari Bank Limited
2026041601007627,KBL,11,33,10,231.8,2318.0,2026-04-16,186560098,142,Malla & Malla Stock Broking Company Pvt. Limited,Dakshinkali Investment & Securities Pvt. Ltd.,2026-04-16 11:26:47.334597,Kumari Bank Limited
2026041601007628,KBL,26,33,490,231.7,113533.0,2026-04-16,186560099,142,Asian Securities Private Ltd.,Dakshinkali Investment & Securities Pvt. Ltd.,2026-04-16 11:26:47.334835,Kumari Bank Limited
2026041601007656,KBL,91,53,700,231.9,162330.0,2026-04-16,186560206,142,Citizens Share Broker Limited,Investment Management Nepal Pvt. Ltd.,2026-04-16 11:26:52.756374,Kumari Bank Limited
2026041601007780,KBL,26,64,235,231.7,54449.5,2026-04-16,186560736,142,Asian Securities Private Ltd.,SUN SECURITIES PVT LTD,2026-04-16 11:27:27.703271,Kumari Bank Limited
2026041601007781,KBL,58,64,765,231.7,177250.5,2026-04-16,186560737,142,Naasa Securities Co. Ltd.,SUN SECURITIES PVT LTD,2026-04-16 11:27:27.703558,Kumari Bank Limited
2026041601007926,KBL,58,10,235,231.7,54449.5,2026-04-16,186561280,142,Naasa Securities Co. Ltd.,Pragyan Securities (PVT) Ltd.,2026-04-16 11:28:10.851782,Kumari Bank Limited
2026041601007979,KBL,17,53,1000,231.6,231600.0,2026-04-16,186561515,142,ABC Securities Private Limited,Investment Management Nepal Pvt. Ltd.,2026-04-16 11:28:27.163193,Kumari Bank Limited
2026041601008007,KBL,17,10,325,231.6,75270.0,2026-04-16,186561618,142,ABC Securities Private Limited,Pragyan Securities (PVT) Ltd.,2026-04-16 11:28:31.247960,Kumari Bank Limited
2026041601008053,KBL,45,10,440,231.2,101728.0,2026-04-16,186561811,142,Imperial Securities Company Pvt. Ltd.,Pragyan Securities (PVT) Ltd.,2026-04-16 11:28:47.274874,Kumari Bank Limited
2026041601008141,KBL,45,42,360,231.2,83232.0,2026-04-16,186562216,142,Imperial Securities Company Pvt. Ltd.,Sani Securities Company Ltd.,2026-04-16 11:29:08.135918,Kumari Bank Limited
2026041601008190,KBL,26,67,500,231.1,115550.0,2026-04-16,186562425,142,Asian Securities Private Ltd.,Property Wiard Limited,2026-04-16 11:29:21.790413,Kumari Bank Limited
2026041601008230,KBL,35,42,38,231.2,8785.6,2026-04-16,186562569,142,Kohinoor Investment & Securities Pvt. Ltd.,Sani Securities Company Ltd.,2026-04-16 11:29:31.225088,Kumari Bank Limited
2026041601008340,KBL,10,35,2000,231.3,462600.0,2026-04-16,186563138,142,Pragyan Securities (PVT) Ltd.,Kohinoor Investment & Securities Pvt. Ltd.,2026-04-16 11:30:07.360338,Kumari Bank Limited
2026041601008341,KBL,35,35,962,231.2,222414.4,2026-04-16,186563140,142,Kohinoor Investment & Securities Pvt. Ltd.,Kohinoor Investment & Securities Pvt. Ltd.,2026-04-16 11:30:07.360408,Kumari Bank Limited
2026041601008342,KBL,26,35,500,231.1,115550.0,2026-04-16,186563142,142,Asian Securities Private Ltd.,Kohinoor Investment & Securities Pvt. Ltd.,2026-04-16 11:30:07.360435,Kumari Bank Limited
2026041601008343,KBL,17,35,1000,231.0,231000.0,2026-04-16,186563144,142,ABC Securities Private Limited,Kohinoor Investment & Securities Pvt. Ltd.,2026-04-16 11:30:07.360458,Kumari Bank Limited
2026041601008344,KBL,58,35,10,231.0,2310.0,2026-04-16,186563146,142,Naasa Securities Co. Ltd.,Kohinoor Investment & Securities Pvt. Ltd.,2026-04-16 11:30:07.360482,Kumari Bank Limited
2026041601008345,KBL,39,35,1000,231.0,231000.0,2026-04-16,186563148,142,Sumeru Securities Pvt. Ltd.,Kohinoor Investment & Securities Pvt. Ltd.,2026-04-16 11:30:07.360504,Kumari Bank Limited
2026041601008346,KBL,49,35,50,231.0,11550.0,2026-04-16,186563150,142,Online Securities Pvt. Ltd.,Kohinoor Investment & Securities Pvt. Ltd.,2026-04-16 11:30:07.360528,Kumari Bank Limited
2026041601008347,KBL,57,35,1000,230.9,230900.0,2026-04-16,186563152,142,Aryatara Investment & Securities,Kohinoor Investment & Securities Pvt. Ltd.,2026-04-16 11:30:07.360667,Kumari Bank Limited
2026041601008348,KBL,1,35,2000,230.9,461800.0,2026-04-16,186563154,142,Kumari Securities Private Limited,Kohinoor Investment & Securities Pvt. Ltd.,2026-04-16 11:30:07.360710,Kumari Bank Limited
2026041601008349,KBL,57,35,5000,230.8,1154000.0,2026-04-16,186563156,142,Aryatara Investment & Securities,Kohinoor Investment & Securities Pvt. Ltd.,2026-04-16 11:30:07.360734,Kumari Bank Limited
2026041601008350,KBL,42,35,85,230.8,19618.0,2026-04-16,186563158,142,Sani Securities Company Ltd.,Kohinoor Investment & Securities Pvt. Ltd.,2026-04-16 11:30:07.360777,Kumari Bank Limited
2026041601008351,KBL,4,35,1000,230.7,230700.0,2026-04-16,186563160,142,Opal Securities Investment (PVT) Ltd.,Kohinoor Investment & Securities Pvt. Ltd.,2026-04-16 11:30:07.360798,Kumari Bank Limited
2026041601008352,KBL,69,35,85,230.6,19601.0,2026-04-16,186563162,142,INDEX SECURITIES LIMITED,Kohinoor Investment & Securities Pvt. Ltd.,2026-04-16 11:30:07.360823,Kumari Bank Limited
2026041601008353,KBL,10,35,3000,230.6,691800.0,2026-04-16,186563164,142,Pragyan Securities (PVT) Ltd.,Kohinoor Investment & Securities Pvt. Ltd.,2026-04-16 11:30:07.360846,Kumari Bank Limited
2026041601008354,KBL,47,35,200,230.6,46120.0,2026-04-16,186563166,142,Neev Securities Pvt. Ltd.,Kohinoor Investment & Securities Pvt. Ltd.,2026-04-16 11:30:07.360866,Kumari Bank Limited
2026041601008355,KBL,44,35,500,230.4,115200.0,2026-04-16,186563168,142,Dynamic Money Managers Securities Pvt. Ltd.,Kohinoor Investment & Securities Pvt. Ltd.,2026-04-16 11:30:07.360888,Kumari Bank Limited
2026041601008356,KBL,60,35,1000,230.4,230400.0,2026-04-16,186563170,142,Nagarik Stock Dealer ,Kohinoor Investment & Securities Pvt. Ltd.,2026-04-16 11:30:07.360909,Kumari Bank Limited
2026041601008357,KBL,16,35,800,230.4,184320.0,2026-04-16,186563172,142,Primo Securities (PVT) Ltd.,Kohinoor Investment & Securities Pvt. Ltd.,2026-04-16 11:30:07.360928,Kumari Bank Limited
2026041601008358,KBL,39,35,4808,230.3,1107282.4,2026-04-16,186563173,142,Sumeru Securities Pvt. Ltd.,Kohinoor Investment & Securities Pvt. Ltd.,2026-04-16 11:30:07.360953,Kumari Bank Limited
2026041601008475,KBL,39,3,192,230.3,44217.6,2026-04-16,186563786,142,Sumeru Securities Pvt. Ltd.,Arun Securities (PVT) Ltd.,2026-04-16 11:30:42.909900,Kumari Bank Limited
2026041601008476,KBL,58,3,20,230.3,4606.0,2026-04-16,186563788,142,Naasa Securities Co. Ltd.,Arun Securities (PVT) Ltd.,2026-04-16 11:30:42.910420,Kumari Bank Limited
2026041601008477,KBL,57,3,288,230.3,66326.4,2026-04-16,186563789,142,Aryatara Investment & Securities,Arun Securities (PVT) Ltd.,2026-04-16 11:30:42.910719,Kumari Bank Limited
2026041601008502,KBL,57,17,25,230.3,5757.5,2026-04-16,186563929,142,Aryatara Investment & Securities,ABC Securities Private Limited,2026-04-16 11:30:48.710020,Kumari Bank Limited
2026041601008737,KBL,44,36,100,231.5,23150.0,2026-04-16,186564837,142,Dynamic Money Managers Securities Pvt. Ltd.,Secured Securities Ltd.,2026-04-16 11:31:35.804718,Kumari Bank Limited
2026041601008738,KBL,44,1,100,231.5,23150.0,2026-04-16,186564839,142,Dynamic Money Managers Securities Pvt. Ltd.,Kumari Securities Private Limited,2026-04-16 11:31:35.805318,Kumari Bank Limited
2026041601008739,KBL,44,53,1000,231.6,231600.0,2026-04-16,186564841,142,Dynamic Money Managers Securities Pvt. Ltd.,Investment Management Nepal Pvt. Ltd.,2026-04-16 11:31:35.806174,Kumari Bank Limited
2026041601008740,KBL,44,42,300,231.6,69480.0,2026-04-16,186564844,142,Dynamic Money Managers Securities Pvt. Ltd.,Sani Securities Company Ltd.,2026-04-16 11:31:35.806636,Kumari Bank Limited
2026041601008999,KBL,3,3,500,231.5,115750.0,2026-04-16,186566065,142,Arun Securities (PVT) Ltd.,Arun Securities (PVT) Ltd.,2026-04-16 11:32:35.979794,Kumari Bank Limited
2026041601009053,KBL,71,4,480,231.0,110880.0,2026-04-16,186566406,142,SHUBHAKAMANA SECURITIES PVT. LTD,Opal Securities Investment (PVT) Ltd.,2026-04-16 11:32:56.864294,Kumari Bank Limited
2026041601009054,KBL,57,4,187,230.3,43066.1,2026-04-16,186566408,142,Aryatara Investment & Securities,Opal Securities Investment (PVT) Ltd.,2026-04-16 11:32:56.864562,Kumari Bank Limited
2026041601009055,KBL,87,4,1000,230.3,230300.0,2026-04-16,186566410,142,S.P.S.A. Securities Limited,Opal Securities Investment (PVT) Ltd.,2026-04-16 11:32:56.864671,Kumari Bank Limited
2026041601009056,KBL,56,4,10,230.2,2302.0,2026-04-16,186566412,142,Sri Hari Securities Pvt. Ltd.,Opal Securities Investment (PVT) Ltd.,2026-04-16 11:32:56.864783,Kumari Bank Limited
2026041601009057,KBL,35,4,323,230.2,74354.6,2026-04-16,186566413,142,Kohinoor Investment & Securities Pvt. Ltd.,Opal Securities Investment (PVT) Ltd.,2026-04-16 11:32:56.864891,Kumari Bank Limited
2026041601009225,KBL,58,50,300,230.3,69090.0,2026-04-16,186566957,142,Naasa Securities Co. Ltd.,Cristal Kanchanjanga Securites Pvt. Ltd.,2026-04-16 11:33:16.724713,Kumari Bank Limited
2026041601009247,KBL,58,56,700,230.3,161210.0,2026-04-16,186567086,142,Naasa Securities Co. Ltd.,Sri Hari Securities Pvt. Ltd.,2026-04-16 11:33:23.018295,Kumari Bank Limited
2026041601009248,KBL,35,56,177,230.2,40745.4,2026-04-16,186567088,142,Kohinoor Investment & Securities Pvt. Ltd.,Sri Hari Securities Pvt. Ltd.,2026-04-16 11:33:23.018411,Kumari Bank Limited
2026041601009249,KBL,1,56,200,230.2,46040.0,2026-04-16,186567092,142,Kumari Securities Private Limited,Sri Hari Securities Pvt. Ltd.,2026-04-16 11:33:23.018482,Kumari Bank Limited
2026041601009250,KBL,87,56,1000,230.2,230200.0,2026-04-16,186567094,142,S.P.S.A. Securities Limited,Sri Hari Securities Pvt. Ltd.,2026-04-16 11:33:23.018554,Kumari Bank Limited
2026041601009251,KBL,39,56,10,230.2,2302.0,2026-04-16,186567096,142,Sumeru Securities Pvt. Ltd.,Sri Hari Securities Pvt. Ltd.,2026-04-16 11:33:23.018627,Kumari Bank Limited
2026041601009252,KBL,56,56,20,230.1,4602.0,2026-04-16,186567098,142,Sri Hari Securities Pvt. Ltd.,Sri Hari Securities Pvt. Ltd.,2026-04-16 11:33:23.018699,Kumari Bank Limited
2026041601009253,KBL,5,56,493,230.1,113439.3,2026-04-16,186567099,142,Market Securities & Exchange (PVT) Ltd.,Sri Hari Securities Pvt. Ltd.,2026-04-16 11:33:23.018774,Kumari Bank Limited
2026041601009271,KBL,35,3,30,231.0,6930.0,2026-04-16,186567226,142,Kohinoor Investment & Securities Pvt. Ltd.,Arun Securities (PVT) Ltd.,2026-04-16 11:33:29.159833,Kumari Bank Limited
2026041601009639,KBL,45,4,100,230.9,23090.0,2026-04-16,186568938,142,Imperial Securities Company Pvt. Ltd.,Opal Securities Investment (PVT) Ltd.,2026-04-16 11:35:00.136230,Kumari Bank Limited
2026041601009739,KBL,29,4,10,230.9,2309.0,2026-04-16,186569324,142,Trisul Securities & Invt. Ltd.,Opal Securities Investment (PVT) Ltd.,2026-04-16 11:35:19.334703,Kumari Bank Limited
2026041601009971,KBL,32,42,300,230.4,69120.0,2026-04-16,186570385,142,Premier Securities Company Ltd.,Sani Securities Company Ltd.,2026-04-16 11:36:12.666536,Kumari Bank Limited
2026041601010010,KBL,6,4,130,230.9,30017.0,2026-04-16,186570604,142,Agrawal Securities (PVT) Ltd.,Opal Securities Investment (PVT) Ltd.,2026-04-16 11:36:27.481195,Kumari Bank Limited
2026041601010227,KBL,35,51,275,230.5,63387.5,2026-04-16,186571461,142,Kohinoor Investment & Securities Pvt. Ltd.,Oxford Securities Pvt. Ltd.,2026-04-16 11:37:20.284379,Kumari Bank Limited
2026041601010228,KBL,35,65,725,230.5,167112.5,2026-04-16,186571464,142,Kohinoor Investment & Securities Pvt. Ltd.,Sharepro Securities Private Limited,2026-04-16 11:37:20.292443,Kumari Bank Limited
2026041601010229,KBL,32,65,200,230.4,46080.0,2026-04-16,186571466,142,Premier Securities Company Ltd.,Sharepro Securities Private Limited,2026-04-16 11:37:20.292800,Kumari Bank Limited
2026041601010230,KBL,10,65,75,230.4,17280.0,2026-04-16,186571467,142,Pragyan Securities (PVT) Ltd.,Sharepro Securities Private Limited,2026-04-16 11:37:20.293147,Kumari Bank Limited
2026041601010320,KBL,10,25,10,230.4,2304.0,2026-04-16,186571891,142,Pragyan Securities (PVT) Ltd.,Sweta Securities Private Limited,2026-04-16 11:37:52.759423,Kumari Bank Limited
2026041601010325,KBL,10,58,15,230.4,3456.0,2026-04-16,186571932,142,Pragyan Securities (PVT) Ltd.,Naasa Securities Co. Ltd.,2026-04-16 11:37:54.939070,Kumari Bank Limited
2026041601010326,KBL,19,58,185,230.4,42624.0,2026-04-16,186571933,142,Nepal Investment And Securities Trading Private Limited,Naasa Securities Co. Ltd.,2026-04-16 11:37:54.939597,Kumari Bank Limited
2026041601010406,KBL,19,13,20,230.4,4608.0,2026-04-16,186572315,142,Nepal Investment And Securities Trading Private Limited,Thrive Brokerage House Pvt. Ltd,2026-04-16 11:38:11.499796,Kumari Bank Limited
2026041601010536,KBL,19,25,100,230.4,23040.0,2026-04-16,186572755,142,Nepal Investment And Securities Trading Private Limited,Sweta Securities Private Limited,2026-04-16 11:38:35.661896,Kumari Bank Limited
2026041601010637,KBL,48,4,10,230.9,2309.0,2026-04-16,186573110,142,Trishakti Securities Public Limited,Opal Securities Investment (PVT) Ltd.,2026-04-16 11:38:59.039161,Kumari Bank Limited
2026041601010709,KBL,42,4,250,230.9,57725.0,2026-04-16,186573433,142,Sani Securities Company Ltd.,Opal Securities Investment (PVT) Ltd.,2026-04-16 11:39:21.852678,Kumari Bank Limited
2026041601010710,KBL,42,50,1000,230.9,230900.0,2026-04-16,186573435,142,Sani Securities Company Ltd.,Cristal Kanchanjanga Securites Pvt. Ltd.,2026-04-16 11:39:21.853218,Kumari Bank Limited
2026041601010711,KBL,42,7,10,230.9,2309.0,2026-04-16,186573437,142,Sani Securities Company Ltd.,J.F. Securites (PVT) Ltd.,2026-04-16 11:39:21.853566,Kumari Bank Limited
2026041601010770,KBL,22,3,470,231.0,108570.0,2026-04-16,186573657,142,Siprabi Securities Pvt. Ltd.,Arun Securities (PVT) Ltd.,2026-04-16 11:39:35.348116,Kumari Bank Limited
2026041601010771,KBL,22,48,30,231.0,6930.0,2026-04-16,186573660,142,Siprabi Securities Pvt. Ltd.,Trishakti Securities Public Limited,2026-04-16 11:39:35.348644,Kumari Bank Limited
2026041601010797,KBL,42,13,250,230.9,57725.0,2026-04-16,186573763,142,Sani Securities Company Ltd.,Thrive Brokerage House Pvt. Ltd,2026-04-16 11:39:43.960994,Kumari Bank Limited
2026041601010870,KBL,42,74,490,230.9,113141.0,2026-04-16,186574074,142,Sani Securities Company Ltd.,KALASH STOCK MARKET PVT. LTD.,2026-04-16 11:39:59.786890,Kumari Bank Limited
2026041601010871,KBL,33,74,500,230.6,115300.0,2026-04-16,186574076,142,Dakshinkali Investment & Securities Pvt. Ltd.,KALASH STOCK MARKET PVT. LTD.,2026-04-16 11:39:59.787217,Kumari Bank Limited
2026041601010872,KBL,44,74,10,230.5,2305.0,2026-04-16,186574077,142,Dynamic Money Managers Securities Pvt. Ltd.,KALASH STOCK MARKET PVT. LTD.,2026-04-16 11:39:59.787340,Kumari Bank Limited
2026041601010876,KBL,44,45,100,230.5,23050.0,2026-04-16,186574093,142,Dynamic Money Managers Securities Pvt. Ltd.,Imperial Securities Company Pvt. Ltd.,2026-04-16 11:40:00.343850,Kumari Bank Limited
2026041601010893,KBL,57,38,1000,230.5,230500.0,2026-04-16,186574195,142,Aryatara Investment & Securities,Dipshikha Dhitopatra Karobar Co. Pvt Ltd.,2026-04-16 11:40:05.841850,Kumari Bank Limited
2026041601011165,KBL,57,36,100,230.5,23050.0,2026-04-16,186575245,142,Aryatara Investment & Securities,Secured Securities Ltd.,2026-04-16 11:41:13.228873,Kumari Bank Limited
2026041601011453,KBL,57,45,100,230.6,23060.0,2026-04-16,186576070,142,Aryatara Investment & Securities,Imperial Securities Company Pvt. Ltd.,2026-04-16 11:41:36.040697,Kumari Bank Limited
2026041601011505,KBL,57,48,160,230.5,36880.0,2026-04-16,186576334,142,Aryatara Investment & Securities,Trishakti Securities Public Limited,2026-04-16 11:41:55.357157,Kumari Bank Limited
2026041601011506,KBL,34,48,200,230.5,46100.0,2026-04-16,186576336,142,Vision Securities Pvt. Ltd,Trishakti Securities Public Limited,2026-04-16 11:41:55.357247,Kumari Bank Limited
2026041601011507,KBL,22,48,500,230.5,115250.0,2026-04-16,186576338,142,Siprabi Securities Pvt. Ltd.,Trishakti Securities Public Limited,2026-04-16 11:41:55.357277,Kumari Bank Limited
2026041601011508,KBL,48,48,100,230.5,23050.0,2026-04-16,186576342,142,Trishakti Securities Public Limited,Trishakti Securities Public Limited,2026-04-16 11:41:55.357298,Kumari Bank Limited
2026041601011509,KBL,34,48,40,230.5,9220.0,2026-04-16,186576344,142,Vision Securities Pvt. Ltd,Trishakti Securities Public Limited,2026-04-16 11:41:55.357319,Kumari Bank Limited
2026041601011574,KBL,21,48,10,231.0,2310.0,2026-04-16,186576616,142,Midas Stock Broking Company Private Limited,Trishakti Securities Public Limited,2026-04-16 11:42:12.293098,Kumari Bank Limited
2026041601011695,KBL,44,48,10,231.0,2310.0,2026-04-16,186577094,142,Dynamic Money Managers Securities Pvt. Ltd.,Trishakti Securities Public Limited,2026-04-16 11:42:31.558351,Kumari Bank Limited
2026041601011880,KBL,34,32,20,230.5,4610.0,2026-04-16,186577946,142,Vision Securities Pvt. Ltd,Premier Securities Company Ltd.,2026-04-16 11:43:19.362347,Kumari Bank Limited
2026041601011881,KBL,16,32,60,230.5,13830.0,2026-04-16,186577947,142,Primo Securities (PVT) Ltd.,Premier Securities Company Ltd.,2026-04-16 11:43:19.362627,Kumari Bank Limited
2026041601012120,KBL,49,39,780,230.6,179868.0,2026-04-16,186578706,142,Online Securities Pvt. Ltd.,Sumeru Securities Pvt. Ltd.,2026-04-16 11:43:58.757854,Kumari Bank Limited
2026041601012121,KBL,16,39,320,230.5,73760.0,2026-04-16,186578707,142,Primo Securities (PVT) Ltd.,Sumeru Securities Pvt. Ltd.,2026-04-16 11:43:58.757907,Kumari Bank Limited
2026041601012246,KBL,16,45,10,230.5,2305.0,2026-04-16,186579195,142,Primo Securities (PVT) Ltd.,Imperial Securities Company Pvt. Ltd.,2026-04-16 11:44:33.934726,Kumari Bank Limited
2026041601012290,KBL,22,36,10,230.8,2308.0,2026-04-16,186579398,142,Siprabi Securities Pvt. Ltd.,Secured Securities Ltd.,2026-04-16 11:44:48.711541,Kumari Bank Limited
2026041601012324,KBL,32,45,500,230.6,115300.0,2026-04-16,186579548,142,Premier Securities Company Ltd.,Imperial Securities Company Pvt. Ltd.,2026-04-16 11:44:57.937814,Kumari Bank Limited
2026041601012325,KBL,16,45,110,230.5,25355.0,2026-04-16,186579550,142,Primo Securities (PVT) Ltd.,Imperial Securities Company Pvt. Ltd.,2026-04-16 11:44:57.938106,Kumari Bank Limited
2026041601012326,KBL,58,45,190,230.5,43795.0,2026-04-16,186579551,142,Naasa Securities Co. Ltd.,Imperial Securities Company Pvt. Ltd.,2026-04-16 11:44:57.938235,Kumari Bank Limited
2026041601012343,KBL,58,1,500,230.5,115250.0,2026-04-16,186579635,142,Naasa Securities Co. Ltd.,Kumari Securities Private Limited,2026-04-16 11:45:05.052524,Kumari Bank Limited
2026041601012353,KBL,58,58,18,230.5,4149.0,2026-04-16,186579679,142,Naasa Securities Co. Ltd.,Naasa Securities Co. Ltd.,2026-04-16 11:45:08.204045,Kumari Bank Limited
2026041601012354,KBL,58,36,10,230.8,2308.0,2026-04-16,186579686,142,Naasa Securities Co. Ltd.,Secured Securities Ltd.,2026-04-16 11:45:08.230327,Kumari Bank Limited
2026041601012366,KBL,95,36,100,230.8,23080.0,2026-04-16,186579756,142,Magnet Securities and Investment Company Private Limited,Secured Securities Ltd.,2026-04-16 11:45:12.079306,Kumari Bank Limited
2026041601012442,KBL,32,58,84,230.6,19370.4,2026-04-16,186580085,142,Premier Securities Company Ltd.,Naasa Securities Co. Ltd.,2026-04-16 11:45:35.444323,Kumari Bank Limited
2026041601012458,KBL,57,36,341,230.8,78702.8,2026-04-16,186580200,142,Aryatara Investment & Securities,Secured Securities Ltd.,2026-04-16 11:45:44.982568,Kumari Bank Limited
2026041601012572,KBL,11,39,10,230.8,2308.0,2026-04-16,186580632,142,Malla & Malla Stock Broking Company Pvt. Limited,Sumeru Securities Pvt. Ltd.,2026-04-16 11:46:16.108084,Kumari Bank Limited
2026041601012573,KBL,32,39,416,230.6,95929.6,2026-04-16,186580634,142,Premier Securities Company Ltd.,Sumeru Securities Pvt. Ltd.,2026-04-16 11:46:16.108638,Kumari Bank Limited
2026041601012574,KBL,44,39,390,230.6,89934.0,2026-04-16,186580636,142,Dynamic Money Managers Securities Pvt. Ltd.,Sumeru Securities Pvt. Ltd.,2026-04-16 11:46:16.109048,Kumari Bank Limited
2026041601012575,KBL,58,39,184,230.5,42412.0,2026-04-16,186580637,142,Naasa Securities Co. Ltd.,Sumeru Securities Pvt. Ltd.,2026-04-16 11:46:16.109427,Kumari Bank Limited
2026041601013025,KBL,34,70,50,230.7,11535.0,2026-04-16,186582238,142,Vision Securities Pvt. Ltd,Infinity Securities Limited,2026-04-16 11:47:52.368727,Kumari Bank Limited
2026041601013026,KBL,32,70,500,230.6,115300.0,2026-04-16,186582240,142,Premier Securities Company Ltd.,Infinity Securities Limited,2026-04-16 11:47:52.369052,Kumari Bank Limited
2026041601013027,KBL,21,70,500,230.6,115300.0,2026-04-16,186582242,142,Midas Stock Broking Company Private Limited,Infinity Securities Limited,2026-04-16 11:47:52.369189,Kumari Bank Limited
2026041601013028,KBL,58,70,108,230.5,24894.0,2026-04-16,186582244,142,Naasa Securities Co. Ltd.,Infinity Securities Limited,2026-04-16 11:47:52.369318,Kumari Bank Limited
2026041601013029,KBL,42,70,392,230.5,90356.0,2026-04-16,186582245,142,Sani Securities Company Ltd.,Infinity Securities Limited,2026-04-16 11:47:52.369450,Kumari Bank Limited
2026041601013043,KBL,58,64,1000,230.5,230500.0,2026-04-16,186582317,142,Naasa Securities Co. Ltd.,SUN SECURITIES PVT LTD,2026-04-16 11:47:59.118977,Kumari Bank Limited
2026041601013134,KBL,99,48,450,231.0,103950.0,2026-04-16,186582719,142,Prabhu Stock Market Limited,Trishakti Securities Public Limited,2026-04-16 11:48:38.728224,Kumari Bank Limited
2026041601013135,KBL,99,85,500,231.0,115500.0,2026-04-16,186582721,142,Prabhu Stock Market Limited,Capital Hub P. Ltd,2026-04-16 11:48:38.728511,Kumari Bank Limited
2026041601013136,KBL,99,29,1050,231.0,242550.0,2026-04-16,186582724,142,Prabhu Stock Market Limited,Trisul Securities & Invt. Ltd.,2026-04-16 11:48:38.728652,Kumari Bank Limited
2026041601013142,KBL,62,32,2000,230.5,461000.0,2026-04-16,186582740,142,Capital Max Securities Ltd,Premier Securities Company Ltd.,2026-04-16 11:48:39.932091,Kumari Bank Limited
2026041601013143,KBL,62,32,550,230.5,126775.0,2026-04-16,186582742,142,Capital Max Securities Ltd,Premier Securities Company Ltd.,2026-04-16 11:48:39.932408,Kumari Bank Limited
2026041601013167,KBL,87,32,450,230.5,103725.0,2026-04-16,186582873,142,S.P.S.A. Securities Limited,Premier Securities Company Ltd.,2026-04-16 11:48:45.961133,Kumari Bank Limited
2026041601013177,KBL,75,29,450,231.0,103950.0,2026-04-16,186582911,142,N.I.M.B. Stock Markets Limited,Trisul Securities & Invt. Ltd.,2026-04-16 11:48:52.478566,Kumari Bank Limited
2026041601013178,KBL,75,42,150,231.0,34650.0,2026-04-16,186582913,142,N.I.M.B. Stock Markets Limited,Sani Securities Company Ltd.,2026-04-16 11:48:52.479160,Kumari Bank Limited
2026041601013179,KBL,75,49,390,231.0,90090.0,2026-04-16,186582915,142,N.I.M.B. Stock Markets Limited,Online Securities Pvt. Ltd.,2026-04-16 11:48:52.479554,Kumari Bank Limited
2026041601013180,KBL,75,53,519,231.9,120356.1,2026-04-16,186582917,142,N.I.M.B. Stock Markets Limited,Investment Management Nepal Pvt. Ltd.,2026-04-16 11:48:52.479935,Kumari Bank Limited
2026041601013181,KBL,75,49,957,232.0,222024.0,2026-04-16,186582919,142,N.I.M.B. Stock Markets Limited,Online Securities Pvt. Ltd.,2026-04-16 11:48:52.480349,Kumari Bank Limited
2026041601013182,KBL,75,57,30,232.0,6960.0,2026-04-16,186582921,142,N.I.M.B. Stock Markets Limited,Aryatara Investment & Securities,2026-04-16 11:48:52.480732,Kumari Bank Limited
2026041601013183,KBL,75,34,10,232.0,2320.0,2026-04-16,186582923,142,N.I.M.B. Stock Markets Limited,Vision Securities Pvt. Ltd,2026-04-16 11:48:52.481128,Kumari Bank Limited
2026041601013184,KBL,75,34,250,232.0,58000.0,2026-04-16,186582925,142,N.I.M.B. Stock Markets Limited,Vision Securities Pvt. Ltd,2026-04-16 11:48:52.481522,Kumari Bank Limited
2026041601013185,KBL,75,5,450,232.0,104400.0,2026-04-16,186582927,142,N.I.M.B. Stock Markets Limited,Market Securities & Exchange (PVT) Ltd.,2026-04-16 11:48:52.481892,Kumari Bank Limited
2026041601013186,KBL,75,42,200,232.0,46400.0,2026-04-16,186582929,142,N.I.M.B. Stock Markets Limited,Sani Securities Company Ltd.,2026-04-16 11:48:52.482272,Kumari Bank Limited
2026041601013187,KBL,75,74,200,232.0,46400.0,2026-04-16,186582931,142,N.I.M.B. Stock Markets Limited,KALASH STOCK MARKET PVT. LTD.,2026-04-16 11:48:52.482643,Kumari Bank Limited
2026041601013188,KBL,75,36,32,232.0,7424.0,2026-04-16,186582933,142,N.I.M.B. Stock Markets Limited,Secured Securities Ltd.,2026-04-16 11:48:52.483015,Kumari Bank Limited
2026041601013189,KBL,75,58,269,232.0,62408.0,2026-04-16,186582935,142,N.I.M.B. Stock Markets Limited,Naasa Securities Co. Ltd.,2026-04-16 11:48:52.483417,Kumari Bank Limited
2026041601013190,KBL,75,38,1093,232.0,253576.0,2026-04-16,186582938,142,N.I.M.B. Stock Markets Limited,Dipshikha Dhitopatra Karobar Co. Pvt Ltd.,2026-04-16 11:48:52.483785,Kumari Bank Limited
2026041601013386,KBL,35,28,1000,230.8,230800.0,2026-04-16,186583684,142,Kohinoor Investment & Securities Pvt. Ltd.,Shree Krishna Securities Ltd.,2026-04-16 11:49:46.093787,Kumari Bank Limited
2026041601013387,KBL,1,28,100,230.7,23070.0,2026-04-16,186583686,142,Kumari Securities Private Limited,Shree Krishna Securities Ltd.,2026-04-16 11:49:46.093888,Kumari Bank Limited
2026041601013388,KBL,34,28,25,230.7,5767.5,2026-04-16,186583688,142,Vision Securities Pvt. Ltd,Shree Krishna Securities Ltd.,2026-04-16 11:49:46.093918,Kumari Bank Limited
2026041601013389,KBL,32,28,500,230.6,115300.0,2026-04-16,186583690,142,Premier Securities Company Ltd.,Shree Krishna Securities Ltd.,2026-04-16 11:49:46.093947,Kumari Bank Limited
2026041601013390,KBL,19,28,375,230.6,86475.0,2026-04-16,186583691,142,Nepal Investment And Securities Trading Private Limited,Shree Krishna Securities Ltd.,2026-04-16 11:49:46.093991,Kumari Bank Limited
2026041601013444,KBL,19,45,320,230.6,73792.0,2026-04-16,186583882,142,Nepal Investment And Securities Trading Private Limited,Imperial Securities Company Pvt. Ltd.,2026-04-16 11:50:01.912967,Kumari Bank Limited
2026041601013445,KBL,13,45,180,230.6,41508.0,2026-04-16,186583883,142,Thrive Brokerage House Pvt. Ltd,Imperial Securities Company Pvt. Ltd.,2026-04-16 11:50:02.048358,Kumari Bank Limited
2026041601013463,KBL,13,7,320,231.0,73920.0,2026-04-16,186583958,142,Thrive Brokerage House Pvt. Ltd,J.F. Securites (PVT) Ltd.,2026-04-16 11:50:07.888763,Kumari Bank Limited
2026041601013494,KBL,22,7,680,230.8,156944.0,2026-04-16,186584086,142,Siprabi Securities Pvt. Ltd.,J.F. Securites (PVT) Ltd.,2026-04-16 11:50:20.072190,Kumari Bank Limited
2026041601014095,KBL,44,62,25,231.0,5775.0,2026-04-16,186586465,142,Dynamic Money Managers Securities Pvt. Ltd.,Capital Max Securities Ltd,2026-04-16 11:52:33.621126,Kumari Bank Limited
2026041601014159,KBL,76,49,10,231.8,2318.0,2026-04-16,186586664,142,Machhapuchchhre Securities Limited,Online Securities Pvt. Ltd.,2026-04-16 11:52:42.646146,Kumari Bank Limited
2026041601014287,KBL,50,49,490,231.8,113582.0,2026-04-16,186587111,142,Cristal Kanchanjanga Securites Pvt. Ltd.,Online Securities Pvt. Ltd.,2026-04-16 11:53:08.178163,Kumari Bank Limited
2026041601014288,KBL,50,52,1400,231.8,324520.0,2026-04-16,186587113,142,Cristal Kanchanjanga Securites Pvt. Ltd.,Sundhara Securities Limited,2026-04-16 11:53:08.178474,Kumari Bank Limited
2026041601014331,KBL,57,34,800,231.9,185520.0,2026-04-16,186587242,142,Aryatara Investment & Securities,Vision Securities Pvt. Ltd,2026-04-16 11:53:15.421037,Kumari Bank Limited
2026041601014468,KBL,50,45,110,231.8,25498.0,2026-04-16,186587882,142,Cristal Kanchanjanga Securites Pvt. Ltd.,Imperial Securities Company Pvt. Ltd.,2026-04-16 11:54:00.659642,Kumari Bank Limited
2026041601014469,KBL,50,45,250,231.8,57950.0,2026-04-16,186587883,142,Cristal Kanchanjanga Securites Pvt. Ltd.,Imperial Securities Company Pvt. Ltd.,2026-04-16 11:54:00.659962,Kumari Bank Limited
2026041601014606,KBL,44,45,675,231.0,155925.0,2026-04-16,186588473,142,Dynamic Money Managers Securities Pvt. Ltd.,Imperial Securities Company Pvt. Ltd.,2026-04-16 11:54:40.308366,Kumari Bank Limited
2026041601014638,KBL,50,40,250,231.8,57950.0,2026-04-16,186588654,142,Cristal Kanchanjanga Securites Pvt. Ltd.,Creative Securities Pvt Ltd,2026-04-16 11:54:52.504016,Kumari Bank Limited
2026041601014786,KBL,50,40,1500,231.8,347700.0,2026-04-16,186589335,142,Cristal Kanchanjanga Securites Pvt. Ltd.,Creative Securities Pvt Ltd,2026-04-16 11:55:38.120059,Kumari Bank Limited
2026041601014787,KBL,7,14,2000,231.0,462000.0,2026-04-16,186589336,142,J.F. Securites (PVT) Ltd.,Nepal Stock House (PVT) Ltd.,2026-04-16 11:55:38.345626,Kumari Bank Limited
2026041601014863,KBL,44,14,200,230.9,46180.0,2026-04-16,186589630,142,Dynamic Money Managers Securities Pvt. Ltd.,Nepal Stock House (PVT) Ltd.,2026-04-16 11:56:05.440439,Kumari Bank Limited
2026041601014864,KBL,7,14,1800,230.9,415620.0,2026-04-16,186589631,142,J.F. Securites (PVT) Ltd.,Nepal Stock House (PVT) Ltd.,2026-04-16 11:56:05.440788,Kumari Bank Limited
2026041601014938,KBL,47,40,250,231.0,57750.0,2026-04-16,186590009,142,Neev Securities Pvt. Ltd.,Creative Securities Pvt Ltd,2026-04-16 11:56:29.210959,Kumari Bank Limited
2026041601015089,KBL,87,14,1000,231.1,231100.0,2026-04-16,186590612,142,S.P.S.A. Securities Limited,Nepal Stock House (PVT) Ltd.,2026-04-16 11:57:10.144433,Kumari Bank Limited
2026041601015090,KBL,47,14,1000,231.0,231000.0,2026-04-16,186590613,142,Neev Securities Pvt. Ltd.,Nepal Stock House (PVT) Ltd.,2026-04-16 11:57:10.145094,Kumari Bank Limited
2026041601015120,KBL,76,21,10,231.5,2315.0,2026-04-16,186590750,142,Machhapuchchhre Securities Limited,Midas Stock Broking Company Private Limited,2026-04-16 11:57:23.845485,Kumari Bank Limited
2026041601015271,KBL,83,21,208,231.5,48152.0,2026-04-16,186591177,142,Sanima Securities Limited,Midas Stock Broking Company Private Limited,2026-04-16 11:57:46.754916,Kumari Bank Limited
2026041601015295,KBL,83,6,10,231.5,2315.0,2026-04-16,186591275,142,Sanima Securities Limited,Agrawal Securities (PVT) Ltd.,2026-04-16 11:57:52.079628,Kumari Bank Limited
2026041601015520,KBL,14,34,50,231.9,11595.0,2026-04-16,186592128,142,Nepal Stock House (PVT) Ltd.,Vision Securities Pvt. Ltd,2026-04-16 11:58:53.050799,Kumari Bank Limited
2026041601015584,KBL,58,29,10,231.7,2317.0,2026-04-16,186592454,142,Naasa Securities Co. Ltd.,Trisul Securities & Invt. Ltd.,2026-04-16 11:59:16.791286,Kumari Bank Limited
2026041601015585,KBL,17,29,52,231.6,12043.2,2026-04-16,186592455,142,ABC Securities Private Limited,Trisul Securities & Invt. Ltd.,2026-04-16 11:59:16.791923,Kumari Bank Limited
2026041601015674,KBL,49,38,400,232.0,92800.0,2026-04-16,186592834,142,Online Securities Pvt. Ltd.,Dipshikha Dhitopatra Karobar Co. Pvt Ltd.,2026-04-16 11:59:34.080694,Kumari Bank Limited
2026041601015698,KBL,42,38,300,232.0,69600.0,2026-04-16,186592938,142,Sani Securities Company Ltd.,Dipshikha Dhitopatra Karobar Co. Pvt Ltd.,2026-04-16 11:59:43.673227,Kumari Bank Limited
2026041601015741,KBL,4,38,40,232.0,9280.0,2026-04-16,186593088,142,Opal Securities Investment (PVT) Ltd.,Dipshikha Dhitopatra Karobar Co. Pvt Ltd.,2026-04-16 11:59:52.073395,Kumari Bank Limited
2026041601015747,KBL,38,38,167,232.0,38744.0,2026-04-16,186593103,142,Dipshikha Dhitopatra Karobar Co. Pvt Ltd.,Dipshikha Dhitopatra Karobar Co. Pvt Ltd.,2026-04-16 11:59:54.713808,Kumari Bank Limited
2026041601015748,KBL,38,7,100,232.0,23200.0,2026-04-16,186593105,142,Dipshikha Dhitopatra Karobar Co. Pvt Ltd.,J.F. Securites (PVT) Ltd.,2026-04-16 11:59:54.714139,Kumari Bank Limited
2026041601015749,KBL,38,35,40,232.0,9280.0,2026-04-16,186593107,142,Dipshikha Dhitopatra Karobar Co. Pvt Ltd.,Kohinoor Investment & Securities Pvt. Ltd.,2026-04-16 11:59:54.714308,Kumari Bank Limited
2026041601015750,KBL,38,44,800,232.0,185600.0,2026-04-16,186593109,142,Dipshikha Dhitopatra Karobar Co. Pvt Ltd.,Dynamic Money Managers Securities Pvt. Ltd.,2026-04-16 11:59:54.714473,Kumari Bank Limited
2026041601015814,KBL,50,4,200,232.5,46500.0,2026-04-16,186593396,142,Cristal Kanchanjanga Securites Pvt. Ltd.,Opal Securities Investment (PVT) Ltd.,2026-04-16 12:00:22.010602,Kumari Bank Limited
2026041601015834,KBL,38,58,15,232.0,3480.0,2026-04-16,186593477,142,Dipshikha Dhitopatra Karobar Co. Pvt Ltd.,Naasa Securities Co. Ltd.,2026-04-16 12:00:27.717740,Kumari Bank Limited
2026041601015870,KBL,58,57,20,232.3,4646.0,2026-04-16,186593682,142,Naasa Securities Co. Ltd.,Aryatara Investment & Securities,2026-04-16 12:00:43.801393,Kumari Bank Limited
2026041601015871,KBL,38,57,280,232.0,64960.0,2026-04-16,186593683,142,Dipshikha Dhitopatra Karobar Co. Pvt Ltd.,Aryatara Investment & Securities,2026-04-16 12:00:43.801502,Kumari Bank Limited
2026041601016007,KBL,45,4,30,232.5,6975.0,2026-04-16,186594164,142,Imperial Securities Company Pvt. Ltd.,Opal Securities Investment (PVT) Ltd.,2026-04-16 12:01:18.815451,Kumari Bank Limited
2026041601016145,KBL,34,42,150,232.1,34815.0,2026-04-16,186594910,142,Vision Securities Pvt. Ltd,Sani Securities Company Ltd.,2026-04-16 12:02:18.878805,Kumari Bank Limited
2026041601016146,KBL,50,42,100,232.1,23210.0,2026-04-16,186594912,142,Cristal Kanchanjanga Securites Pvt. Ltd.,Sani Securities Company Ltd.,2026-04-16 12:02:18.879175,Kumari Bank Limited
2026041601016147,KBL,38,42,750,232.0,174000.0,2026-04-16,186594913,142,Dipshikha Dhitopatra Karobar Co. Pvt Ltd.,Sani Securities Company Ltd.,2026-04-16 12:02:18.879330,Kumari Bank Limited
2026041601016194,KBL,38,94,3848,232.0,892736.0,2026-04-16,186595008,142,Dipshikha Dhitopatra Karobar Co. Pvt Ltd.,K.B.L. Securities Limited ,2026-04-16 12:02:19.876803,Kumari Bank Limited
2026041601016195,KBL,47,94,430,232.0,99760.0,2026-04-16,186595010,142,Neev Securities Pvt. Ltd.,K.B.L. Securities Limited ,2026-04-16 12:02:19.877554,Kumari Bank Limited
2026041601016196,KBL,1,94,722,232.0,167504.0,2026-04-16,186595011,142,Kumari Securities Private Limited,K.B.L. Securities Limited ,2026-04-16 12:02:19.878161,Kumari Bank Limited
2026041601016215,KBL,1,38,1000,232.0,232000.0,2026-04-16,186595111,142,Kumari Securities Private Limited,Dipshikha Dhitopatra Karobar Co. Pvt Ltd.,2026-04-16 12:02:27.168208,Kumari Bank Limited
2026041601016222,KBL,1,48,433,232.0,100456.0,2026-04-16,186595140,142,Kumari Securities Private Limited,Trishakti Securities Public Limited,2026-04-16 12:02:29.793054,Kumari Bank Limited
2026041601016227,KBL,1,48,67,232.0,15544.0,2026-04-16,186595155,142,Kumari Securities Private Limited,Trishakti Securities Public Limited,2026-04-16 12:02:31.076081,Kumari Bank Limited
2026041601016228,KBL,1,4,393,232.1,91215.3,2026-04-16,186595157,142,Kumari Securities Private Limited,Opal Securities Investment (PVT) Ltd.,2026-04-16 12:02:31.076758,Kumari Bank Limited
2026041601016229,KBL,1,4,270,232.5,62775.0,2026-04-16,186595159,142,Kumari Securities Private Limited,Opal Securities Investment (PVT) Ltd.,2026-04-16 12:02:31.077231,Kumari Bank Limited
2026041601016230,KBL,1,38,298,232.5,69285.0,2026-04-16,186595161,142,Kumari Securities Private Limited,Dipshikha Dhitopatra Karobar Co. Pvt Ltd.,2026-04-16 12:02:31.077702,Kumari Bank Limited
2026041601016231,KBL,1,58,103,232.5,23947.5,2026-04-16,186595164,142,Kumari Securities Private Limited,Naasa Securities Co. Ltd.,2026-04-16 12:02:31.078165,Kumari Bank Limited
2026041601016462,KBL,36,56,50,232.7,11635.0,2026-04-16,186596294,142,Secured Securities Ltd.,Sri Hari Securities Pvt. Ltd.,2026-04-16 12:04:19.149042,Kumari Bank Limited
2026041601016507,KBL,58,32,25,232.5,5812.5,2026-04-16,186596504,142,Naasa Securities Co. Ltd.,Premier Securities Company Ltd.,2026-04-16 12:04:37.111068,Kumari Bank Limited
2026041601016508,KBL,29,32,25,232.5,5812.5,2026-04-16,186596505,142,Trisul Securities & Invt. Ltd.,Premier Securities Company Ltd.,2026-04-16 12:04:37.111420,Kumari Bank Limited
2026041601016598,KBL,29,53,200,232.5,46500.0,2026-04-16,186596945,142,Trisul Securities & Invt. Ltd.,Investment Management Nepal Pvt. Ltd.,2026-04-16 12:05:14.351528,Kumari Bank Limited
2026041601016616,KBL,67,43,5,230.0,1150.0,2026-04-16,186597023,142,Property Wiard Limited,South Asian Bulls Pvt. Ltd.,2026-04-16 12:05:24.156924,Kumari Bank Limited
2026041601016644,KBL,29,21,800,232.5,186000.0,2026-04-16,186597155,142,Trisul Securities & Invt. Ltd.,Midas Stock Broking Company Private Limited,2026-04-16 12:05:37.712602,Kumari Bank Limited
2026041601016651,KBL,29,1,500,232.5,116250.0,2026-04-16,186597189,142,Trisul Securities & Invt. Ltd.,Kumari Securities Private Limited,2026-04-16 12:05:42.010876,Kumari Bank Limited
2026041601016654,KBL,29,53,105,232.5,24412.5,2026-04-16,186597206,142,Trisul Securities & Invt. Ltd.,Investment Management Nepal Pvt. Ltd.,2026-04-16 12:05:44.004509,Kumari Bank Limited
2026041601016655,KBL,58,53,48,232.0,11136.0,2026-04-16,186597208,142,Naasa Securities Co. Ltd.,Investment Management Nepal Pvt. Ltd.,2026-04-16 12:05:44.005230,Kumari Bank Limited
2026041601016656,KBL,47,53,217,232.0,50344.0,2026-04-16,186597209,142,Neev Securities Pvt. Ltd.,Investment Management Nepal Pvt. Ltd.,2026-04-16 12:05:44.005690,Kumari Bank Limited
2026041601016712,KBL,47,41,10,232.0,2320.0,2026-04-16,186597495,142,Neev Securities Pvt. Ltd.,Linch Stock Market Ltd.,2026-04-16 12:06:09.451467,Kumari Bank Limited
2026041601016733,KBL,47,53,200,232.0,46400.0,2026-04-16,186597607,142,Neev Securities Pvt. Ltd.,Investment Management Nepal Pvt. Ltd.,2026-04-16 12:06:19.447496,Kumari Bank Limited
2026041601016901,KBL,34,41,10,231.7,2317.0,2026-04-16,186598429,142,Vision Securities Pvt. Ltd,Linch Stock Market Ltd.,2026-04-16 12:07:19.473736,Kumari Bank Limited
2026041601016981,KBL,34,58,35,231.7,8109.5,2026-04-16,186598826,142,Vision Securities Pvt. Ltd,Naasa Securities Co. Ltd.,2026-04-16 12:07:44.600153,Kumari Bank Limited
2026041601016982,KBL,17,58,148,231.6,34276.8,2026-04-16,186598828,142,ABC Securities Private Limited,Naasa Securities Co. Ltd.,2026-04-16 12:07:44.600500,Kumari Bank Limited
2026041601016983,KBL,87,58,500,231.6,115800.0,2026-04-16,186598830,142,S.P.S.A. Securities Limited,Naasa Securities Co. Ltd.,2026-04-16 12:07:44.600663,Kumari Bank Limited
2026041601016984,KBL,36,58,317,231.6,73417.2,2026-04-16,186598831,142,Secured Securities Ltd.,Naasa Securities Co. Ltd.,2026-04-16 12:07:44.600825,Kumari Bank Limited
2026041601017076,KBL,36,42,60,231.6,13896.0,2026-04-16,186599401,142,Secured Securities Ltd.,Sani Securities Company Ltd.,2026-04-16 12:08:21.384031,Kumari Bank Limited
2026041601017116,KBL,17,58,10,232.0,2320.0,2026-04-16,186599563,142,ABC Securities Private Limited,Naasa Securities Co. Ltd.,2026-04-16 12:08:31.694841,Kumari Bank Limited
2026041601017167,KBL,17,50,272,232.0,63104.0,2026-04-16,186599840,142,ABC Securities Private Limited,Cristal Kanchanjanga Securites Pvt. Ltd.,2026-04-16 12:08:49.672133,Kumari Bank Limited
2026041601017168,KBL,98,50,260,232.0,60320.0,2026-04-16,186599842,142,Trademow Securities Private Limited,Cristal Kanchanjanga Securites Pvt. Ltd.,2026-04-16 12:08:49.672849,Kumari Bank Limited
2026041601017193,KBL,89,50,101,232.0,23432.0,2026-04-16,186599954,142,Global IME Securities Limited,Cristal Kanchanjanga Securites Pvt. Ltd.,2026-04-16 12:08:58.980171,Kumari Bank Limited
2026041601017392,KBL,36,48,100,231.6,23160.0,2026-04-16,186601193,142,Secured Securities Ltd.,Trishakti Securities Public Limited,2026-04-16 12:10:18.445113,Kumari Bank Limited
2026041601017472,KBL,41,32,100,231.9,23190.0,2026-04-16,186601607,142,Linch Stock Market Ltd.,Premier Securities Company Ltd.,2026-04-16 12:10:48.462921,Kumari Bank Limited
2026041601017473,KBL,41,50,400,231.9,92760.0,2026-04-16,186601610,142,Linch Stock Market Ltd.,Cristal Kanchanjanga Securites Pvt. Ltd.,2026-04-16 12:10:48.463681,Kumari Bank Limited
2026041601017474,KBL,95,60,701,231.7,162421.7,2026-04-16,186601613,142,Magnet Securities and Investment Company Private Limited,Nagarik Stock Dealer ,2026-04-16 12:10:49.406743,Kumari Bank Limited
2026041601017596,KBL,95,58,4000,231.7,926800.0,2026-04-16,186602089,142,Magnet Securities and Investment Company Private Limited,Naasa Securities Co. Ltd.,2026-04-16 12:11:16.762716,Kumari Bank Limited
2026041601017599,KBL,95,59,300,231.7,69510.0,2026-04-16,186602097,142,Magnet Securities and Investment Company Private Limited,Deevyaa Securities & Stock House Pvt. Ltd,2026-04-16 12:11:17.163055,Kumari Bank Limited
2026041601017627,KBL,95,34,4999,231.7,1158268.3,2026-04-16,186602246,142,Magnet Securities and Investment Company Private Limited,Vision Securities Pvt. Ltd,2026-04-16 12:11:29.537471,Kumari Bank Limited
2026041601017666,KBL,42,58,25,231.7,5792.5,2026-04-16,186602484,142,Sani Securities Company Ltd.,Naasa Securities Co. Ltd.,2026-04-16 12:11:49.436173,Kumari Bank Limited
2026041601017694,KBL,36,49,500,231.6,115800.0,2026-04-16,186602631,142,Secured Securities Ltd.,Online Securities Pvt. Ltd.,2026-04-16 12:12:02.802683,Kumari Bank Limited
2026041601017704,KBL,26,58,50,231.7,11585.0,2026-04-16,186602680,142,Asian Securities Private Ltd.,Naasa Securities Co. Ltd.,2026-04-16 12:12:06.544893,Kumari Bank Limited
2026041601017726,KBL,36,45,23,231.6,5326.8,2026-04-16,186602764,142,Secured Securities Ltd.,Imperial Securities Company Pvt. Ltd.,2026-04-16 12:12:14.528426,Kumari Bank Limited
2026041601017727,KBL,45,45,45,231.6,10422.0,2026-04-16,186602766,142,Imperial Securities Company Pvt. Ltd.,Imperial Securities Company Pvt. Ltd.,2026-04-16 12:12:14.528481,Kumari Bank Limited
2026041601017728,KBL,38,45,500,231.5,115750.0,2026-04-16,186602768,142,Dipshikha Dhitopatra Karobar Co. Pvt Ltd.,Imperial Securities Company Pvt. Ltd.,2026-04-16 12:12:14.528512,Kumari Bank Limited
2026041601017729,KBL,13,45,502,231.5,116213.0,2026-04-16,186602769,142,Thrive Brokerage House Pvt. Ltd,Imperial Securities Company Pvt. Ltd.,2026-04-16 12:12:14.528562,Kumari Bank Limited
2026041601017735,KBL,35,50,300,231.9,69570.0,2026-04-16,186602804,142,Kohinoor Investment & Securities Pvt. Ltd.,Cristal Kanchanjanga Securites Pvt. Ltd.,2026-04-16 12:12:17.523447,Kumari Bank Limited
2026041601017740,KBL,13,54,498,231.5,115287.0,2026-04-16,186602824,142,Thrive Brokerage House Pvt. Ltd,Sewa Securities Pvt. Ltd.,2026-04-16 12:12:19.890265,Kumari Bank Limited
2026041601017859,KBL,17,57,240,231.3,55512.0,2026-04-16,186603457,142,ABC Securities Private Limited,Aryatara Investment & Securities,2026-04-16 12:13:08.352597,Kumari Bank Limited
2026041601017962,KBL,17,29,760,231.3,175788.0,2026-04-16,186603748,142,ABC Securities Private Limited,Trisul Securities & Invt. Ltd.,2026-04-16 12:13:28.910263,Kumari Bank Limited
2026041601017963,KBL,32,29,500,231.2,115600.0,2026-04-16,186603750,142,Premier Securities Company Ltd.,Trisul Securities & Invt. Ltd.,2026-04-16 12:13:28.910644,Kumari Bank Limited
2026041601017964,KBL,87,29,370,231.1,85507.0,2026-04-16,186603751,142,S.P.S.A. Securities Limited,Trisul Securities & Invt. Ltd.,2026-04-16 12:13:28.910818,Kumari Bank Limited
2026041601017984,KBL,87,49,100,231.1,23110.0,2026-04-16,186603813,142,S.P.S.A. Securities Limited,Online Securities Pvt. Ltd.,2026-04-16 12:13:33.981507,Kumari Bank Limited
2026041601017992,KBL,87,54,530,231.1,122483.0,2026-04-16,186603854,142,S.P.S.A. Securities Limited,Sewa Securities Pvt. Ltd.,2026-04-16 12:13:42.794302,Kumari Bank Limited
2026041601017993,KBL,87,54,550,231.1,127105.0,2026-04-16,186603856,142,S.P.S.A. Securities Limited,Sewa Securities Pvt. Ltd.,2026-04-16 12:13:42.794668,Kumari Bank Limited
2026041601017995,KBL,89,95,1,226.6,226.6,2026-04-16,186603867,142,Global IME Securities Limited,Magnet Securities and Investment Company Private Limited,2026-04-16 12:13:43.327989,Kumari Bank Limited
2026041601018071,KBL,47,41,1000,231.0,231000.0,2026-04-16,186604157,142,Neev Securities Pvt. Ltd.,Linch Stock Market Ltd.,2026-04-16 12:14:08.541379,Kumari Bank Limited
2026041601018121,KBL,47,49,100,231.0,23100.0,2026-04-16,186604419,142,Neev Securities Pvt. Ltd.,Online Securities Pvt. Ltd.,2026-04-16 12:14:35.088167,Kumari Bank Limited
2026041601018157,KBL,26,54,100,231.1,23110.0,2026-04-16,186604582,142,Asian Securities Private Ltd.,Sewa Securities Pvt. Ltd.,2026-04-16 12:14:46.589405,Kumari Bank Limited
2026041601018260,KBL,14,54,605,231.1,139815.5,2026-04-16,186605000,142,Nepal Stock House (PVT) Ltd.,Sewa Securities Pvt. Ltd.,2026-04-16 12:15:27.667830,Kumari Bank Limited
2026041601018368,KBL,47,57,100,231.0,23100.0,2026-04-16,186605389,142,Neev Securities Pvt. Ltd.,Aryatara Investment & Securities,2026-04-16 12:16:10.003232,Kumari Bank Limited
2026041601018437,KBL,47,25,2550,231.0,589050.0,2026-04-16,186605632,142,Neev Securities Pvt. Ltd.,Sweta Securities Private Limited,2026-04-16 12:16:33.377098,Kumari Bank Limited
2026041601018438,KBL,7,25,2000,231.0,462000.0,2026-04-16,186605634,142,J.F. Securites (PVT) Ltd.,Sweta Securities Private Limited,2026-04-16 12:16:33.377487,Kumari Bank Limited
2026041601018439,KBL,25,25,130,231.0,30030.0,2026-04-16,186605636,142,Sweta Securities Private Limited,Sweta Securities Private Limited,2026-04-16 12:16:33.377675,Kumari Bank Limited
2026041601018440,KBL,58,25,10,231.0,2310.0,2026-04-16,186605638,142,Naasa Securities Co. Ltd.,Sweta Securities Private Limited,2026-04-16 12:16:33.377879,Kumari Bank Limited
2026041601018441,KBL,54,25,15,231.0,3465.0,2026-04-16,186605640,142,Sewa Securities Pvt. Ltd.,Sweta Securities Private Limited,2026-04-16 12:16:33.378081,Kumari Bank Limited
2026041601018442,KBL,40,25,100,231.0,23100.0,2026-04-16,186605642,142,Creative Securities Pvt Ltd,Sweta Securities Private Limited,2026-04-16 12:16:33.378252,Kumari Bank Limited
2026041601018443,KBL,45,25,10,231.0,2310.0,2026-04-16,186605644,142,Imperial Securities Company Pvt. Ltd.,Sweta Securities Private Limited,2026-04-16 12:16:33.378420,Kumari Bank Limited
2026041601018444,KBL,58,25,87,231.0,20097.0,2026-04-16,186605646,142,Naasa Securities Co. Ltd.,Sweta Securities Private Limited,2026-04-16 12:16:33.378607,Kumari Bank Limited
2026041601018445,KBL,18,25,100,231.0,23100.0,2026-04-16,186605648,142,Sagarmatha Securities Private Limited,Sweta Securities Private Limited,2026-04-16 12:16:33.378772,Kumari Bank Limited
2026041601018446,KBL,57,25,498,231.0,115038.0,2026-04-16,186605649,142,Aryatara Investment & Securities,Sweta Securities Private Limited,2026-04-16 12:16:33.378938,Kumari Bank Limited
2026041601018506,KBL,26,54,100,231.1,23110.0,2026-04-16,186605880,142,Asian Securities Private Ltd.,Sewa Securities Pvt. Ltd.,2026-04-16 12:16:55.682426,Kumari Bank Limited
2026041601018512,KBL,45,54,617,231.1,142588.7,2026-04-16,186605947,142,Imperial Securities Company Pvt. Ltd.,Sewa Securities Pvt. Ltd.,2026-04-16 12:17:02.032457,Kumari Bank Limited
2026041601018532,KBL,45,56,633,231.1,146286.3,2026-04-16,186606017,142,Imperial Securities Company Pvt. Ltd.,Sri Hari Securities Pvt. Ltd.,2026-04-16 12:17:08.846796,Kumari Bank Limited
2026041601018767,KBL,45,99,10,231.1,2311.0,2026-04-16,186606911,142,Imperial Securities Company Pvt. Ltd.,Prabhu Stock Market Limited,2026-04-16 12:18:18.260534,Kumari Bank Limited
2026041601018905,KBL,45,97,1640,231.1,379004.0,2026-04-16,186607430,142,Imperial Securities Company Pvt. Ltd.,R.B.B. Securities Company Ltd,2026-04-16 12:18:53.875738,Kumari Bank Limited
2026041601018906,KBL,57,97,220,231.1,50842.0,2026-04-16,186607432,142,Aryatara Investment & Securities,R.B.B. Securities Company Ltd,2026-04-16 12:18:53.876106,Kumari Bank Limited
2026041601018907,KBL,50,97,1140,231.1,263454.0,2026-04-16,186607433,142,Cristal Kanchanjanga Securites Pvt. Ltd.,R.B.B. Securities Company Ltd,2026-04-16 12:18:53.876285,Kumari Bank Limited
2026041601018932,KBL,50,57,40,231.1,9244.0,2026-04-16,186607533,142,Cristal Kanchanjanga Securites Pvt. Ltd.,Aryatara Investment & Securities,2026-04-16 12:19:02.977048,Kumari Bank Limited
2026041601019272,KBL,58,71,10,231.2,2312.0,2026-04-16,186608792,142,Naasa Securities Co. Ltd.,SHUBHAKAMANA SECURITIES PVT. LTD,2026-04-16 12:20:57.460829,Kumari Bank Limited
2026041601019281,KBL,50,45,320,231.1,73952.0,2026-04-16,186608824,142,Cristal Kanchanjanga Securites Pvt. Ltd.,Imperial Securities Company Pvt. Ltd.,2026-04-16 12:21:00.733801,Kumari Bank Limited
2026041601019282,KBL,69,45,300,231.1,69330.0,2026-04-16,186608826,142,INDEX SECURITIES LIMITED,Imperial Securities Company Pvt. Ltd.,2026-04-16 12:21:00.734552,Kumari Bank Limited
2026041601019283,KBL,69,45,300,231.1,69330.0,2026-04-16,186608828,142,INDEX SECURITIES LIMITED,Imperial Securities Company Pvt. Ltd.,2026-04-16 12:21:00.735050,Kumari Bank Limited
2026041601019284,KBL,57,45,17,231.0,3927.0,2026-04-16,186608830,142,Aryatara Investment & Securities,Imperial Securities Company Pvt. Ltd.,2026-04-16 12:21:00.735589,Kumari Bank Limited
2026041601019285,KBL,14,45,200,231.0,46200.0,2026-04-16,186608832,142,Nepal Stock House (PVT) Ltd.,Imperial Securities Company Pvt. Ltd.,2026-04-16 12:21:00.736083,Kumari Bank Limited
2026041601019286,KBL,11,45,810,231.0,187110.0,2026-04-16,186608834,142,Malla & Malla Stock Broking Company Pvt. Limited,Imperial Securities Company Pvt. Ltd.,2026-04-16 12:21:00.736563,Kumari Bank Limited
2026041601019287,KBL,26,45,303,231.0,69993.0,2026-04-16,186608835,142,Asian Securities Private Ltd.,Imperial Securities Company Pvt. Ltd.,2026-04-16 12:21:00.737099,Kumari Bank Limited
2026041601019323,KBL,7,71,90,231.2,20808.0,2026-04-16,186608991,142,J.F. Securites (PVT) Ltd.,SHUBHAKAMANA SECURITIES PVT. LTD,2026-04-16 12:21:12.649176,Kumari Bank Limited
2026041601019447,KBL,7,50,10,231.2,2312.0,2026-04-16,186609414,142,J.F. Securites (PVT) Ltd.,Cristal Kanchanjanga Securites Pvt. Ltd.,2026-04-16 12:21:49.339164,Kumari Bank Limited
2026041601019448,KBL,26,50,90,231.0,20790.0,2026-04-16,186609415,142,Asian Securities Private Ltd.,Cristal Kanchanjanga Securites Pvt. Ltd.,2026-04-16 12:21:49.339599,Kumari Bank Limited
2026041601019453,KBL,45,36,19,231.3,4394.7,2026-04-16,186609448,142,Imperial Securities Company Pvt. Ltd.,Secured Securities Ltd.,2026-04-16 12:21:52.439839,Kumari Bank Limited
2026041601019552,KBL,26,50,167,231.0,38577.0,2026-04-16,186609779,142,Asian Securities Private Ltd.,Cristal Kanchanjanga Securites Pvt. Ltd.,2026-04-16 12:22:13.744157,Kumari Bank Limited
2026041601019705,KBL,26,10,340,231.0,78540.0,2026-04-16,186610359,142,Asian Securities Private Ltd.,Pragyan Securities (PVT) Ltd.,2026-04-16 12:23:04.722848,Kumari Bank Limited
2026041601019826,KBL,26,42,200,231.0,46200.0,2026-04-16,186610791,142,Asian Securities Private Ltd.,Sani Securities Company Ltd.,2026-04-16 12:23:29.762524,Kumari Bank Limited
2026041601019836,KBL,26,32,420,231.0,97020.0,2026-04-16,186610837,142,Asian Securities Private Ltd.,Premier Securities Company Ltd.,2026-04-16 12:23:35.158344,Kumari Bank Limited
2026041601019842,KBL,26,74,101,231.0,23331.0,2026-04-16,186610857,142,Asian Securities Private Ltd.,KALASH STOCK MARKET PVT. LTD.,2026-04-16 12:23:37.475374,Kumari Bank Limited
2026041601020037,KBL,26,37,3379,231.0,780549.0,2026-04-16,186611698,142,Asian Securities Private Ltd.,Swarna Laxmi Securities Pvt. Ltd.,2026-04-16 12:24:36.227462,Kumari Bank Limited
2026041601020038,KBL,69,37,300,231.0,69300.0,2026-04-16,186611700,142,INDEX SECURITIES LIMITED,Swarna Laxmi Securities Pvt. Ltd.,2026-04-16 12:24:36.228195,Kumari Bank Limited
2026041601020039,KBL,17,37,1000,231.0,231000.0,2026-04-16,186611702,142,ABC Securities Private Limited,Swarna Laxmi Securities Pvt. Ltd.,2026-04-16 12:24:36.228697,Kumari Bank Limited
2026041601020040,KBL,69,37,300,231.0,69300.0,2026-04-16,186611704,142,INDEX SECURITIES LIMITED,Swarna Laxmi Securities Pvt. Ltd.,2026-04-16 12:24:36.229190,Kumari Bank Limited
2026041601020041,KBL,28,37,1290,231.0,297990.0,2026-04-16,186611706,142,Shree Krishna Securities Ltd.,Swarna Laxmi Securities Pvt. Ltd.,2026-04-16 12:24:36.229670,Kumari Bank Limited
2026041601020226,KBL,69,37,500,231.0,115500.0,2026-04-16,186612610,142,INDEX SECURITIES LIMITED,Swarna Laxmi Securities Pvt. Ltd.,2026-04-16 12:25:36.489288,Kumari Bank Limited
2026041601020255,KBL,58,37,1000,231.0,231000.0,2026-04-16,186612798,142,Naasa Securities Co. Ltd.,Swarna Laxmi Securities Pvt. Ltd.,2026-04-16 12:25:48.046594,Kumari Bank Limited
2026041601020273,KBL,7,42,200,230.9,46180.0,2026-04-16,186612924,142,J.F. Securites (PVT) Ltd.,Sani Securities Company Ltd.,2026-04-16 12:25:55.692097,Kumari Bank Limited
2026041601020274,KBL,87,42,1000,230.6,230600.0,2026-04-16,186612926,142,S.P.S.A. Securities Limited,Sani Securities Company Ltd.,2026-04-16 12:25:55.692488,Kumari Bank Limited
2026041601020275,KBL,71,42,2000,230.6,461200.0,2026-04-16,186612928,142,SHUBHAKAMANA SECURITIES PVT. LTD,Sani Securities Company Ltd.,2026-04-16 12:25:55.692658,Kumari Bank Limited
2026041601020276,KBL,62,42,1800,230.5,414900.0,2026-04-16,186612929,142,Capital Max Securities Ltd,Sani Securities Company Ltd.,2026-04-16 12:25:55.692837,Kumari Bank Limited
2026041601020278,KBL,34,37,140,231.0,32340.0,2026-04-16,186612934,142,Vision Securities Pvt. Ltd,Swarna Laxmi Securities Pvt. Ltd.,2026-04-16 12:25:57.011523,Kumari Bank Limited
2026041601020295,KBL,71,37,50,231.0,11550.0,2026-04-16,186613022,142,SHUBHAKAMANA SECURITIES PVT. LTD,Swarna Laxmi Securities Pvt. Ltd.,2026-04-16 12:26:03.557654,Kumari Bank Limited
2026041601020315,KBL,62,48,100,230.5,23050.0,2026-04-16,186613123,142,Capital Max Securities Ltd,Trishakti Securities Public Limited,2026-04-16 12:26:10.986898,Kumari Bank Limited
2026041601020317,KBL,62,41,10,230.5,2305.0,2026-04-16,186613129,142,Capital Max Securities Ltd,Linch Stock Market Ltd.,2026-04-16 12:26:11.617848,Kumari Bank Limited
2026041601020471,KBL,32,58,10,230.6,2306.0,2026-04-16,186613813,142,Premier Securities Company Ltd.,Naasa Securities Co. Ltd.,2026-04-16 12:27:03.902159,Kumari Bank Limited
2026041601020521,KBL,32,4,50,230.6,11530.0,2026-04-16,186614049,142,Premier Securities Company Ltd.,Opal Securities Investment (PVT) Ltd.,2026-04-16 12:27:23.825246,Kumari Bank Limited
2026041601020699,KBL,71,42,100,230.7,23070.0,2026-04-16,186614804,142,SHUBHAKAMANA SECURITIES PVT. LTD,Sani Securities Company Ltd.,2026-04-16 12:28:26.667566,Kumari Bank Limited
2026041601020760,KBL,81,42,900,230.7,207630.0,2026-04-16,186615105,142,Aakashbhairab Securities Ltd.,Sani Securities Company Ltd.,2026-04-16 12:28:55.026646,Kumari Bank Limited
2026041601020820,KBL,81,52,100,230.7,23070.0,2026-04-16,186615386,142,Aakashbhairab Securities Ltd.,Sundhara Securities Limited,2026-04-16 12:29:19.029526,Kumari Bank Limited
2026041601020821,KBL,43,52,186,230.7,42910.2,2026-04-16,186615387,142,South Asian Bulls Pvt. Ltd.,Sundhara Securities Limited,2026-04-16 12:29:19.030286,Kumari Bank Limited
2026041601020894,KBL,56,37,40,231.0,9240.0,2026-04-16,186615622,142,Sri Hari Securities Pvt. Ltd.,Swarna Laxmi Securities Pvt. Ltd.,2026-04-16 12:29:38.557738,Kumari Bank Limited
2026041601021049,KBL,34,49,500,230.8,115400.0,2026-04-16,186616171,142,Vision Securities Pvt. Ltd,Online Securities Pvt. Ltd.,2026-04-16 12:30:28.367205,Kumari Bank Limited
2026041601021235,KBL,87,58,223,231.0,51513.0,2026-04-16,186617033,142,S.P.S.A. Securities Limited,Naasa Securities Co. Ltd.,2026-04-16 12:31:44.353513,Kumari Bank Limited
2026041601021236,KBL,87,50,103,231.0,23793.0,2026-04-16,186617035,142,S.P.S.A. Securities Limited,Cristal Kanchanjanga Securites Pvt. Ltd.,2026-04-16 12:31:44.354309,Kumari Bank Limited
2026041601021237,KBL,87,53,126,231.0,29106.0,2026-04-16,186617037,142,S.P.S.A. Securities Limited,Investment Management Nepal Pvt. Ltd.,2026-04-16 12:31:44.354882,Kumari Bank Limited
2026041601021353,KBL,57,36,45,231.3,10408.5,2026-04-16,186617401,142,Aryatara Investment & Securities,Secured Securities Ltd.,2026-04-16 12:32:11.070779,Kumari Bank Limited
2026041601021354,KBL,57,51,100,231.3,23130.0,2026-04-16,186617403,142,Aryatara Investment & Securities,Oxford Securities Pvt. Ltd.,2026-04-16 12:32:11.071169,Kumari Bank Limited
2026041601021355,KBL,57,56,100,231.8,23180.0,2026-04-16,186617405,142,Aryatara Investment & Securities,Sri Hari Securities Pvt. Ltd.,2026-04-16 12:32:11.071343,Kumari Bank Limited
2026041601021356,KBL,57,65,30,231.9,6957.0,2026-04-16,186617407,142,Aryatara Investment & Securities,Sharepro Securities Private Limited,2026-04-16 12:32:11.071520,Kumari Bank Limited
2026041601021357,KBL,57,59,1725,231.9,400027.5,2026-04-16,186617410,142,Aryatara Investment & Securities,Deevyaa Securities & Stock House Pvt. Ltd,2026-04-16 12:32:11.071694,Kumari Bank Limited
2026041601021377,KBL,57,59,275,231.9,63772.5,2026-04-16,186617487,142,Aryatara Investment & Securities,Deevyaa Securities & Stock House Pvt. Ltd,2026-04-16 12:32:17.804680,Kumari Bank Limited
2026041601021378,KBL,57,74,62,232.0,14384.0,2026-04-16,186617489,142,Aryatara Investment & Securities,KALASH STOCK MARKET PVT. LTD.,2026-04-16 12:32:17.805179,Kumari Bank Limited
2026041601021379,KBL,57,6,481,232.0,111592.0,2026-04-16,186617491,142,Aryatara Investment & Securities,Agrawal Securities (PVT) Ltd.,2026-04-16 12:32:17.805359,Kumari Bank Limited
2026041601021380,KBL,57,29,10,232.0,2320.0,2026-04-16,186617493,142,Aryatara Investment & Securities,Trisul Securities & Invt. Ltd.,2026-04-16 12:32:17.805529,Kumari Bank Limited
2026041601021381,KBL,57,17,172,232.0,39904.0,2026-04-16,186617496,142,Aryatara Investment & Securities,ABC Securities Private Limited,2026-04-16 12:32:17.805752,Kumari Bank Limited
2026041601021451,KBL,77,38,25,231.0,5775.0,2026-04-16,186617728,142,Nabil Stock Dealer Ltd.,Dipshikha Dhitopatra Karobar Co. Pvt Ltd.,2026-04-16 12:32:39.167390,Kumari Bank Limited
2026041601021452,KBL,50,38,75,230.9,17317.5,2026-04-16,186617729,142,Cristal Kanchanjanga Securites Pvt. Ltd.,Dipshikha Dhitopatra Karobar Co. Pvt Ltd.,2026-04-16 12:32:39.167781,Kumari Bank Limited
2026041601021997,KBL,10,58,60,231.1,13866.0,2026-04-16,186620129,142,Pragyan Securities (PVT) Ltd.,Naasa Securities Co. Ltd.,2026-04-16 12:36:12.950736,Kumari Bank Limited
2026041601022165,KBL,14,17,270,232.0,62640.0,2026-04-16,186620770,142,Nepal Stock House (PVT) Ltd.,ABC Securities Private Limited,2026-04-16 12:37:18.662445,Kumari Bank Limited
2026041601022188,KBL,10,71,555,231.1,128260.5,2026-04-16,186620847,142,Pragyan Securities (PVT) Ltd.,SHUBHAKAMANA SECURITIES PVT. LTD,2026-04-16 12:37:28.779139,Kumari Bank Limited
2026041601022204,KBL,56,58,110,231.5,25465.0,2026-04-16,186620898,142,Sri Hari Securities Pvt. Ltd.,Naasa Securities Co. Ltd.,2026-04-16 12:37:35.267968,Kumari Bank Limited
2026041601022392,KBL,10,57,40,231.1,9244.0,2026-04-16,186621667,142,Pragyan Securities (PVT) Ltd.,Aryatara Investment & Securities,2026-04-16 12:39:03.501347,Kumari Bank Limited
2026041601022471,KBL,76,58,10,231.5,2315.0,2026-04-16,186622054,142,Machhapuchchhre Securities Limited,Naasa Securities Co. Ltd.,2026-04-16 12:39:47.049177,Kumari Bank Limited
2026041601022474,KBL,33,58,102,231.5,23613.0,2026-04-16,186622063,142,Dakshinkali Investment & Securities Pvt. Ltd.,Naasa Securities Co. Ltd.,2026-04-16 12:39:47.738241,Kumari Bank Limited
2026041601022475,KBL,33,49,898,231.5,207887.0,2026-04-16,186622066,142,Dakshinkali Investment & Securities Pvt. Ltd.,Online Securities Pvt. Ltd.,2026-04-16 12:39:47.739067,Kumari Bank Limited
2026041601022510,KBL,45,49,102,231.2,23582.4,2026-04-16,186622259,142,Imperial Securities Company Pvt. Ltd.,Online Securities Pvt. Ltd.,2026-04-16 12:40:09.195563,Kumari Bank Limited
2026041601022725,KBL,10,34,400,231.9,92760.0,2026-04-16,186623037,142,Pragyan Securities (PVT) Ltd.,Vision Securities Pvt. Ltd,2026-04-16 12:41:10.847973,Kumari Bank Limited
2026041601022726,KBL,10,17,58,232.0,13456.0,2026-04-16,186623039,142,Pragyan Securities (PVT) Ltd.,ABC Securities Private Limited,2026-04-16 12:41:10.848388,Kumari Bank Limited
2026041601022727,KBL,10,6,500,232.0,116000.0,2026-04-16,186623041,142,Pragyan Securities (PVT) Ltd.,Agrawal Securities (PVT) Ltd.,2026-04-16 12:41:10.848572,Kumari Bank Limited
2026041601022728,KBL,10,48,100,232.0,23200.0,2026-04-16,186623043,142,Pragyan Securities (PVT) Ltd.,Trishakti Securities Public Limited,2026-04-16 12:41:10.848758,Kumari Bank Limited
2026041601022729,KBL,10,58,272,232.0,63104.0,2026-04-16,186623045,142,Pragyan Securities (PVT) Ltd.,Naasa Securities Co. Ltd.,2026-04-16 12:41:10.848942,Kumari Bank Limited
2026041601022730,KBL,10,52,170,232.0,39440.0,2026-04-16,186623048,142,Pragyan Securities (PVT) Ltd.,Sundhara Securities Limited,2026-04-16 12:41:10.849129,Kumari Bank Limited
2026041601022792,KBL,45,6,100,231.2,23120.0,2026-04-16,186623303,142,Imperial Securities Company Pvt. Ltd.,Agrawal Securities (PVT) Ltd.,2026-04-16 12:41:36.941104,Kumari Bank Limited
2026041601023534,KBL,57,34,13,231.5,3009.5,2026-04-16,186626093,142,Aryatara Investment & Securities,Vision Securities Pvt. Ltd,2026-04-16 12:45:30.678958,Kumari Bank Limited
2026041601023729,KBL,17,52,30,232.0,6960.0,2026-04-16,186626729,142,ABC Securities Private Limited,Sundhara Securities Limited,2026-04-16 12:46:31.630123,Kumari Bank Limited
2026041601023730,KBL,17,34,500,232.0,116000.0,2026-04-16,186626731,142,ABC Securities Private Limited,Vision Securities Pvt. Ltd,2026-04-16 12:46:31.630563,Kumari Bank Limited
2026041601023731,KBL,17,52,50,232.0,11600.0,2026-04-16,186626733,142,ABC Securities Private Limited,Sundhara Securities Limited,2026-04-16 12:46:31.630755,Kumari Bank Limited
2026041601023759,KBL,17,54,200,232.0,46400.0,2026-04-16,186626819,142,ABC Securities Private Limited,Sewa Securities Pvt. Ltd.,2026-04-16 12:46:45.947944,Kumari Bank Limited
2026041601024332,KBL,34,6,50,232.2,11610.0,2026-04-16,186628765,142,Vision Securities Pvt. Ltd,Agrawal Securities (PVT) Ltd.,2026-04-16 12:49:23.501324,Kumari Bank Limited
2026041601024360,KBL,34,58,10,232.2,2322.0,2026-04-16,186628843,142,Vision Securities Pvt. Ltd,Naasa Securities Co. Ltd.,2026-04-16 12:49:31.298303,Kumari Bank Limited
2026041601024377,KBL,21,56,200,232.3,46460.0,2026-04-16,186628922,142,Midas Stock Broking Company Private Limited,Sri Hari Securities Pvt. Ltd.,2026-04-16 12:49:43.388455,Kumari Bank Limited
2026041601024385,KBL,34,44,30,232.2,6966.0,2026-04-16,186628981,142,Vision Securities Pvt. Ltd,Dynamic Money Managers Securities Pvt. Ltd.,2026-04-16 12:49:50.644953,Kumari Bank Limited
2026041601024426,KBL,35,58,100,232.4,23240.0,2026-04-16,186629153,142,Kohinoor Investment & Securities Pvt. Ltd.,Naasa Securities Co. Ltd.,2026-04-16 12:50:10.518478,Kumari Bank Limited
2026041601024427,KBL,35,7,900,232.4,209160.0,2026-04-16,186629156,142,Kohinoor Investment & Securities Pvt. Ltd.,J.F. Securites (PVT) Ltd.,2026-04-16 12:50:10.519351,Kumari Bank Limited
2026041601024465,KBL,58,7,100,232.4,23240.0,2026-04-16,186629277,142,Naasa Securities Co. Ltd.,J.F. Securites (PVT) Ltd.,2026-04-16 12:50:21.356067,Kumari Bank Limited
2026041601024466,KBL,58,5,1900,232.5,441750.0,2026-04-16,186629280,142,Naasa Securities Co. Ltd.,Market Securities & Exchange (PVT) Ltd.,2026-04-16 12:50:21.356893,Kumari Bank Limited
2026041601024511,KBL,58,35,20,232.3,4646.0,2026-04-16,186629463,142,Naasa Securities Co. Ltd.,Kohinoor Investment & Securities Pvt. Ltd.,2026-04-16 12:50:32.143160,Kumari Bank Limited
2026041601024627,KBL,38,59,14,232.4,3253.6,2026-04-16,186629915,142,Dipshikha Dhitopatra Karobar Co. Pvt Ltd.,Deevyaa Securities & Stock House Pvt. Ltd,2026-04-16 12:51:12.025455,Kumari Bank Limited
2026041601024628,KBL,58,59,2120,232.3,492476.0,2026-04-16,186629917,142,Naasa Securities Co. Ltd.,Deevyaa Securities & Stock House Pvt. Ltd,2026-04-16 12:51:12.026230,Kumari Bank Limited
2026041601024629,KBL,17,59,220,232.0,51040.0,2026-04-16,186629919,142,ABC Securities Private Limited,Deevyaa Securities & Stock House Pvt. Ltd,2026-04-16 12:51:12.026811,Kumari Bank Limited
2026041601024630,KBL,58,59,13,232.0,3016.0,2026-04-16,186629921,142,Naasa Securities Co. Ltd.,Deevyaa Securities & Stock House Pvt. Ltd,2026-04-16 12:51:12.027388,Kumari Bank Limited
2026041601024631,KBL,22,59,5000,231.6,1158000.0,2026-04-16,186629923,142,Siprabi Securities Pvt. Ltd.,Deevyaa Securities & Stock House Pvt. Ltd,2026-04-16 12:51:12.027937,Kumari Bank Limited
2026041601024632,KBL,57,59,356,231.5,82414.0,2026-04-16,186629925,142,Aryatara Investment & Securities,Deevyaa Securities & Stock House Pvt. Ltd,2026-04-16 12:51:12.028494,Kumari Bank Limited
2026041601024633,KBL,14,59,500,231.5,115750.0,2026-04-16,186629927,142,Nepal Stock House (PVT) Ltd.,Deevyaa Securities & Stock House Pvt. Ltd,2026-04-16 12:51:12.029043,Kumari Bank Limited
2026041601024634,KBL,26,59,1000,231.4,231400.0,2026-04-16,186629869,142,Asian Securities Private Ltd.,Deevyaa Securities & Stock House Pvt. Ltd,2026-04-16 12:51:12.029585,Kumari Bank Limited
2026041601024635,KBL,57,59,999,231.4,231168.6,2026-04-16,186629871,142,Aryatara Investment & Securities,Deevyaa Securities & Stock House Pvt. Ltd,2026-04-16 12:51:12.030182,Kumari Bank Limited
2026041601024636,KBL,58,59,20,231.3,4626.0,2026-04-16,186629873,142,Naasa Securities Co. Ltd.,Deevyaa Securities & Stock House Pvt. Ltd,2026-04-16 12:51:12.030714,Kumari Bank Limited
2026041601024637,KBL,26,59,100,231.3,23130.0,2026-04-16,186629875,142,Asian Securities Private Ltd.,Deevyaa Securities & Stock House Pvt. Ltd,2026-04-16 12:51:12.031272,Kumari Bank Limited
2026041601024638,KBL,45,59,298,231.2,68897.6,2026-04-16,186629877,142,Imperial Securities Company Pvt. Ltd.,Deevyaa Securities & Stock House Pvt. Ltd,2026-04-16 12:51:12.031817,Kumari Bank Limited
2026041601024639,KBL,51,59,200,231.1,46220.0,2026-04-16,186629879,142,Oxford Securities Pvt. Ltd.,Deevyaa Securities & Stock House Pvt. Ltd,2026-04-16 12:51:12.032374,Kumari Bank Limited
2026041601024640,KBL,87,59,160,231.0,36960.0,2026-04-16,186629880,142,S.P.S.A. Securities Limited,Deevyaa Securities & Stock House Pvt. Ltd,2026-04-16 12:51:12.032914,Kumari Bank Limited
2026041601024726,KBL,76,5,10,232.5,2325.0,2026-04-16,186630208,142,Machhapuchchhre Securities Limited,Market Securities & Exchange (PVT) Ltd.,2026-04-16 12:51:43.475401,Kumari Bank Limited
2026041601024819,KBL,87,82,388,231.0,89628.0,2026-04-16,186630624,142,S.P.S.A. Securities Limited,N.M.B. SECURITIES LIMITED,2026-04-16 12:52:28.030866,Kumari Bank Limited
2026041601024820,KBL,42,82,30,231.0,6930.0,2026-04-16,186630626,142,Sani Securities Company Ltd.,N.M.B. SECURITIES LIMITED,2026-04-16 12:52:28.031331,Kumari Bank Limited
2026041601024821,KBL,51,82,100,231.0,23100.0,2026-04-16,186630628,142,Oxford Securities Pvt. Ltd.,N.M.B. SECURITIES LIMITED,2026-04-16 12:52:28.031534,Kumari Bank Limited
2026041601024822,KBL,16,82,500,231.0,115500.0,2026-04-16,186630630,142,Primo Securities (PVT) Ltd.,N.M.B. SECURITIES LIMITED,2026-04-16 12:52:28.031736,Kumari Bank Limited
2026041601024823,KBL,48,82,10,231.0,2310.0,2026-04-16,186630632,142,Trishakti Securities Public Limited,N.M.B. SECURITIES LIMITED,2026-04-16 12:52:28.031958,Kumari Bank Limited
2026041601024824,KBL,50,82,1925,230.9,444482.5,2026-04-16,186630634,142,Cristal Kanchanjanga Securites Pvt. Ltd.,N.M.B. SECURITIES LIMITED,2026-04-16 12:52:28.032190,Kumari Bank Limited
2026041601024825,KBL,43,82,314,230.7,72439.8,2026-04-16,186630636,142,South Asian Bulls Pvt. Ltd.,N.M.B. SECURITIES LIMITED,2026-04-16 12:52:28.032391,Kumari Bank Limited
2026041601024826,KBL,69,82,500,230.7,115350.0,2026-04-16,186630638,142,INDEX SECURITIES LIMITED,N.M.B. SECURITIES LIMITED,2026-04-16 12:52:28.032647,Kumari Bank Limited
2026041601024827,KBL,51,82,1000,230.7,230700.0,2026-04-16,186630640,142,Oxford Securities Pvt. Ltd.,N.M.B. SECURITIES LIMITED,2026-04-16 12:52:28.032916,Kumari Bank Limited
2026041601024828,KBL,32,82,440,230.6,101464.0,2026-04-16,186630642,142,Premier Securities Company Ltd.,N.M.B. SECURITIES LIMITED,2026-04-16 12:52:28.033204,Kumari Bank Limited
2026041601024829,KBL,62,82,90,230.5,20745.0,2026-04-16,186630644,142,Capital Max Securities Ltd,N.M.B. SECURITIES LIMITED,2026-04-16 12:52:28.033496,Kumari Bank Limited
2026041601024830,KBL,59,82,200,230.5,46100.0,2026-04-16,186630646,142,Deevyaa Securities & Stock House Pvt. Ltd,N.M.B. SECURITIES LIMITED,2026-04-16 12:52:28.033732,Kumari Bank Limited
2026041601024831,KBL,32,82,500,230.5,115250.0,2026-04-16,186630648,142,Premier Securities Company Ltd.,N.M.B. SECURITIES LIMITED,2026-04-16 12:52:28.033996,Kumari Bank Limited
2026041601024832,KBL,25,82,50,230.5,11525.0,2026-04-16,186630650,142,Sweta Securities Private Limited,N.M.B. SECURITIES LIMITED,2026-04-16 12:52:28.034293,Kumari Bank Limited
2026041601024833,KBL,17,82,500,230.5,115250.0,2026-04-16,186630652,142,ABC Securities Private Limited,N.M.B. SECURITIES LIMITED,2026-04-16 12:52:28.034596,Kumari Bank Limited
2026041601024834,KBL,34,82,500,230.5,115250.0,2026-04-16,186630654,142,Vision Securities Pvt. Ltd,N.M.B. SECURITIES LIMITED,2026-04-16 12:52:28.034860,Kumari Bank Limited
2026041601024835,KBL,34,82,870,230.4,200448.0,2026-04-16,186630656,142,Vision Securities Pvt. Ltd,N.M.B. SECURITIES LIMITED,2026-04-16 12:52:28.035160,Kumari Bank Limited
2026041601024836,KBL,6,82,1230,230.3,283269.0,2026-04-16,186630658,142,Agrawal Securities (PVT) Ltd.,N.M.B. SECURITIES LIMITED,2026-04-16 12:52:28.035427,Kumari Bank Limited
2026041601024837,KBL,85,82,853,230.2,196360.6,2026-04-16,186630659,142,Capital Hub P. Ltd,N.M.B. SECURITIES LIMITED,2026-04-16 12:52:28.035716,Kumari Bank Limited
2026041601024855,KBL,85,82,147,230.2,33839.4,2026-04-16,186630768,142,Capital Hub P. Ltd,N.M.B. SECURITIES LIMITED,2026-04-16 12:52:40.654326,Kumari Bank Limited
2026041601024856,KBL,11,82,10,230.2,2302.0,2026-04-16,186630770,142,Malla & Malla Stock Broking Company Pvt. Limited,N.M.B. SECURITIES LIMITED,2026-04-16 12:52:40.655145,Kumari Bank Limited
2026041601024857,KBL,5,82,507,230.1,116660.7,2026-04-16,186630772,142,Market Securities & Exchange (PVT) Ltd.,N.M.B. SECURITIES LIMITED,2026-04-16 12:52:40.655683,Kumari Bank Limited
2026041601024858,KBL,4,82,500,230.1,115050.0,2026-04-16,186630774,142,Opal Securities Investment (PVT) Ltd.,N.M.B. SECURITIES LIMITED,2026-04-16 12:52:40.656230,Kumari Bank Limited
2026041601024859,KBL,5,82,1000,230.1,230100.0,2026-04-16,186630776,142,Market Securities & Exchange (PVT) Ltd.,N.M.B. SECURITIES LIMITED,2026-04-16 12:52:40.656758,Kumari Bank Limited
2026041601024860,KBL,62,82,1500,230.1,345150.0,2026-04-16,186630778,142,Capital Max Securities Ltd,N.M.B. SECURITIES LIMITED,2026-04-16 12:52:40.657297,Kumari Bank Limited
2026041601024861,KBL,62,82,550,230.1,126555.0,2026-04-16,186630780,142,Capital Max Securities Ltd,N.M.B. SECURITIES LIMITED,2026-04-16 12:52:40.657821,Kumari Bank Limited
2026041601024862,KBL,17,82,500,230.0,115000.0,2026-04-16,186630782,142,ABC Securities Private Limited,N.M.B. SECURITIES LIMITED,2026-04-16 12:52:40.658378,Kumari Bank Limited
2026041601024863,KBL,42,82,50,230.0,11500.0,2026-04-16,186630784,142,Sani Securities Company Ltd.,N.M.B. SECURITIES LIMITED,2026-04-16 12:52:40.658912,Kumari Bank Limited
2026041601024864,KBL,40,82,100,230.0,23000.0,2026-04-16,186630786,142,Creative Securities Pvt Ltd,N.M.B. SECURITIES LIMITED,2026-04-16 12:52:40.659461,Kumari Bank Limited
2026041601024865,KBL,50,82,108,230.0,24840.0,2026-04-16,186630788,142,Cristal Kanchanjanga Securites Pvt. Ltd.,N.M.B. SECURITIES LIMITED,2026-04-16 12:52:40.659989,Kumari Bank Limited
2026041601024866,KBL,11,82,10,230.0,2300.0,2026-04-16,186630790,142,Malla & Malla Stock Broking Company Pvt. Limited,N.M.B. SECURITIES LIMITED,2026-04-16 12:52:40.660526,Kumari Bank Limited
2026041601024867,KBL,35,82,18,230.0,4140.0,2026-04-16,186630791,142,Kohinoor Investment & Securities Pvt. Ltd.,N.M.B. SECURITIES LIMITED,2026-04-16 12:52:40.661076,Kumari Bank Limited
