contractId,stockSymbol,buyerMemberId,sellerMemberId,quantity,rate,amount,businessDate,tradeBookId,stockId,buyerBrokerName,sellerBrokerName,transaction_time,securityName
2026041603000154,MNBBL,58,34,25,386.0,9650.0,2026-04-16,186539480,474,Naasa Securities Co. Ltd.,Vision Securities Pvt. Ltd,2026-04-16 11:07:55.177051,Muktinath Bikas Bank Ltd.
2026041603000176,MNBBL,17,34,75,386.0,28950.0,2026-04-16,186540559,474,ABC Securities Private Limited,Vision Securities Pvt. Ltd,2026-04-16 11:08:54.368091,Muktinath Bikas Bank Ltd.
2026041603000177,MNBBL,17,14,166,386.0,64076.0,2026-04-16,186540561,474,ABC Securities Private Limited,Nepal Stock House (PVT) Ltd.,2026-04-16 11:08:54.368232,Muktinath Bikas Bank Ltd.
2026041603000180,MNBBL,17,7,259,386.0,99974.0,2026-04-16,186540736,474,ABC Securities Private Limited,J.F. Securites (PVT) Ltd.,2026-04-16 11:09:03.325584,Muktinath Bikas Bank Ltd.
2026041603000441,MNBBL,51,7,20,383.9,7678.0,2026-04-16,186552916,474,Oxford Securities Pvt. Ltd.,J.F. Securites (PVT) Ltd.,2026-04-16 11:19:12.061824,Muktinath Bikas Bank Ltd.
2026041603000515,MNBBL,38,19,100,381.0,38100.0,2026-04-16,186555046,474,Dipshikha Dhitopatra Karobar Co. Pvt Ltd.,Nepal Investment And Securities Trading Private Limited,2026-04-16 11:21:36.793637,Muktinath Bikas Bank Ltd.
2026041603000516,MNBBL,52,19,100,381.0,38100.0,2026-04-16,186555048,474,Sundhara Securities Limited,Nepal Investment And Securities Trading Private Limited,2026-04-16 11:21:36.793737,Muktinath Bikas Bank Ltd.
2026041603000525,MNBBL,8,41,80,380.0,30400.0,2026-04-16,186555370,474,Brilliant Securities Pvt. Ltd.,Linch Stock Market Ltd.,2026-04-16 11:21:57.342075,Muktinath Bikas Bank Ltd.
2026041603000526,MNBBL,88,41,50,380.0,19000.0,2026-04-16,186555372,474,Blue Chip Securities Ltd,Linch Stock Market Ltd.,2026-04-16 11:21:57.342177,Muktinath Bikas Bank Ltd.
2026041603000527,MNBBL,34,41,11,380.0,4180.0,2026-04-16,186555373,474,Vision Securities Pvt. Ltd,Linch Stock Market Ltd.,2026-04-16 11:21:57.342226,Muktinath Bikas Bank Ltd.
2026041603000548,MNBBL,34,19,10,381.0,3810.0,2026-04-16,186556236,474,Vision Securities Pvt. Ltd,Nepal Investment And Securities Trading Private Limited,2026-04-16 11:22:48.843393,Muktinath Bikas Bank Ltd.
2026041603000560,MNBBL,42,19,150,381.0,57150.0,2026-04-16,186556522,474,Sani Securities Company Ltd.,Nepal Investment And Securities Trading Private Limited,2026-04-16 11:23:11.253326,Muktinath Bikas Bank Ltd.
2026041603000597,MNBBL,34,1,167,380.0,63460.0,2026-04-16,186557995,474,Vision Securities Pvt. Ltd,Kumari Securities Private Limited,2026-04-16 11:24:38.758921,Muktinath Bikas Bank Ltd.
2026041603000844,MNBBL,4,19,50,381.0,19050.0,2026-04-16,186565224,474,Opal Securities Investment (PVT) Ltd.,Nepal Investment And Securities Trading Private Limited,2026-04-16 11:31:56.866005,Muktinath Bikas Bank Ltd.
2026041603000861,MNBBL,4,19,50,381.0,19050.0,2026-04-16,186565894,474,Opal Securities Investment (PVT) Ltd.,Nepal Investment And Securities Trading Private Limited,2026-04-16 11:32:25.613433,Muktinath Bikas Bank Ltd.
2026041603000966,MNBBL,45,19,40,381.0,15240.0,2026-04-16,186569215,474,Imperial Securities Company Pvt. Ltd.,Nepal Investment And Securities Trading Private Limited,2026-04-16 11:35:11.863851,Muktinath Bikas Bank Ltd.
2026041603001134,MNBBL,82,36,100,381.1,38110.0,2026-04-16,186574470,474,N.M.B. SECURITIES LIMITED,Secured Securities Ltd.,2026-04-16 11:40:23.842420,Muktinath Bikas Bank Ltd.
2026041603001135,MNBBL,45,36,30,381.0,11430.0,2026-04-16,186574471,474,Imperial Securities Company Pvt. Ltd.,Secured Securities Ltd.,2026-04-16 11:40:23.842578,Muktinath Bikas Bank Ltd.
2026041603001224,MNBBL,45,58,30,381.0,11430.0,2026-04-16,186576341,474,Imperial Securities Company Pvt. Ltd.,Naasa Securities Co. Ltd.,2026-04-16 11:41:55.363293,Muktinath Bikas Bank Ltd.
2026041603001225,MNBBL,40,58,10,381.0,3810.0,2026-04-16,186576345,474,Creative Securities Pvt Ltd,Naasa Securities Co. Ltd.,2026-04-16 11:41:55.363423,Muktinath Bikas Bank Ltd.
2026041603001226,MNBBL,25,58,100,381.0,38100.0,2026-04-16,186576348,474,Sweta Securities Private Limited,Naasa Securities Co. Ltd.,2026-04-16 11:41:55.363494,Muktinath Bikas Bank Ltd.
2026041603001275,MNBBL,4,39,50,380.5,19025.0,2026-04-16,186577342,474,Opal Securities Investment (PVT) Ltd.,Sumeru Securities Pvt. Ltd.,2026-04-16 11:42:45.294993,Muktinath Bikas Bank Ltd.
2026041603001276,MNBBL,42,39,100,380.5,38050.0,2026-04-16,186577343,474,Sani Securities Company Ltd.,Sumeru Securities Pvt. Ltd.,2026-04-16 11:42:45.295131,Muktinath Bikas Bank Ltd.
2026041603001326,MNBBL,49,58,30,380.5,11415.0,2026-04-16,186578312,474,Online Securities Pvt. Ltd.,Naasa Securities Co. Ltd.,2026-04-16 11:43:35.986978,Muktinath Bikas Bank Ltd.
2026041603001328,MNBBL,34,64,97,380.0,36860.0,2026-04-16,186578373,474,Vision Securities Pvt. Ltd,SUN SECURITIES PVT LTD,2026-04-16 11:43:40.934956,Muktinath Bikas Bank Ltd.
2026041603001357,MNBBL,34,58,130,380.0,49400.0,2026-04-16,186578963,474,Vision Securities Pvt. Ltd,Naasa Securities Co. Ltd.,2026-04-16 11:44:20.842040,Muktinath Bikas Bank Ltd.
2026041603001456,MNBBL,82,37,100,381.0,38100.0,2026-04-16,186582159,474,N.M.B. SECURITIES LIMITED,Swarna Laxmi Securities Pvt. Ltd.,2026-04-16 11:47:47.871850,Muktinath Bikas Bank Ltd.
2026041603001670,MNBBL,58,7,50,382.0,19100.0,2026-04-16,186587422,474,Naasa Securities Co. Ltd.,J.F. Securites (PVT) Ltd.,2026-04-16 11:53:25.489485,Muktinath Bikas Bank Ltd.
2026041603001718,MNBBL,58,7,66,382.0,25212.0,2026-04-16,186588540,474,Naasa Securities Co. Ltd.,J.F. Securites (PVT) Ltd.,2026-04-16 11:54:44.038262,Muktinath Bikas Bank Ltd.
2026041603001756,MNBBL,36,7,20,382.0,7640.0,2026-04-16,186589262,474,Secured Securities Ltd.,J.F. Securites (PVT) Ltd.,2026-04-16 11:55:32.091445,Muktinath Bikas Bank Ltd.
2026041603001866,MNBBL,82,7,85,381.0,32385.0,2026-04-16,186593113,474,N.M.B. SECURITIES LIMITED,J.F. Securites (PVT) Ltd.,2026-04-16 11:59:55.681657,Muktinath Bikas Bank Ltd.
2026041603001878,MNBBL,6,41,5,380.0,1900.0,2026-04-16,186593435,474,Agrawal Securities (PVT) Ltd.,Linch Stock Market Ltd.,2026-04-16 12:00:25.745355,Muktinath Bikas Bank Ltd.
2026041603001889,MNBBL,6,32,2,381.0,762.0,2026-04-16,186593675,474,Agrawal Securities (PVT) Ltd.,Premier Securities Company Ltd.,2026-04-16 12:00:43.060833,Muktinath Bikas Bank Ltd.
2026041603002002,MNBBL,6,29,23,381.9,8783.7,2026-04-16,186595908,474,Agrawal Securities (PVT) Ltd.,Trisul Securities & Invt. Ltd.,2026-04-16 12:03:39.449378,Muktinath Bikas Bank Ltd.
2026041603002131,MNBBL,89,29,25,381.9,9547.5,2026-04-16,186598366,474,Global IME Securities Limited,Trisul Securities & Invt. Ltd.,2026-04-16 12:07:13.624121,Muktinath Bikas Bank Ltd.
2026041603002150,MNBBL,41,29,14,381.9,5346.6,2026-04-16,186599015,474,Linch Stock Market Ltd.,Trisul Securities & Invt. Ltd.,2026-04-16 12:07:58.020837,Muktinath Bikas Bank Ltd.
2026041603002151,MNBBL,41,46,46,382.0,17572.0,2026-04-16,186599018,474,Linch Stock Market Ltd.,Kalika Securities Pvt. Ltd.,2026-04-16 12:07:58.021050,Muktinath Bikas Bank Ltd.
2026041603002222,MNBBL,53,52,10,381.2,3812.0,2026-04-16,186601284,474,Investment Management Nepal Pvt. Ltd.,Sundhara Securities Limited,2026-04-16 12:10:28.842795,Muktinath Bikas Bank Ltd.
2026041603002223,MNBBL,82,52,315,381.0,120015.0,2026-04-16,186601286,474,N.M.B. SECURITIES LIMITED,Sundhara Securities Limited,2026-04-16 12:10:28.843124,Muktinath Bikas Bank Ltd.
2026041603002224,MNBBL,42,52,10,381.0,3810.0,2026-04-16,186601288,474,Sani Securities Company Ltd.,Sundhara Securities Limited,2026-04-16 12:10:28.843325,Muktinath Bikas Bank Ltd.
2026041603002225,MNBBL,6,52,200,381.0,76200.0,2026-04-16,186601290,474,Agrawal Securities (PVT) Ltd.,Sundhara Securities Limited,2026-04-16 12:10:28.843514,Muktinath Bikas Bank Ltd.
2026041603002495,MNBBL,49,52,10,381.0,3810.0,2026-04-16,186607092,474,Online Securities Pvt. Ltd.,Sundhara Securities Limited,2026-04-16 12:18:26.162663,Muktinath Bikas Bank Ltd.
2026041603002513,MNBBL,50,45,11,380.3,4183.3,2026-04-16,186607507,474,Cristal Kanchanjanga Securites Pvt. Ltd.,Imperial Securities Company Pvt. Ltd.,2026-04-16 12:19:01.304213,Muktinath Bikas Bank Ltd.
2026041603002517,MNBBL,50,34,14,380.3,5324.2,2026-04-16,186607606,474,Cristal Kanchanjanga Securites Pvt. Ltd.,Vision Securities Pvt. Ltd,2026-04-16 12:19:09.811534,Muktinath Bikas Bank Ltd.
2026041603002518,MNBBL,58,34,86,380.2,32697.2,2026-04-16,186607607,474,Naasa Securities Co. Ltd.,Vision Securities Pvt. Ltd,2026-04-16 12:19:09.811690,Muktinath Bikas Bank Ltd.
2026041603002608,MNBBL,45,13,10,380.8,3808.0,2026-04-16,186609482,474,Imperial Securities Company Pvt. Ltd.,Thrive Brokerage House Pvt. Ltd,2026-04-16 12:21:55.875672,Muktinath Bikas Bank Ltd.
2026041603002622,MNBBL,58,49,100,380.2,38020.0,2026-04-16,186609959,474,Naasa Securities Co. Ltd.,Online Securities Pvt. Ltd.,2026-04-16 12:22:31.108247,Muktinath Bikas Bank Ltd.
2026041603002642,MNBBL,58,42,20,380.2,7604.0,2026-04-16,186610607,474,Naasa Securities Co. Ltd.,Sani Securities Company Ltd.,2026-04-16 12:23:20.076955,Muktinath Bikas Bank Ltd.
2026041603002754,MNBBL,58,44,294,380.2,111778.8,2026-04-16,186612288,474,Naasa Securities Co. Ltd.,Dynamic Money Managers Securities Pvt. Ltd.,2026-04-16 12:25:12.701316,Muktinath Bikas Bank Ltd.
2026041603002755,MNBBL,6,44,206,380.1,78300.6,2026-04-16,186612289,474,Agrawal Securities (PVT) Ltd.,Dynamic Money Managers Securities Pvt. Ltd.,2026-04-16 12:25:12.701531,Muktinath Bikas Bank Ltd.
2026041603002770,MNBBL,49,49,56,380.7,21319.2,2026-04-16,186612506,474,Online Securities Pvt. Ltd.,Online Securities Pvt. Ltd.,2026-04-16 12:25:29.487274,Muktinath Bikas Bank Ltd.
2026041603002806,MNBBL,6,38,41,380.1,15584.1,2026-04-16,186613725,474,Agrawal Securities (PVT) Ltd.,Dipshikha Dhitopatra Karobar Co. Pvt Ltd.,2026-04-16 12:26:56.123409,Muktinath Bikas Bank Ltd.
2026041603002814,MNBBL,6,13,253,380.1,96165.3,2026-04-16,186613928,474,Agrawal Securities (PVT) Ltd.,Thrive Brokerage House Pvt. Ltd,2026-04-16 12:27:14.347337,Muktinath Bikas Bank Ltd.
2026041603002815,MNBBL,46,13,100,380.1,38010.0,2026-04-16,186613930,474,Kalika Securities Pvt. Ltd.,Thrive Brokerage House Pvt. Ltd,2026-04-16 12:27:14.347507,Muktinath Bikas Bank Ltd.
2026041603002816,MNBBL,14,13,50,380.1,19005.0,2026-04-16,186613932,474,Nepal Stock House (PVT) Ltd.,Thrive Brokerage House Pvt. Ltd,2026-04-16 12:27:14.347575,Muktinath Bikas Bank Ltd.
2026041603002817,MNBBL,33,13,50,380.1,19005.0,2026-04-16,186613934,474,Dakshinkali Investment & Securities Pvt. Ltd.,Thrive Brokerage House Pvt. Ltd,2026-04-16 12:27:14.347638,Muktinath Bikas Bank Ltd.
2026041603002844,MNBBL,34,13,37,380.0,14060.0,2026-04-16,186614911,474,Vision Securities Pvt. Ltd,Thrive Brokerage House Pvt. Ltd,2026-04-16 12:28:38.901895,Muktinath Bikas Bank Ltd.
2026041603002878,MNBBL,89,49,10,380.7,3807.0,2026-04-16,186615620,474,Global IME Securities Limited,Online Securities Pvt. Ltd.,2026-04-16 12:29:38.231886,Muktinath Bikas Bank Ltd.
2026041603002892,MNBBL,17,49,34,380.7,12943.8,2026-04-16,186616323,474,ABC Securities Private Limited,Online Securities Pvt. Ltd.,2026-04-16 12:30:44.278044,Muktinath Bikas Bank Ltd.
2026041603002893,MNBBL,17,49,66,380.9,25139.4,2026-04-16,186616326,474,ABC Securities Private Limited,Online Securities Pvt. Ltd.,2026-04-16 12:30:44.278251,Muktinath Bikas Bank Ltd.
2026041603002943,MNBBL,10,49,134,380.9,51040.6,2026-04-16,186618211,474,Pragyan Securities (PVT) Ltd.,Online Securities Pvt. Ltd.,2026-04-16 12:33:27.149868,Muktinath Bikas Bank Ltd.
2026041603003020,MNBBL,26,58,225,381.0,85725.0,2026-04-16,186620097,474,Asian Securities Private Ltd.,Naasa Securities Co. Ltd.,2026-04-16 12:36:07.166678,Muktinath Bikas Bank Ltd.
2026041603003021,MNBBL,26,34,100,381.0,38100.0,2026-04-16,186620100,474,Asian Securities Private Ltd.,Vision Securities Pvt. Ltd,2026-04-16 12:36:07.167062,Muktinath Bikas Bank Ltd.
2026041603003177,MNBBL,58,52,5,381.0,1905.0,2026-04-16,186623589,474,Naasa Securities Co. Ltd.,Sundhara Securities Limited,2026-04-16 12:42:07.692823,Muktinath Bikas Bank Ltd.
2026041603003252,MNBBL,42,87,10,381.0,3810.0,2026-04-16,186625858,474,Sani Securities Company Ltd.,S.P.S.A. Securities Limited,2026-04-16 12:45:14.661599,Muktinath Bikas Bank Ltd.
2026041603003253,MNBBL,47,87,37,381.0,14097.0,2026-04-16,186625859,474,Neev Securities Pvt. Ltd.,S.P.S.A. Securities Limited,2026-04-16 12:45:14.661829,Muktinath Bikas Bank Ltd.
2026041603003293,MNBBL,46,49,50,382.0,19100.0,2026-04-16,186627119,474,Kalika Securities Pvt. Ltd.,Online Securities Pvt. Ltd.,2026-04-16 12:47:02.886199,Muktinath Bikas Bank Ltd.
2026041603003294,MNBBL,46,58,20,382.0,7640.0,2026-04-16,186627122,474,Kalika Securities Pvt. Ltd.,Naasa Securities Co. Ltd.,2026-04-16 12:47:02.886529,Muktinath Bikas Bank Ltd.
2026041603003338,MNBBL,26,58,75,382.0,28650.0,2026-04-16,186628770,474,Asian Securities Private Ltd.,Naasa Securities Co. Ltd.,2026-04-16 12:49:24.031494,Muktinath Bikas Bank Ltd.
2026041603003348,MNBBL,45,13,50,381.5,19075.0,2026-04-16,186628974,474,Imperial Securities Company Pvt. Ltd.,Thrive Brokerage House Pvt. Ltd,2026-04-16 12:49:49.797452,Muktinath Bikas Bank Ltd.
2026041603003349,MNBBL,6,13,118,381.0,44958.0,2026-04-16,186628975,474,Agrawal Securities (PVT) Ltd.,Thrive Brokerage House Pvt. Ltd,2026-04-16 12:49:49.797781,Muktinath Bikas Bank Ltd.
2026041603003455,MNBBL,58,58,20,382.0,7640.0,2026-04-16,186631832,474,Naasa Securities Co. Ltd.,Naasa Securities Co. Ltd.,2026-04-16 12:54:03.217082,Muktinath Bikas Bank Ltd.
2026041603003456,MNBBL,41,58,100,382.0,38200.0,2026-04-16,186632186,474,Linch Stock Market Ltd.,Naasa Securities Co. Ltd.,2026-04-16 12:54:05.980453,Muktinath Bikas Bank Ltd.
2026041603003561,MNBBL,6,58,382,381.0,145542.0,2026-04-16,186634970,474,Agrawal Securities (PVT) Ltd.,Naasa Securities Co. Ltd.,2026-04-16 12:59:33.106925,Muktinath Bikas Bank Ltd.
2026041603003562,MNBBL,4,58,233,381.0,88773.0,2026-04-16,186634972,474,Opal Securities Investment (PVT) Ltd.,Naasa Securities Co. Ltd.,2026-04-16 12:59:33.107165,Muktinath Bikas Bank Ltd.
2026041603003563,MNBBL,45,58,10,381.0,3810.0,2026-04-16,186634974,474,Imperial Securities Company Pvt. Ltd.,Naasa Securities Co. Ltd.,2026-04-16 12:59:33.107251,Muktinath Bikas Bank Ltd.
2026041603003564,MNBBL,42,58,255,381.0,97155.0,2026-04-16,186634975,474,Sani Securities Company Ltd.,Naasa Securities Co. Ltd.,2026-04-16 12:59:33.107317,Muktinath Bikas Bank Ltd.
2026041603003776,MNBBL,26,49,100,381.0,38100.0,2026-04-16,186640337,474,Asian Securities Private Ltd.,Online Securities Pvt. Ltd.,2026-04-16 13:07:04.577320,Muktinath Bikas Bank Ltd.
2026041603003796,MNBBL,42,13,100,381.0,38100.0,2026-04-16,186641018,474,Sani Securities Company Ltd.,Thrive Brokerage House Pvt. Ltd,2026-04-16 13:07:58.557972,Muktinath Bikas Bank Ltd.
2026041603003806,MNBBL,10,1,1000,380.9,380900.0,2026-04-16,186641205,474,Pragyan Securities (PVT) Ltd.,Kumari Securities Private Limited,2026-04-16 13:08:14.662194,Muktinath Bikas Bank Ltd.
2026041603003829,MNBBL,10,58,50,380.9,19045.0,2026-04-16,186641589,474,Pragyan Securities (PVT) Ltd.,Naasa Securities Co. Ltd.,2026-04-16 13:08:43.626507,Muktinath Bikas Bank Ltd.
2026041603003866,MNBBL,58,13,20,381.0,7620.0,2026-04-16,186642446,474,Naasa Securities Co. Ltd.,Thrive Brokerage House Pvt. Ltd,2026-04-16 13:09:32.204627,Muktinath Bikas Bank Ltd.
2026041603003944,MNBBL,10,49,500,380.9,190450.0,2026-04-16,186643933,474,Pragyan Securities (PVT) Ltd.,Online Securities Pvt. Ltd.,2026-04-16 13:10:48.805270,Muktinath Bikas Bank Ltd.
2026041603004034,MNBBL,10,26,316,380.9,120364.4,2026-04-16,186646302,474,Pragyan Securities (PVT) Ltd.,Asian Securities Private Ltd.,2026-04-16 13:12:47.843761,Muktinath Bikas Bank Ltd.
2026041603004184,MNBBL,42,57,10,380.6,3806.0,2026-04-16,186649378,474,Sani Securities Company Ltd.,Aryatara Investment & Securities,2026-04-16 13:15:23.060159,Muktinath Bikas Bank Ltd.
2026041603004185,MNBBL,4,57,50,380.5,19025.0,2026-04-16,186649380,474,Opal Securities Investment (PVT) Ltd.,Aryatara Investment & Securities,2026-04-16 13:15:23.060328,Muktinath Bikas Bank Ltd.
2026041603004186,MNBBL,6,57,190,380.3,72257.0,2026-04-16,186649381,474,Agrawal Securities (PVT) Ltd.,Aryatara Investment & Securities,2026-04-16 13:15:23.060402,Muktinath Bikas Bank Ltd.
2026041603004203,MNBBL,6,35,300,380.3,114090.0,2026-04-16,186649879,474,Agrawal Securities (PVT) Ltd.,Kohinoor Investment & Securities Pvt. Ltd.,2026-04-16 13:15:51.974883,Muktinath Bikas Bank Ltd.
2026041603004225,MNBBL,6,14,10,380.3,3803.0,2026-04-16,186650498,474,Agrawal Securities (PVT) Ltd.,Nepal Stock House (PVT) Ltd.,2026-04-16 13:16:26.140662,Muktinath Bikas Bank Ltd.
2026041603004369,MNBBL,46,14,100,380.1,38010.0,2026-04-16,186652356,474,Kalika Securities Pvt. Ltd.,Nepal Stock House (PVT) Ltd.,2026-04-16 13:17:55.476846,Muktinath Bikas Bank Ltd.
2026041603004370,MNBBL,51,14,50,380.1,19005.0,2026-04-16,186652358,474,Oxford Securities Pvt. Ltd.,Nepal Stock House (PVT) Ltd.,2026-04-16 13:17:55.477093,Muktinath Bikas Bank Ltd.
2026041603004371,MNBBL,49,14,50,380.1,19005.0,2026-04-16,186652360,474,Online Securities Pvt. Ltd.,Nepal Stock House (PVT) Ltd.,2026-04-16 13:17:55.477173,Muktinath Bikas Bank Ltd.
2026041603004372,MNBBL,6,14,150,380.1,57015.0,2026-04-16,186652361,474,Agrawal Securities (PVT) Ltd.,Nepal Stock House (PVT) Ltd.,2026-04-16 13:17:55.477245,Muktinath Bikas Bank Ltd.
2026041603004375,MNBBL,6,13,350,380.1,133035.0,2026-04-16,186652606,474,Agrawal Securities (PVT) Ltd.,Thrive Brokerage House Pvt. Ltd,2026-04-16 13:18:03.367708,Muktinath Bikas Bank Ltd.
2026041603004376,MNBBL,34,13,58,380.0,22040.0,2026-04-16,186652608,474,Vision Securities Pvt. Ltd,Thrive Brokerage House Pvt. Ltd,2026-04-16 13:18:03.367868,Muktinath Bikas Bank Ltd.
2026041603004377,MNBBL,34,13,167,380.0,63460.0,2026-04-16,186652609,474,Vision Securities Pvt. Ltd,Thrive Brokerage House Pvt. Ltd,2026-04-16 13:18:03.367943,Muktinath Bikas Bank Ltd.
2026041603004401,MNBBL,34,32,23,380.0,8740.0,2026-04-16,186653308,474,Vision Securities Pvt. Ltd,Premier Securities Company Ltd.,2026-04-16 13:18:29.877566,Muktinath Bikas Bank Ltd.
2026041603004402,MNBBL,1,32,50,380.0,19000.0,2026-04-16,186653310,474,Kumari Securities Private Limited,Premier Securities Company Ltd.,2026-04-16 13:18:29.877906,Muktinath Bikas Bank Ltd.
2026041603004403,MNBBL,45,32,60,380.0,22800.0,2026-04-16,186653312,474,Imperial Securities Company Pvt. Ltd.,Premier Securities Company Ltd.,2026-04-16 13:18:29.878156,Muktinath Bikas Bank Ltd.
2026041603004404,MNBBL,4,32,67,380.0,25460.0,2026-04-16,186653313,474,Opal Securities Investment (PVT) Ltd.,Premier Securities Company Ltd.,2026-04-16 13:18:29.878356,Muktinath Bikas Bank Ltd.
2026041603004431,MNBBL,4,28,33,380.0,12540.0,2026-04-16,186653534,474,Opal Securities Investment (PVT) Ltd.,Shree Krishna Securities Ltd.,2026-04-16 13:18:41.912334,Muktinath Bikas Bank Ltd.
2026041603004432,MNBBL,91,28,25,380.0,9500.0,2026-04-16,186653536,474,Citizens Share Broker Limited,Shree Krishna Securities Ltd.,2026-04-16 13:18:41.912506,Muktinath Bikas Bank Ltd.
2026041603004433,MNBBL,48,28,142,380.0,53960.0,2026-04-16,186653537,474,Trishakti Securities Public Limited,Shree Krishna Securities Ltd.,2026-04-16 13:18:41.912574,Muktinath Bikas Bank Ltd.
2026041603004437,MNBBL,48,36,58,380.0,22040.0,2026-04-16,186653604,474,Trishakti Securities Public Limited,Secured Securities Ltd.,2026-04-16 13:18:45.165896,Muktinath Bikas Bank Ltd.
2026041603004438,MNBBL,41,36,92,380.0,34960.0,2026-04-16,186653605,474,Linch Stock Market Ltd.,Secured Securities Ltd.,2026-04-16 13:18:45.165992,Muktinath Bikas Bank Ltd.
2026041603004492,MNBBL,41,26,178,380.0,67640.0,2026-04-16,186654512,474,Linch Stock Market Ltd.,Asian Securities Private Ltd.,2026-04-16 13:19:31.035356,Muktinath Bikas Bank Ltd.
2026041603004642,MNBBL,43,34,69,380.1,26226.9,2026-04-16,186655782,474,South Asian Bulls Pvt. Ltd.,Vision Securities Pvt. Ltd,2026-04-16 13:20:24.938309,Muktinath Bikas Bank Ltd.
2026041603004705,MNBBL,17,34,14,380.0,5320.0,2026-04-16,186657680,474,ABC Securities Private Limited,Vision Securities Pvt. Ltd,2026-04-16 13:21:53.056499,Muktinath Bikas Bank Ltd.
2026041603004706,MNBBL,57,34,300,380.0,114000.0,2026-04-16,186657682,474,Aryatara Investment & Securities,Vision Securities Pvt. Ltd,2026-04-16 13:21:53.056889,Muktinath Bikas Bank Ltd.
2026041603004707,MNBBL,58,34,220,380.0,83600.0,2026-04-16,186657684,474,Naasa Securities Co. Ltd.,Vision Securities Pvt. Ltd,2026-04-16 13:21:53.057149,Muktinath Bikas Bank Ltd.
2026041603004708,MNBBL,21,34,66,380.0,25080.0,2026-04-16,186657685,474,Midas Stock Broking Company Private Limited,Vision Securities Pvt. Ltd,2026-04-16 13:21:53.057450,Muktinath Bikas Bank Ltd.
2026041603004942,MNBBL,46,58,82,381.4,31274.8,2026-04-16,186662106,474,Kalika Securities Pvt. Ltd.,Naasa Securities Co. Ltd.,2026-04-16 13:25:55.941844,Muktinath Bikas Bank Ltd.
2026041603004956,MNBBL,21,52,11,380.0,4180.0,2026-04-16,186662334,474,Midas Stock Broking Company Private Limited,Sundhara Securities Limited,2026-04-16 13:26:12.280177,Muktinath Bikas Bank Ltd.
2026041603005000,MNBBL,46,58,85,382.0,32470.0,2026-04-16,186663171,474,Kalika Securities Pvt. Ltd.,Naasa Securities Co. Ltd.,2026-04-16 13:26:57.564613,Muktinath Bikas Bank Ltd.
2026041603005001,MNBBL,46,32,300,382.0,114600.0,2026-04-16,186663174,474,Kalika Securities Pvt. Ltd.,Premier Securities Company Ltd.,2026-04-16 13:26:57.564778,Muktinath Bikas Bank Ltd.
2026041603005095,MNBBL,46,22,56,382.5,21420.0,2026-04-16,186664821,474,Kalika Securities Pvt. Ltd.,Siprabi Securities Pvt. Ltd.,2026-04-16 13:29:13.618941,Muktinath Bikas Bank Ltd.
2026041603005096,MNBBL,46,42,400,382.5,153000.0,2026-04-16,186664824,474,Kalika Securities Pvt. Ltd.,Sani Securities Company Ltd.,2026-04-16 13:29:13.619292,Muktinath Bikas Bank Ltd.
2026041603005199,MNBBL,46,26,500,382.9,191450.0,2026-04-16,186666408,474,Kalika Securities Pvt. Ltd.,Asian Securities Private Ltd.,2026-04-16 13:31:02.461644,Muktinath Bikas Bank Ltd.
2026041603005228,MNBBL,46,45,30,383.0,11490.0,2026-04-16,186667171,474,Kalika Securities Pvt. Ltd.,Imperial Securities Company Pvt. Ltd.,2026-04-16 13:31:45.408772,Muktinath Bikas Bank Ltd.
2026041603005229,MNBBL,46,28,200,383.0,76600.0,2026-04-16,186667173,474,Kalika Securities Pvt. Ltd.,Shree Krishna Securities Ltd.,2026-04-16 13:31:45.409104,Muktinath Bikas Bank Ltd.
2026041603005230,MNBBL,46,32,200,383.0,76600.0,2026-04-16,186667176,474,Kalika Securities Pvt. Ltd.,Premier Securities Company Ltd.,2026-04-16 13:31:45.409298,Muktinath Bikas Bank Ltd.
2026041603005455,MNBBL,52,34,59,383.0,22597.0,2026-04-16,186671895,474,Sundhara Securities Limited,Vision Securities Pvt. Ltd,2026-04-16 13:36:09.283673,Muktinath Bikas Bank Ltd.
2026041603005612,MNBBL,46,58,800,381.0,304800.0,2026-04-16,186675595,474,Kalika Securities Pvt. Ltd.,Naasa Securities Co. Ltd.,2026-04-16 13:39:10.381412,Muktinath Bikas Bank Ltd.
2026041603005700,MNBBL,46,17,200,381.0,76200.0,2026-04-16,186677534,474,Kalika Securities Pvt. Ltd.,ABC Securities Private Limited,2026-04-16 13:41:15.493017,Muktinath Bikas Bank Ltd.
2026041603005773,MNBBL,42,17,20,381.0,7620.0,2026-04-16,186679532,474,Sani Securities Company Ltd.,ABC Securities Private Limited,2026-04-16 13:43:37.350699,Muktinath Bikas Bank Ltd.
2026041603005915,MNBBL,46,17,180,381.0,68580.0,2026-04-16,186681614,474,Kalika Securities Pvt. Ltd.,ABC Securities Private Limited,2026-04-16 13:46:42.187750,Muktinath Bikas Bank Ltd.
2026041603005917,MNBBL,21,48,573,380.0,217740.0,2026-04-16,186681722,474,Midas Stock Broking Company Private Limited,Trishakti Securities Public Limited,2026-04-16 13:46:51.862771,Muktinath Bikas Bank Ltd.
2026041603005918,MNBBL,4,48,135,380.0,51300.0,2026-04-16,186681724,474,Opal Securities Investment (PVT) Ltd.,Trishakti Securities Public Limited,2026-04-16 13:46:51.862925,Muktinath Bikas Bank Ltd.
2026041603005919,MNBBL,82,48,100,380.0,38000.0,2026-04-16,186681726,474,N.M.B. SECURITIES LIMITED,Trishakti Securities Public Limited,2026-04-16 13:46:51.863050,Muktinath Bikas Bank Ltd.
2026041603005920,MNBBL,4,48,50,380.0,19000.0,2026-04-16,186681728,474,Opal Securities Investment (PVT) Ltd.,Trishakti Securities Public Limited,2026-04-16 13:46:51.863119,Muktinath Bikas Bank Ltd.
2026041603005921,MNBBL,38,48,100,380.0,38000.0,2026-04-16,186681730,474,Dipshikha Dhitopatra Karobar Co. Pvt Ltd.,Trishakti Securities Public Limited,2026-04-16 13:46:51.863187,Muktinath Bikas Bank Ltd.
2026041603005922,MNBBL,48,48,50,380.0,19000.0,2026-04-16,186681732,474,Trishakti Securities Public Limited,Trishakti Securities Public Limited,2026-04-16 13:46:51.863253,Muktinath Bikas Bank Ltd.
2026041603005923,MNBBL,21,48,30,380.0,11400.0,2026-04-16,186681734,474,Midas Stock Broking Company Private Limited,Trishakti Securities Public Limited,2026-04-16 13:46:51.863317,Muktinath Bikas Bank Ltd.
2026041603005924,MNBBL,7,48,1000,380.0,380000.0,2026-04-16,186681736,474,J.F. Securites (PVT) Ltd.,Trishakti Securities Public Limited,2026-04-16 13:46:51.863383,Muktinath Bikas Bank Ltd.
2026041603005925,MNBBL,42,48,15,380.0,5700.0,2026-04-16,186681738,474,Sani Securities Company Ltd.,Trishakti Securities Public Limited,2026-04-16 13:46:51.863445,Muktinath Bikas Bank Ltd.
2026041603005926,MNBBL,34,48,72,380.0,27360.0,2026-04-16,186681740,474,Vision Securities Pvt. Ltd,Trishakti Securities Public Limited,2026-04-16 13:46:51.863510,Muktinath Bikas Bank Ltd.
2026041603005927,MNBBL,14,48,93,380.0,35340.0,2026-04-16,186681742,474,Nepal Stock House (PVT) Ltd.,Trishakti Securities Public Limited,2026-04-16 13:46:51.863574,Muktinath Bikas Bank Ltd.
2026041603005951,MNBBL,58,48,76,380.0,28880.0,2026-04-16,186682194,474,Naasa Securities Co. Ltd.,Trishakti Securities Public Limited,2026-04-16 13:47:21.741353,Muktinath Bikas Bank Ltd.
2026041603005969,MNBBL,21,48,100,380.0,38000.0,2026-04-16,186682578,474,Midas Stock Broking Company Private Limited,Trishakti Securities Public Limited,2026-04-16 13:47:54.962036,Muktinath Bikas Bank Ltd.
2026041603006011,MNBBL,57,48,39,380.0,14820.0,2026-04-16,186683502,474,Aryatara Investment & Securities,Trishakti Securities Public Limited,2026-04-16 13:49:16.391730,Muktinath Bikas Bank Ltd.
2026041603006056,MNBBL,17,48,50,380.0,19000.0,2026-04-16,186684444,474,ABC Securities Private Limited,Trishakti Securities Public Limited,2026-04-16 13:50:52.354420,Muktinath Bikas Bank Ltd.
2026041603006096,MNBBL,44,58,5,387.0,1935.0,2026-04-16,186685449,474,Dynamic Money Managers Securities Pvt. Ltd.,Naasa Securities Co. Ltd.,2026-04-16 13:52:33.826424,Muktinath Bikas Bank Ltd.
2026041603006112,MNBBL,34,48,100,380.0,38000.0,2026-04-16,186686370,474,Vision Securities Pvt. Ltd,Trishakti Securities Public Limited,2026-04-16 13:53:56.242732,Muktinath Bikas Bank Ltd.
2026041603006128,MNBBL,44,32,100,379.6,37960.0,2026-04-16,186686979,474,Dynamic Money Managers Securities Pvt. Ltd.,Premier Securities Company Ltd.,2026-04-16 13:54:50.010451,Muktinath Bikas Bank Ltd.
2026041603006148,MNBBL,29,17,100,379.5,37950.0,2026-04-16,186687207,474,Trisul Securities & Invt. Ltd.,ABC Securities Private Limited,2026-04-16 13:55:11.829507,Muktinath Bikas Bank Ltd.
2026041603006166,MNBBL,75,48,15,380.0,5700.0,2026-04-16,186687814,474,N.I.M.B. Stock Markets Limited,Trishakti Securities Public Limited,2026-04-16 13:56:25.801345,Muktinath Bikas Bank Ltd.
2026041603006198,MNBBL,19,48,15,380.0,5700.0,2026-04-16,186688518,474,Nepal Investment And Securities Trading Private Limited,Trishakti Securities Public Limited,2026-04-16 13:57:47.640212,Muktinath Bikas Bank Ltd.
2026041603006231,MNBBL,29,41,43,379.5,16318.5,2026-04-16,186688927,474,Trisul Securities & Invt. Ltd.,Linch Stock Market Ltd.,2026-04-16 13:58:35.722393,Muktinath Bikas Bank Ltd.
2026041603006384,MNBBL,46,48,45,380.0,17100.0,2026-04-16,186692252,474,Kalika Securities Pvt. Ltd.,Trishakti Securities Public Limited,2026-04-16 14:03:17.523327,Muktinath Bikas Bank Ltd.
2026041603006396,MNBBL,29,46,33,379.5,12523.5,2026-04-16,186692647,474,Trisul Securities & Invt. Ltd.,Kalika Securities Pvt. Ltd.,2026-04-16 14:03:42.416212,Muktinath Bikas Bank Ltd.
2026041603006417,MNBBL,29,56,824,379.5,312708.0,2026-04-16,186692980,474,Trisul Securities & Invt. Ltd.,Sri Hari Securities Pvt. Ltd.,2026-04-16 14:04:12.234618,Muktinath Bikas Bank Ltd.
2026041603006418,MNBBL,43,56,176,379.5,66792.0,2026-04-16,186692982,474,South Asian Bulls Pvt. Ltd.,Sri Hari Securities Pvt. Ltd.,2026-04-16 14:04:12.234833,Muktinath Bikas Bank Ltd.
2026041603006422,MNBBL,43,29,300,379.5,113850.0,2026-04-16,186693077,474,South Asian Bulls Pvt. Ltd.,Trisul Securities & Invt. Ltd.,2026-04-16 14:04:19.570552,Muktinath Bikas Bank Ltd.
2026041603006433,MNBBL,43,58,120,379.5,45540.0,2026-04-16,186693327,474,South Asian Bulls Pvt. Ltd.,Naasa Securities Co. Ltd.,2026-04-16 14:04:37.310702,Muktinath Bikas Bank Ltd.
2026041603006439,MNBBL,43,6,40,379.5,15180.0,2026-04-16,186693687,474,South Asian Bulls Pvt. Ltd.,Agrawal Securities (PVT) Ltd.,2026-04-16 14:05:08.052497,Muktinath Bikas Bank Ltd.
2026041603006444,MNBBL,43,19,364,379.5,138138.0,2026-04-16,186693806,474,South Asian Bulls Pvt. Ltd.,Nepal Investment And Securities Trading Private Limited,2026-04-16 14:05:11.839987,Muktinath Bikas Bank Ltd.
2026041603006445,MNBBL,42,19,1000,379.5,379500.0,2026-04-16,186693808,474,Sani Securities Company Ltd.,Nepal Investment And Securities Trading Private Limited,2026-04-16 14:05:11.840157,Muktinath Bikas Bank Ltd.
2026041603006446,MNBBL,54,19,20,379.5,7590.0,2026-04-16,186693810,474,Sewa Securities Pvt. Ltd.,Nepal Investment And Securities Trading Private Limited,2026-04-16 14:05:11.840233,Muktinath Bikas Bank Ltd.
2026041603006447,MNBBL,6,19,504,379.4,191217.6,2026-04-16,186693812,474,Agrawal Securities (PVT) Ltd.,Nepal Investment And Securities Trading Private Limited,2026-04-16 14:05:11.840300,Muktinath Bikas Bank Ltd.
2026041603006448,MNBBL,26,19,100,379.1,37910.0,2026-04-16,186693814,474,Asian Securities Private Ltd.,Nepal Investment And Securities Trading Private Limited,2026-04-16 14:05:11.840366,Muktinath Bikas Bank Ltd.
2026041603006449,MNBBL,43,19,1000,379.1,379100.0,2026-04-16,186693816,474,South Asian Bulls Pvt. Ltd.,Nepal Investment And Securities Trading Private Limited,2026-04-16 14:05:11.840433,Muktinath Bikas Bank Ltd.
2026041603006472,MNBBL,49,42,10,379.0,3790.0,2026-04-16,186694318,474,Online Securities Pvt. Ltd.,Sani Securities Company Ltd.,2026-04-16 14:05:42.742307,Muktinath Bikas Bank Ltd.
2026041603006473,MNBBL,54,42,250,379.0,94750.0,2026-04-16,186694320,474,Sewa Securities Pvt. Ltd.,Sani Securities Company Ltd.,2026-04-16 14:05:42.742509,Muktinath Bikas Bank Ltd.
2026041603006474,MNBBL,42,42,20,379.0,7580.0,2026-04-16,186694322,474,Sani Securities Company Ltd.,Sani Securities Company Ltd.,2026-04-16 14:05:42.742576,Muktinath Bikas Bank Ltd.
2026041603006475,MNBBL,17,42,10,379.0,3790.0,2026-04-16,186694324,474,ABC Securities Private Limited,Sani Securities Company Ltd.,2026-04-16 14:05:42.742663,Muktinath Bikas Bank Ltd.
2026041603006476,MNBBL,57,42,150,379.0,56850.0,2026-04-16,186694326,474,Aryatara Investment & Securities,Sani Securities Company Ltd.,2026-04-16 14:05:42.742727,Muktinath Bikas Bank Ltd.
2026041603006477,MNBBL,74,42,90,379.0,34110.0,2026-04-16,186694328,474,KALASH STOCK MARKET PVT. LTD.,Sani Securities Company Ltd.,2026-04-16 14:05:42.742789,Muktinath Bikas Bank Ltd.
2026041603006478,MNBBL,49,42,200,379.0,75800.0,2026-04-16,186694330,474,Online Securities Pvt. Ltd.,Sani Securities Company Ltd.,2026-04-16 14:05:42.742849,Muktinath Bikas Bank Ltd.
2026041603006479,MNBBL,1,42,70,379.0,26530.0,2026-04-16,186694331,474,Kumari Securities Private Limited,Sani Securities Company Ltd.,2026-04-16 14:05:42.742910,Muktinath Bikas Bank Ltd.
2026041603006484,MNBBL,1,58,30,379.0,11370.0,2026-04-16,186694528,474,Kumari Securities Private Limited,Naasa Securities Co. Ltd.,2026-04-16 14:06:03.302856,Muktinath Bikas Bank Ltd.
2026041603006485,MNBBL,40,58,15,379.0,5685.0,2026-04-16,186694529,474,Creative Securities Pvt Ltd,Naasa Securities Co. Ltd.,2026-04-16 14:06:03.303018,Muktinath Bikas Bank Ltd.
2026041603006492,MNBBL,14,34,20,379.0,7580.0,2026-04-16,186694772,474,Nepal Stock House (PVT) Ltd.,Vision Securities Pvt. Ltd,2026-04-16 14:06:18.260234,Muktinath Bikas Bank Ltd.
2026041603006493,MNBBL,14,34,20,379.0,7580.0,2026-04-16,186694774,474,Nepal Stock House (PVT) Ltd.,Vision Securities Pvt. Ltd,2026-04-16 14:06:18.260389,Muktinath Bikas Bank Ltd.
2026041603006494,MNBBL,14,34,20,379.0,7580.0,2026-04-16,186694776,474,Nepal Stock House (PVT) Ltd.,Vision Securities Pvt. Ltd,2026-04-16 14:06:18.260467,Muktinath Bikas Bank Ltd.
2026041603006495,MNBBL,14,34,30,379.0,11370.0,2026-04-16,186694778,474,Nepal Stock House (PVT) Ltd.,Vision Securities Pvt. Ltd,2026-04-16 14:06:18.260528,Muktinath Bikas Bank Ltd.
2026041603006496,MNBBL,42,34,40,379.0,15160.0,2026-04-16,186694780,474,Sani Securities Company Ltd.,Vision Securities Pvt. Ltd,2026-04-16 14:06:18.260589,Muktinath Bikas Bank Ltd.
2026041603006549,MNBBL,40,34,20,379.0,7580.0,2026-04-16,186695862,474,Creative Securities Pvt Ltd,Vision Securities Pvt. Ltd,2026-04-16 14:07:47.736659,Muktinath Bikas Bank Ltd.
2026041603006581,MNBBL,21,34,76,379.0,28804.0,2026-04-16,186696551,474,Midas Stock Broking Company Private Limited,Vision Securities Pvt. Ltd,2026-04-16 14:09:05.281827,Muktinath Bikas Bank Ltd.
2026041603006582,MNBBL,21,38,24,379.0,9096.0,2026-04-16,186696554,474,Midas Stock Broking Company Private Limited,Dipshikha Dhitopatra Karobar Co. Pvt Ltd.,2026-04-16 14:09:05.281977,Muktinath Bikas Bank Ltd.
2026041603006609,MNBBL,26,38,100,379.0,37900.0,2026-04-16,186697848,474,Asian Securities Private Ltd.,Dipshikha Dhitopatra Karobar Co. Pvt Ltd.,2026-04-16 14:10:59.705771,Muktinath Bikas Bank Ltd.
2026041603006660,MNBBL,58,19,41,378.5,15518.5,2026-04-16,186699012,474,Naasa Securities Co. Ltd.,Nepal Investment And Securities Trading Private Limited,2026-04-16 14:12:33.440992,Muktinath Bikas Bank Ltd.
2026041603006661,MNBBL,16,19,471,378.5,178273.5,2026-04-16,186699013,474,Primo Securities (PVT) Ltd.,Nepal Investment And Securities Trading Private Limited,2026-04-16 14:12:33.441390,Muktinath Bikas Bank Ltd.
2026041603006809,MNBBL,42,26,6,380.0,2280.0,2026-04-16,186701865,474,Sani Securities Company Ltd.,Asian Securities Private Ltd.,2026-04-16 14:17:04.064228,Muktinath Bikas Bank Ltd.
2026041603006844,MNBBL,16,36,15,378.5,5677.5,2026-04-16,186703082,474,Primo Securities (PVT) Ltd.,Secured Securities Ltd.,2026-04-16 14:19:13.606610,Muktinath Bikas Bank Ltd.
2026041603006845,MNBBL,14,36,20,378.5,7570.0,2026-04-16,186703084,474,Nepal Stock House (PVT) Ltd.,Secured Securities Ltd.,2026-04-16 14:19:13.606953,Muktinath Bikas Bank Ltd.
2026041603006846,MNBBL,34,36,75,378.5,28387.5,2026-04-16,186703085,474,Vision Securities Pvt. Ltd,Secured Securities Ltd.,2026-04-16 14:19:13.607175,Muktinath Bikas Bank Ltd.
2026041603007135,MNBBL,38,42,20,378.9,7578.0,2026-04-16,186708522,474,Dipshikha Dhitopatra Karobar Co. Pvt Ltd.,Sani Securities Company Ltd.,2026-04-16 14:27:03.838665,Muktinath Bikas Bank Ltd.
2026041603007184,MNBBL,34,42,25,378.9,9472.5,2026-04-16,186710260,474,Vision Securities Pvt. Ltd,Sani Securities Company Ltd.,2026-04-16 14:28:14.431886,Muktinath Bikas Bank Ltd.
2026041603007186,MNBBL,58,42,20,378.9,7578.0,2026-04-16,186710328,474,Naasa Securities Co. Ltd.,Sani Securities Company Ltd.,2026-04-16 14:28:19.372160,Muktinath Bikas Bank Ltd.
2026041603007192,MNBBL,48,42,10,378.9,3789.0,2026-04-16,186710440,474,Trishakti Securities Public Limited,Sani Securities Company Ltd.,2026-04-16 14:28:33.744597,Muktinath Bikas Bank Ltd.
2026041603007204,MNBBL,38,42,10,378.9,3789.0,2026-04-16,186711406,474,Dipshikha Dhitopatra Karobar Co. Pvt Ltd.,Sani Securities Company Ltd.,2026-04-16 14:29:21.250883,Muktinath Bikas Bank Ltd.
2026041603007220,MNBBL,7,19,100,378.6,37860.0,2026-04-16,186711704,474,J.F. Securites (PVT) Ltd.,Nepal Investment And Securities Trading Private Limited,2026-04-16 14:29:42.974046,Muktinath Bikas Bank Ltd.
2026041603007221,MNBBL,29,19,1000,378.6,378600.0,2026-04-16,186711706,474,Trisul Securities & Invt. Ltd.,Nepal Investment And Securities Trading Private Limited,2026-04-16 14:29:42.974305,Muktinath Bikas Bank Ltd.
2026041603007222,MNBBL,52,19,200,378.5,75700.0,2026-04-16,186711708,474,Sundhara Securities Limited,Nepal Investment And Securities Trading Private Limited,2026-04-16 14:29:42.974377,Muktinath Bikas Bank Ltd.
2026041603007223,MNBBL,45,19,200,378.5,75700.0,2026-04-16,186711709,474,Imperial Securities Company Pvt. Ltd.,Nepal Investment And Securities Trading Private Limited,2026-04-16 14:29:42.974441,Muktinath Bikas Bank Ltd.
2026041603007327,MNBBL,8,42,195,378.9,73885.5,2026-04-16,186714022,474,Brilliant Securities Pvt. Ltd.,Sani Securities Company Ltd.,2026-04-16 14:31:44.463404,Muktinath Bikas Bank Ltd.
2026041603007458,MNBBL,43,25,250,379.1,94775.0,2026-04-16,186718617,474,South Asian Bulls Pvt. Ltd.,Sweta Securities Private Limited,2026-04-16 14:36:54.570240,Muktinath Bikas Bank Ltd.
2026041603007503,MNBBL,25,48,342,380.0,129960.0,2026-04-16,186719839,474,Sweta Securities Private Limited,Trishakti Securities Public Limited,2026-04-16 14:38:20.408838,Muktinath Bikas Bank Ltd.
2026041603007504,MNBBL,25,26,500,380.0,190000.0,2026-04-16,186719841,474,Sweta Securities Private Limited,Asian Securities Private Ltd.,2026-04-16 14:38:20.409169,Muktinath Bikas Bank Ltd.
2026041603007505,MNBBL,25,14,21,380.0,7980.0,2026-04-16,186719843,474,Sweta Securities Private Limited,Nepal Stock House (PVT) Ltd.,2026-04-16 14:38:20.409366,Muktinath Bikas Bank Ltd.
2026041603007506,MNBBL,25,14,120,380.0,45600.0,2026-04-16,186719845,474,Sweta Securities Private Limited,Nepal Stock House (PVT) Ltd.,2026-04-16 14:38:20.409557,Muktinath Bikas Bank Ltd.
2026041603007507,MNBBL,25,17,17,381.0,6477.0,2026-04-16,186719848,474,Sweta Securities Private Limited,ABC Securities Private Limited,2026-04-16 14:38:20.409751,Muktinath Bikas Bank Ltd.
2026041603007523,MNBBL,43,1,50,379.1,18955.0,2026-04-16,186720166,474,South Asian Bulls Pvt. Ltd.,Kumari Securities Private Limited,2026-04-16 14:38:46.301175,Muktinath Bikas Bank Ltd.
2026041603007524,MNBBL,35,1,1000,379.1,379100.0,2026-04-16,186720168,474,Kohinoor Investment & Securities Pvt. Ltd.,Kumari Securities Private Limited,2026-04-16 14:38:46.301483,Muktinath Bikas Bank Ltd.
2026041603007525,MNBBL,52,1,20,379.1,7582.0,2026-04-16,186720169,474,Sundhara Securities Limited,Kumari Securities Private Limited,2026-04-16 14:38:46.301678,Muktinath Bikas Bank Ltd.
2026041603007843,MNBBL,35,45,39,380.0,14820.0,2026-04-16,186728282,474,Kohinoor Investment & Securities Pvt. Ltd.,Imperial Securities Company Pvt. Ltd.,2026-04-16 14:46:07.305364,Muktinath Bikas Bank Ltd.
2026041603007874,MNBBL,57,45,15,380.0,5700.0,2026-04-16,186728958,474,Aryatara Investment & Securities,Imperial Securities Company Pvt. Ltd.,2026-04-16 14:46:48.844751,Muktinath Bikas Bank Ltd.
2026041603007886,MNBBL,11,49,10,379.0,3790.0,2026-04-16,186729193,474,Malla & Malla Stock Broking Company Pvt. Limited,Online Securities Pvt. Ltd.,2026-04-16 14:46:59.535652,Muktinath Bikas Bank Ltd.
2026041603007909,MNBBL,54,45,50,380.0,19000.0,2026-04-16,186729654,474,Sewa Securities Pvt. Ltd.,Imperial Securities Company Pvt. Ltd.,2026-04-16 14:47:20.135094,Muktinath Bikas Bank Ltd.
2026041603008087,MNBBL,58,45,16,380.0,6080.0,2026-04-16,186733126,474,Naasa Securities Co. Ltd.,Imperial Securities Company Pvt. Ltd.,2026-04-16 14:50:10.289729,Muktinath Bikas Bank Ltd.
2026041603008121,MNBBL,11,45,1030,380.0,391400.0,2026-04-16,186734124,474,Malla & Malla Stock Broking Company Pvt. Limited,Imperial Securities Company Pvt. Ltd.,2026-04-16 14:50:58.960499,Muktinath Bikas Bank Ltd.
2026041603008139,MNBBL,77,95,15,379.2,5688.0,2026-04-16,186734402,474,Nabil Stock Dealer Ltd.,Magnet Securities and Investment Company Private Limited,2026-04-16 14:51:10.788058,Muktinath Bikas Bank Ltd.
2026041603008140,MNBBL,35,95,31,379.1,11752.1,2026-04-16,186734403,474,Kohinoor Investment & Securities Pvt. Ltd.,Magnet Securities and Investment Company Private Limited,2026-04-16 14:51:10.788230,Muktinath Bikas Bank Ltd.
2026041603008152,MNBBL,4,45,600,380.0,228000.0,2026-04-16,186734642,474,Opal Securities Investment (PVT) Ltd.,Imperial Securities Company Pvt. Ltd.,2026-04-16 14:51:23.496452,Muktinath Bikas Bank Ltd.
2026041603008177,MNBBL,35,19,900,379.1,341190.0,2026-04-16,186734971,474,Kohinoor Investment & Securities Pvt. Ltd.,Nepal Investment And Securities Trading Private Limited,2026-04-16 14:51:41.328620,Muktinath Bikas Bank Ltd.
2026041603008293,MNBBL,35,1,69,379.1,26157.9,2026-04-16,186738072,474,Kohinoor Investment & Securities Pvt. Ltd.,Kumari Securities Private Limited,2026-04-16 14:53:43.126263,Muktinath Bikas Bank Ltd.
2026041603008294,MNBBL,54,1,95,379.1,36014.5,2026-04-16,186738073,474,Sewa Securities Pvt. Ltd.,Kumari Securities Private Limited,2026-04-16 14:53:43.126429,Muktinath Bikas Bank Ltd.
2026041603008420,MNBBL,1,19,44,379.0,16676.0,2026-04-16,186740912,474,Kumari Securities Private Limited,Nepal Investment And Securities Trading Private Limited,2026-04-16 14:55:14.503704,Muktinath Bikas Bank Ltd.
2026041603008421,MNBBL,34,19,56,379.0,21224.0,2026-04-16,186740913,474,Vision Securities Pvt. Ltd,Nepal Investment And Securities Trading Private Limited,2026-04-16 14:55:14.503866,Muktinath Bikas Bank Ltd.
2026041603008521,MNBBL,34,38,376,379.0,142504.0,2026-04-16,186742331,474,Vision Securities Pvt. Ltd,Dipshikha Dhitopatra Karobar Co. Pvt Ltd.,2026-04-16 14:56:07.066927,Muktinath Bikas Bank Ltd.
2026041603008559,MNBBL,34,34,68,379.0,25772.0,2026-04-16,186742664,474,Vision Securities Pvt. Ltd,Vision Securities Pvt. Ltd,2026-04-16 14:56:23.189399,Muktinath Bikas Bank Ltd.
2026041603008564,MNBBL,34,34,10,379.0,3790.0,2026-04-16,186742800,474,Vision Securities Pvt. Ltd,Vision Securities Pvt. Ltd,2026-04-16 14:56:27.309680,Muktinath Bikas Bank Ltd.
2026041603008599,MNBBL,17,34,100,379.0,37900.0,2026-04-16,186743538,474,ABC Securities Private Limited,Vision Securities Pvt. Ltd,2026-04-16 14:56:52.816121,Muktinath Bikas Bank Ltd.
2026041603008673,MNBBL,21,19,100,378.6,37860.0,2026-04-16,186745072,474,Midas Stock Broking Company Private Limited,Nepal Investment And Securities Trading Private Limited,2026-04-16 14:57:35.073860,Muktinath Bikas Bank Ltd.
2026041603008674,MNBBL,45,19,100,378.5,37850.0,2026-04-16,186745076,474,Imperial Securities Company Pvt. Ltd.,Nepal Investment And Securities Trading Private Limited,2026-04-16 14:57:35.074016,Muktinath Bikas Bank Ltd.
2026041603008675,MNBBL,42,19,100,378.5,37850.0,2026-04-16,186745078,474,Sani Securities Company Ltd.,Nepal Investment And Securities Trading Private Limited,2026-04-16 14:57:35.074087,Muktinath Bikas Bank Ltd.
2026041603008676,MNBBL,26,19,100,378.5,37850.0,2026-04-16,186745080,474,Asian Securities Private Ltd.,Nepal Investment And Securities Trading Private Limited,2026-04-16 14:57:35.074156,Muktinath Bikas Bank Ltd.
2026041603008677,MNBBL,56,19,100,378.4,37840.0,2026-04-16,186745082,474,Sri Hari Securities Pvt. Ltd.,Nepal Investment And Securities Trading Private Limited,2026-04-16 14:57:35.074262,Muktinath Bikas Bank Ltd.
2026041603008678,MNBBL,35,19,2000,378.1,756200.0,2026-04-16,186745084,474,Kohinoor Investment & Securities Pvt. Ltd.,Nepal Investment And Securities Trading Private Limited,2026-04-16 14:57:35.074332,Muktinath Bikas Bank Ltd.
2026041603008679,MNBBL,17,19,200,378.1,75620.0,2026-04-16,186745085,474,ABC Securities Private Limited,Nepal Investment And Securities Trading Private Limited,2026-04-16 14:57:35.074398,Muktinath Bikas Bank Ltd.
2026041603008730,MNBBL,14,5,20,378.5,7570.0,2026-04-16,186746367,474,Nepal Stock House (PVT) Ltd.,Market Securities & Exchange (PVT) Ltd.,2026-04-16 14:58:12.745659,Muktinath Bikas Bank Ltd.
2026041603008855,MNBBL,14,5,10,378.5,3785.0,2026-04-16,186747377,474,Nepal Stock House (PVT) Ltd.,Market Securities & Exchange (PVT) Ltd.,2026-04-16 14:58:27.135137,Muktinath Bikas Bank Ltd.
2026041603009072,MNBBL,14,34,20,379.0,7580.0,2026-04-16,186750468,474,Nepal Stock House (PVT) Ltd.,Vision Securities Pvt. Ltd,2026-04-16 14:59:23.646032,Muktinath Bikas Bank Ltd.
2026041603009107,MNBBL,58,34,10,379.0,3790.0,2026-04-16,186751006,474,Naasa Securities Co. Ltd.,Vision Securities Pvt. Ltd,2026-04-16 14:59:30.383606,Muktinath Bikas Bank Ltd.
2026041603009121,MNBBL,42,34,10,379.0,3790.0,2026-04-16,186751213,474,Sani Securities Company Ltd.,Vision Securities Pvt. Ltd,2026-04-16 14:59:32.219279,Muktinath Bikas Bank Ltd.
2026041603009122,MNBBL,42,34,100,379.0,37900.0,2026-04-16,186751195,474,Sani Securities Company Ltd.,Vision Securities Pvt. Ltd,2026-04-16 14:59:32.863225,Muktinath Bikas Bank Ltd.
2026041603009129,MNBBL,14,19,10,378.5,3785.0,2026-04-16,186751488,474,Nepal Stock House (PVT) Ltd.,Nepal Investment And Securities Trading Private Limited,2026-04-16 14:59:36.391366,Muktinath Bikas Bank Ltd.
2026041603009130,MNBBL,1,19,10,378.5,3785.0,2026-04-16,186751490,474,Kumari Securities Private Limited,Nepal Investment And Securities Trading Private Limited,2026-04-16 14:59:36.391522,Muktinath Bikas Bank Ltd.
2026041603009131,MNBBL,14,19,20,378.5,7570.0,2026-04-16,186751492,474,Nepal Stock House (PVT) Ltd.,Nepal Investment And Securities Trading Private Limited,2026-04-16 14:59:36.391592,Muktinath Bikas Bank Ltd.
2026041603009132,MNBBL,74,19,15,378.0,5670.0,2026-04-16,186751494,474,KALASH STOCK MARKET PVT. LTD.,Nepal Investment And Securities Trading Private Limited,2026-04-16 14:59:36.391662,Muktinath Bikas Bank Ltd.
2026041603009133,MNBBL,40,19,50,378.0,18900.0,2026-04-16,186751496,474,Creative Securities Pvt Ltd,Nepal Investment And Securities Trading Private Limited,2026-04-16 14:59:36.391731,Muktinath Bikas Bank Ltd.
2026041603009134,MNBBL,42,19,300,378.0,113400.0,2026-04-16,186751498,474,Sani Securities Company Ltd.,Nepal Investment And Securities Trading Private Limited,2026-04-16 14:59:36.391800,Muktinath Bikas Bank Ltd.
2026041603009135,MNBBL,42,19,100,378.0,37800.0,2026-04-16,186751500,474,Sani Securities Company Ltd.,Nepal Investment And Securities Trading Private Limited,2026-04-16 14:59:36.391872,Muktinath Bikas Bank Ltd.
2026041603009136,MNBBL,5,19,100,378.0,37800.0,2026-04-16,186751502,474,Market Securities & Exchange (PVT) Ltd.,Nepal Investment And Securities Trading Private Limited,2026-04-16 14:59:36.391938,Muktinath Bikas Bank Ltd.
2026041603009137,MNBBL,49,19,40,378.0,15120.0,2026-04-16,186751504,474,Online Securities Pvt. Ltd.,Nepal Investment And Securities Trading Private Limited,2026-04-16 14:59:36.392003,Muktinath Bikas Bank Ltd.
2026041603009138,MNBBL,58,19,20,378.0,7560.0,2026-04-16,186751506,474,Naasa Securities Co. Ltd.,Nepal Investment And Securities Trading Private Limited,2026-04-16 14:59:36.392074,Muktinath Bikas Bank Ltd.
2026041603009139,MNBBL,21,19,105,378.0,39690.0,2026-04-16,186751508,474,Midas Stock Broking Company Private Limited,Nepal Investment And Securities Trading Private Limited,2026-04-16 14:59:36.392149,Muktinath Bikas Bank Ltd.
2026041603009140,MNBBL,42,19,10,378.0,3780.0,2026-04-16,186751510,474,Sani Securities Company Ltd.,Nepal Investment And Securities Trading Private Limited,2026-04-16 14:59:36.392216,Muktinath Bikas Bank Ltd.
2026041603009141,MNBBL,34,19,520,378.0,196560.0,2026-04-16,186751511,474,Vision Securities Pvt. Ltd,Nepal Investment And Securities Trading Private Limited,2026-04-16 14:59:36.392284,Muktinath Bikas Bank Ltd.
2026041603009153,MNBBL,34,39,480,378.0,181440.0,2026-04-16,186751618,474,Vision Securities Pvt. Ltd,Sumeru Securities Pvt. Ltd.,2026-04-16 14:59:37.712250,Muktinath Bikas Bank Ltd.
2026041603009154,MNBBL,46,39,20,378.0,7560.0,2026-04-16,186751620,474,Kalika Securities Pvt. Ltd.,Sumeru Securities Pvt. Ltd.,2026-04-16 14:59:37.712394,Muktinath Bikas Bank Ltd.
2026041603009155,MNBBL,53,39,35,378.0,13230.0,2026-04-16,186751622,474,Investment Management Nepal Pvt. Ltd.,Sumeru Securities Pvt. Ltd.,2026-04-16 14:59:37.712460,Muktinath Bikas Bank Ltd.
2026041603009156,MNBBL,49,39,15,378.0,5670.0,2026-04-16,186751624,474,Online Securities Pvt. Ltd.,Sumeru Securities Pvt. Ltd.,2026-04-16 14:59:37.712524,Muktinath Bikas Bank Ltd.
2026041603009157,MNBBL,42,39,10,378.0,3780.0,2026-04-16,186751626,474,Sani Securities Company Ltd.,Sumeru Securities Pvt. Ltd.,2026-04-16 14:59:37.712585,Muktinath Bikas Bank Ltd.
2026041603009158,MNBBL,35,39,10,378.0,3780.0,2026-04-16,186751628,474,Kohinoor Investment & Securities Pvt. Ltd.,Sumeru Securities Pvt. Ltd.,2026-04-16 14:59:37.712647,Muktinath Bikas Bank Ltd.
2026041603009159,MNBBL,1,39,300,378.0,113400.0,2026-04-16,186751630,474,Kumari Securities Private Limited,Sumeru Securities Pvt. Ltd.,2026-04-16 14:59:37.712735,Muktinath Bikas Bank Ltd.
2026041603009160,MNBBL,57,39,110,378.0,41580.0,2026-04-16,186751631,474,Aryatara Investment & Securities,Sumeru Securities Pvt. Ltd.,2026-04-16 14:59:37.712796,Muktinath Bikas Bank Ltd.
2026041603009208,MNBBL,33,34,10,379.0,3790.0,2026-04-16,186753036,474,Dakshinkali Investment & Securities Pvt. Ltd.,Vision Securities Pvt. Ltd,2026-04-16 14:59:51.463616,Muktinath Bikas Bank Ltd.
