contractId,stockSymbol,buyerMemberId,sellerMemberId,quantity,rate,amount,businessDate,tradeBookId,stockId,buyerBrokerName,sellerBrokerName,transaction_time,securityName
2026041605000003,NIFRA,57,35,40,278.0,11120.0,2026-04-16,186531529,2919,Aryatara Investment & Securities,Kohinoor Investment & Securities Pvt. Ltd.,2026-04-16 10:46:00.028765,Nepal Infrastructure Bank Limited
2026041605000004,NIFRA,57,58,50,278.0,13900.0,2026-04-16,186531531,2919,Aryatara Investment & Securities,Naasa Securities Co. Ltd.,2026-04-16 10:46:00.028820,Nepal Infrastructure Bank Limited
2026041605000005,NIFRA,57,58,50,278.0,13900.0,2026-04-16,186531533,2919,Aryatara Investment & Securities,Naasa Securities Co. Ltd.,2026-04-16 10:46:00.028864,Nepal Infrastructure Bank Limited
2026041605000006,NIFRA,57,26,160,278.0,44480.0,2026-04-16,186531537,2919,Aryatara Investment & Securities,Asian Securities Private Ltd.,2026-04-16 10:46:00.028888,Nepal Infrastructure Bank Limited
2026041605000091,NIFRA,44,101,200,273.0,54600.0,2026-04-16,186532194,2919,Dynamic Money Managers Securities Pvt. Ltd.,APPLE SECURITIES PRIVATE LIMITED,2026-04-16 11:01:08.939447,Nepal Infrastructure Bank Limited
2026041605000198,NIFRA,62,47,54,270.2,14590.8,2026-04-16,186533451,2919,Capital Max Securities Ltd,Neev Securities Pvt. Ltd.,2026-04-16 11:02:18.023386,Nepal Infrastructure Bank Limited
2026041605000444,NIFRA,7,28,100,271.2,27120.0,2026-04-16,186535617,2919,J.F. Securites (PVT) Ltd.,Shree Krishna Securities Ltd.,2026-04-16 11:04:26.198540,Nepal Infrastructure Bank Limited
2026041605000691,NIFRA,59,17,200,272.0,54400.0,2026-04-16,186537908,2919,Deevyaa Securities & Stock House Pvt. Ltd,ABC Securities Private Limited,2026-04-16 11:06:36.591201,Nepal Infrastructure Bank Limited
2026041605000692,NIFRA,45,17,100,271.5,27150.0,2026-04-16,186537910,2919,Imperial Securities Company Pvt. Ltd.,ABC Securities Private Limited,2026-04-16 11:06:36.591305,Nepal Infrastructure Bank Limited
2026041605000693,NIFRA,38,17,200,271.3,54260.0,2026-04-16,186537912,2919,Dipshikha Dhitopatra Karobar Co. Pvt Ltd.,ABC Securities Private Limited,2026-04-16 11:06:36.591365,Nepal Infrastructure Bank Limited
2026041605000694,NIFRA,91,17,500,271.2,135600.0,2026-04-16,186537913,2919,Citizens Share Broker Limited,ABC Securities Private Limited,2026-04-16 11:06:36.591413,Nepal Infrastructure Bank Limited
2026041605000755,NIFRA,91,50,54,271.2,14644.8,2026-04-16,186538337,2919,Citizens Share Broker Limited,Cristal Kanchanjanga Securites Pvt. Ltd.,2026-04-16 11:06:58.141735,Nepal Infrastructure Bank Limited
2026041605000811,NIFRA,58,14,4,270.0,1080.0,2026-04-16,186538769,2919,Naasa Securities Co. Ltd.,Nepal Stock House (PVT) Ltd.,2026-04-16 11:07:19.940284,Nepal Infrastructure Bank Limited
2026041605000858,NIFRA,42,42,10,271.3,2713.0,2026-04-16,186539247,2919,Sani Securities Company Ltd.,Sani Securities Company Ltd.,2026-04-16 11:07:44.131189,Nepal Infrastructure Bank Limited
2026041605000882,NIFRA,42,17,54,271.3,14650.2,2026-04-16,186539435,2919,Sani Securities Company Ltd.,ABC Securities Private Limited,2026-04-16 11:07:52.471746,Nepal Infrastructure Bank Limited
2026041605000969,NIFRA,58,101,21,273.0,5733.0,2026-04-16,186540368,2919,Naasa Securities Co. Ltd.,APPLE SECURITIES PRIVATE LIMITED,2026-04-16 11:08:43.226766,Nepal Infrastructure Bank Limited
2026041605000986,NIFRA,42,96,54,271.3,14650.2,2026-04-16,186540479,2919,Sani Securities Company Ltd.,Himalayan Securities Limited,2026-04-16 11:08:50.022359,Nepal Infrastructure Bank Limited
2026041605001055,NIFRA,42,39,1882,271.3,510586.6,2026-04-16,186540972,2919,Sani Securities Company Ltd.,Sumeru Securities Pvt. Ltd.,2026-04-16 11:09:14.274900,Nepal Infrastructure Bank Limited
2026041605001056,NIFRA,42,39,10,271.3,2713.0,2026-04-16,186540974,2919,Sani Securities Company Ltd.,Sumeru Securities Pvt. Ltd.,2026-04-16 11:09:14.275013,Nepal Infrastructure Bank Limited
2026041605001057,NIFRA,59,39,108,271.3,29300.4,2026-04-16,186540975,2919,Deevyaa Securities & Stock House Pvt. Ltd,Sumeru Securities Pvt. Ltd.,2026-04-16 11:09:14.275065,Nepal Infrastructure Bank Limited
2026041605001272,NIFRA,91,49,1446,271.2,392155.2,2026-04-16,186542582,2919,Citizens Share Broker Limited,Online Securities Pvt. Ltd.,2026-04-16 11:10:13.376240,Nepal Infrastructure Bank Limited
2026041605001273,NIFRA,19,49,554,271.2,150244.8,2026-04-16,186542583,2919,Nepal Investment And Securities Trading Private Limited,Online Securities Pvt. Ltd.,2026-04-16 11:10:13.376385,Nepal Infrastructure Bank Limited
2026041605001351,NIFRA,58,33,4,269.0,1076.0,2026-04-16,186543489,2919,Naasa Securities Co. Ltd.,Dakshinkali Investment & Securities Pvt. Ltd.,2026-04-16 11:10:50.727362,Nepal Infrastructure Bank Limited
2026041605001438,NIFRA,41,4,64,271.4,17369.6,2026-04-16,186544485,2919,Linch Stock Market Ltd.,Opal Securities Investment (PVT) Ltd.,2026-04-16 11:11:35.819536,Nepal Infrastructure Bank Limited
2026041605001570,NIFRA,58,29,64,272.0,17408.0,2026-04-16,186545722,2919,Naasa Securities Co. Ltd.,Trisul Securities & Invt. Ltd.,2026-04-16 11:12:31.564584,Nepal Infrastructure Bank Limited
2026041605001577,NIFRA,41,41,36,271.4,9770.4,2026-04-16,186545864,2919,Linch Stock Market Ltd.,Linch Stock Market Ltd.,2026-04-16 11:12:35.971054,Nepal Infrastructure Bank Limited
2026041605001605,NIFRA,4,41,14,271.3,3798.2,2026-04-16,186546269,2919,Opal Securities Investment (PVT) Ltd.,Linch Stock Market Ltd.,2026-04-16 11:12:55.068078,Nepal Infrastructure Bank Limited
2026041605001674,NIFRA,14,38,54,272.0,14688.0,2026-04-16,186547053,2919,Nepal Stock House (PVT) Ltd.,Dipshikha Dhitopatra Karobar Co. Pvt Ltd.,2026-04-16 11:13:38.830985,Nepal Infrastructure Bank Limited
2026041605001687,NIFRA,14,66,171,272.0,46512.0,2026-04-16,186547166,2919,Nepal Stock House (PVT) Ltd.,Miyo Securities Pvt Ltd,2026-04-16 11:13:45.074824,Nepal Infrastructure Bank Limited
2026041605001688,NIFRA,58,66,14,271.4,3799.6,2026-04-16,186547168,2919,Naasa Securities Co. Ltd.,Miyo Securities Pvt Ltd,2026-04-16 11:13:45.074965,Nepal Infrastructure Bank Limited
2026041605001689,NIFRA,4,66,15,271.3,4069.5,2026-04-16,186547169,2919,Opal Securities Investment (PVT) Ltd.,Miyo Securities Pvt Ltd,2026-04-16 11:13:45.075035,Nepal Infrastructure Bank Limited
2026041605001924,NIFRA,62,14,46,272.0,12512.0,2026-04-16,186550012,2919,Capital Max Securities Ltd,Nepal Stock House (PVT) Ltd.,2026-04-16 11:16:12.292115,Nepal Infrastructure Bank Limited
2026041605001959,NIFRA,44,58,54,271.5,14661.0,2026-04-16,186550287,2919,Dynamic Money Managers Securities Pvt. Ltd.,Naasa Securities Co. Ltd.,2026-04-16 11:16:28.570569,Nepal Infrastructure Bank Limited
2026041605001964,NIFRA,32,14,82,272.0,22304.0,2026-04-16,186550398,2919,Premier Securities Company Ltd.,Nepal Stock House (PVT) Ltd.,2026-04-16 11:16:35.370022,Nepal Infrastructure Bank Limited
2026041605002136,NIFRA,59,44,92,272.0,25024.0,2026-04-16,186552020,2919,Deevyaa Securities & Stock House Pvt. Ltd,Dynamic Money Managers Securities Pvt. Ltd.,2026-04-16 11:18:08.582870,Nepal Infrastructure Bank Limited
2026041605002158,NIFRA,44,6,446,271.5,121089.0,2026-04-16,186552294,2919,Dynamic Money Managers Securities Pvt. Ltd.,Agrawal Securities (PVT) Ltd.,2026-04-16 11:18:23.909595,Nepal Infrastructure Bank Limited
2026041605002159,NIFRA,58,6,56,271.5,15204.0,2026-04-16,186552296,2919,Naasa Securities Co. Ltd.,Agrawal Securities (PVT) Ltd.,2026-04-16 11:18:23.909688,Nepal Infrastructure Bank Limited
2026041605002160,NIFRA,59,6,498,271.5,135207.0,2026-04-16,186552297,2919,Deevyaa Securities & Stock House Pvt. Ltd,Agrawal Securities (PVT) Ltd.,2026-04-16 11:18:23.909762,Nepal Infrastructure Bank Limited
2026041605002248,NIFRA,59,35,10,271.5,2715.0,2026-04-16,186552963,2919,Deevyaa Securities & Stock House Pvt. Ltd,Kohinoor Investment & Securities Pvt. Ltd.,2026-04-16 11:19:15.725863,Nepal Infrastructure Bank Limited
2026041605002267,NIFRA,59,28,50,271.5,13575.0,2026-04-16,186553201,2919,Deevyaa Securities & Stock House Pvt. Ltd,Shree Krishna Securities Ltd.,2026-04-16 11:19:33.034302,Nepal Infrastructure Bank Limited
2026041605002269,NIFRA,38,44,408,272.0,110976.0,2026-04-16,186553209,2919,Dipshikha Dhitopatra Karobar Co. Pvt Ltd.,Dynamic Money Managers Securities Pvt. Ltd.,2026-04-16 11:19:33.781304,Nepal Infrastructure Bank Limited
2026041605002270,NIFRA,38,52,200,272.0,54400.0,2026-04-16,186553211,2919,Dipshikha Dhitopatra Karobar Co. Pvt Ltd.,Sundhara Securities Limited,2026-04-16 11:19:33.781342,Nepal Infrastructure Bank Limited
2026041605002271,NIFRA,38,57,392,272.9,106976.8,2026-04-16,186553214,2919,Dipshikha Dhitopatra Karobar Co. Pvt Ltd.,Aryatara Investment & Securities,2026-04-16 11:19:33.781366,Nepal Infrastructure Bank Limited
2026041605002281,NIFRA,38,57,32,272.9,8732.8,2026-04-16,186553363,2919,Dipshikha Dhitopatra Karobar Co. Pvt Ltd.,Aryatara Investment & Securities,2026-04-16 11:19:42.627239,Nepal Infrastructure Bank Limited
2026041605002282,NIFRA,38,101,779,273.0,212667.0,2026-04-16,186553365,2919,Dipshikha Dhitopatra Karobar Co. Pvt Ltd.,APPLE SECURITIES PRIVATE LIMITED,2026-04-16 11:19:42.627370,Nepal Infrastructure Bank Limited
2026041605002283,NIFRA,38,35,10,273.0,2730.0,2026-04-16,186553367,2919,Dipshikha Dhitopatra Karobar Co. Pvt Ltd.,Kohinoor Investment & Securities Pvt. Ltd.,2026-04-16 11:19:42.627442,Nepal Infrastructure Bank Limited
2026041605002284,NIFRA,38,58,10,273.0,2730.0,2026-04-16,186553369,2919,Dipshikha Dhitopatra Karobar Co. Pvt Ltd.,Naasa Securities Co. Ltd.,2026-04-16 11:19:42.627495,Nepal Infrastructure Bank Limited
2026041605002285,NIFRA,38,35,30,273.0,8190.0,2026-04-16,186553371,2919,Dipshikha Dhitopatra Karobar Co. Pvt Ltd.,Kohinoor Investment & Securities Pvt. Ltd.,2026-04-16 11:19:42.627557,Nepal Infrastructure Bank Limited
2026041605002286,NIFRA,38,58,64,273.0,17472.0,2026-04-16,186553373,2919,Dipshikha Dhitopatra Karobar Co. Pvt Ltd.,Naasa Securities Co. Ltd.,2026-04-16 11:19:42.627620,Nepal Infrastructure Bank Limited
2026041605002287,NIFRA,38,11,10,274.0,2740.0,2026-04-16,186553375,2919,Dipshikha Dhitopatra Karobar Co. Pvt Ltd.,Malla & Malla Stock Broking Company Pvt. Limited,2026-04-16 11:19:42.627683,Nepal Infrastructure Bank Limited
2026041605002288,NIFRA,38,91,25,274.0,6850.0,2026-04-16,186553377,2919,Dipshikha Dhitopatra Karobar Co. Pvt Ltd.,Citizens Share Broker Limited,2026-04-16 11:19:42.627745,Nepal Infrastructure Bank Limited
2026041605002289,NIFRA,38,57,40,274.9,10996.0,2026-04-16,186553380,2919,Dipshikha Dhitopatra Karobar Co. Pvt Ltd.,Aryatara Investment & Securities,2026-04-16 11:19:42.627809,Nepal Infrastructure Bank Limited
2026041605002362,NIFRA,14,54,30,272.9,8187.0,2026-04-16,186554048,2919,Nepal Stock House (PVT) Ltd.,Sewa Securities Pvt. Ltd.,2026-04-16 11:20:28.306592,Nepal Infrastructure Bank Limited
2026041605002429,NIFRA,67,58,50,271.6,13580.0,2026-04-16,186554833,2919,Property Wiard Limited,Naasa Securities Co. Ltd.,2026-04-16 11:21:20.049028,Nepal Infrastructure Bank Limited
2026041605002478,NIFRA,67,38,30,271.6,8148.0,2026-04-16,186555168,2919,Property Wiard Limited,Dipshikha Dhitopatra Karobar Co. Pvt Ltd.,2026-04-16 11:21:45.020697,Nepal Infrastructure Bank Limited
2026041605002479,NIFRA,48,38,20,271.6,5432.0,2026-04-16,186555170,2919,Trishakti Securities Public Limited,Dipshikha Dhitopatra Karobar Co. Pvt Ltd.,2026-04-16 11:21:45.020874,Nepal Infrastructure Bank Limited
2026041605002612,NIFRA,14,6,24,272.0,6528.0,2026-04-16,186556653,2919,Nepal Stock House (PVT) Ltd.,Agrawal Securities (PVT) Ltd.,2026-04-16 11:23:21.848114,Nepal Infrastructure Bank Limited
2026041605002614,NIFRA,14,58,60,272.0,16320.0,2026-04-16,186556665,2919,Nepal Stock House (PVT) Ltd.,Naasa Securities Co. Ltd.,2026-04-16 11:23:22.237573,Nepal Infrastructure Bank Limited
2026041605002814,NIFRA,49,54,34,272.1,9251.4,2026-04-16,186558177,2919,Online Securities Pvt. Ltd.,Sewa Securities Pvt. Ltd.,2026-04-16 11:24:45.601919,Nepal Infrastructure Bank Limited
2026041605002905,NIFRA,14,40,70,272.5,19075.0,2026-04-16,186559120,2919,Nepal Stock House (PVT) Ltd.,Creative Securities Pvt Ltd,2026-04-16 11:25:43.761300,Nepal Infrastructure Bank Limited
2026041605003040,NIFRA,21,51,10,272.2,2722.0,2026-04-16,186560305,2919,Midas Stock Broking Company Private Limited,Oxford Securities Pvt. Ltd.,2026-04-16 11:26:57.934211,Nepal Infrastructure Bank Limited
2026041605003105,NIFRA,58,58,16,272.4,4358.4,2026-04-16,186560773,2919,Naasa Securities Co. Ltd.,Naasa Securities Co. Ltd.,2026-04-16 11:27:31.155991,Nepal Infrastructure Bank Limited
2026041605003106,NIFRA,58,40,103,272.5,28067.5,2026-04-16,186560776,2919,Naasa Securities Co. Ltd.,Creative Securities Pvt Ltd,2026-04-16 11:27:31.156346,Nepal Infrastructure Bank Limited
2026041605003112,NIFRA,21,59,70,272.2,19054.0,2026-04-16,186560850,2919,Midas Stock Broking Company Private Limited,Deevyaa Securities & Stock House Pvt. Ltd,2026-04-16 11:27:37.400471,Nepal Infrastructure Bank Limited
2026041605003113,NIFRA,49,59,1930,272.1,525153.0,2026-04-16,186560851,2919,Online Securities Pvt. Ltd.,Deevyaa Securities & Stock House Pvt. Ltd,2026-04-16 11:27:37.400696,Nepal Infrastructure Bank Limited
2026041605003130,NIFRA,49,38,1080,272.1,293868.0,2026-04-16,186561079,2919,Online Securities Pvt. Ltd.,Dipshikha Dhitopatra Karobar Co. Pvt Ltd.,2026-04-16 11:27:51.238877,Nepal Infrastructure Bank Limited
2026041605003191,NIFRA,49,35,243,272.1,66120.3,2026-04-16,186561719,2919,Online Securities Pvt. Ltd.,Kohinoor Investment & Securities Pvt. Ltd.,2026-04-16 11:28:39.802178,Nepal Infrastructure Bank Limited
2026041605003236,NIFRA,49,89,21,272.1,5714.1,2026-04-16,186562161,2919,Online Securities Pvt. Ltd.,Global IME Securities Limited,2026-04-16 11:29:06.481064,Nepal Infrastructure Bank Limited
2026041605003310,NIFRA,49,58,31,272.1,8435.1,2026-04-16,186562967,2919,Online Securities Pvt. Ltd.,Naasa Securities Co. Ltd.,2026-04-16 11:29:57.657597,Nepal Infrastructure Bank Limited
2026041605003324,NIFRA,34,49,10,272.2,2722.0,2026-04-16,186563106,2919,Vision Securities Pvt. Ltd,Online Securities Pvt. Ltd.,2026-04-16 11:30:04.966131,Nepal Infrastructure Bank Limited
2026041605003325,NIFRA,49,49,90,272.1,24489.0,2026-04-16,186563107,2919,Online Securities Pvt. Ltd.,Online Securities Pvt. Ltd.,2026-04-16 11:30:04.966550,Nepal Infrastructure Bank Limited
2026041605003403,NIFRA,49,58,64,272.1,17414.4,2026-04-16,186563493,2919,Online Securities Pvt. Ltd.,Naasa Securities Co. Ltd.,2026-04-16 11:30:26.415957,Nepal Infrastructure Bank Limited
2026041605003513,NIFRA,58,101,10,272.4,2724.0,2026-04-16,186564410,2919,Naasa Securities Co. Ltd.,APPLE SECURITIES PRIVATE LIMITED,2026-04-16 11:31:10.138467,Nepal Infrastructure Bank Limited
2026041605003649,NIFRA,49,47,50,272.1,13605.0,2026-04-16,186565543,2919,Online Securities Pvt. Ltd.,Neev Securities Pvt. Ltd.,2026-04-16 11:32:06.290931,Nepal Infrastructure Bank Limited
2026041605003698,NIFRA,49,101,1489,272.4,405603.6,2026-04-16,186565679,2919,Online Securities Pvt. Ltd.,APPLE SECURITIES PRIVATE LIMITED,2026-04-16 11:32:11.218257,Nepal Infrastructure Bank Limited
2026041605003699,NIFRA,49,40,27,272.5,7357.5,2026-04-16,186565681,2919,Online Securities Pvt. Ltd.,Creative Securities Pvt Ltd,2026-04-16 11:32:11.218460,Nepal Infrastructure Bank Limited
2026041605003700,NIFRA,49,14,54,272.5,14715.0,2026-04-16,186565684,2919,Online Securities Pvt. Ltd.,Nepal Stock House (PVT) Ltd.,2026-04-16 11:32:11.218536,Nepal Infrastructure Bank Limited
2026041605003701,NIFRA,49,58,14,272.5,3815.0,2026-04-16,186565688,2919,Online Securities Pvt. Ltd.,Naasa Securities Co. Ltd.,2026-04-16 11:32:11.218621,Nepal Infrastructure Bank Limited
2026041605003702,NIFRA,49,7,54,273.0,14742.0,2026-04-16,186565692,2919,Online Securities Pvt. Ltd.,J.F. Securites (PVT) Ltd.,2026-04-16 11:32:11.218697,Nepal Infrastructure Bank Limited
2026041605003773,NIFRA,49,49,1000,273.0,273000.0,2026-04-16,186566377,2919,Online Securities Pvt. Ltd.,Online Securities Pvt. Ltd.,2026-04-16 11:32:54.973674,Nepal Infrastructure Bank Limited
2026041605003794,NIFRA,49,26,64,273.0,17472.0,2026-04-16,186566469,2919,Online Securities Pvt. Ltd.,Asian Securities Private Ltd.,2026-04-16 11:32:59.686579,Nepal Infrastructure Bank Limited
2026041605003847,NIFRA,49,34,54,273.0,14742.0,2026-04-16,186567207,2919,Online Securities Pvt. Ltd.,Vision Securities Pvt. Ltd,2026-04-16 11:33:27.462351,Nepal Infrastructure Bank Limited
2026041605003879,NIFRA,49,50,500,273.0,136500.0,2026-04-16,186567471,2919,Online Securities Pvt. Ltd.,Cristal Kanchanjanga Securites Pvt. Ltd.,2026-04-16 11:33:38.900766,Nepal Infrastructure Bank Limited
2026041605003880,NIFRA,49,49,1000,273.0,273000.0,2026-04-16,186567503,2919,Online Securities Pvt. Ltd.,Online Securities Pvt. Ltd.,2026-04-16 11:33:39.845698,Nepal Infrastructure Bank Limited
2026041605003931,NIFRA,49,34,64,273.0,17472.0,2026-04-16,186567659,2919,Online Securities Pvt. Ltd.,Vision Securities Pvt. Ltd,2026-04-16 11:33:43.632236,Nepal Infrastructure Bank Limited
2026041605003975,NIFRA,49,22,300,273.0,81900.0,2026-04-16,186568249,2919,Online Securities Pvt. Ltd.,Siprabi Securities Pvt. Ltd.,2026-04-16 11:34:09.697882,Nepal Infrastructure Bank Limited
2026041605004044,NIFRA,14,58,450,273.6,123120.0,2026-04-16,186568869,2919,Nepal Stock House (PVT) Ltd.,Naasa Securities Co. Ltd.,2026-04-16 11:34:55.238491,Nepal Infrastructure Bank Limited
2026041605004053,NIFRA,14,3,50,273.6,13680.0,2026-04-16,186568924,2919,Nepal Stock House (PVT) Ltd.,Arun Securities (PVT) Ltd.,2026-04-16 11:34:59.057783,Nepal Infrastructure Bank Limited
2026041605004061,NIFRA,49,6,50,273.0,13650.0,2026-04-16,186569003,2919,Online Securities Pvt. Ltd.,Agrawal Securities (PVT) Ltd.,2026-04-16 11:35:03.803665,Nepal Infrastructure Bank Limited
2026041605004117,NIFRA,49,58,54,273.0,14742.0,2026-04-16,186569663,2919,Online Securities Pvt. Ltd.,Naasa Securities Co. Ltd.,2026-04-16 11:35:38.900509,Nepal Infrastructure Bank Limited
2026041605004122,NIFRA,49,42,200,273.0,54600.0,2026-04-16,186569741,2919,Online Securities Pvt. Ltd.,Sani Securities Company Ltd.,2026-04-16 11:35:44.059459,Nepal Infrastructure Bank Limited
2026041605004152,NIFRA,49,57,2000,273.0,546000.0,2026-04-16,186570139,2919,Online Securities Pvt. Ltd.,Aryatara Investment & Securities,2026-04-16 11:36:00.315119,Nepal Infrastructure Bank Limited
2026041605004170,NIFRA,49,39,500,273.0,136500.0,2026-04-16,186570317,2919,Online Securities Pvt. Ltd.,Sumeru Securities Pvt. Ltd.,2026-04-16 11:36:08.246706,Nepal Infrastructure Bank Limited
2026041605004209,NIFRA,58,34,4,270.0,1080.0,2026-04-16,186570609,2919,Naasa Securities Co. Ltd.,Vision Securities Pvt. Ltd,2026-04-16 11:36:27.925199,Nepal Infrastructure Bank Limited
2026041605004219,NIFRA,49,50,3000,273.0,819000.0,2026-04-16,186570737,2919,Online Securities Pvt. Ltd.,Cristal Kanchanjanga Securites Pvt. Ltd.,2026-04-16 11:36:32.072741,Nepal Infrastructure Bank Limited
2026041605004223,NIFRA,49,16,500,273.0,136500.0,2026-04-16,186570775,2919,Online Securities Pvt. Ltd.,Primo Securities (PVT) Ltd.,2026-04-16 11:36:35.253135,Nepal Infrastructure Bank Limited
2026041605004273,NIFRA,49,41,54,273.0,14742.0,2026-04-16,186571187,2919,Online Securities Pvt. Ltd.,Linch Stock Market Ltd.,2026-04-16 11:37:00.362002,Nepal Infrastructure Bank Limited
2026041605004299,NIFRA,49,17,529,273.0,144417.0,2026-04-16,186571486,2919,Online Securities Pvt. Ltd.,ABC Securities Private Limited,2026-04-16 11:37:20.952622,Nepal Infrastructure Bank Limited
2026041605004300,NIFRA,10,17,35,273.0,9555.0,2026-04-16,186571488,2919,Pragyan Securities (PVT) Ltd.,ABC Securities Private Limited,2026-04-16 11:37:20.952833,Nepal Infrastructure Bank Limited
2026041605004301,NIFRA,58,17,150,273.0,40950.0,2026-04-16,186571490,2919,Naasa Securities Co. Ltd.,ABC Securities Private Limited,2026-04-16 11:37:20.952949,Nepal Infrastructure Bank Limited
2026041605004321,NIFRA,19,17,2000,272.1,544200.0,2026-04-16,186571801,2919,Nepal Investment And Securities Trading Private Limited,ABC Securities Private Limited,2026-04-16 11:37:46.095974,Nepal Infrastructure Bank Limited
2026041605004370,NIFRA,34,17,10,272.1,2721.0,2026-04-16,186572302,2919,Vision Securities Pvt. Ltd,ABC Securities Private Limited,2026-04-16 11:38:10.711751,Nepal Infrastructure Bank Limited
2026041605004371,NIFRA,14,17,916,272.0,249152.0,2026-04-16,186572304,2919,Nepal Stock House (PVT) Ltd.,ABC Securities Private Limited,2026-04-16 11:38:10.711994,Nepal Infrastructure Bank Limited
2026041605004372,NIFRA,48,17,60,272.0,16320.0,2026-04-16,186572306,2919,Trishakti Securities Public Limited,ABC Securities Private Limited,2026-04-16 11:38:10.712088,Nepal Infrastructure Bank Limited
2026041605004391,NIFRA,6,3,54,271.5,14661.0,2026-04-16,186572545,2919,Agrawal Securities (PVT) Ltd.,Arun Securities (PVT) Ltd.,2026-04-16 11:38:25.113449,Nepal Infrastructure Bank Limited
2026041605004405,NIFRA,32,17,14,272.0,3808.0,2026-04-16,186572770,2919,Premier Securities Company Ltd.,ABC Securities Private Limited,2026-04-16 11:38:36.459253,Nepal Infrastructure Bank Limited
2026041605004460,NIFRA,6,17,246,271.5,66789.0,2026-04-16,186573328,2919,Agrawal Securities (PVT) Ltd.,ABC Securities Private Limited,2026-04-16 11:39:14.242021,Nepal Infrastructure Bank Limited
2026041605004461,NIFRA,45,17,35,271.5,9502.5,2026-04-16,186573330,2919,Imperial Securities Company Pvt. Ltd.,ABC Securities Private Limited,2026-04-16 11:39:14.242416,Nepal Infrastructure Bank Limited
2026041605004462,NIFRA,35,17,200,271.5,54300.0,2026-04-16,186573332,2919,Kohinoor Investment & Securities Pvt. Ltd.,ABC Securities Private Limited,2026-04-16 11:39:14.242669,Nepal Infrastructure Bank Limited
2026041605004463,NIFRA,19,17,446,271.5,121089.0,2026-04-16,186573334,2919,Nepal Investment And Securities Trading Private Limited,ABC Securities Private Limited,2026-04-16 11:39:14.242915,Nepal Infrastructure Bank Limited
2026041605004464,NIFRA,58,17,43,271.4,11670.2,2026-04-16,186573336,2919,Naasa Securities Co. Ltd.,ABC Securities Private Limited,2026-04-16 11:39:14.243167,Nepal Infrastructure Bank Limited
2026041605004465,NIFRA,4,17,30,271.3,8139.0,2026-04-16,186573337,2919,Opal Securities Investment (PVT) Ltd.,ABC Securities Private Limited,2026-04-16 11:39:14.243428,Nepal Infrastructure Bank Limited
2026041605004554,NIFRA,4,17,33,271.3,8952.9,2026-04-16,186573928,2919,Opal Securities Investment (PVT) Ltd.,ABC Securities Private Limited,2026-04-16 11:39:48.732243,Nepal Infrastructure Bank Limited
2026041605004555,NIFRA,5,17,55,271.3,14921.5,2026-04-16,186573930,2919,Market Securities & Exchange (PVT) Ltd.,ABC Securities Private Limited,2026-04-16 11:39:48.732444,Nepal Infrastructure Bank Limited
2026041605004556,NIFRA,56,17,10,271.2,2712.0,2026-04-16,186573932,2919,Sri Hari Securities Pvt. Ltd.,ABC Securities Private Limited,2026-04-16 11:39:48.732533,Nepal Infrastructure Bank Limited
2026041605004557,NIFRA,48,17,1902,271.1,515632.2,2026-04-16,186573933,2919,Trishakti Securities Public Limited,ABC Securities Private Limited,2026-04-16 11:39:48.732619,Nepal Infrastructure Bank Limited
2026041605004599,NIFRA,10,34,40,271.2,10848.0,2026-04-16,186574238,2919,Pragyan Securities (PVT) Ltd.,Vision Securities Pvt. Ltd,2026-04-16 11:40:08.921242,Nepal Infrastructure Bank Limited
2026041605004600,NIFRA,48,34,598,271.1,162117.8,2026-04-16,186574240,2919,Trishakti Securities Public Limited,Vision Securities Pvt. Ltd,2026-04-16 11:40:08.921634,Nepal Infrastructure Bank Limited
2026041605004601,NIFRA,42,34,220,271.1,59642.0,2026-04-16,186574242,2919,Sani Securities Company Ltd.,Vision Securities Pvt. Ltd,2026-04-16 11:40:08.921892,Nepal Infrastructure Bank Limited
2026041605004602,NIFRA,45,34,10,271.0,2710.0,2026-04-16,186574244,2919,Imperial Securities Company Pvt. Ltd.,Vision Securities Pvt. Ltd,2026-04-16 11:40:08.922144,Nepal Infrastructure Bank Limited
2026041605004603,NIFRA,58,34,57,271.0,15447.0,2026-04-16,186574246,2919,Naasa Securities Co. Ltd.,Vision Securities Pvt. Ltd,2026-04-16 11:40:08.922404,Nepal Infrastructure Bank Limited
2026041605004604,NIFRA,42,34,75,271.0,20325.0,2026-04-16,186574247,2919,Sani Securities Company Ltd.,Vision Securities Pvt. Ltd,2026-04-16 11:40:08.922654,Nepal Infrastructure Bank Limited
2026041605004746,NIFRA,58,42,385,272.0,104720.0,2026-04-16,186576107,2919,Naasa Securities Co. Ltd.,Sani Securities Company Ltd.,2026-04-16 11:41:38.338784,Nepal Infrastructure Bank Limited
2026041605004747,NIFRA,58,57,375,272.0,102000.0,2026-04-16,186576110,2919,Naasa Securities Co. Ltd.,Aryatara Investment & Securities,2026-04-16 11:41:38.338883,Nepal Infrastructure Bank Limited
2026041605004780,NIFRA,44,57,1125,272.0,306000.0,2026-04-16,186576515,2919,Dynamic Money Managers Securities Pvt. Ltd.,Aryatara Investment & Securities,2026-04-16 11:42:06.604258,Nepal Infrastructure Bank Limited
2026041605004781,NIFRA,44,42,280,272.5,76300.0,2026-04-16,186576517,2919,Dynamic Money Managers Securities Pvt. Ltd.,Sani Securities Company Ltd.,2026-04-16 11:42:06.604473,Nepal Infrastructure Bank Limited
2026041605004782,NIFRA,44,17,286,273.0,78078.0,2026-04-16,186576519,2919,Dynamic Money Managers Securities Pvt. Ltd.,ABC Securities Private Limited,2026-04-16 11:42:06.604566,Nepal Infrastructure Bank Limited
2026041605004783,NIFRA,44,48,3000,273.0,819000.0,2026-04-16,186576521,2919,Dynamic Money Managers Securities Pvt. Ltd.,Trishakti Securities Public Limited,2026-04-16 11:42:06.604651,Nepal Infrastructure Bank Limited
2026041605004784,NIFRA,44,50,1000,273.0,273000.0,2026-04-16,186576523,2919,Dynamic Money Managers Securities Pvt. Ltd.,Cristal Kanchanjanga Securites Pvt. Ltd.,2026-04-16 11:42:06.604736,Nepal Infrastructure Bank Limited
2026041605004785,NIFRA,44,49,300,273.0,81900.0,2026-04-16,186576525,2919,Dynamic Money Managers Securities Pvt. Ltd.,Online Securities Pvt. Ltd.,2026-04-16 11:42:06.604821,Nepal Infrastructure Bank Limited
2026041605004786,NIFRA,44,35,16,273.0,4368.0,2026-04-16,186576527,2919,Dynamic Money Managers Securities Pvt. Ltd.,Kohinoor Investment & Securities Pvt. Ltd.,2026-04-16 11:42:06.604903,Nepal Infrastructure Bank Limited
2026041605004808,NIFRA,44,59,64,273.0,17472.0,2026-04-16,186576873,2919,Dynamic Money Managers Securities Pvt. Ltd.,Deevyaa Securities & Stock House Pvt. Ltd,2026-04-16 11:42:23.568805,Nepal Infrastructure Bank Limited
2026041605004813,NIFRA,44,51,429,273.0,117117.0,2026-04-16,186576884,2919,Dynamic Money Managers Securities Pvt. Ltd.,Oxford Securities Pvt. Ltd.,2026-04-16 11:42:24.437640,Nepal Infrastructure Bank Limited
2026041605004864,NIFRA,21,45,1,270.0,270.0,2026-04-16,186577567,2919,Midas Stock Broking Company Private Limited,Imperial Securities Company Pvt. Ltd.,2026-04-16 11:42:59.610726,Nepal Infrastructure Bank Limited
2026041605004874,NIFRA,67,51,25,271.2,6780.0,2026-04-16,186577612,2919,Property Wiard Limited,Oxford Securities Pvt. Ltd.,2026-04-16 11:43:01.407767,Nepal Infrastructure Bank Limited
2026041605004875,NIFRA,58,51,46,271.2,12475.2,2026-04-16,186577613,2919,Naasa Securities Co. Ltd.,Oxford Securities Pvt. Ltd.,2026-04-16 11:43:01.407979,Nepal Infrastructure Bank Limited
2026041605004914,NIFRA,58,34,64,271.2,17356.8,2026-04-16,186578043,2919,Naasa Securities Co. Ltd.,Vision Securities Pvt. Ltd,2026-04-16 11:43:24.811605,Nepal Infrastructure Bank Limited
2026041605004967,NIFRA,46,17,21,272.9,5730.9,2026-04-16,186578816,2919,Kalika Securities Pvt. Ltd.,ABC Securities Private Limited,2026-04-16 11:44:05.957000,Nepal Infrastructure Bank Limited
2026041605005042,NIFRA,81,17,50,272.9,13645.0,2026-04-16,186579554,2919,Aakashbhairab Securities Ltd.,ABC Securities Private Limited,2026-04-16 11:44:58.188397,Nepal Infrastructure Bank Limited
2026041605005148,NIFRA,44,51,100,272.0,27200.0,2026-04-16,186580541,2919,Dynamic Money Managers Securities Pvt. Ltd.,Oxford Securities Pvt. Ltd.,2026-04-16 11:46:09.751722,Nepal Infrastructure Bank Limited
2026041605005150,NIFRA,44,17,1929,272.9,526424.1,2026-04-16,186580567,2919,Dynamic Money Managers Securities Pvt. Ltd.,ABC Securities Private Limited,2026-04-16 11:46:11.124028,Nepal Infrastructure Bank Limited
2026041605005151,NIFRA,44,13,71,272.9,19375.9,2026-04-16,186580570,2919,Dynamic Money Managers Securities Pvt. Ltd.,Thrive Brokerage House Pvt. Ltd,2026-04-16 11:46:11.124252,Nepal Infrastructure Bank Limited
2026041605005198,NIFRA,35,13,153,272.9,41753.7,2026-04-16,186580879,2919,Kohinoor Investment & Securities Pvt. Ltd.,Thrive Brokerage House Pvt. Ltd,2026-04-16 11:46:29.246727,Nepal Infrastructure Bank Limited
2026041605005212,NIFRA,35,7,10,272.9,2729.0,2026-04-16,186581049,2919,Kohinoor Investment & Securities Pvt. Ltd.,J.F. Securites (PVT) Ltd.,2026-04-16 11:46:40.321839,Nepal Infrastructure Bank Limited
2026041605005241,NIFRA,35,42,50,272.9,13645.0,2026-04-16,186581321,2919,Kohinoor Investment & Securities Pvt. Ltd.,Sani Securities Company Ltd.,2026-04-16 11:46:52.055462,Nepal Infrastructure Bank Limited
2026041605005318,NIFRA,35,65,64,272.9,17465.6,2026-04-16,186582203,2919,Kohinoor Investment & Securities Pvt. Ltd.,Sharepro Securities Private Limited,2026-04-16 11:47:49.496247,Nepal Infrastructure Bank Limited
2026041605005415,NIFRA,44,1,54,273.0,14742.0,2026-04-16,186583013,2919,Dynamic Money Managers Securities Pvt. Ltd.,Kumari Securities Private Limited,2026-04-16 11:48:55.599018,Nepal Infrastructure Bank Limited
2026041605005416,NIFRA,44,56,64,273.0,17472.0,2026-04-16,186583015,2919,Dynamic Money Managers Securities Pvt. Ltd.,Sri Hari Securities Pvt. Ltd.,2026-04-16 11:48:55.599232,Nepal Infrastructure Bank Limited
2026041605005448,NIFRA,44,44,64,273.0,17472.0,2026-04-16,186583413,2919,Dynamic Money Managers Securities Pvt. Ltd.,Dynamic Money Managers Securities Pvt. Ltd.,2026-04-16 11:49:25.790867,Nepal Infrastructure Bank Limited
2026041605005482,NIFRA,44,59,3000,273.0,819000.0,2026-04-16,186583985,2919,Dynamic Money Managers Securities Pvt. Ltd.,Deevyaa Securities & Stock House Pvt. Ltd,2026-04-16 11:50:10.365750,Nepal Infrastructure Bank Limited
2026041605005489,NIFRA,44,74,200,273.0,54600.0,2026-04-16,186584015,2919,Dynamic Money Managers Securities Pvt. Ltd.,KALASH STOCK MARKET PVT. LTD.,2026-04-16 11:50:12.723873,Nepal Infrastructure Bank Limited
2026041605005495,NIFRA,44,57,64,273.0,17472.0,2026-04-16,186584047,2919,Dynamic Money Managers Securities Pvt. Ltd.,Aryatara Investment & Securities,2026-04-16 11:50:15.477992,Nepal Infrastructure Bank Limited
2026041605005538,NIFRA,4,46,39,273.5,10666.5,2026-04-16,186584464,2919,Opal Securities Investment (PVT) Ltd.,Kalika Securities Pvt. Ltd.,2026-04-16 11:50:47.254424,Nepal Infrastructure Bank Limited
2026041605005541,NIFRA,68,46,48,273.5,13128.0,2026-04-16,186584482,2919,Elite Stock House Limited,Kalika Securities Pvt. Ltd.,2026-04-16 11:50:48.450122,Nepal Infrastructure Bank Limited
2026041605005570,NIFRA,44,74,200,273.0,54600.0,2026-04-16,186584717,2919,Dynamic Money Managers Securities Pvt. Ltd.,KALASH STOCK MARKET PVT. LTD.,2026-04-16 11:51:03.351776,Nepal Infrastructure Bank Limited
2026041605005587,NIFRA,44,57,64,273.0,17472.0,2026-04-16,186585283,2919,Dynamic Money Managers Securities Pvt. Ltd.,Aryatara Investment & Securities,2026-04-16 11:51:16.591845,Nepal Infrastructure Bank Limited
2026041605005591,NIFRA,44,1,117,273.0,31941.0,2026-04-16,186585325,2919,Dynamic Money Managers Securities Pvt. Ltd.,Kumari Securities Private Limited,2026-04-16 11:51:19.995022,Nepal Infrastructure Bank Limited
2026041605005595,NIFRA,49,46,10,273.5,2735.0,2026-04-16,186585352,2919,Online Securities Pvt. Ltd.,Kalika Securities Pvt. Ltd.,2026-04-16 11:51:22.220828,Nepal Infrastructure Bank Limited
2026041605005826,NIFRA,44,89,54,273.0,14742.0,2026-04-16,186586559,2919,Dynamic Money Managers Securities Pvt. Ltd.,Global IME Securities Limited,2026-04-16 11:52:38.141303,Nepal Infrastructure Bank Limited
2026041605005907,NIFRA,43,46,103,273.5,28170.5,2026-04-16,186587441,2919,South Asian Bulls Pvt. Ltd.,Kalika Securities Pvt. Ltd.,2026-04-16 11:53:27.556618,Nepal Infrastructure Bank Limited
2026041605005908,NIFRA,43,35,54,273.5,14769.0,2026-04-16,186587444,2919,South Asian Bulls Pvt. Ltd.,Kohinoor Investment & Securities Pvt. Ltd.,2026-04-16 11:53:27.556909,Nepal Infrastructure Bank Limited
2026041605005982,NIFRA,39,5,225,274.0,61650.0,2026-04-16,186587929,2919,Sumeru Securities Pvt. Ltd.,Market Securities & Exchange (PVT) Ltd.,2026-04-16 11:54:04.054372,Nepal Infrastructure Bank Limited
2026041605005983,NIFRA,39,57,25,274.0,6850.0,2026-04-16,186587932,2919,Sumeru Securities Pvt. Ltd.,Aryatara Investment & Securities,2026-04-16 11:54:04.054813,Nepal Infrastructure Bank Limited
2026041605006025,NIFRA,48,57,75,274.0,20550.0,2026-04-16,186588233,2919,Trishakti Securities Public Limited,Aryatara Investment & Securities,2026-04-16 11:54:22.864553,Nepal Infrastructure Bank Limited
2026041605006026,NIFRA,48,48,300,274.0,82200.0,2026-04-16,186588235,2919,Trishakti Securities Public Limited,Trishakti Securities Public Limited,2026-04-16 11:54:22.864967,Nepal Infrastructure Bank Limited
2026041605006027,NIFRA,48,46,100,274.0,27400.0,2026-04-16,186588237,2919,Trishakti Securities Public Limited,Kalika Securities Pvt. Ltd.,2026-04-16 11:54:22.865228,Nepal Infrastructure Bank Limited
2026041605006028,NIFRA,48,58,55,274.0,15070.0,2026-04-16,186588239,2919,Trishakti Securities Public Limited,Naasa Securities Co. Ltd.,2026-04-16 11:54:22.865516,Nepal Infrastructure Bank Limited
2026041605006072,NIFRA,48,17,250,274.0,68500.0,2026-04-16,186588626,2919,Trishakti Securities Public Limited,ABC Securities Private Limited,2026-04-16 11:54:51.230590,Nepal Infrastructure Bank Limited
2026041605006122,NIFRA,44,17,27,274.0,7398.0,2026-04-16,186588981,2919,Dynamic Money Managers Securities Pvt. Ltd.,ABC Securities Private Limited,2026-04-16 11:55:12.823404,Nepal Infrastructure Bank Limited
2026041605006123,NIFRA,44,42,100,274.5,27450.0,2026-04-16,186588983,2919,Dynamic Money Managers Securities Pvt. Ltd.,Sani Securities Company Ltd.,2026-04-16 11:55:12.823837,Nepal Infrastructure Bank Limited
2026041605006124,NIFRA,44,62,300,274.9,82470.0,2026-04-16,186588985,2919,Dynamic Money Managers Securities Pvt. Ltd.,Capital Max Securities Ltd,2026-04-16 11:55:12.824104,Nepal Infrastructure Bank Limited
2026041605006125,NIFRA,44,62,400,274.9,109960.0,2026-04-16,186588987,2919,Dynamic Money Managers Securities Pvt. Ltd.,Capital Max Securities Ltd,2026-04-16 11:55:12.824384,Nepal Infrastructure Bank Limited
2026041605006126,NIFRA,44,58,64,274.9,17593.6,2026-04-16,186588989,2919,Dynamic Money Managers Securities Pvt. Ltd.,Naasa Securities Co. Ltd.,2026-04-16 11:55:12.824651,Nepal Infrastructure Bank Limited
2026041605006127,NIFRA,44,48,128,275.0,35200.0,2026-04-16,186588992,2919,Dynamic Money Managers Securities Pvt. Ltd.,Trishakti Securities Public Limited,2026-04-16 11:55:12.824912,Nepal Infrastructure Bank Limited
2026041605006154,NIFRA,5,21,10,273.0,2730.0,2026-04-16,186589208,2919,Market Securities & Exchange (PVT) Ltd.,Midas Stock Broking Company Private Limited,2026-04-16 11:55:28.173812,Nepal Infrastructure Bank Limited
2026041605006155,NIFRA,35,21,98,273.0,26754.0,2026-04-16,186589209,2919,Kohinoor Investment & Securities Pvt. Ltd.,Midas Stock Broking Company Private Limited,2026-04-16 11:55:28.173861,Nepal Infrastructure Bank Limited
2026041605006161,NIFRA,58,58,1,268.0,268.0,2026-04-16,186589285,2919,Naasa Securities Co. Ltd.,Naasa Securities Co. Ltd.,2026-04-16 11:55:34.574779,Nepal Infrastructure Bank Limited
2026041605006178,NIFRA,51,48,10,275.0,2750.0,2026-04-16,186589430,2919,Oxford Securities Pvt. Ltd.,Trishakti Securities Public Limited,2026-04-16 11:55:43.404002,Nepal Infrastructure Bank Limited
2026041605006293,NIFRA,58,58,4,271.2,1084.8,2026-04-16,186590443,2919,Naasa Securities Co. Ltd.,Naasa Securities Co. Ltd.,2026-04-16 11:56:59.147687,Nepal Infrastructure Bank Limited
2026041605006309,NIFRA,58,14,30,274.9,8247.0,2026-04-16,186590578,2919,Naasa Securities Co. Ltd.,Nepal Stock House (PVT) Ltd.,2026-04-16 11:57:07.847378,Nepal Infrastructure Bank Limited
2026041605006362,NIFRA,51,39,25,274.0,6850.0,2026-04-16,186591200,2919,Oxford Securities Pvt. Ltd.,Sumeru Securities Pvt. Ltd.,2026-04-16 11:57:48.279807,Nepal Infrastructure Bank Limited
2026041605006363,NIFRA,38,39,50,274.0,13700.0,2026-04-16,186591202,2919,Dipshikha Dhitopatra Karobar Co. Pvt Ltd.,Sumeru Securities Pvt. Ltd.,2026-04-16 11:57:48.280029,Nepal Infrastructure Bank Limited
2026041605006364,NIFRA,48,39,20,273.1,5462.0,2026-04-16,186591204,2919,Trishakti Securities Public Limited,Sumeru Securities Pvt. Ltd.,2026-04-16 11:57:48.280117,Nepal Infrastructure Bank Limited
2026041605006365,NIFRA,35,39,202,273.0,55146.0,2026-04-16,186591206,2919,Kohinoor Investment & Securities Pvt. Ltd.,Sumeru Securities Pvt. Ltd.,2026-04-16 11:57:48.280213,Nepal Infrastructure Bank Limited
2026041605006589,NIFRA,32,39,703,273.0,191919.0,2026-04-16,186592662,2919,Premier Securities Company Ltd.,Sumeru Securities Pvt. Ltd.,2026-04-16 11:59:26.309921,Nepal Infrastructure Bank Limited
2026041605006710,NIFRA,58,58,1,267.6,267.6,2026-04-16,186593845,2919,Naasa Securities Co. Ltd.,Naasa Securities Co. Ltd.,2026-04-16 12:00:56.801644,Nepal Infrastructure Bank Limited
2026041605006723,NIFRA,58,58,1,267.6,267.6,2026-04-16,186594051,2919,Naasa Securities Co. Ltd.,Naasa Securities Co. Ltd.,2026-04-16 12:01:08.575167,Nepal Infrastructure Bank Limited
2026041605006748,NIFRA,58,58,1,268.1,268.1,2026-04-16,186594217,2919,Naasa Securities Co. Ltd.,Naasa Securities Co. Ltd.,2026-04-16 12:01:21.018952,Nepal Infrastructure Bank Limited
2026041605006902,NIFRA,34,19,50,272.9,13645.0,2026-04-16,186595666,2919,Vision Securities Pvt. Ltd,Nepal Investment And Securities Trading Private Limited,2026-04-16 12:03:14.691223,Nepal Infrastructure Bank Limited
2026041605006903,NIFRA,49,19,185,272.0,50320.0,2026-04-16,186595668,2919,Online Securities Pvt. Ltd.,Nepal Investment And Securities Trading Private Limited,2026-04-16 12:03:14.691503,Nepal Infrastructure Bank Limited
2026041605006904,NIFRA,42,19,265,272.0,72080.0,2026-04-16,186595669,2919,Sani Securities Company Ltd.,Nepal Investment And Securities Trading Private Limited,2026-04-16 12:03:14.691600,Nepal Infrastructure Bank Limited
2026041605006940,NIFRA,42,39,160,272.0,43520.0,2026-04-16,186596040,2919,Sani Securities Company Ltd.,Sumeru Securities Pvt. Ltd.,2026-04-16 12:03:54.403353,Nepal Infrastructure Bank Limited
2026041605006941,NIFRA,48,39,840,272.0,228480.0,2026-04-16,186596041,2919,Trishakti Securities Public Limited,Sumeru Securities Pvt. Ltd.,2026-04-16 12:03:54.403618,Nepal Infrastructure Bank Limited
2026041605006949,NIFRA,48,39,64,272.0,17408.0,2026-04-16,186596169,2919,Trishakti Securities Public Limited,Sumeru Securities Pvt. Ltd.,2026-04-16 12:04:07.180469,Nepal Infrastructure Bank Limited
2026041605007039,NIFRA,48,53,64,272.0,17408.0,2026-04-16,186596781,2919,Trishakti Securities Public Limited,Investment Management Nepal Pvt. Ltd.,2026-04-16 12:04:59.835201,Nepal Infrastructure Bank Limited
2026041605007080,NIFRA,48,49,32,272.0,8704.0,2026-04-16,186597130,2919,Trishakti Securities Public Limited,Online Securities Pvt. Ltd.,2026-04-16 12:05:36.968216,Nepal Infrastructure Bank Limited
2026041605007081,NIFRA,19,49,22,272.0,5984.0,2026-04-16,186597131,2919,Nepal Investment And Securities Trading Private Limited,Online Securities Pvt. Ltd.,2026-04-16 12:05:36.968732,Nepal Infrastructure Bank Limited
2026041605007124,NIFRA,19,39,178,272.0,48416.0,2026-04-16,186597506,2919,Nepal Investment And Securities Trading Private Limited,Sumeru Securities Pvt. Ltd.,2026-04-16 12:06:10.348518,Nepal Infrastructure Bank Limited
2026041605007125,NIFRA,42,39,822,272.0,223584.0,2026-04-16,186597507,2919,Sani Securities Company Ltd.,Sumeru Securities Pvt. Ltd.,2026-04-16 12:06:10.348992,Nepal Infrastructure Bank Limited
2026041605007164,NIFRA,42,4,54,272.0,14688.0,2026-04-16,186597945,2919,Sani Securities Company Ltd.,Opal Securities Investment (PVT) Ltd.,2026-04-16 12:06:44.707865,Nepal Infrastructure Bank Limited
2026041605007179,NIFRA,42,49,10,272.0,2720.0,2026-04-16,186598105,2919,Sani Securities Company Ltd.,Online Securities Pvt. Ltd.,2026-04-16 12:06:55.513187,Nepal Infrastructure Bank Limited
2026041605007285,NIFRA,42,34,54,272.0,14688.0,2026-04-16,186598881,2919,Sani Securities Company Ltd.,Vision Securities Pvt. Ltd,2026-04-16 12:07:48.723168,Nepal Infrastructure Bank Limited
2026041605007291,NIFRA,42,39,500,272.0,136000.0,2026-04-16,186598957,2919,Sani Securities Company Ltd.,Sumeru Securities Pvt. Ltd.,2026-04-16 12:07:55.861973,Nepal Infrastructure Bank Limited
2026041605007467,NIFRA,42,58,20,272.0,5440.0,2026-04-16,186600021,2919,Sani Securities Company Ltd.,Naasa Securities Co. Ltd.,2026-04-16 12:09:01.342247,Nepal Infrastructure Bank Limited
2026041605007698,NIFRA,42,32,10,272.0,2720.0,2026-04-16,186601227,2919,Sani Securities Company Ltd.,Premier Securities Company Ltd.,2026-04-16 12:10:22.200407,Nepal Infrastructure Bank Limited
2026041605007921,NIFRA,42,13,10,272.0,2720.0,2026-04-16,186602747,2919,Sani Securities Company Ltd.,Thrive Brokerage House Pvt. Ltd,2026-04-16 12:12:13.057261,Nepal Infrastructure Bank Limited
2026041605008013,NIFRA,58,7,4,270.0,1080.0,2026-04-16,186603841,2919,Naasa Securities Co. Ltd.,J.F. Securites (PVT) Ltd.,2026-04-16 12:13:40.986819,Nepal Infrastructure Bank Limited
2026041605008015,NIFRA,42,6,20,272.0,5440.0,2026-04-16,186603858,2919,Sani Securities Company Ltd.,Agrawal Securities (PVT) Ltd.,2026-04-16 12:13:42.945542,Nepal Infrastructure Bank Limited
2026041605008016,NIFRA,41,6,16,272.0,4352.0,2026-04-16,186603860,2919,Linch Stock Market Ltd.,Agrawal Securities (PVT) Ltd.,2026-04-16 12:13:42.945787,Nepal Infrastructure Bank Limited
2026041605008017,NIFRA,4,6,20,272.0,5440.0,2026-04-16,186603862,2919,Opal Securities Investment (PVT) Ltd.,Agrawal Securities (PVT) Ltd.,2026-04-16 12:13:42.945892,Nepal Infrastructure Bank Limited
2026041605008085,NIFRA,58,42,54,271.2,14644.8,2026-04-16,186604371,2919,Naasa Securities Co. Ltd.,Sani Securities Company Ltd.,2026-04-16 12:14:31.336299,Nepal Infrastructure Bank Limited
2026041605008152,NIFRA,58,21,4,269.5,1078.0,2026-04-16,186604787,2919,Naasa Securities Co. Ltd.,Midas Stock Broking Company Private Limited,2026-04-16 12:15:09.946374,Nepal Infrastructure Bank Limited
2026041605008195,NIFRA,34,4,15,272.0,4080.0,2026-04-16,186605278,2919,Vision Securities Pvt. Ltd,Opal Securities Investment (PVT) Ltd.,2026-04-16 12:15:56.480960,Nepal Infrastructure Bank Limited
2026041605008273,NIFRA,58,49,4,269.5,1078.0,2026-04-16,186606143,2919,Naasa Securities Co. Ltd.,Online Securities Pvt. Ltd.,2026-04-16 12:17:19.454541,Nepal Infrastructure Bank Limited
2026041605008294,NIFRA,56,4,11,272.0,2992.0,2026-04-16,186606534,2919,Sri Hari Securities Pvt. Ltd.,Opal Securities Investment (PVT) Ltd.,2026-04-16 12:17:46.701261,Nepal Infrastructure Bank Limited
2026041605008308,NIFRA,58,35,36,271.2,9763.2,2026-04-16,186606730,2919,Naasa Securities Co. Ltd.,Kohinoor Investment & Securities Pvt. Ltd.,2026-04-16 12:18:02.270508,Nepal Infrastructure Bank Limited
2026041605008314,NIFRA,58,35,18,271.2,4881.6,2026-04-16,186606945,2919,Naasa Securities Co. Ltd.,Kohinoor Investment & Securities Pvt. Ltd.,2026-04-16 12:18:20.354704,Nepal Infrastructure Bank Limited
2026041605008315,NIFRA,58,4,32,272.0,8704.0,2026-04-16,186606948,2919,Naasa Securities Co. Ltd.,Opal Securities Investment (PVT) Ltd.,2026-04-16 12:18:20.355300,Nepal Infrastructure Bank Limited
2026041605008340,NIFRA,58,39,100,271.0,27100.0,2026-04-16,186607340,2919,Naasa Securities Co. Ltd.,Sumeru Securities Pvt. Ltd.,2026-04-16 12:18:46.614496,Nepal Infrastructure Bank Limited
2026041605008341,NIFRA,42,39,70,271.0,18970.0,2026-04-16,186607342,2919,Sani Securities Company Ltd.,Sumeru Securities Pvt. Ltd.,2026-04-16 12:18:46.614826,Nepal Infrastructure Bank Limited
2026041605008342,NIFRA,58,39,100,271.0,27100.0,2026-04-16,186607344,2919,Naasa Securities Co. Ltd.,Sumeru Securities Pvt. Ltd.,2026-04-16 12:18:46.614944,Nepal Infrastructure Bank Limited
2026041605008344,NIFRA,44,39,230,271.0,62330.0,2026-04-16,186607349,2919,Dynamic Money Managers Securities Pvt. Ltd.,Sumeru Securities Pvt. Ltd.,2026-04-16 12:18:47.076251,Nepal Infrastructure Bank Limited
2026041605008345,NIFRA,44,4,1220,272.0,331840.0,2026-04-16,186607352,2919,Dynamic Money Managers Securities Pvt. Ltd.,Opal Securities Investment (PVT) Ltd.,2026-04-16 12:18:47.076549,Nepal Infrastructure Bank Limited
2026041605008357,NIFRA,44,58,24,270.3,6487.2,2026-04-16,186607575,2919,Dynamic Money Managers Securities Pvt. Ltd.,Naasa Securities Co. Ltd.,2026-04-16 12:19:06.894230,Nepal Infrastructure Bank Limited
2026041605008395,NIFRA,42,4,23,272.0,6256.0,2026-04-16,186607990,2919,Sani Securities Company Ltd.,Opal Securities Investment (PVT) Ltd.,2026-04-16 12:19:41.707683,Nepal Infrastructure Bank Limited
2026041605008681,NIFRA,43,39,200,271.9,54380.0,2026-04-16,186610938,2919,South Asian Bulls Pvt. Ltd.,Sumeru Securities Pvt. Ltd.,2026-04-16 12:23:43.790360,Nepal Infrastructure Bank Limited
2026041605008750,NIFRA,67,22,25,270.5,6762.5,2026-04-16,186611774,2919,Property Wiard Limited,Siprabi Securities Pvt. Ltd.,2026-04-16 12:24:39.017452,Nepal Infrastructure Bank Limited
2026041605008751,NIFRA,48,22,20,270.4,5408.0,2026-04-16,186611776,2919,Trishakti Securities Public Limited,Siprabi Securities Pvt. Ltd.,2026-04-16 12:24:39.017699,Nepal Infrastructure Bank Limited
2026041605008885,NIFRA,33,38,54,270.6,14612.4,2026-04-16,186612937,2919,Dakshinkali Investment & Securities Pvt. Ltd.,Dipshikha Dhitopatra Karobar Co. Pvt Ltd.,2026-04-16 12:25:57.873356,Nepal Infrastructure Bank Limited
2026041605008892,NIFRA,21,18,13,271.9,3534.7,2026-04-16,186612988,2919,Midas Stock Broking Company Private Limited,Sagarmatha Securities Private Limited,2026-04-16 12:26:01.196373,Nepal Infrastructure Bank Limited
2026041605009001,NIFRA,58,16,4,269.5,1078.0,2026-04-16,186614021,2919,Naasa Securities Co. Ltd.,Primo Securities (PVT) Ltd.,2026-04-16 12:27:20.397605,Nepal Infrastructure Bank Limited
2026041605009103,NIFRA,58,34,54,271.7,14671.8,2026-04-16,186614687,2919,Naasa Securities Co. Ltd.,Vision Securities Pvt. Ltd,2026-04-16 12:28:14.293074,Nepal Infrastructure Bank Limited
2026041605009211,NIFRA,58,53,30,271.7,8151.0,2026-04-16,186615489,2919,Naasa Securities Co. Ltd.,Investment Management Nepal Pvt. Ltd.,2026-04-16 12:29:25.885701,Nepal Infrastructure Bank Limited
2026041605009213,NIFRA,58,38,34,271.7,9237.8,2026-04-16,186615504,2919,Naasa Securities Co. Ltd.,Dipshikha Dhitopatra Karobar Co. Pvt Ltd.,2026-04-16 12:29:27.644213,Nepal Infrastructure Bank Limited
2026041605009263,NIFRA,58,57,250,271.1,67775.0,2026-04-16,186615903,2919,Naasa Securities Co. Ltd.,Aryatara Investment & Securities,2026-04-16 12:30:10.584526,Nepal Infrastructure Bank Limited
2026041605009298,NIFRA,58,49,64,271.1,17350.4,2026-04-16,186616097,2919,Naasa Securities Co. Ltd.,Online Securities Pvt. Ltd.,2026-04-16 12:30:23.803057,Nepal Infrastructure Bank Limited
2026041605009313,NIFRA,58,38,20,271.1,5422.0,2026-04-16,186616241,2919,Naasa Securities Co. Ltd.,Dipshikha Dhitopatra Karobar Co. Pvt Ltd.,2026-04-16 12:30:36.234778,Nepal Infrastructure Bank Limited
2026041605009471,NIFRA,59,26,64,271.4,17369.6,2026-04-16,186617211,2919,Deevyaa Securities & Stock House Pvt. Ltd,Asian Securities Private Ltd.,2026-04-16 12:31:57.127674,Nepal Infrastructure Bank Limited
2026041605009509,NIFRA,59,14,36,271.4,9770.4,2026-04-16,186617734,2919,Deevyaa Securities & Stock House Pvt. Ltd,Nepal Stock House (PVT) Ltd.,2026-04-16 12:32:40.115069,Nepal Infrastructure Bank Limited
2026041605009515,NIFRA,58,14,10,271.4,2714.0,2026-04-16,186617794,2919,Naasa Securities Co. Ltd.,Nepal Stock House (PVT) Ltd.,2026-04-16 12:32:45.436836,Nepal Infrastructure Bank Limited
2026041605009570,NIFRA,74,41,2,273.5,547.0,2026-04-16,186618119,2919,KALASH STOCK MARKET PVT. LTD.,Linch Stock Market Ltd.,2026-04-16 12:33:17.675080,Nepal Infrastructure Bank Limited
2026041605009572,NIFRA,42,36,50,271.5,13575.0,2026-04-16,186618190,2919,Sani Securities Company Ltd.,Secured Securities Ltd.,2026-04-16 12:33:25.366660,Nepal Infrastructure Bank Limited
2026041605009594,NIFRA,6,51,15,271.3,4069.5,2026-04-16,186618380,2919,Agrawal Securities (PVT) Ltd.,Oxford Securities Pvt. Ltd.,2026-04-16 12:33:43.863611,Nepal Infrastructure Bank Limited
2026041605009595,NIFRA,26,51,39,271.2,10576.8,2026-04-16,186618381,2919,Asian Securities Private Ltd.,Oxford Securities Pvt. Ltd.,2026-04-16 12:33:43.864099,Nepal Infrastructure Bank Limited
2026041605009625,NIFRA,26,38,64,271.2,17356.8,2026-04-16,186618635,2919,Asian Securities Private Ltd.,Dipshikha Dhitopatra Karobar Co. Pvt Ltd.,2026-04-16 12:34:09.755094,Nepal Infrastructure Bank Limited
2026041605009652,NIFRA,44,18,987,271.9,268365.3,2026-04-16,186618821,2919,Dynamic Money Managers Securities Pvt. Ltd.,Sagarmatha Securities Private Limited,2026-04-16 12:34:26.902198,Nepal Infrastructure Bank Limited
2026041605009653,NIFRA,44,4,199,272.0,54128.0,2026-04-16,186618823,2919,Dynamic Money Managers Securities Pvt. Ltd.,Opal Securities Investment (PVT) Ltd.,2026-04-16 12:34:26.902594,Nepal Infrastructure Bank Limited
2026041605009654,NIFRA,44,36,50,272.0,13600.0,2026-04-16,186618825,2919,Dynamic Money Managers Securities Pvt. Ltd.,Secured Securities Ltd.,2026-04-16 12:34:26.902718,Nepal Infrastructure Bank Limited
2026041605009655,NIFRA,44,71,64,272.0,17408.0,2026-04-16,186618827,2919,Dynamic Money Managers Securities Pvt. Ltd.,SHUBHAKAMANA SECURITIES PVT. LTD,2026-04-16 12:34:26.902833,Nepal Infrastructure Bank Limited
2026041605009656,NIFRA,44,39,150,272.0,40800.0,2026-04-16,186618829,2919,Dynamic Money Managers Securities Pvt. Ltd.,Sumeru Securities Pvt. Ltd.,2026-04-16 12:34:26.902960,Nepal Infrastructure Bank Limited
2026041605009657,NIFRA,44,38,300,272.0,81600.0,2026-04-16,186618831,2919,Dynamic Money Managers Securities Pvt. Ltd.,Dipshikha Dhitopatra Karobar Co. Pvt Ltd.,2026-04-16 12:34:26.903093,Nepal Infrastructure Bank Limited
2026041605009658,NIFRA,44,49,54,272.0,14688.0,2026-04-16,186618833,2919,Dynamic Money Managers Securities Pvt. Ltd.,Online Securities Pvt. Ltd.,2026-04-16 12:34:26.903230,Nepal Infrastructure Bank Limited
2026041605009731,NIFRA,44,8,54,272.5,14715.0,2026-04-16,186619159,2919,Dynamic Money Managers Securities Pvt. Ltd.,Brilliant Securities Pvt. Ltd.,2026-04-16 12:34:52.006629,Nepal Infrastructure Bank Limited
2026041605009732,NIFRA,44,41,18,273.0,4914.0,2026-04-16,186619161,2919,Dynamic Money Managers Securities Pvt. Ltd.,Linch Stock Market Ltd.,2026-04-16 12:34:52.006917,Nepal Infrastructure Bank Limited
2026041605009733,NIFRA,44,22,21,273.0,5733.0,2026-04-16,186619163,2919,Dynamic Money Managers Securities Pvt. Ltd.,Siprabi Securities Pvt. Ltd.,2026-04-16 12:34:52.007036,Nepal Infrastructure Bank Limited
2026041605009734,NIFRA,44,29,103,273.0,28119.0,2026-04-16,186619166,2919,Dynamic Money Managers Securities Pvt. Ltd.,Trisul Securities & Invt. Ltd.,2026-04-16 12:34:52.007150,Nepal Infrastructure Bank Limited
2026041605009921,NIFRA,11,49,14,272.0,3808.0,2026-04-16,186620787,2919,Malla & Malla Stock Broking Company Pvt. Limited,Online Securities Pvt. Ltd.,2026-04-16 12:37:21.451825,Nepal Infrastructure Bank Limited
2026041605009964,NIFRA,11,91,36,272.8,9820.8,2026-04-16,186621168,2919,Malla & Malla Stock Broking Company Pvt. Limited,Citizens Share Broker Limited,2026-04-16 12:37:59.547940,Nepal Infrastructure Bank Limited
2026041605010001,NIFRA,42,7,4,269.0,1076.0,2026-04-16,186621509,2919,Sani Securities Company Ltd.,J.F. Securites (PVT) Ltd.,2026-04-16 12:38:44.996161,Nepal Infrastructure Bank Limited
2026041605010055,NIFRA,74,71,29,272.1,7890.9,2026-04-16,186621849,2919,KALASH STOCK MARKET PVT. LTD.,SHUBHAKAMANA SECURITIES PVT. LTD,2026-04-16 12:39:27.921915,Nepal Infrastructure Bank Limited
2026041605010060,NIFRA,74,29,432,272.1,117547.2,2026-04-16,186621943,2919,KALASH STOCK MARKET PVT. LTD.,Trisul Securities & Invt. Ltd.,2026-04-16 12:39:35.962178,Nepal Infrastructure Bank Limited
2026041605010081,NIFRA,42,14,8,271.0,2168.0,2026-04-16,186622181,2919,Sani Securities Company Ltd.,Nepal Stock House (PVT) Ltd.,2026-04-16 12:40:01.678073,Nepal Infrastructure Bank Limited
2026041605010256,NIFRA,14,91,100,272.8,27280.0,2026-04-16,186623566,2919,Nepal Stock House (PVT) Ltd.,Citizens Share Broker Limited,2026-04-16 12:42:04.109779,Nepal Infrastructure Bank Limited
2026041605010259,NIFRA,42,36,4,271.5,1086.0,2026-04-16,186623581,2919,Sani Securities Company Ltd.,Secured Securities Ltd.,2026-04-16 12:42:06.358794,Nepal Infrastructure Bank Limited
2026041605010352,NIFRA,81,91,50,272.8,13640.0,2026-04-16,186624404,2919,Aakashbhairab Securities Ltd.,Citizens Share Broker Limited,2026-04-16 12:43:20.105978,Nepal Infrastructure Bank Limited
2026041605010389,NIFRA,1,97,1000,272.6,272600.0,2026-04-16,186624873,2919,Kumari Securities Private Limited,R.B.B. Securities Company Ltd,2026-04-16 12:43:49.614818,Nepal Infrastructure Bank Limited
2026041605010431,NIFRA,58,39,1666,272.5,453985.0,2026-04-16,186625262,2919,Naasa Securities Co. Ltd.,Sumeru Securities Pvt. Ltd.,2026-04-16 12:44:15.988793,Nepal Infrastructure Bank Limited
2026041605010432,NIFRA,42,38,4,271.6,1086.4,2026-04-16,186625269,2919,Sani Securities Company Ltd.,Dipshikha Dhitopatra Karobar Co. Pvt Ltd.,2026-04-16 12:44:17.206369,Nepal Infrastructure Bank Limited
2026041605010476,NIFRA,58,39,26,272.5,7085.0,2026-04-16,186625600,2919,Naasa Securities Co. Ltd.,Sumeru Securities Pvt. Ltd.,2026-04-16 12:44:42.558162,Nepal Infrastructure Bank Limited
2026041605010512,NIFRA,58,39,54,272.3,14704.2,2026-04-16,186625989,2919,Naasa Securities Co. Ltd.,Sumeru Securities Pvt. Ltd.,2026-04-16 12:45:21.437970,Nepal Infrastructure Bank Limited
2026041605010540,NIFRA,58,8,12,272.3,3267.6,2026-04-16,186626105,2919,Naasa Securities Co. Ltd.,Brilliant Securities Pvt. Ltd.,2026-04-16 12:45:31.736675,Nepal Infrastructure Bank Limited
2026041605010543,NIFRA,58,35,64,272.3,17427.2,2026-04-16,186626125,2919,Naasa Securities Co. Ltd.,Kohinoor Investment & Securities Pvt. Ltd.,2026-04-16 12:45:32.927798,Nepal Infrastructure Bank Limited
2026041605010548,NIFRA,29,39,34,272.5,9265.0,2026-04-16,186626148,2919,Trisul Securities & Invt. Ltd.,Sumeru Securities Pvt. Ltd.,2026-04-16 12:45:35.725875,Nepal Infrastructure Bank Limited
2026041605010613,NIFRA,58,25,64,272.3,17427.2,2026-04-16,186627093,2919,Naasa Securities Co. Ltd.,Sweta Securities Private Limited,2026-04-16 12:46:58.814466,Nepal Infrastructure Bank Limited
2026041605010662,NIFRA,34,39,200,272.5,54500.0,2026-04-16,186627476,2919,Vision Securities Pvt. Ltd,Sumeru Securities Pvt. Ltd.,2026-04-16 12:47:30.907869,Nepal Infrastructure Bank Limited
2026041605010690,NIFRA,58,45,54,272.3,14704.2,2026-04-16,186627565,2919,Naasa Securities Co. Ltd.,Imperial Securities Company Pvt. Ltd.,2026-04-16 12:47:37.282913,Nepal Infrastructure Bank Limited
2026041605010691,NIFRA,1,39,74,272.5,20165.0,2026-04-16,186627644,2919,Kumari Securities Private Limited,Sumeru Securities Pvt. Ltd.,2026-04-16 12:47:49.623425,Nepal Infrastructure Bank Limited
2026041605010827,NIFRA,51,91,100,272.8,27280.0,2026-04-16,186628724,2919,Oxford Securities Pvt. Ltd.,Citizens Share Broker Limited,2026-04-16 12:49:18.754834,Nepal Infrastructure Bank Limited
2026041605010862,NIFRA,1,91,14,272.8,3819.2,2026-04-16,186628999,2919,Kumari Securities Private Limited,Citizens Share Broker Limited,2026-04-16 12:49:54.341671,Nepal Infrastructure Bank Limited
2026041605010863,NIFRA,1,45,64,272.8,17459.2,2026-04-16,186629002,2919,Kumari Securities Private Limited,Imperial Securities Company Pvt. Ltd.,2026-04-16 12:49:54.342267,Nepal Infrastructure Bank Limited
2026041605010867,NIFRA,38,13,10,272.5,2725.0,2026-04-16,186629096,2919,Dipshikha Dhitopatra Karobar Co. Pvt Ltd.,Thrive Brokerage House Pvt. Ltd,2026-04-16 12:50:05.192856,Nepal Infrastructure Bank Limited
2026041605010868,NIFRA,57,13,100,272.5,27250.0,2026-04-16,186629098,2919,Aryatara Investment & Securities,Thrive Brokerage House Pvt. Ltd,2026-04-16 12:50:05.193214,Nepal Infrastructure Bank Limited
2026041605010869,NIFRA,26,13,97,272.4,26422.8,2026-04-16,186629100,2919,Asian Securities Private Ltd.,Thrive Brokerage House Pvt. Ltd,2026-04-16 12:50:05.193369,Nepal Infrastructure Bank Limited
2026041605010870,NIFRA,58,13,252,272.3,68619.6,2026-04-16,186629102,2919,Naasa Securities Co. Ltd.,Thrive Brokerage House Pvt. Ltd,2026-04-16 12:50:05.193703,Nepal Infrastructure Bank Limited
2026041605010871,NIFRA,38,13,140,272.3,38122.0,2026-04-16,186629104,2919,Dipshikha Dhitopatra Karobar Co. Pvt Ltd.,Thrive Brokerage House Pvt. Ltd,2026-04-16 12:50:05.194005,Nepal Infrastructure Bank Limited
2026041605010872,NIFRA,74,13,223,272.1,60678.3,2026-04-16,186629105,2919,KALASH STOCK MARKET PVT. LTD.,Thrive Brokerage House Pvt. Ltd,2026-04-16 12:50:05.194201,Nepal Infrastructure Bank Limited
2026041605010963,NIFRA,74,45,104,272.1,28298.4,2026-04-16,186630063,2919,KALASH STOCK MARKET PVT. LTD.,Imperial Securities Company Pvt. Ltd.,2026-04-16 12:51:29.174676,Nepal Infrastructure Bank Limited
2026041605011026,NIFRA,74,66,54,272.1,14693.4,2026-04-16,186630699,2919,KALASH STOCK MARKET PVT. LTD.,Miyo Securities Pvt Ltd,2026-04-16 12:52:33.287293,Nepal Infrastructure Bank Limited
2026041605011029,NIFRA,58,58,3,271.0,813.0,2026-04-16,186630733,2919,Naasa Securities Co. Ltd.,Naasa Securities Co. Ltd.,2026-04-16 12:52:37.886651,Nepal Infrastructure Bank Limited
2026041605011214,NIFRA,57,52,20,272.9,5458.0,2026-04-16,186632953,2919,Aryatara Investment & Securities,Sundhara Securities Limited,2026-04-16 12:55:31.032491,Nepal Infrastructure Bank Limited
2026041605011215,NIFRA,57,89,80,272.9,21832.0,2026-04-16,186632956,2919,Aryatara Investment & Securities,Global IME Securities Limited,2026-04-16 12:55:31.033066,Nepal Infrastructure Bank Limited
2026041605011247,NIFRA,4,89,20,272.9,5458.0,2026-04-16,186633193,2919,Opal Securities Investment (PVT) Ltd.,Global IME Securities Limited,2026-04-16 12:56:02.918792,Nepal Infrastructure Bank Limited
2026041605011248,NIFRA,4,29,130,273.0,35490.0,2026-04-16,186633196,2919,Opal Securities Investment (PVT) Ltd.,Trisul Securities & Invt. Ltd.,2026-04-16 12:56:02.918838,Nepal Infrastructure Bank Limited
2026041605011271,NIFRA,48,29,82,273.0,22386.0,2026-04-16,186633423,2919,Trishakti Securities Public Limited,Trisul Securities & Invt. Ltd.,2026-04-16 12:56:33.406001,Nepal Infrastructure Bank Limited
2026041605011272,NIFRA,48,45,330,273.0,90090.0,2026-04-16,186633426,2919,Trishakti Securities Public Limited,Imperial Securities Company Pvt. Ltd.,2026-04-16 12:56:33.406323,Nepal Infrastructure Bank Limited
2026041605011337,NIFRA,74,8,43,272.1,11700.3,2026-04-16,186634227,2919,KALASH STOCK MARKET PVT. LTD.,Brilliant Securities Pvt. Ltd.,2026-04-16 12:58:00.773134,Nepal Infrastructure Bank Limited
2026041605011343,NIFRA,57,34,54,273.0,14742.0,2026-04-16,186634327,2919,Aryatara Investment & Securities,Vision Securities Pvt. Ltd,2026-04-16 12:58:15.531728,Nepal Infrastructure Bank Limited
2026041605011344,NIFRA,57,29,246,273.0,67158.0,2026-04-16,186634330,2919,Aryatara Investment & Securities,Trisul Securities & Invt. Ltd.,2026-04-16 12:58:15.532054,Nepal Infrastructure Bank Limited
2026041605011438,NIFRA,74,6,54,272.1,14693.4,2026-04-16,186635041,2919,KALASH STOCK MARKET PVT. LTD.,Agrawal Securities (PVT) Ltd.,2026-04-16 12:59:40.888920,Nepal Infrastructure Bank Limited
2026041605011462,NIFRA,58,45,9,271.0,2439.0,2026-04-16,186635271,2919,Naasa Securities Co. Ltd.,Imperial Securities Company Pvt. Ltd.,2026-04-16 12:59:56.735125,Nepal Infrastructure Bank Limited
2026041605011511,NIFRA,57,38,162,272.9,44209.8,2026-04-16,186635854,2919,Aryatara Investment & Securities,Dipshikha Dhitopatra Karobar Co. Pvt Ltd.,2026-04-16 13:00:49.733224,Nepal Infrastructure Bank Limited
2026041605011567,NIFRA,42,14,4,271.7,1086.8,2026-04-16,186636565,2919,Sani Securities Company Ltd.,Nepal Stock House (PVT) Ltd.,2026-04-16 13:02:01.598744,Nepal Infrastructure Bank Limited
2026041605011665,NIFRA,74,7,10,272.1,2721.0,2026-04-16,186637505,2919,KALASH STOCK MARKET PVT. LTD.,J.F. Securites (PVT) Ltd.,2026-04-16 13:03:28.971145,Nepal Infrastructure Bank Limited
2026041605011693,NIFRA,74,11,50,272.1,13605.0,2026-04-16,186637787,2919,KALASH STOCK MARKET PVT. LTD.,Malla & Malla Stock Broking Company Pvt. Limited,2026-04-16 13:03:55.774414,Nepal Infrastructure Bank Limited
2026041605011757,NIFRA,17,48,37,272.1,10067.7,2026-04-16,186638418,2919,ABC Securities Private Limited,Trishakti Securities Public Limited,2026-04-16 13:05:09.512233,Nepal Infrastructure Bank Limited
2026041605011758,NIFRA,101,42,400,272.1,108840.0,2026-04-16,186638422,2919,APPLE SECURITIES PRIVATE LIMITED,Sani Securities Company Ltd.,2026-04-16 13:05:09.977727,Nepal Infrastructure Bank Limited
2026041605011759,NIFRA,66,42,30,272.0,8160.0,2026-04-16,186638424,2919,Miyo Securities Pvt Ltd,Sani Securities Company Ltd.,2026-04-16 13:05:09.978384,Nepal Infrastructure Bank Limited
2026041605011760,NIFRA,58,42,200,272.0,54400.0,2026-04-16,186638426,2919,Naasa Securities Co. Ltd.,Sani Securities Company Ltd.,2026-04-16 13:05:09.978861,Nepal Infrastructure Bank Limited
2026041605011761,NIFRA,45,42,200,272.0,54400.0,2026-04-16,186638428,2919,Imperial Securities Company Pvt. Ltd.,Sani Securities Company Ltd.,2026-04-16 13:05:09.979272,Nepal Infrastructure Bank Limited
2026041605011762,NIFRA,67,42,147,272.0,39984.0,2026-04-16,186638430,2919,Property Wiard Limited,Sani Securities Company Ltd.,2026-04-16 13:05:09.979752,Nepal Infrastructure Bank Limited
2026041605011763,NIFRA,58,42,20,272.0,5440.0,2026-04-16,186638432,2919,Naasa Securities Co. Ltd.,Sani Securities Company Ltd.,2026-04-16 13:05:09.980221,Nepal Infrastructure Bank Limited
2026041605011883,NIFRA,58,58,4,270.0,1080.0,2026-04-16,186639535,2919,Naasa Securities Co. Ltd.,Naasa Securities Co. Ltd.,2026-04-16 13:06:32.224825,Nepal Infrastructure Bank Limited
2026041605012210,NIFRA,6,34,22,271.5,5973.0,2026-04-16,186640979,2919,Agrawal Securities (PVT) Ltd.,Vision Securities Pvt. Ltd,2026-04-16 13:07:52.145581,Nepal Infrastructure Bank Limited
2026041605012230,NIFRA,6,13,64,271.5,17376.0,2026-04-16,186641225,2919,Agrawal Securities (PVT) Ltd.,Thrive Brokerage House Pvt. Ltd,2026-04-16 13:08:15.602018,Nepal Infrastructure Bank Limited
2026041605012252,NIFRA,6,45,14,271.5,3801.0,2026-04-16,186641584,2919,Agrawal Securities (PVT) Ltd.,Imperial Securities Company Pvt. Ltd.,2026-04-16 13:08:43.461496,Nepal Infrastructure Bank Limited
2026041605012253,NIFRA,88,45,86,271.5,23349.0,2026-04-16,186641585,2919,Blue Chip Securities Ltd,Imperial Securities Company Pvt. Ltd.,2026-04-16 13:08:43.462174,Nepal Infrastructure Bank Limited
2026041605012333,NIFRA,88,46,20,271.5,5430.0,2026-04-16,186642237,2919,Blue Chip Securities Ltd,Kalika Securities Pvt. Ltd.,2026-04-16 13:09:24.785211,Nepal Infrastructure Bank Limited
2026041605012359,NIFRA,88,38,500,271.5,135750.0,2026-04-16,186642528,2919,Blue Chip Securities Ltd,Dipshikha Dhitopatra Karobar Co. Pvt Ltd.,2026-04-16 13:09:37.031026,Nepal Infrastructure Bank Limited
2026041605012445,NIFRA,88,5,232,271.5,62988.0,2026-04-16,186643383,2919,Blue Chip Securities Ltd,Market Securities & Exchange (PVT) Ltd.,2026-04-16 13:10:20.068320,Nepal Infrastructure Bank Limited
2026041605012825,NIFRA,88,38,64,271.5,17376.0,2026-04-16,186646293,2919,Blue Chip Securities Ltd,Dipshikha Dhitopatra Karobar Co. Pvt Ltd.,2026-04-16 13:12:47.018753,Nepal Infrastructure Bank Limited
2026041605012835,NIFRA,88,21,198,271.5,53757.0,2026-04-16,186646454,2919,Blue Chip Securities Ltd,Midas Stock Broking Company Private Limited,2026-04-16 13:12:57.509598,Nepal Infrastructure Bank Limited
2026041605012836,NIFRA,14,21,100,271.2,27120.0,2026-04-16,186646456,2919,Nepal Stock House (PVT) Ltd.,Midas Stock Broking Company Private Limited,2026-04-16 13:12:57.509667,Nepal Infrastructure Bank Limited
2026041605012837,NIFRA,45,21,1900,271.1,515090.0,2026-04-16,186646458,2919,Imperial Securities Company Pvt. Ltd.,Midas Stock Broking Company Private Limited,2026-04-16 13:12:57.509696,Nepal Infrastructure Bank Limited
2026041605012838,NIFRA,44,21,802,271.0,217342.0,2026-04-16,186646459,2919,Dynamic Money Managers Securities Pvt. Ltd.,Midas Stock Broking Company Private Limited,2026-04-16 13:12:57.509733,Nepal Infrastructure Bank Limited
2026041605012874,NIFRA,44,58,16,271.0,4336.0,2026-04-16,186646683,2919,Dynamic Money Managers Securities Pvt. Ltd.,Naasa Securities Co. Ltd.,2026-04-16 13:13:10.128447,Nepal Infrastructure Bank Limited
2026041605012951,NIFRA,44,7,1000,271.0,271000.0,2026-04-16,186647567,2919,Dynamic Money Managers Securities Pvt. Ltd.,J.F. Securites (PVT) Ltd.,2026-04-16 13:13:53.367708,Nepal Infrastructure Bank Limited
2026041605013013,NIFRA,44,91,3182,271.0,862322.0,2026-04-16,186647962,2919,Dynamic Money Managers Securities Pvt. Ltd.,Citizens Share Broker Limited,2026-04-16 13:14:16.765106,Nepal Infrastructure Bank Limited
2026041605013014,NIFRA,1,91,48,271.0,13008.0,2026-04-16,186647964,2919,Kumari Securities Private Limited,Citizens Share Broker Limited,2026-04-16 13:14:16.765727,Nepal Infrastructure Bank Limited
2026041605013015,NIFRA,58,91,70,271.0,18970.0,2026-04-16,186647965,2919,Naasa Securities Co. Ltd.,Citizens Share Broker Limited,2026-04-16 13:14:16.766162,Nepal Infrastructure Bank Limited
2026041605013172,NIFRA,33,58,40,270.5,10820.0,2026-04-16,186649203,2919,Dakshinkali Investment & Securities Pvt. Ltd.,Naasa Securities Co. Ltd.,2026-04-16 13:15:17.603604,Nepal Infrastructure Bank Limited
2026041605013390,NIFRA,33,49,54,270.5,14607.0,2026-04-16,186651101,2919,Dakshinkali Investment & Securities Pvt. Ltd.,Online Securities Pvt. Ltd.,2026-04-16 13:16:54.720262,Nepal Infrastructure Bank Limited
2026041605013519,NIFRA,33,4,52,270.5,14066.0,2026-04-16,186652022,2919,Dakshinkali Investment & Securities Pvt. Ltd.,Opal Securities Investment (PVT) Ltd.,2026-04-16 13:17:43.722763,Nepal Infrastructure Bank Limited
2026041605013520,NIFRA,10,4,158,270.4,42723.2,2026-04-16,186652023,2919,Pragyan Securities (PVT) Ltd.,Opal Securities Investment (PVT) Ltd.,2026-04-16 13:17:43.723065,Nepal Infrastructure Bank Limited
2026041605013658,NIFRA,10,34,200,270.4,54080.0,2026-04-16,186653107,2919,Pragyan Securities (PVT) Ltd.,Vision Securities Pvt. Ltd,2026-04-16 13:18:20.220045,Nepal Infrastructure Bank Limited
2026041605013681,NIFRA,10,21,54,270.4,14601.6,2026-04-16,186653183,2919,Pragyan Securities (PVT) Ltd.,Midas Stock Broking Company Private Limited,2026-04-16 13:18:24.010683,Nepal Infrastructure Bank Limited
2026041605013767,NIFRA,10,91,88,270.4,23795.2,2026-04-16,186654050,2919,Pragyan Securities (PVT) Ltd.,Citizens Share Broker Limited,2026-04-16 13:19:05.873237,Nepal Infrastructure Bank Limited
2026041605013768,NIFRA,43,91,192,270.4,51916.8,2026-04-16,186654051,2919,South Asian Bulls Pvt. Ltd.,Citizens Share Broker Limited,2026-04-16 13:19:05.873627,Nepal Infrastructure Bank Limited
2026041605013823,NIFRA,44,57,476,270.3,128662.8,2026-04-16,186654548,2919,Dynamic Money Managers Securities Pvt. Ltd.,Aryatara Investment & Securities,2026-04-16 13:19:34.175531,Nepal Infrastructure Bank Limited
2026041605013824,NIFRA,53,57,524,270.1,141532.4,2026-04-16,186654549,2919,Investment Management Nepal Pvt. Ltd.,Aryatara Investment & Securities,2026-04-16 13:19:34.176127,Nepal Infrastructure Bank Limited
2026041605013843,NIFRA,53,80,32,270.1,8643.2,2026-04-16,186654801,2919,Investment Management Nepal Pvt. Ltd.,Indira securities pvt. ltd,2026-04-16 13:19:44.103203,Nepal Infrastructure Bank Limited
2026041605013898,NIFRA,53,91,240,270.1,64824.0,2026-04-16,186655297,2919,Investment Management Nepal Pvt. Ltd.,Citizens Share Broker Limited,2026-04-16 13:20:00.328719,Nepal Infrastructure Bank Limited
2026041605013982,NIFRA,53,49,204,270.1,55100.4,2026-04-16,186655776,2919,Investment Management Nepal Pvt. Ltd.,Online Securities Pvt. Ltd.,2026-04-16 13:20:24.861725,Nepal Infrastructure Bank Limited
2026041605013983,NIFRA,45,49,1141,270.1,308184.1,2026-04-16,186655777,2919,Imperial Securities Company Pvt. Ltd.,Online Securities Pvt. Ltd.,2026-04-16 13:20:24.862010,Nepal Infrastructure Bank Limited
2026041605014041,NIFRA,45,36,859,270.1,232015.9,2026-04-16,186656034,2919,Imperial Securities Company Pvt. Ltd.,Secured Securities Ltd.,2026-04-16 13:20:37.359575,Nepal Infrastructure Bank Limited
2026041605014042,NIFRA,58,36,100,270.0,27000.0,2026-04-16,186656036,2919,Naasa Securities Co. Ltd.,Secured Securities Ltd.,2026-04-16 13:20:37.359896,Nepal Infrastructure Bank Limited
2026041605014043,NIFRA,43,36,1000,270.0,270000.0,2026-04-16,186656038,2919,South Asian Bulls Pvt. Ltd.,Secured Securities Ltd.,2026-04-16 13:20:37.360027,Nepal Infrastructure Bank Limited
2026041605014044,NIFRA,41,36,30,270.0,8100.0,2026-04-16,186656040,2919,Linch Stock Market Ltd.,Secured Securities Ltd.,2026-04-16 13:20:37.360147,Nepal Infrastructure Bank Limited
2026041605014045,NIFRA,51,36,11,270.0,2970.0,2026-04-16,186656041,2919,Oxford Securities Pvt. Ltd.,Secured Securities Ltd.,2026-04-16 13:20:37.360288,Nepal Infrastructure Bank Limited
2026041605014116,NIFRA,51,33,235,270.0,63450.0,2026-04-16,186656337,2919,Oxford Securities Pvt. Ltd.,Dakshinkali Investment & Securities Pvt. Ltd.,2026-04-16 13:20:50.911428,Nepal Infrastructure Bank Limited
2026041605014166,NIFRA,51,58,217,270.0,58590.0,2026-04-16,186657015,2919,Oxford Securities Pvt. Ltd.,Naasa Securities Co. Ltd.,2026-04-16 13:21:21.554012,Nepal Infrastructure Bank Limited
2026041605014219,NIFRA,51,58,64,270.0,17280.0,2026-04-16,186657417,2919,Oxford Securities Pvt. Ltd.,Naasa Securities Co. Ltd.,2026-04-16 13:21:40.140631,Nepal Infrastructure Bank Limited
2026041605014223,NIFRA,51,50,200,270.0,54000.0,2026-04-16,186657479,2919,Oxford Securities Pvt. Ltd.,Cristal Kanchanjanga Securites Pvt. Ltd.,2026-04-16 13:21:43.226330,Nepal Infrastructure Bank Limited
2026041605014224,NIFRA,51,34,273,270.0,73710.0,2026-04-16,186657488,2919,Oxford Securities Pvt. Ltd.,Vision Securities Pvt. Ltd,2026-04-16 13:21:43.840335,Nepal Infrastructure Bank Limited
2026041605014225,NIFRA,51,34,227,270.0,61290.0,2026-04-16,186657489,2919,Oxford Securities Pvt. Ltd.,Vision Securities Pvt. Ltd,2026-04-16 13:21:43.840661,Nepal Infrastructure Bank Limited
2026041605014253,NIFRA,51,14,54,270.0,14580.0,2026-04-16,186657851,2919,Oxford Securities Pvt. Ltd.,Nepal Stock House (PVT) Ltd.,2026-04-16 13:22:01.481040,Nepal Infrastructure Bank Limited
2026041605014383,NIFRA,34,32,20,270.2,5404.0,2026-04-16,186659084,2919,Vision Securities Pvt. Ltd,Premier Securities Company Ltd.,2026-04-16 13:23:05.745751,Nepal Infrastructure Bank Limited
2026041605014478,NIFRA,54,28,100,270.1,27010.0,2026-04-16,186659904,2919,Sewa Securities Pvt. Ltd.,Shree Krishna Securities Ltd.,2026-04-16 13:23:48.907983,Nepal Infrastructure Bank Limited
2026041605014479,NIFRA,51,28,200,270.0,54000.0,2026-04-16,186659905,2919,Oxford Securities Pvt. Ltd.,Shree Krishna Securities Ltd.,2026-04-16 13:23:48.908593,Nepal Infrastructure Bank Limited
2026041605014621,NIFRA,67,32,25,270.2,6755.0,2026-04-16,186660846,2919,Property Wiard Limited,Premier Securities Company Ltd.,2026-04-16 13:24:42.895125,Nepal Infrastructure Bank Limited
2026041605014624,NIFRA,16,32,50,270.2,13510.0,2026-04-16,186660876,2919,Primo Securities (PVT) Ltd.,Premier Securities Company Ltd.,2026-04-16 13:24:44.367389,Nepal Infrastructure Bank Limited
2026041605014634,NIFRA,67,49,25,270.1,6752.5,2026-04-16,186660979,2919,Property Wiard Limited,Online Securities Pvt. Ltd.,2026-04-16 13:24:50.929577,Nepal Infrastructure Bank Limited
2026041605014654,NIFRA,51,49,29,270.0,7830.0,2026-04-16,186661135,2919,Oxford Securities Pvt. Ltd.,Online Securities Pvt. Ltd.,2026-04-16 13:25:05.646456,Nepal Infrastructure Bank Limited
2026041605014666,NIFRA,51,33,490,270.0,132300.0,2026-04-16,186661210,2919,Oxford Securities Pvt. Ltd.,Dakshinkali Investment & Securities Pvt. Ltd.,2026-04-16 13:25:09.723030,Nepal Infrastructure Bank Limited
2026041605014667,NIFRA,48,33,50,270.0,13500.0,2026-04-16,186661212,2919,Trishakti Securities Public Limited,Dakshinkali Investment & Securities Pvt. Ltd.,2026-04-16 13:25:09.723363,Nepal Infrastructure Bank Limited
2026041605014668,NIFRA,38,33,300,270.0,81000.0,2026-04-16,186661214,2919,Dipshikha Dhitopatra Karobar Co. Pvt Ltd.,Dakshinkali Investment & Securities Pvt. Ltd.,2026-04-16 13:25:09.723492,Nepal Infrastructure Bank Limited
2026041605014669,NIFRA,45,33,500,270.0,135000.0,2026-04-16,186661216,2919,Imperial Securities Company Pvt. Ltd.,Dakshinkali Investment & Securities Pvt. Ltd.,2026-04-16 13:25:09.723614,Nepal Infrastructure Bank Limited
2026041605014670,NIFRA,91,33,660,270.0,178200.0,2026-04-16,186661217,2919,Citizens Share Broker Limited,Dakshinkali Investment & Securities Pvt. Ltd.,2026-04-16 13:25:09.723763,Nepal Infrastructure Bank Limited
2026041605014698,NIFRA,91,41,50,270.0,13500.0,2026-04-16,186661451,2919,Citizens Share Broker Limited,Linch Stock Market Ltd.,2026-04-16 13:25:21.575408,Nepal Infrastructure Bank Limited
2026041605014759,NIFRA,91,74,740,270.0,199800.0,2026-04-16,186661640,2919,Citizens Share Broker Limited,KALASH STOCK MARKET PVT. LTD.,2026-04-16 13:25:27.845254,Nepal Infrastructure Bank Limited
2026041605014760,NIFRA,38,74,100,270.0,27000.0,2026-04-16,186661642,2919,Dipshikha Dhitopatra Karobar Co. Pvt Ltd.,KALASH STOCK MARKET PVT. LTD.,2026-04-16 13:25:27.845887,Nepal Infrastructure Bank Limited
2026041605014761,NIFRA,36,74,160,270.0,43200.0,2026-04-16,186661643,2919,Secured Securities Ltd.,KALASH STOCK MARKET PVT. LTD.,2026-04-16 13:25:27.846283,Nepal Infrastructure Bank Limited
2026041605014762,NIFRA,36,25,54,270.0,14580.0,2026-04-16,186661657,2919,Secured Securities Ltd.,Sweta Securities Private Limited,2026-04-16 13:25:28.531435,Nepal Infrastructure Bank Limited
2026041605014792,NIFRA,36,45,75,270.0,20250.0,2026-04-16,186661899,2919,Secured Securities Ltd.,Imperial Securities Company Pvt. Ltd.,2026-04-16 13:25:41.866804,Nepal Infrastructure Bank Limited
2026041605014818,NIFRA,53,32,142,270.2,38368.4,2026-04-16,186662079,2919,Investment Management Nepal Pvt. Ltd.,Premier Securities Company Ltd.,2026-04-16 13:25:52.110794,Nepal Infrastructure Bank Limited
2026041605014925,NIFRA,58,45,6,270.0,1620.0,2026-04-16,186663293,2919,Naasa Securities Co. Ltd.,Imperial Securities Company Pvt. Ltd.,2026-04-16 13:27:06.005752,Nepal Infrastructure Bank Limited
2026041605015016,NIFRA,33,53,54,270.3,14596.2,2026-04-16,186664175,2919,Dakshinkali Investment & Securities Pvt. Ltd.,Investment Management Nepal Pvt. Ltd.,2026-04-16 13:28:24.936786,Nepal Infrastructure Bank Limited
2026041605015082,NIFRA,33,11,46,270.3,12433.8,2026-04-16,186664584,2919,Dakshinkali Investment & Securities Pvt. Ltd.,Malla & Malla Stock Broking Company Pvt. Limited,2026-04-16 13:28:52.914367,Nepal Infrastructure Bank Limited
2026041605015083,NIFRA,53,11,858,270.2,231831.6,2026-04-16,186664586,2919,Investment Management Nepal Pvt. Ltd.,Malla & Malla Stock Broking Company Pvt. Limited,2026-04-16 13:28:52.914699,Nepal Infrastructure Bank Limited
2026041605015084,NIFRA,36,11,96,270.0,25920.0,2026-04-16,186664587,2919,Secured Securities Ltd.,Malla & Malla Stock Broking Company Pvt. Limited,2026-04-16 13:28:52.914826,Nepal Infrastructure Bank Limited
2026041605015096,NIFRA,36,35,25,270.0,6750.0,2026-04-16,186664825,2919,Secured Securities Ltd.,Kohinoor Investment & Securities Pvt. Ltd.,2026-04-16 13:29:13.937096,Nepal Infrastructure Bank Limited
2026041605015199,NIFRA,36,57,190,270.0,51300.0,2026-04-16,186665980,2919,Secured Securities Ltd.,Aryatara Investment & Securities,2026-04-16 13:30:31.888217,Nepal Infrastructure Bank Limited
2026041605015200,NIFRA,11,57,30,270.0,8100.0,2026-04-16,186665982,2919,Malla & Malla Stock Broking Company Pvt. Limited,Aryatara Investment & Securities,2026-04-16 13:30:31.888819,Nepal Infrastructure Bank Limited
2026041605015201,NIFRA,16,57,280,270.0,75600.0,2026-04-16,186665983,2919,Primo Securities (PVT) Ltd.,Aryatara Investment & Securities,2026-04-16 13:30:31.889197,Nepal Infrastructure Bank Limited
2026041605015212,NIFRA,16,42,300,270.0,81000.0,2026-04-16,186666157,2919,Primo Securities (PVT) Ltd.,Sani Securities Company Ltd.,2026-04-16 13:30:45.786113,Nepal Infrastructure Bank Limited
2026041605015305,NIFRA,16,41,920,270.0,248400.0,2026-04-16,186667244,2919,Primo Securities (PVT) Ltd.,Linch Stock Market Ltd.,2026-04-16 13:31:50.816294,Nepal Infrastructure Bank Limited
2026041605015306,NIFRA,57,41,100,270.0,27000.0,2026-04-16,186667246,2919,Aryatara Investment & Securities,Linch Stock Market Ltd.,2026-04-16 13:31:50.816906,Nepal Infrastructure Bank Limited
2026041605015307,NIFRA,58,41,40,270.0,10800.0,2026-04-16,186667248,2919,Naasa Securities Co. Ltd.,Linch Stock Market Ltd.,2026-04-16 13:31:50.817291,Nepal Infrastructure Bank Limited
2026041605015308,NIFRA,49,41,50,270.0,13500.0,2026-04-16,186667252,2919,Online Securities Pvt. Ltd.,Linch Stock Market Ltd.,2026-04-16 13:31:50.817666,Nepal Infrastructure Bank Limited
2026041605015309,NIFRA,42,41,70,270.0,18900.0,2026-04-16,186667254,2919,Sani Securities Company Ltd.,Linch Stock Market Ltd.,2026-04-16 13:31:50.818024,Nepal Infrastructure Bank Limited
2026041605015310,NIFRA,58,41,146,270.0,39420.0,2026-04-16,186667256,2919,Naasa Securities Co. Ltd.,Linch Stock Market Ltd.,2026-04-16 13:31:50.818404,Nepal Infrastructure Bank Limited
2026041605015311,NIFRA,58,41,30,270.0,8100.0,2026-04-16,186667258,2919,Naasa Securities Co. Ltd.,Linch Stock Market Ltd.,2026-04-16 13:31:50.818761,Nepal Infrastructure Bank Limited
2026041605015312,NIFRA,41,41,10,270.0,2700.0,2026-04-16,186667260,2919,Linch Stock Market Ltd.,Linch Stock Market Ltd.,2026-04-16 13:31:50.819115,Nepal Infrastructure Bank Limited
2026041605015313,NIFRA,43,41,80,270.0,21600.0,2026-04-16,186667262,2919,South Asian Bulls Pvt. Ltd.,Linch Stock Market Ltd.,2026-04-16 13:31:50.819485,Nepal Infrastructure Bank Limited
2026041605015314,NIFRA,4,41,37,270.0,9990.0,2026-04-16,186667264,2919,Opal Securities Investment (PVT) Ltd.,Linch Stock Market Ltd.,2026-04-16 13:31:50.819847,Nepal Infrastructure Bank Limited
2026041605015315,NIFRA,26,41,17,270.0,4590.0,2026-04-16,186667265,2919,Asian Securities Private Ltd.,Linch Stock Market Ltd.,2026-04-16 13:31:50.820207,Nepal Infrastructure Bank Limited
2026041605015366,NIFRA,43,57,500,270.0,135000.0,2026-04-16,186667805,2919,South Asian Bulls Pvt. Ltd.,Aryatara Investment & Securities,2026-04-16 13:32:17.424934,Nepal Infrastructure Bank Limited
2026041605015384,NIFRA,43,57,500,270.0,135000.0,2026-04-16,186667938,2919,South Asian Bulls Pvt. Ltd.,Aryatara Investment & Securities,2026-04-16 13:32:24.782674,Nepal Infrastructure Bank Limited
2026041605015385,NIFRA,39,57,100,270.0,27000.0,2026-04-16,186667940,2919,Sumeru Securities Pvt. Ltd.,Aryatara Investment & Securities,2026-04-16 13:32:24.782997,Nepal Infrastructure Bank Limited
2026041605015479,NIFRA,42,20,4,265.0,1060.0,2026-04-16,186668839,2919,Sani Securities Company Ltd.,Sipla Securities Private Limited,2026-04-16 13:33:10.378654,Nepal Infrastructure Bank Limited
2026041605015606,NIFRA,48,58,20,269.6,5392.0,2026-04-16,186669718,2919,Trishakti Securities Public Limited,Naasa Securities Co. Ltd.,2026-04-16 13:33:57.189380,Nepal Infrastructure Bank Limited
2026041605015607,NIFRA,42,58,100,269.5,26950.0,2026-04-16,186669720,2919,Sani Securities Company Ltd.,Naasa Securities Co. Ltd.,2026-04-16 13:33:57.189481,Nepal Infrastructure Bank Limited
2026041605015608,NIFRA,32,58,80,269.3,21544.0,2026-04-16,186669721,2919,Premier Securities Company Ltd.,Naasa Securities Co. Ltd.,2026-04-16 13:33:57.189541,Nepal Infrastructure Bank Limited
2026041605015650,NIFRA,26,46,8,270.0,2160.0,2026-04-16,186670091,2919,Asian Securities Private Ltd.,Kalika Securities Pvt. Ltd.,2026-04-16 13:34:19.525299,Nepal Infrastructure Bank Limited
2026041605015729,NIFRA,32,62,500,269.3,134650.0,2026-04-16,186670573,2919,Premier Securities Company Ltd.,Capital Max Securities Ltd,2026-04-16 13:34:51.583538,Nepal Infrastructure Bank Limited
2026041605015792,NIFRA,42,48,7,269.0,1883.0,2026-04-16,186671015,2919,Sani Securities Company Ltd.,Trishakti Securities Public Limited,2026-04-16 13:35:17.021937,Nepal Infrastructure Bank Limited
2026041605015818,NIFRA,32,58,64,269.3,17235.2,2026-04-16,186671269,2919,Premier Securities Company Ltd.,Naasa Securities Co. Ltd.,2026-04-16 13:35:30.909333,Nepal Infrastructure Bank Limited
2026041605016134,NIFRA,33,39,54,269.5,14553.0,2026-04-16,186673547,2919,Dakshinkali Investment & Securities Pvt. Ltd.,Sumeru Securities Pvt. Ltd.,2026-04-16 13:37:32.816879,Nepal Infrastructure Bank Limited
2026041605016235,NIFRA,90,57,880,270.0,237600.0,2026-04-16,186674629,2919,Sajilo Broker Limited,Aryatara Investment & Securities,2026-04-16 13:38:24.249754,Nepal Infrastructure Bank Limited
2026041605016236,NIFRA,90,7,33,270.0,8910.0,2026-04-16,186674632,2919,Sajilo Broker Limited,J.F. Securites (PVT) Ltd.,2026-04-16 13:38:24.250074,Nepal Infrastructure Bank Limited
2026041605016238,NIFRA,33,58,46,269.5,12397.0,2026-04-16,186674642,2919,Dakshinkali Investment & Securities Pvt. Ltd.,Naasa Securities Co. Ltd.,2026-04-16 13:38:25.623736,Nepal Infrastructure Bank Limited
2026041605016239,NIFRA,67,58,25,269.4,6735.0,2026-04-16,186674644,2919,Property Wiard Limited,Naasa Securities Co. Ltd.,2026-04-16 13:38:25.623817,Nepal Infrastructure Bank Limited
2026041605016240,NIFRA,58,58,75,269.4,20205.0,2026-04-16,186674646,2919,Naasa Securities Co. Ltd.,Naasa Securities Co. Ltd.,2026-04-16 13:38:25.623841,Nepal Infrastructure Bank Limited
2026041605016241,NIFRA,32,58,1356,269.3,365170.8,2026-04-16,186674648,2919,Premier Securities Company Ltd.,Naasa Securities Co. Ltd.,2026-04-16 13:38:25.623879,Nepal Infrastructure Bank Limited
2026041605016242,NIFRA,7,58,500,269.0,134500.0,2026-04-16,186674650,2919,J.F. Securites (PVT) Ltd.,Naasa Securities Co. Ltd.,2026-04-16 13:38:25.623904,Nepal Infrastructure Bank Limited
2026041605016243,NIFRA,38,58,35,269.0,9415.0,2026-04-16,186674652,2919,Dipshikha Dhitopatra Karobar Co. Pvt Ltd.,Naasa Securities Co. Ltd.,2026-04-16 13:38:25.623928,Nepal Infrastructure Bank Limited
2026041605016244,NIFRA,62,58,100,269.0,26900.0,2026-04-16,186674654,2919,Capital Max Securities Ltd,Naasa Securities Co. Ltd.,2026-04-16 13:38:25.623953,Nepal Infrastructure Bank Limited
2026041605016245,NIFRA,22,58,100,269.0,26900.0,2026-04-16,186674656,2919,Siprabi Securities Pvt. Ltd.,Naasa Securities Co. Ltd.,2026-04-16 13:38:25.624008,Nepal Infrastructure Bank Limited
2026041605016246,NIFRA,62,58,100,269.0,26900.0,2026-04-16,186674658,2919,Capital Max Securities Ltd,Naasa Securities Co. Ltd.,2026-04-16 13:38:25.624049,Nepal Infrastructure Bank Limited
2026041605016247,NIFRA,67,58,663,269.0,178347.0,2026-04-16,186674659,2919,Property Wiard Limited,Naasa Securities Co. Ltd.,2026-04-16 13:38:25.624072,Nepal Infrastructure Bank Limited
2026041605016324,NIFRA,67,42,337,269.0,90653.0,2026-04-16,186675214,2919,Property Wiard Limited,Sani Securities Company Ltd.,2026-04-16 13:38:53.275442,Nepal Infrastructure Bank Limited
2026041605016325,NIFRA,46,42,30,269.0,8070.0,2026-04-16,186675216,2919,Kalika Securities Pvt. Ltd.,Sani Securities Company Ltd.,2026-04-16 13:38:53.276100,Nepal Infrastructure Bank Limited
2026041605016326,NIFRA,56,42,133,268.5,35710.5,2026-04-16,186675217,2919,Sri Hari Securities Pvt. Ltd.,Sani Securities Company Ltd.,2026-04-16 13:38:53.276500,Nepal Infrastructure Bank Limited
2026041605016393,NIFRA,67,58,25,268.6,6715.0,2026-04-16,186675860,2919,Property Wiard Limited,Naasa Securities Co. Ltd.,2026-04-16 13:39:24.170252,Nepal Infrastructure Bank Limited
2026041605016394,NIFRA,56,58,39,268.5,10471.5,2026-04-16,186675861,2919,Sri Hari Securities Pvt. Ltd.,Naasa Securities Co. Ltd.,2026-04-16 13:39:24.170858,Nepal Infrastructure Bank Limited
2026041605016419,NIFRA,25,3,64,269.0,17216.0,2026-04-16,186676037,2919,Sweta Securities Private Limited,Arun Securities (PVT) Ltd.,2026-04-16 13:39:34.288977,Nepal Infrastructure Bank Limited
2026041605016420,NIFRA,25,44,54,269.0,14526.0,2026-04-16,186676039,2919,Sweta Securities Private Limited,Dynamic Money Managers Securities Pvt. Ltd.,2026-04-16 13:39:34.289304,Nepal Infrastructure Bank Limited
2026041605016421,NIFRA,25,14,19,269.0,5111.0,2026-04-16,186676041,2919,Sweta Securities Private Limited,Nepal Stock House (PVT) Ltd.,2026-04-16 13:39:34.289452,Nepal Infrastructure Bank Limited
2026041605016669,NIFRA,45,74,100,269.0,26900.0,2026-04-16,186678399,2919,Imperial Securities Company Pvt. Ltd.,KALASH STOCK MARKET PVT. LTD.,2026-04-16 13:42:11.458846,Nepal Infrastructure Bank Limited
2026041605016760,NIFRA,38,57,200,269.2,53840.0,2026-04-16,186679176,2919,Dipshikha Dhitopatra Karobar Co. Pvt Ltd.,Aryatara Investment & Securities,2026-04-16 13:43:15.197401,Nepal Infrastructure Bank Limited
2026041605016761,NIFRA,53,57,1000,269.1,269100.0,2026-04-16,186679178,2919,Investment Management Nepal Pvt. Ltd.,Aryatara Investment & Securities,2026-04-16 13:43:15.197498,Nepal Infrastructure Bank Limited
2026041605016762,NIFRA,58,57,500,269.1,134550.0,2026-04-16,186679180,2919,Naasa Securities Co. Ltd.,Aryatara Investment & Securities,2026-04-16 13:43:15.197616,Nepal Infrastructure Bank Limited
2026041605016763,NIFRA,45,57,400,269.0,107600.0,2026-04-16,186679182,2919,Imperial Securities Company Pvt. Ltd.,Aryatara Investment & Securities,2026-04-16 13:43:15.197698,Nepal Infrastructure Bank Limited
2026041605016764,NIFRA,19,57,50,269.0,13450.0,2026-04-16,186679184,2919,Nepal Investment And Securities Trading Private Limited,Aryatara Investment & Securities,2026-04-16 13:43:15.197762,Nepal Infrastructure Bank Limited
2026041605016765,NIFRA,67,57,50,268.8,13440.0,2026-04-16,186679186,2919,Property Wiard Limited,Aryatara Investment & Securities,2026-04-16 13:43:15.197825,Nepal Infrastructure Bank Limited
2026041605016766,NIFRA,49,57,50,268.8,13440.0,2026-04-16,186679188,2919,Online Securities Pvt. Ltd.,Aryatara Investment & Securities,2026-04-16 13:43:15.197888,Nepal Infrastructure Bank Limited
2026041605016767,NIFRA,48,57,20,268.7,5374.0,2026-04-16,186679190,2919,Trishakti Securities Public Limited,Aryatara Investment & Securities,2026-04-16 13:43:15.197956,Nepal Infrastructure Bank Limited
2026041605016768,NIFRA,56,57,28,268.5,7518.0,2026-04-16,186679192,2919,Sri Hari Securities Pvt. Ltd.,Aryatara Investment & Securities,2026-04-16 13:43:15.198021,Nepal Infrastructure Bank Limited
2026041605016769,NIFRA,34,57,10,268.5,2685.0,2026-04-16,186679194,2919,Vision Securities Pvt. Ltd,Aryatara Investment & Securities,2026-04-16 13:43:15.198083,Nepal Infrastructure Bank Limited
2026041605016770,NIFRA,45,57,500,268.2,134100.0,2026-04-16,186679196,2919,Imperial Securities Company Pvt. Ltd.,Aryatara Investment & Securities,2026-04-16 13:43:15.198162,Nepal Infrastructure Bank Limited
2026041605016771,NIFRA,89,57,192,268.2,51494.4,2026-04-16,186679197,2919,Global IME Securities Limited,Aryatara Investment & Securities,2026-04-16 13:43:15.198224,Nepal Infrastructure Bank Limited
2026041605016790,NIFRA,80,49,36,270.0,9720.0,2026-04-16,186679406,2919,Indira securities pvt. ltd,Online Securities Pvt. Ltd.,2026-04-16 13:43:26.432472,Nepal Infrastructure Bank Limited
2026041605016878,NIFRA,33,48,10,269.0,2690.0,2026-04-16,186680081,2919,Dakshinkali Investment & Securities Pvt. Ltd.,Trishakti Securities Public Limited,2026-04-16 13:44:25.504630,Nepal Infrastructure Bank Limited
2026041605016954,NIFRA,100,49,14,270.0,3780.0,2026-04-16,186680941,2919,Sunrise Securities Limited,Online Securities Pvt. Ltd.,2026-04-16 13:45:34.807259,Nepal Infrastructure Bank Limited
2026041605016955,NIFRA,100,1,700,270.0,189000.0,2026-04-16,186680943,2919,Sunrise Securities Limited,Kumari Securities Private Limited,2026-04-16 13:45:34.807931,Nepal Infrastructure Bank Limited
2026041605016968,NIFRA,100,64,54,270.0,14580.0,2026-04-16,186680979,2919,Sunrise Securities Limited,SUN SECURITIES PVT LTD,2026-04-16 13:45:36.682249,Nepal Infrastructure Bank Limited
2026041605017003,NIFRA,81,58,50,270.8,13540.0,2026-04-16,186681310,2919,Aakashbhairab Securities Ltd.,Naasa Securities Co. Ltd.,2026-04-16 13:46:10.605639,Nepal Infrastructure Bank Limited
2026041605017039,NIFRA,100,38,100,270.0,27000.0,2026-04-16,186681745,2919,Sunrise Securities Limited,Dipshikha Dhitopatra Karobar Co. Pvt Ltd.,2026-04-16 13:46:52.190714,Nepal Infrastructure Bank Limited
2026041605017073,NIFRA,81,58,30,270.8,8124.0,2026-04-16,186681982,2919,Aakashbhairab Securities Ltd.,Naasa Securities Co. Ltd.,2026-04-16 13:47:09.448034,Nepal Infrastructure Bank Limited
2026041605017137,NIFRA,100,49,64,270.0,17280.0,2026-04-16,186682563,2919,Sunrise Securities Limited,Online Securities Pvt. Ltd.,2026-04-16 13:47:51.477979,Nepal Infrastructure Bank Limited
2026041605017146,NIFRA,5,32,200,270.9,54180.0,2026-04-16,186682693,2919,Market Securities & Exchange (PVT) Ltd.,Premier Securities Company Ltd.,2026-04-16 13:48:08.961680,Nepal Infrastructure Bank Limited
2026041605017147,NIFRA,5,32,20,270.9,5418.0,2026-04-16,186682695,2919,Market Securities & Exchange (PVT) Ltd.,Premier Securities Company Ltd.,2026-04-16 13:48:08.962476,Nepal Infrastructure Bank Limited
2026041605017148,NIFRA,5,41,440,270.9,119196.0,2026-04-16,186682697,2919,Market Securities & Exchange (PVT) Ltd.,Linch Stock Market Ltd.,2026-04-16 13:48:08.962894,Nepal Infrastructure Bank Limited
2026041605017149,NIFRA,5,57,162,271.0,43902.0,2026-04-16,186682699,2919,Market Securities & Exchange (PVT) Ltd.,Aryatara Investment & Securities,2026-04-16 13:48:08.963304,Nepal Infrastructure Bank Limited
2026041605017150,NIFRA,5,41,64,271.0,17344.0,2026-04-16,186682701,2919,Market Securities & Exchange (PVT) Ltd.,Linch Stock Market Ltd.,2026-04-16 13:48:08.963722,Nepal Infrastructure Bank Limited
2026041605017151,NIFRA,5,49,50,271.5,13575.0,2026-04-16,186682703,2919,Market Securities & Exchange (PVT) Ltd.,Online Securities Pvt. Ltd.,2026-04-16 13:48:08.964111,Nepal Infrastructure Bank Limited
2026041605017186,NIFRA,5,58,64,271.8,17395.2,2026-04-16,186682912,2919,Market Securities & Exchange (PVT) Ltd.,Naasa Securities Co. Ltd.,2026-04-16 13:48:25.935090,Nepal Infrastructure Bank Limited
2026041605017220,NIFRA,48,38,20,270.1,5402.0,2026-04-16,186683146,2919,Trishakti Securities Public Limited,Dipshikha Dhitopatra Karobar Co. Pvt Ltd.,2026-04-16 13:48:49.375385,Nepal Infrastructure Bank Limited
2026041605017221,NIFRA,100,38,34,270.0,9180.0,2026-04-16,186683147,2919,Sunrise Securities Limited,Dipshikha Dhitopatra Karobar Co. Pvt Ltd.,2026-04-16 13:48:49.375488,Nepal Infrastructure Bank Limited
2026041605017277,NIFRA,100,38,60,270.0,16200.0,2026-04-16,186683447,2919,Sunrise Securities Limited,Dipshikha Dhitopatra Karobar Co. Pvt Ltd.,2026-04-16 13:49:11.046623,Nepal Infrastructure Bank Limited
2026041605017348,NIFRA,1,38,100,270.2,27020.0,2026-04-16,186684079,2919,Kumari Securities Private Limited,Dipshikha Dhitopatra Karobar Co. Pvt Ltd.,2026-04-16 13:50:07.679368,Nepal Infrastructure Bank Limited
2026041605017500,NIFRA,34,49,50,270.2,13510.0,2026-04-16,186685252,2919,Vision Securities Pvt. Ltd,Online Securities Pvt. Ltd.,2026-04-16 13:52:09.486162,Nepal Infrastructure Bank Limited
2026041605017580,NIFRA,100,49,1332,270.2,359906.4,2026-04-16,186686249,2919,Sunrise Securities Limited,Online Securities Pvt. Ltd.,2026-04-16 13:53:44.914197,Nepal Infrastructure Bank Limited
2026041605017688,NIFRA,100,72,64,270.2,17292.8,2026-04-16,186687011,2919,Sunrise Securities Limited,Hatemalo Financial Services Private Limited,2026-04-16 13:54:52.555710,Nepal Infrastructure Bank Limited
2026041605017691,NIFRA,100,34,54,270.2,14590.8,2026-04-16,186687037,2919,Sunrise Securities Limited,Vision Securities Pvt. Ltd,2026-04-16 13:54:54.724300,Nepal Infrastructure Bank Limited
2026041605017700,NIFRA,100,21,300,270.2,81060.0,2026-04-16,186687061,2919,Sunrise Securities Limited,Midas Stock Broking Company Private Limited,2026-04-16 13:54:56.085241,Nepal Infrastructure Bank Limited
2026041605017712,NIFRA,100,16,1000,270.2,270200.0,2026-04-16,186687129,2919,Sunrise Securities Limited,Primo Securities (PVT) Ltd.,2026-04-16 13:55:03.071807,Nepal Infrastructure Bank Limited
2026041605017720,NIFRA,48,58,20,271.0,5420.0,2026-04-16,186687194,2919,Trishakti Securities Public Limited,Naasa Securities Co. Ltd.,2026-04-16 13:55:10.238533,Nepal Infrastructure Bank Limited
2026041605017745,NIFRA,100,74,100,270.2,27020.0,2026-04-16,186687489,2919,Sunrise Securities Limited,KALASH STOCK MARKET PVT. LTD.,2026-04-16 13:55:42.099643,Nepal Infrastructure Bank Limited
2026041605017820,NIFRA,34,45,64,270.3,17299.2,2026-04-16,186687957,2919,Vision Securities Pvt. Ltd,Imperial Securities Company Pvt. Ltd.,2026-04-16 13:56:39.037886,Nepal Infrastructure Bank Limited
2026041605017886,NIFRA,34,42,700,270.3,189210.0,2026-04-16,186688491,2919,Vision Securities Pvt. Ltd,Sani Securities Company Ltd.,2026-04-16 13:57:43.417342,Nepal Infrastructure Bank Limited
2026041605017890,NIFRA,44,53,300,270.5,81150.0,2026-04-16,186688530,2919,Dynamic Money Managers Securities Pvt. Ltd.,Investment Management Nepal Pvt. Ltd.,2026-04-16 13:57:50.177994,Nepal Infrastructure Bank Limited
2026041605018025,NIFRA,34,42,236,270.3,63790.8,2026-04-16,186689838,2919,Vision Securities Pvt. Ltd,Sani Securities Company Ltd.,2026-04-16 13:59:55.193386,Nepal Infrastructure Bank Limited
2026041605018026,NIFRA,49,42,200,270.3,54060.0,2026-04-16,186689840,2919,Online Securities Pvt. Ltd.,Sani Securities Company Ltd.,2026-04-16 13:59:55.194042,Nepal Infrastructure Bank Limited
2026041605018102,NIFRA,100,36,1000,270.2,270200.0,2026-04-16,186690319,2919,Sunrise Securities Limited,Secured Securities Ltd.,2026-04-16 14:00:34.641574,Nepal Infrastructure Bank Limited
2026041605018103,NIFRA,100,42,10,270.2,2702.0,2026-04-16,186690321,2919,Sunrise Securities Limited,Sani Securities Company Ltd.,2026-04-16 14:00:35.004588,Nepal Infrastructure Bank Limited
2026041605018114,NIFRA,100,36,1000,270.2,270200.0,2026-04-16,186690489,2919,Sunrise Securities Limited,Secured Securities Ltd.,2026-04-16 14:00:49.362732,Nepal Infrastructure Bank Limited
2026041605018154,NIFRA,100,41,54,270.2,14590.8,2026-04-16,186690901,2919,Sunrise Securities Limited,Linch Stock Market Ltd.,2026-04-16 14:01:28.345842,Nepal Infrastructure Bank Limited
2026041605018198,NIFRA,100,16,13,270.2,3512.6,2026-04-16,186691505,2919,Sunrise Securities Limited,Primo Securities (PVT) Ltd.,2026-04-16 14:02:14.168683,Nepal Infrastructure Bank Limited
2026041605018215,NIFRA,100,34,216,270.2,58363.2,2026-04-16,186691699,2919,Sunrise Securities Limited,Vision Securities Pvt. Ltd,2026-04-16 14:02:30.330823,Nepal Infrastructure Bank Limited
2026041605018223,NIFRA,100,36,1000,270.2,270200.0,2026-04-16,186691737,2919,Sunrise Securities Limited,Secured Securities Ltd.,2026-04-16 14:02:33.310489,Nepal Infrastructure Bank Limited
2026041605018300,NIFRA,14,42,20,270.3,5406.0,2026-04-16,186692616,2919,Nepal Stock House (PVT) Ltd.,Sani Securities Company Ltd.,2026-04-16 14:03:41.162330,Nepal Infrastructure Bank Limited
2026041605018342,NIFRA,58,58,6,272.0,1632.0,2026-04-16,186692885,2919,Naasa Securities Co. Ltd.,Naasa Securities Co. Ltd.,2026-04-16 14:04:02.149913,Nepal Infrastructure Bank Limited
2026041605018367,NIFRA,74,58,1,272.1,272.1,2026-04-16,186693117,2919,KALASH STOCK MARKET PVT. LTD.,Naasa Securities Co. Ltd.,2026-04-16 14:04:22.773421,Nepal Infrastructure Bank Limited
2026041605018389,NIFRA,57,58,1,272.5,272.5,2026-04-16,186693321,2919,Aryatara Investment & Securities,Naasa Securities Co. Ltd.,2026-04-16 14:04:36.880585,Nepal Infrastructure Bank Limited
2026041605018514,NIFRA,58,42,22,270.3,5946.6,2026-04-16,186693912,2919,Naasa Securities Co. Ltd.,Sani Securities Company Ltd.,2026-04-16 14:05:20.528504,Nepal Infrastructure Bank Limited
2026041605018574,NIFRA,100,51,64,270.2,17292.8,2026-04-16,186694291,2919,Sunrise Securities Limited,Oxford Securities Pvt. Ltd.,2026-04-16 14:05:42.503330,Nepal Infrastructure Bank Limited
2026041605018671,NIFRA,100,41,64,270.2,17292.8,2026-04-16,186695049,2919,Sunrise Securities Limited,Linch Stock Market Ltd.,2026-04-16 14:06:37.232677,Nepal Infrastructure Bank Limited
2026041605018687,NIFRA,41,42,131,270.3,35409.3,2026-04-16,186695222,2919,Linch Stock Market Ltd.,Sani Securities Company Ltd.,2026-04-16 14:06:51.389335,Nepal Infrastructure Bank Limited
2026041605018848,NIFRA,51,58,64,270.3,17299.2,2026-04-16,186696787,2919,Oxford Securities Pvt. Ltd.,Naasa Securities Co. Ltd.,2026-04-16 14:09:19.676571,Nepal Infrastructure Bank Limited
2026041605018898,NIFRA,100,32,50,270.4,13520.0,2026-04-16,186697391,2919,Sunrise Securities Limited,Premier Securities Company Ltd.,2026-04-16 14:10:12.012410,Nepal Infrastructure Bank Limited
2026041605019067,NIFRA,100,45,25,270.4,6760.0,2026-04-16,186698553,2919,Sunrise Securities Limited,Imperial Securities Company Pvt. Ltd.,2026-04-16 14:11:51.046982,Nepal Infrastructure Bank Limited
2026041605019101,NIFRA,100,56,350,270.4,94640.0,2026-04-16,186698767,2919,Sunrise Securities Limited,Sri Hari Securities Pvt. Ltd.,2026-04-16 14:12:11.065926,Nepal Infrastructure Bank Limited
2026041605019109,NIFRA,100,49,54,270.4,14601.6,2026-04-16,186698843,2919,Sunrise Securities Limited,Online Securities Pvt. Ltd.,2026-04-16 14:12:18.633413,Nepal Infrastructure Bank Limited
2026041605019257,NIFRA,16,53,90,270.5,24345.0,2026-04-16,186699758,2919,Primo Securities (PVT) Ltd.,Investment Management Nepal Pvt. Ltd.,2026-04-16 14:13:29.237696,Nepal Infrastructure Bank Limited
2026041605019344,NIFRA,100,6,54,270.4,14601.6,2026-04-16,186700559,2919,Sunrise Securities Limited,Agrawal Securities (PVT) Ltd.,2026-04-16 14:15:00.560925,Nepal Infrastructure Bank Limited
2026041605019355,NIFRA,100,48,40,270.4,10816.0,2026-04-16,186700763,2919,Sunrise Securities Limited,Trishakti Securities Public Limited,2026-04-16 14:15:20.647741,Nepal Infrastructure Bank Limited
2026041605019365,NIFRA,100,59,208,270.4,56243.2,2026-04-16,186700831,2919,Sunrise Securities Limited,Deevyaa Securities & Stock House Pvt. Ltd,2026-04-16 14:15:26.085542,Nepal Infrastructure Bank Limited
2026041605019381,NIFRA,100,53,110,270.5,29755.0,2026-04-16,186701031,2919,Sunrise Securities Limited,Investment Management Nepal Pvt. Ltd.,2026-04-16 14:15:38.903145,Nepal Infrastructure Bank Limited
2026041605019382,NIFRA,100,37,64,270.5,17312.0,2026-04-16,186701033,2919,Sunrise Securities Limited,Swarna Laxmi Securities Pvt. Ltd.,2026-04-16 14:15:38.903494,Nepal Infrastructure Bank Limited
2026041605019383,NIFRA,100,62,300,270.5,81150.0,2026-04-16,186701035,2919,Sunrise Securities Limited,Capital Max Securities Ltd,2026-04-16 14:15:38.903647,Nepal Infrastructure Bank Limited
2026041605019500,NIFRA,48,58,34,271.0,9214.0,2026-04-16,186701951,2919,Trishakti Securities Public Limited,Naasa Securities Co. Ltd.,2026-04-16 14:17:15.021264,Nepal Infrastructure Bank Limited
2026041605019501,NIFRA,48,22,32,271.0,8672.0,2026-04-16,186701953,2919,Trishakti Securities Public Limited,Siprabi Securities Pvt. Ltd.,2026-04-16 14:17:15.022076,Nepal Infrastructure Bank Limited
2026041605019502,NIFRA,48,58,10,271.0,2710.0,2026-04-16,186701955,2919,Trishakti Securities Public Limited,Naasa Securities Co. Ltd.,2026-04-16 14:17:15.022554,Nepal Infrastructure Bank Limited
2026041605019503,NIFRA,48,58,23,271.0,6233.0,2026-04-16,186701957,2919,Trishakti Securities Public Limited,Naasa Securities Co. Ltd.,2026-04-16 14:17:15.023013,Nepal Infrastructure Bank Limited
2026041605019504,NIFRA,48,50,54,271.0,14634.0,2026-04-16,186701959,2919,Trishakti Securities Public Limited,Cristal Kanchanjanga Securites Pvt. Ltd.,2026-04-16 14:17:15.023485,Nepal Infrastructure Bank Limited
2026041605019505,NIFRA,48,42,64,271.0,17344.0,2026-04-16,186701961,2919,Trishakti Securities Public Limited,Sani Securities Company Ltd.,2026-04-16 14:17:15.023955,Nepal Infrastructure Bank Limited
