contractId,stockSymbol,buyerMemberId,sellerMemberId,quantity,rate,amount,businessDate,tradeBookId,stockId,buyerBrokerName,sellerBrokerName,transaction_time,securityName
2026041605000175,NRN,98,34,100,1611.1,161110.0,2026-04-16,186533214,2898,Trademow Securities Private Limited,Vision Securities Pvt. Ltd,2026-04-16 11:02:04.231142,NRN Infrastructure and Development Limited
2026041605000176,NRN,14,34,100,1611.0,161100.0,2026-04-16,186533215,2898,Nepal Stock House (PVT) Ltd.,Vision Securities Pvt. Ltd,2026-04-16 11:02:04.231246,NRN Infrastructure and Development Limited
2026041605000240,NRN,14,14,150,1611.0,241650.0,2026-04-16,186533851,2898,Nepal Stock House (PVT) Ltd.,Nepal Stock House (PVT) Ltd.,2026-04-16 11:02:42.079276,NRN Infrastructure and Development Limited
2026041605000437,NRN,70,39,130,1612.0,209560.0,2026-04-16,186535535,2898,Infinity Securities Limited,Sumeru Securities Pvt. Ltd.,2026-04-16 11:04:21.351828,NRN Infrastructure and Development Limited
2026041605000447,NRN,70,52,50,1612.0,80600.0,2026-04-16,186535627,2898,Infinity Securities Limited,Sundhara Securities Limited,2026-04-16 11:04:26.826211,NRN Infrastructure and Development Limited
2026041605000449,NRN,70,58,320,1612.0,515840.0,2026-04-16,186535674,2898,Infinity Securities Limited,Naasa Securities Co. Ltd.,2026-04-16 11:04:28.365936,NRN Infrastructure and Development Limited
2026041605000458,NRN,14,29,100,1611.0,161100.0,2026-04-16,186535783,2898,Nepal Stock House (PVT) Ltd.,Trisul Securities & Invt. Ltd.,2026-04-16 11:04:37.175281,NRN Infrastructure and Development Limited
2026041605000485,NRN,14,34,650,1611.0,1047150.0,2026-04-16,186536116,2898,Nepal Stock House (PVT) Ltd.,Vision Securities Pvt. Ltd,2026-04-16 11:04:53.433589,NRN Infrastructure and Development Limited
2026041605000486,NRN,85,34,100,1611.0,161100.0,2026-04-16,186536117,2898,Capital Hub P. Ltd,Vision Securities Pvt. Ltd,2026-04-16 11:04:53.433704,NRN Infrastructure and Development Limited
2026041605000592,NRN,95,34,15,1606.1,24091.5,2026-04-16,186536979,2898,Magnet Securities and Investment Company Private Limited,Vision Securities Pvt. Ltd,2026-04-16 11:05:43.060446,NRN Infrastructure and Development Limited
2026041605000642,NRN,95,3,12,1606.1,19273.2,2026-04-16,186537393,2898,Magnet Securities and Investment Company Private Limited,Arun Securities (PVT) Ltd.,2026-04-16 11:06:05.561204,NRN Infrastructure and Development Limited
2026041605000745,NRN,36,49,1,1580.0,1580.0,2026-04-16,186538279,2898,Secured Securities Ltd.,Online Securities Pvt. Ltd.,2026-04-16 11:06:56.111492,NRN Infrastructure and Development Limited
2026041605000776,NRN,95,63,23,1606.1,36940.3,2026-04-16,186538508,2898,Magnet Securities and Investment Company Private Limited,Himalayan Brokerage Company Limited,2026-04-16 11:07:07.975862,NRN Infrastructure and Development Limited
2026041605000777,NRN,62,63,200,1606.0,321200.0,2026-04-16,186538510,2898,Capital Max Securities Ltd,Himalayan Brokerage Company Limited,2026-04-16 11:07:07.975959,NRN Infrastructure and Development Limited
2026041605000778,NRN,80,63,100,1605.1,160510.0,2026-04-16,186538512,2898,Indira securities pvt. ltd,Himalayan Brokerage Company Limited,2026-04-16 11:07:07.976036,NRN Infrastructure and Development Limited
2026041605000779,NRN,57,63,177,1605.0,284085.0,2026-04-16,186538513,2898,Aryatara Investment & Securities,Himalayan Brokerage Company Limited,2026-04-16 11:07:07.976122,NRN Infrastructure and Development Limited
2026041605000823,NRN,57,52,12,1605.0,19260.0,2026-04-16,186538891,2898,Aryatara Investment & Securities,Sundhara Securities Limited,2026-04-16 11:07:26.829159,NRN Infrastructure and Development Limited
2026041605000864,NRN,57,82,11,1605.0,17655.0,2026-04-16,186539338,2898,Aryatara Investment & Securities,N.M.B. SECURITIES LIMITED,2026-04-16 11:07:49.024409,NRN Infrastructure and Development Limited
2026041605000865,NRN,60,82,224,1605.0,359520.0,2026-04-16,186539340,2898,Nagarik Stock Dealer ,N.M.B. SECURITIES LIMITED,2026-04-16 11:07:49.024629,NRN Infrastructure and Development Limited
2026041605000866,NRN,98,82,150,1600.1,240015.0,2026-04-16,186539342,2898,Trademow Securities Private Limited,N.M.B. SECURITIES LIMITED,2026-04-16 11:07:49.024784,NRN Infrastructure and Development Limited
2026041605000867,NRN,57,82,100,1600.0,160000.0,2026-04-16,186539344,2898,Aryatara Investment & Securities,N.M.B. SECURITIES LIMITED,2026-04-16 11:07:49.024932,NRN Infrastructure and Development Limited
2026041605000868,NRN,57,82,150,1600.0,240000.0,2026-04-16,186539346,2898,Aryatara Investment & Securities,N.M.B. SECURITIES LIMITED,2026-04-16 11:07:49.025086,NRN Infrastructure and Development Limited
2026041605000869,NRN,57,82,100,1600.0,160000.0,2026-04-16,186539348,2898,Aryatara Investment & Securities,N.M.B. SECURITIES LIMITED,2026-04-16 11:07:49.025229,NRN Infrastructure and Development Limited
2026041605000870,NRN,32,82,30,1600.0,48000.0,2026-04-16,186539350,2898,Premier Securities Company Ltd.,N.M.B. SECURITIES LIMITED,2026-04-16 11:07:49.025384,NRN Infrastructure and Development Limited
2026041605000871,NRN,59,82,2000,1600.0,3200000.0,2026-04-16,186539352,2898,Deevyaa Securities & Stock House Pvt. Ltd,N.M.B. SECURITIES LIMITED,2026-04-16 11:07:49.025526,NRN Infrastructure and Development Limited
2026041605000872,NRN,91,82,235,1600.0,376000.0,2026-04-16,186539353,2898,Citizens Share Broker Limited,N.M.B. SECURITIES LIMITED,2026-04-16 11:07:49.025690,NRN Infrastructure and Development Limited
2026041605000946,NRN,58,62,100,1600.0,160000.0,2026-04-16,186540201,2898,Naasa Securities Co. Ltd.,Capital Max Securities Ltd,2026-04-16 11:08:33.096071,NRN Infrastructure and Development Limited
2026041605000990,NRN,58,22,12,1600.0,19200.0,2026-04-16,186540511,2898,Naasa Securities Co. Ltd.,Siprabi Securities Pvt. Ltd.,2026-04-16 11:08:51.548428,NRN Infrastructure and Development Limited
2026041605001009,NRN,58,4,50,1600.0,80000.0,2026-04-16,186540733,2898,Naasa Securities Co. Ltd.,Opal Securities Investment (PVT) Ltd.,2026-04-16 11:09:03.229041,NRN Infrastructure and Development Limited
2026041605001164,NRN,58,38,300,1600.0,480000.0,2026-04-16,186541343,2898,Naasa Securities Co. Ltd.,Dipshikha Dhitopatra Karobar Co. Pvt Ltd.,2026-04-16 11:09:25.190371,NRN Infrastructure and Development Limited
2026041605001170,NRN,58,38,38,1600.0,60800.0,2026-04-16,186541410,2898,Naasa Securities Co. Ltd.,Dipshikha Dhitopatra Karobar Co. Pvt Ltd.,2026-04-16 11:09:27.320563,NRN Infrastructure and Development Limited
2026041605001171,NRN,57,38,19,1600.0,30400.0,2026-04-16,186541412,2898,Aryatara Investment & Securities,Dipshikha Dhitopatra Karobar Co. Pvt Ltd.,2026-04-16 11:09:27.320707,NRN Infrastructure and Development Limited
2026041605001172,NRN,58,38,20,1600.0,32000.0,2026-04-16,186541414,2898,Naasa Securities Co. Ltd.,Dipshikha Dhitopatra Karobar Co. Pvt Ltd.,2026-04-16 11:09:27.320760,NRN Infrastructure and Development Limited
2026041605001173,NRN,58,38,23,1600.0,36800.0,2026-04-16,186541415,2898,Naasa Securities Co. Ltd.,Dipshikha Dhitopatra Karobar Co. Pvt Ltd.,2026-04-16 11:09:27.320816,NRN Infrastructure and Development Limited
2026041605001183,NRN,58,58,17,1600.0,27200.0,2026-04-16,186541567,2898,Naasa Securities Co. Ltd.,Naasa Securities Co. Ltd.,2026-04-16 11:09:32.252972,NRN Infrastructure and Development Limited
2026041605001201,NRN,58,91,200,1600.0,320000.0,2026-04-16,186541797,2898,Naasa Securities Co. Ltd.,Citizens Share Broker Limited,2026-04-16 11:09:38.712211,NRN Infrastructure and Development Limited
2026041605001222,NRN,40,57,1,1580.0,1580.0,2026-04-16,186541995,2898,Creative Securities Pvt Ltd,Aryatara Investment & Securities,2026-04-16 11:09:51.179389,NRN Infrastructure and Development Limited
2026041605001284,NRN,58,82,50,1603.0,80150.0,2026-04-16,186542726,2898,Naasa Securities Co. Ltd.,N.M.B. SECURITIES LIMITED,2026-04-16 11:10:20.824834,NRN Infrastructure and Development Limited
2026041605001285,NRN,49,82,350,1601.0,560350.0,2026-04-16,186542728,2898,Online Securities Pvt. Ltd.,N.M.B. SECURITIES LIMITED,2026-04-16 11:10:20.825057,NRN Infrastructure and Development Limited
2026041605001286,NRN,58,82,20,1600.0,32000.0,2026-04-16,186542730,2898,Naasa Securities Co. Ltd.,N.M.B. SECURITIES LIMITED,2026-04-16 11:10:20.825203,NRN Infrastructure and Development Limited
2026041605001328,NRN,70,58,60,1595.0,95700.0,2026-04-16,186543175,2898,Infinity Securities Limited,Naasa Securities Co. Ltd.,2026-04-16 11:10:39.578602,NRN Infrastructure and Development Limited
2026041605001376,NRN,42,64,200,1595.1,319020.0,2026-04-16,186543728,2898,Sani Securities Company Ltd.,SUN SECURITIES PVT LTD,2026-04-16 11:11:02.675306,NRN Infrastructure and Development Limited
2026041605001377,NRN,70,64,440,1595.0,701800.0,2026-04-16,186543730,2898,Infinity Securities Limited,SUN SECURITIES PVT LTD,2026-04-16 11:11:02.675429,NRN Infrastructure and Development Limited
2026041605001378,NRN,91,64,265,1595.0,422675.0,2026-04-16,186543732,2898,Citizens Share Broker Limited,SUN SECURITIES PVT LTD,2026-04-16 11:11:02.675478,NRN Infrastructure and Development Limited
2026041605001391,NRN,38,42,11,1590.0,17490.0,2026-04-16,186543829,2898,Dipshikha Dhitopatra Karobar Co. Pvt Ltd.,Sani Securities Company Ltd.,2026-04-16 11:11:07.485473,NRN Infrastructure and Development Limited
2026041605001407,NRN,80,64,95,1595.0,151525.0,2026-04-16,186543993,2898,Indira securities pvt. ltd,SUN SECURITIES PVT LTD,2026-04-16 11:11:16.458918,NRN Infrastructure and Development Limited
2026041605001455,NRN,80,29,15,1595.0,23925.0,2026-04-16,186544626,2898,Indira securities pvt. ltd,Trisul Securities & Invt. Ltd.,2026-04-16 11:11:42.143010,NRN Infrastructure and Development Limited
2026041605001476,NRN,48,82,100,1600.0,160000.0,2026-04-16,186544826,2898,Trishakti Securities Public Limited,N.M.B. SECURITIES LIMITED,2026-04-16 11:11:55.341586,NRN Infrastructure and Development Limited
2026041605001607,NRN,58,94,40,1597.0,63880.0,2026-04-16,186546298,2898,Naasa Securities Co. Ltd.,K.B.L. Securities Limited ,2026-04-16 11:12:57.249800,NRN Infrastructure and Development Limited
2026041605001608,NRN,57,94,25,1596.0,39900.0,2026-04-16,186546300,2898,Aryatara Investment & Securities,K.B.L. Securities Limited ,2026-04-16 11:12:57.249964,NRN Infrastructure and Development Limited
2026041605001609,NRN,42,94,435,1595.1,693868.5,2026-04-16,186546301,2898,Sani Securities Company Ltd.,K.B.L. Securities Limited ,2026-04-16 11:12:57.250025,NRN Infrastructure and Development Limited
2026041605001707,NRN,80,33,485,1595.3,773720.5,2026-04-16,186547388,2898,Indira securities pvt. ltd,Dakshinkali Investment & Securities Pvt. Ltd.,2026-04-16 11:13:55.670938,NRN Infrastructure and Development Limited
2026041605001708,NRN,29,33,100,1595.2,159520.0,2026-04-16,186547390,2898,Trisul Securities & Invt. Ltd.,Dakshinkali Investment & Securities Pvt. Ltd.,2026-04-16 11:13:55.671095,NRN Infrastructure and Development Limited
2026041605001709,NRN,42,33,165,1595.1,263191.5,2026-04-16,186547392,2898,Sani Securities Company Ltd.,Dakshinkali Investment & Securities Pvt. Ltd.,2026-04-16 11:13:55.671168,NRN Infrastructure and Development Limited
2026041605001710,NRN,34,33,10,1595.0,15950.0,2026-04-16,186547394,2898,Vision Securities Pvt. Ltd,Dakshinkali Investment & Securities Pvt. Ltd.,2026-04-16 11:13:55.671224,NRN Infrastructure and Development Limited
2026041605001711,NRN,95,33,20,1590.1,31802.0,2026-04-16,186547396,2898,Magnet Securities and Investment Company Private Limited,Dakshinkali Investment & Securities Pvt. Ltd.,2026-04-16 11:13:55.671281,NRN Infrastructure and Development Limited
2026041605001712,NRN,58,33,230,1590.0,365700.0,2026-04-16,186547397,2898,Naasa Securities Co. Ltd.,Dakshinkali Investment & Securities Pvt. Ltd.,2026-04-16 11:13:55.671340,NRN Infrastructure and Development Limited
2026041605001840,NRN,36,3,10,1590.1,15901.0,2026-04-16,186548840,2898,Secured Securities Ltd.,Arun Securities (PVT) Ltd.,2026-04-16 11:15:20.081248,NRN Infrastructure and Development Limited
2026041605001841,NRN,58,3,20,1590.0,31800.0,2026-04-16,186548841,2898,Naasa Securities Co. Ltd.,Arun Securities (PVT) Ltd.,2026-04-16 11:15:20.081406,NRN Infrastructure and Development Limited
2026041605001950,NRN,40,56,1,1580.0,1580.0,2026-04-16,186550169,2898,Creative Securities Pvt Ltd,Sri Hari Securities Pvt. Ltd.,2026-04-16 11:16:24.384910,NRN Infrastructure and Development Limited
2026041605002036,NRN,70,58,128,1595.0,204160.0,2026-04-16,186551093,2898,Infinity Securities Limited,Naasa Securities Co. Ltd.,2026-04-16 11:17:23.727575,NRN Infrastructure and Development Limited
2026041605002115,NRN,58,45,10,1596.0,15960.0,2026-04-16,186551759,2898,Naasa Securities Co. Ltd.,Imperial Securities Company Pvt. Ltd.,2026-04-16 11:17:55.047762,NRN Infrastructure and Development Limited
2026041605002116,NRN,70,45,15,1595.0,23925.0,2026-04-16,186551761,2898,Infinity Securities Limited,Imperial Securities Company Pvt. Ltd.,2026-04-16 11:17:55.048072,NRN Infrastructure and Development Limited
2026041605002134,NRN,66,51,10,1598.8,15988.0,2026-04-16,186552010,2898,Miyo Securities Pvt Ltd,Oxford Securities Pvt. Ltd.,2026-04-16 11:18:07.671110,NRN Infrastructure and Development Limited
2026041605002203,NRN,49,62,25,1596.5,39912.5,2026-04-16,186552552,2898,Online Securities Pvt. Ltd.,Capital Max Securities Ltd,2026-04-16 11:18:46.227006,NRN Infrastructure and Development Limited
2026041605002208,NRN,42,62,25,1596.5,39912.5,2026-04-16,186552577,2898,Sani Securities Company Ltd.,Capital Max Securities Ltd,2026-04-16 11:18:48.228920,NRN Infrastructure and Development Limited
2026041605002209,NRN,42,51,25,1598.8,39970.0,2026-04-16,186552580,2898,Sani Securities Company Ltd.,Oxford Securities Pvt. Ltd.,2026-04-16 11:18:48.229061,NRN Infrastructure and Development Limited
2026041605002240,NRN,49,48,350,1596.2,558670.0,2026-04-16,186552861,2898,Online Securities Pvt. Ltd.,Trishakti Securities Public Limited,2026-04-16 11:19:08.616501,NRN Infrastructure and Development Limited
2026041605002241,NRN,34,51,20,1598.8,31976.0,2026-04-16,186552864,2898,Vision Securities Pvt. Ltd,Oxford Securities Pvt. Ltd.,2026-04-16 11:19:08.674258,NRN Infrastructure and Development Limited
2026041605002249,NRN,49,5,150,1596.2,239430.0,2026-04-16,186552970,2898,Online Securities Pvt. Ltd.,Market Securities & Exchange (PVT) Ltd.,2026-04-16 11:19:16.106485,NRN Infrastructure and Development Limited
2026041605002250,NRN,42,5,150,1596.1,239415.0,2026-04-16,186552971,2898,Sani Securities Company Ltd.,Market Securities & Exchange (PVT) Ltd.,2026-04-16 11:19:16.106661,NRN Infrastructure and Development Limited
2026041605002264,NRN,65,51,10,1598.8,15988.0,2026-04-16,186553140,2898,Sharepro Securities Private Limited,Oxford Securities Pvt. Ltd.,2026-04-16 11:19:28.800430,NRN Infrastructure and Development Limited
2026041605002290,NRN,16,45,20,1597.0,31940.0,2026-04-16,186553392,2898,Primo Securities (PVT) Ltd.,Imperial Securities Company Pvt. Ltd.,2026-04-16 11:19:44.292568,NRN Infrastructure and Development Limited
2026041605002389,NRN,40,45,25,1596.5,39912.5,2026-04-16,186554291,2898,Creative Securities Pvt Ltd,Imperial Securities Company Pvt. Ltd.,2026-04-16 11:20:49.191809,NRN Infrastructure and Development Limited
2026041605002398,NRN,40,34,200,1596.5,319300.0,2026-04-16,186554437,2898,Creative Securities Pvt Ltd,Vision Securities Pvt. Ltd,2026-04-16 11:20:57.637792,NRN Infrastructure and Development Limited
2026041605002472,NRN,40,45,25,1596.5,39912.5,2026-04-16,186555113,2898,Creative Securities Pvt Ltd,Imperial Securities Company Pvt. Ltd.,2026-04-16 11:21:40.774125,NRN Infrastructure and Development Limited
2026041605002528,NRN,40,41,200,1596.5,319300.0,2026-04-16,186555667,2898,Creative Securities Pvt Ltd,Linch Stock Market Ltd.,2026-04-16 11:22:13.175989,NRN Infrastructure and Development Limited
2026041605002568,NRN,41,34,10,1596.7,15967.0,2026-04-16,186556232,2898,Linch Stock Market Ltd.,Vision Securities Pvt. Ltd,2026-04-16 11:22:48.745021,NRN Infrastructure and Development Limited
2026041605002595,NRN,33,56,1,1565.1,1565.1,2026-04-16,186556447,2898,Dakshinkali Investment & Securities Pvt. Ltd.,Sri Hari Securities Pvt. Ltd.,2026-04-16 11:23:04.526726,NRN Infrastructure and Development Limited
2026041605002597,NRN,41,51,10,1598.8,15988.0,2026-04-16,186556452,2898,Linch Stock Market Ltd.,Oxford Securities Pvt. Ltd.,2026-04-16 11:23:05.080466,NRN Infrastructure and Development Limited
2026041605002613,NRN,41,21,10,1599.0,15990.0,2026-04-16,186556656,2898,Linch Stock Market Ltd.,Midas Stock Broking Company Private Limited,2026-04-16 11:23:22.155891,NRN Infrastructure and Development Limited
2026041605002683,NRN,65,38,15,1600.0,24000.0,2026-04-16,186557510,2898,Sharepro Securities Private Limited,Dipshikha Dhitopatra Karobar Co. Pvt Ltd.,2026-04-16 11:24:13.643950,NRN Infrastructure and Development Limited
2026041605002909,NRN,40,45,15,1600.5,24007.5,2026-04-16,186559165,2898,Creative Securities Pvt Ltd,Imperial Securities Company Pvt. Ltd.,2026-04-16 11:25:46.945395,NRN Infrastructure and Development Limited
2026041605002959,NRN,40,45,100,1600.5,160050.0,2026-04-16,186559509,2898,Creative Securities Pvt Ltd,Imperial Securities Company Pvt. Ltd.,2026-04-16 11:26:07.707795,NRN Infrastructure and Development Limited
2026041605003009,NRN,40,1,10,1607.0,16070.0,2026-04-16,186559993,2898,Creative Securities Pvt Ltd,Kumari Securities Private Limited,2026-04-16 11:26:41.990160,NRN Infrastructure and Development Limited
2026041605003010,NRN,40,46,25,1609.0,40225.0,2026-04-16,186559996,2898,Creative Securities Pvt Ltd,Kalika Securities Pvt. Ltd.,2026-04-16 11:26:41.990501,NRN Infrastructure and Development Limited
2026041605003119,NRN,33,40,1,1590.0,1590.0,2026-04-16,186560895,2898,Dakshinkali Investment & Securities Pvt. Ltd.,Creative Securities Pvt Ltd,2026-04-16 11:27:40.476119,NRN Infrastructure and Development Limited
2026041605003125,NRN,33,38,1,1590.0,1590.0,2026-04-16,186561043,2898,Dakshinkali Investment & Securities Pvt. Ltd.,Dipshikha Dhitopatra Karobar Co. Pvt Ltd.,2026-04-16 11:27:47.206277,NRN Infrastructure and Development Limited
2026041605003160,NRN,33,35,1,1590.0,1590.0,2026-04-16,186561267,2898,Dakshinkali Investment & Securities Pvt. Ltd.,Kohinoor Investment & Securities Pvt. Ltd.,2026-04-16 11:28:10.114925,NRN Infrastructure and Development Limited
2026041605003245,NRN,38,56,1,1577.0,1577.0,2026-04-16,186562217,2898,Dipshikha Dhitopatra Karobar Co. Pvt Ltd.,Sri Hari Securities Pvt. Ltd.,2026-04-16 11:29:08.150019,NRN Infrastructure and Development Limited
2026041605003248,NRN,44,71,10,1606.0,16060.0,2026-04-16,186562302,2898,Dynamic Money Managers Securities Pvt. Ltd.,SHUBHAKAMANA SECURITIES PVT. LTD,2026-04-16 11:29:12.803441,NRN Infrastructure and Development Limited
2026041605003377,NRN,38,53,1,1575.0,1575.0,2026-04-16,186563341,2898,Dipshikha Dhitopatra Karobar Co. Pvt Ltd.,Investment Management Nepal Pvt. Ltd.,2026-04-16 11:30:13.699237,NRN Infrastructure and Development Limited
2026041605003460,NRN,7,49,10,1598.0,15980.0,2026-04-16,186563922,2898,J.F. Securites (PVT) Ltd.,Online Securities Pvt. Ltd.,2026-04-16 11:30:48.019115,NRN Infrastructure and Development Limited
2026041605003461,NRN,57,49,30,1597.3,47919.0,2026-04-16,186563924,2898,Aryatara Investment & Securities,Online Securities Pvt. Ltd.,2026-04-16 11:30:48.019339,NRN Infrastructure and Development Limited
2026041605003462,NRN,80,49,60,1597.3,95838.0,2026-04-16,186563925,2898,Indira securities pvt. ltd,Online Securities Pvt. Ltd.,2026-04-16 11:30:48.019421,NRN Infrastructure and Development Limited
2026041605003467,NRN,80,71,40,1597.3,63892.0,2026-04-16,186563974,2898,Indira securities pvt. ltd,SHUBHAKAMANA SECURITIES PVT. LTD,2026-04-16 11:30:51.982849,NRN Infrastructure and Development Limited
2026041605003468,NRN,42,71,550,1597.2,878460.0,2026-04-16,186563975,2898,Sani Securities Company Ltd.,SHUBHAKAMANA SECURITIES PVT. LTD,2026-04-16 11:30:51.983023,NRN Infrastructure and Development Limited
2026041605003473,NRN,33,56,1,1576.9,1576.9,2026-04-16,186563997,2898,Dakshinkali Investment & Securities Pvt. Ltd.,Sri Hari Securities Pvt. Ltd.,2026-04-16 11:30:52.994964,NRN Infrastructure and Development Limited
2026041605003504,NRN,94,41,100,1597.1,159710.0,2026-04-16,186564353,2898,K.B.L. Securities Limited ,Linch Stock Market Ltd.,2026-04-16 11:31:06.603493,NRN Infrastructure and Development Limited
2026041605003542,NRN,52,5,30,1597.0,47910.0,2026-04-16,186564744,2898,Sundhara Securities Limited,Market Securities & Exchange (PVT) Ltd.,2026-04-16 11:31:30.181671,NRN Infrastructure and Development Limited
2026041605003543,NRN,44,5,70,1597.0,111790.0,2026-04-16,186564745,2898,Dynamic Money Managers Securities Pvt. Ltd.,Market Securities & Exchange (PVT) Ltd.,2026-04-16 11:31:30.182003,NRN Infrastructure and Development Limited
2026041605003577,NRN,44,38,200,1597.0,319400.0,2026-04-16,186565077,2898,Dynamic Money Managers Securities Pvt. Ltd.,Dipshikha Dhitopatra Karobar Co. Pvt Ltd.,2026-04-16 11:31:47.928213,NRN Infrastructure and Development Limited
2026041605003648,NRN,38,57,1,1580.0,1580.0,2026-04-16,186565533,2898,Dipshikha Dhitopatra Karobar Co. Pvt Ltd.,Aryatara Investment & Securities,2026-04-16 11:32:04.973770,NRN Infrastructure and Development Limited
2026041605003795,NRN,22,71,15,1600.0,24000.0,2026-04-16,186566484,2898,Siprabi Securities Pvt. Ltd.,SHUBHAKAMANA SECURITIES PVT. LTD,2026-04-16 11:33:00.169741,NRN Infrastructure and Development Limited
2026041605003796,NRN,44,71,10,1597.0,15970.0,2026-04-16,186566485,2898,Dynamic Money Managers Securities Pvt. Ltd.,SHUBHAKAMANA SECURITIES PVT. LTD,2026-04-16 11:33:00.169945,NRN Infrastructure and Development Limited
2026041605003843,NRN,44,58,150,1597.0,239550.0,2026-04-16,186567089,2898,Dynamic Money Managers Securities Pvt. Ltd.,Naasa Securities Co. Ltd.,2026-04-16 11:33:23.021058,NRN Infrastructure and Development Limited
2026041605004123,NRN,33,35,1,1566.0,1566.0,2026-04-16,186569859,2898,Dakshinkali Investment & Securities Pvt. Ltd.,Kohinoor Investment & Securities Pvt. Ltd.,2026-04-16 11:35:45.309288,NRN Infrastructure and Development Limited
2026041605004259,NRN,38,41,1,1576.0,1576.0,2026-04-16,186571031,2898,Dipshikha Dhitopatra Karobar Co. Pvt Ltd.,Linch Stock Market Ltd.,2026-04-16 11:36:50.146175,NRN Infrastructure and Development Limited
2026041605004416,NRN,44,38,50,1597.0,79850.0,2026-04-16,186572909,2898,Dynamic Money Managers Securities Pvt. Ltd.,Dipshikha Dhitopatra Karobar Co. Pvt Ltd.,2026-04-16 11:38:45.874606,NRN Infrastructure and Development Limited
2026041605004470,NRN,38,66,1,1575.0,1575.0,2026-04-16,186573505,2898,Dipshikha Dhitopatra Karobar Co. Pvt Ltd.,Miyo Securities Pvt Ltd,2026-04-16 11:39:23.511934,NRN Infrastructure and Development Limited
2026041605004550,NRN,44,14,20,1597.0,31940.0,2026-04-16,186573894,2898,Dynamic Money Managers Securities Pvt. Ltd.,Nepal Stock House (PVT) Ltd.,2026-04-16 11:39:46.634830,NRN Infrastructure and Development Limited
2026041605004551,NRN,7,14,10,1597.0,15970.0,2026-04-16,186573896,2898,J.F. Securites (PVT) Ltd.,Nepal Stock House (PVT) Ltd.,2026-04-16 11:39:46.635195,NRN Infrastructure and Development Limited
2026041605004565,NRN,26,22,34,1597.0,54298.0,2026-04-16,186574062,2898,Asian Securities Private Ltd.,Siprabi Securities Pvt. Ltd.,2026-04-16 11:39:59.270938,NRN Infrastructure and Development Limited
2026041605004667,NRN,50,22,67,1597.0,106999.0,2026-04-16,186574906,2898,Cristal Kanchanjanga Securites Pvt. Ltd.,Siprabi Securities Pvt. Ltd.,2026-04-16 11:40:48.653579,NRN Infrastructure and Development Limited
2026041605004777,NRN,48,58,30,1597.0,47910.0,2026-04-16,186576480,2898,Trishakti Securities Public Limited,Naasa Securities Co. Ltd.,2026-04-16 11:42:03.939329,NRN Infrastructure and Development Limited
2026041605004847,NRN,33,42,1,1565.1,1565.1,2026-04-16,186577299,2898,Dakshinkali Investment & Securities Pvt. Ltd.,Sani Securities Company Ltd.,2026-04-16 11:42:42.760621,NRN Infrastructure and Development Limited
2026041605004878,NRN,25,56,1,1597.1,1597.1,2026-04-16,186577715,2898,Sweta Securities Private Limited,Sri Hari Securities Pvt. Ltd.,2026-04-16 11:43:06.537343,NRN Infrastructure and Development Limited
2026041605004932,NRN,41,78,10,1595.0,15950.0,2026-04-16,186578110,2898,Linch Stock Market Ltd.,Garima Securities Limited,2026-04-16 11:43:28.822019,NRN Infrastructure and Development Limited
2026041605004933,NRN,91,78,39,1595.0,62205.0,2026-04-16,186578111,2898,Citizens Share Broker Limited,Garima Securities Limited,2026-04-16 11:43:28.822233,NRN Infrastructure and Development Limited
2026041605005025,NRN,91,34,15,1595.0,23925.0,2026-04-16,186579351,2898,Citizens Share Broker Limited,Vision Securities Pvt. Ltd,2026-04-16 11:44:45.955226,NRN Infrastructure and Development Limited
2026041605005226,NRN,91,44,46,1595.0,73370.0,2026-04-16,186581262,2898,Citizens Share Broker Limited,Dynamic Money Managers Securities Pvt. Ltd.,2026-04-16 11:46:48.672482,NRN Infrastructure and Development Limited
2026041605005227,NRN,7,44,10,1595.0,15950.0,2026-04-16,186581264,2898,J.F. Securites (PVT) Ltd.,Dynamic Money Managers Securities Pvt. Ltd.,2026-04-16 11:46:48.672693,NRN Infrastructure and Development Limited
2026041605005228,NRN,77,44,937,1594.1,1493671.7,2026-04-16,186581265,2898,Nabil Stock Dealer Ltd.,Dynamic Money Managers Securities Pvt. Ltd.,2026-04-16 11:46:48.672813,NRN Infrastructure and Development Limited
2026041605005355,NRN,48,42,10,1595.0,15950.0,2026-04-16,186582532,2898,Trishakti Securities Public Limited,Sani Securities Company Ltd.,2026-04-16 11:48:18.798958,NRN Infrastructure and Development Limited
2026041605005356,NRN,35,42,23,1594.2,36666.6,2026-04-16,186582534,2898,Kohinoor Investment & Securities Pvt. Ltd.,Sani Securities Company Ltd.,2026-04-16 11:48:18.799342,NRN Infrastructure and Development Limited
2026041605005357,NRN,77,42,3967,1594.1,6323794.7,2026-04-16,186582535,2898,Nabil Stock Dealer Ltd.,Sani Securities Company Ltd.,2026-04-16 11:48:18.799582,NRN Infrastructure and Development Limited
2026041605005442,NRN,75,22,100,1599.0,159900.0,2026-04-16,186583303,2898,N.I.M.B. Stock Markets Limited,Siprabi Securities Pvt. Ltd.,2026-04-16 11:49:17.088720,NRN Infrastructure and Development Limited
2026041605005458,NRN,75,70,142,1599.0,227058.0,2026-04-16,186583701,2898,N.I.M.B. Stock Markets Limited,Infinity Securities Limited,2026-04-16 11:49:47.587558,NRN Infrastructure and Development Limited
2026041605005459,NRN,75,38,100,1599.0,159900.0,2026-04-16,186583717,2898,N.I.M.B. Stock Markets Limited,Dipshikha Dhitopatra Karobar Co. Pvt Ltd.,2026-04-16 11:49:48.672521,NRN Infrastructure and Development Limited
2026041605005461,NRN,75,50,40,1599.0,63960.0,2026-04-16,186583774,2898,N.I.M.B. Stock Markets Limited,Cristal Kanchanjanga Securites Pvt. Ltd.,2026-04-16 11:49:52.685418,NRN Infrastructure and Development Limited
2026041605005801,NRN,41,50,20,1599.0,31980.0,2026-04-16,186586302,2898,Linch Stock Market Ltd.,Cristal Kanchanjanga Securites Pvt. Ltd.,2026-04-16 11:52:22.280693,NRN Infrastructure and Development Limited
2026041605005837,NRN,33,74,1,1567.1,1567.1,2026-04-16,186586759,2898,Dakshinkali Investment & Securities Pvt. Ltd.,KALASH STOCK MARKET PVT. LTD.,2026-04-16 11:52:48.888556,NRN Infrastructure and Development Limited
2026041605005869,NRN,14,50,40,1599.0,63960.0,2026-04-16,186587047,2898,Nepal Stock House (PVT) Ltd.,Cristal Kanchanjanga Securites Pvt. Ltd.,2026-04-16 11:53:02.273983,NRN Infrastructure and Development Limited
2026041605005870,NRN,14,19,10,1599.9,15999.0,2026-04-16,186587050,2898,Nepal Stock House (PVT) Ltd.,Nepal Investment And Securities Trading Private Limited,2026-04-16 11:53:02.274191,NRN Infrastructure and Development Limited
2026041605005871,NRN,50,34,15,1596.1,23941.5,2026-04-16,186587051,2898,Cristal Kanchanjanga Securites Pvt. Ltd.,Vision Securities Pvt. Ltd,2026-04-16 11:53:02.369308,NRN Infrastructure and Development Limited
2026041605006079,NRN,6,22,300,1597.0,479100.0,2026-04-16,186588668,2898,Agrawal Securities (PVT) Ltd.,Siprabi Securities Pvt. Ltd.,2026-04-16 11:54:53.489362,NRN Infrastructure and Development Limited
2026041605006080,NRN,6,22,100,1597.0,159700.0,2026-04-16,186588669,2898,Agrawal Securities (PVT) Ltd.,Siprabi Securities Pvt. Ltd.,2026-04-16 11:54:53.489750,NRN Infrastructure and Development Limited
2026041605006083,NRN,6,42,50,1597.0,79850.0,2026-04-16,186588719,2898,Agrawal Securities (PVT) Ltd.,Sani Securities Company Ltd.,2026-04-16 11:54:55.774092,NRN Infrastructure and Development Limited
2026041605006136,NRN,38,35,1,1565.1,1565.1,2026-04-16,186589057,2898,Dipshikha Dhitopatra Karobar Co. Pvt Ltd.,Kohinoor Investment & Securities Pvt. Ltd.,2026-04-16 11:55:18.044654,NRN Infrastructure and Development Limited
2026041605006162,NRN,50,99,85,1600.0,136000.0,2026-04-16,186589288,2898,Cristal Kanchanjanga Securites Pvt. Ltd.,Prabhu Stock Market Limited,2026-04-16 11:55:34.862042,NRN Infrastructure and Development Limited
2026041605006373,NRN,38,19,1,1568.0,1568.0,2026-04-16,186591293,2898,Dipshikha Dhitopatra Karobar Co. Pvt Ltd.,Nepal Investment And Securities Trading Private Limited,2026-04-16 11:57:53.200256,NRN Infrastructure and Development Limited
2026041605006453,NRN,6,99,115,1600.0,184000.0,2026-04-16,186592007,2898,Agrawal Securities (PVT) Ltd.,Prabhu Stock Market Limited,2026-04-16 11:58:44.044576,NRN Infrastructure and Development Limited
2026041605006454,NRN,6,6,35,1600.0,56000.0,2026-04-16,186592010,2898,Agrawal Securities (PVT) Ltd.,Agrawal Securities (PVT) Ltd.,2026-04-16 11:58:44.044971,NRN Infrastructure and Development Limited
2026041605006467,NRN,6,6,200,1600.0,320000.0,2026-04-16,186592138,2898,Agrawal Securities (PVT) Ltd.,Agrawal Securities (PVT) Ltd.,2026-04-16 11:58:53.556020,NRN Infrastructure and Development Limited
2026041605006500,NRN,6,6,50,1600.0,80000.0,2026-04-16,186592336,2898,Agrawal Securities (PVT) Ltd.,Agrawal Securities (PVT) Ltd.,2026-04-16 11:59:08.630909,NRN Infrastructure and Development Limited
2026041605006531,NRN,18,6,500,1600.0,800000.0,2026-04-16,186592462,2898,Sagarmatha Securities Private Limited,Agrawal Securities (PVT) Ltd.,2026-04-16 11:59:17.525255,NRN Infrastructure and Development Limited
2026041605006613,NRN,26,6,1000,1600.0,1600000.0,2026-04-16,186593092,2898,Asian Securities Private Ltd.,Agrawal Securities (PVT) Ltd.,2026-04-16 11:59:52.204031,NRN Infrastructure and Development Limited
2026041605006912,NRN,36,6,30,1600.0,48000.0,2026-04-16,186595786,2898,Secured Securities Ltd.,Agrawal Securities (PVT) Ltd.,2026-04-16 12:03:23.357416,NRN Infrastructure and Development Limited
2026041605006947,NRN,36,41,1,1570.0,1570.0,2026-04-16,186596113,2898,Secured Securities Ltd.,Linch Stock Market Ltd.,2026-04-16 12:04:00.592188,NRN Infrastructure and Development Limited
2026041605006966,NRN,48,14,10,1598.0,15980.0,2026-04-16,186596268,2898,Trishakti Securities Public Limited,Nepal Stock House (PVT) Ltd.,2026-04-16 12:04:16.374736,NRN Infrastructure and Development Limited
2026041605007146,NRN,38,66,150,1595.3,239295.0,2026-04-16,186597686,2898,Dipshikha Dhitopatra Karobar Co. Pvt Ltd.,Miyo Securities Pvt Ltd,2026-04-16 12:06:24.705399,NRN Infrastructure and Development Limited
2026041605007147,NRN,42,66,270,1595.2,430704.0,2026-04-16,186597687,2898,Sani Securities Company Ltd.,Miyo Securities Pvt Ltd,2026-04-16 12:06:24.705823,NRN Infrastructure and Development Limited
2026041605007158,NRN,36,53,1,1566.0,1566.0,2026-04-16,186597871,2898,Secured Securities Ltd.,Investment Management Nepal Pvt. Ltd.,2026-04-16 12:06:37.237609,NRN Infrastructure and Development Limited
2026041605007209,NRN,42,4,300,1595.2,478560.0,2026-04-16,186598403,2898,Sani Securities Company Ltd.,Opal Securities Investment (PVT) Ltd.,2026-04-16 12:07:15.983824,NRN Infrastructure and Development Limited
2026041605007214,NRN,42,58,230,1595.2,366896.0,2026-04-16,186598436,2898,Sani Securities Company Ltd.,Naasa Securities Co. Ltd.,2026-04-16 12:07:19.819090,NRN Infrastructure and Development Limited
2026041605007301,NRN,38,99,50,1595.0,79750.0,2026-04-16,186599038,2898,Dipshikha Dhitopatra Karobar Co. Pvt Ltd.,Prabhu Stock Market Limited,2026-04-16 12:08:00.154759,NRN Infrastructure and Development Limited
2026041605007302,NRN,7,99,20,1595.0,31900.0,2026-04-16,186599040,2898,J.F. Securites (PVT) Ltd.,Prabhu Stock Market Limited,2026-04-16 12:08:00.155037,NRN Infrastructure and Development Limited
2026041605007303,NRN,7,99,50,1595.0,79750.0,2026-04-16,186599042,2898,J.F. Securites (PVT) Ltd.,Prabhu Stock Market Limited,2026-04-16 12:08:00.155131,NRN Infrastructure and Development Limited
2026041605007304,NRN,29,99,10,1595.0,15950.0,2026-04-16,186599044,2898,Trisul Securities & Invt. Ltd.,Prabhu Stock Market Limited,2026-04-16 12:08:00.155217,NRN Infrastructure and Development Limited
2026041605007305,NRN,77,99,96,1594.1,153033.6,2026-04-16,186599046,2898,Nabil Stock Dealer Ltd.,Prabhu Stock Market Limited,2026-04-16 12:08:00.155305,NRN Infrastructure and Development Limited
2026041605007306,NRN,14,99,74,1594.1,117963.4,2026-04-16,186599047,2898,Nepal Stock House (PVT) Ltd.,Prabhu Stock Market Limited,2026-04-16 12:08:00.155413,NRN Infrastructure and Development Limited
2026041605007366,NRN,66,58,10,1595.2,15952.0,2026-04-16,186599244,2898,Miyo Securities Pvt Ltd,Naasa Securities Co. Ltd.,2026-04-16 12:08:07.109558,NRN Infrastructure and Development Limited
2026041605007524,NRN,50,58,110,1595.2,175472.0,2026-04-16,186600254,2898,Cristal Kanchanjanga Securites Pvt. Ltd.,Naasa Securities Co. Ltd.,2026-04-16 12:09:13.853906,NRN Infrastructure and Development Limited
2026041605007550,NRN,14,33,426,1594.1,679086.6,2026-04-16,186600366,2898,Nepal Stock House (PVT) Ltd.,Dakshinkali Investment & Securities Pvt. Ltd.,2026-04-16 12:09:22.948016,NRN Infrastructure and Development Limited
2026041605007551,NRN,66,33,10,1594.0,15940.0,2026-04-16,186600368,2898,Miyo Securities Pvt Ltd,Dakshinkali Investment & Securities Pvt. Ltd.,2026-04-16 12:09:22.948270,NRN Infrastructure and Development Limited
2026041605007552,NRN,58,33,10,1594.0,15940.0,2026-04-16,186600370,2898,Naasa Securities Co. Ltd.,Dakshinkali Investment & Securities Pvt. Ltd.,2026-04-16 12:09:22.948365,NRN Infrastructure and Development Limited
2026041605007553,NRN,41,33,209,1594.0,333146.0,2026-04-16,186600371,2898,Linch Stock Market Ltd.,Dakshinkali Investment & Securities Pvt. Ltd.,2026-04-16 12:09:22.948464,NRN Infrastructure and Development Limited
2026041605007584,NRN,41,58,300,1594.0,478200.0,2026-04-16,186600613,2898,Linch Stock Market Ltd.,Naasa Securities Co. Ltd.,2026-04-16 12:09:39.360060,NRN Infrastructure and Development Limited
2026041605007617,NRN,41,58,100,1594.0,159400.0,2026-04-16,186600841,2898,Linch Stock Market Ltd.,Naasa Securities Co. Ltd.,2026-04-16 12:09:56.058133,NRN Infrastructure and Development Limited
2026041605007684,NRN,36,29,1,1562.3,1562.3,2026-04-16,186601165,2898,Secured Securities Ltd.,Trisul Securities & Invt. Ltd.,2026-04-16 12:10:16.196237,NRN Infrastructure and Development Limited
2026041605007814,NRN,56,17,11,1595.0,17545.0,2026-04-16,186601943,2898,Sri Hari Securities Pvt. Ltd.,ABC Securities Private Limited,2026-04-16 12:11:07.630500,NRN Infrastructure and Development Limited
2026041605007863,NRN,56,52,71,1595.0,113245.0,2026-04-16,186602175,2898,Sri Hari Securities Pvt. Ltd.,Sundhara Securities Limited,2026-04-16 12:11:21.212691,NRN Infrastructure and Development Limited
2026041605007876,NRN,56,58,500,1595.0,797500.0,2026-04-16,186602283,2898,Sri Hari Securities Pvt. Ltd.,Naasa Securities Co. Ltd.,2026-04-16 12:11:33.409186,NRN Infrastructure and Development Limited
2026041605007982,NRN,56,58,270,1595.0,430650.0,2026-04-16,186603459,2898,Sri Hari Securities Pvt. Ltd.,Naasa Securities Co. Ltd.,2026-04-16 12:13:08.382323,NRN Infrastructure and Development Limited
2026041605008021,NRN,7,29,8,1564.0,12512.0,2026-04-16,186603903,2898,J.F. Securites (PVT) Ltd.,Trisul Securities & Invt. Ltd.,2026-04-16 12:13:46.837309,NRN Infrastructure and Development Limited
2026041605008149,NRN,99,49,100,1595.0,159500.0,2026-04-16,186604770,2898,Prabhu Stock Market Limited,Online Securities Pvt. Ltd.,2026-04-16 12:15:07.918617,NRN Infrastructure and Development Limited
2026041605008150,NRN,58,49,400,1595.0,638000.0,2026-04-16,186604771,2898,Naasa Securities Co. Ltd.,Online Securities Pvt. Ltd.,2026-04-16 12:15:07.918852,NRN Infrastructure and Development Limited
2026041605008203,NRN,58,45,100,1595.0,159500.0,2026-04-16,186605338,2898,Naasa Securities Co. Ltd.,Imperial Securities Company Pvt. Ltd.,2026-04-16 12:16:05.355030,NRN Infrastructure and Development Limited
2026041605008204,NRN,56,45,148,1594.1,235926.8,2026-04-16,186605340,2898,Sri Hari Securities Pvt. Ltd.,Imperial Securities Company Pvt. Ltd.,2026-04-16 12:16:05.355291,NRN Infrastructure and Development Limited
2026041605008212,NRN,41,45,250,1594.0,398500.0,2026-04-16,186605507,2898,Linch Stock Market Ltd.,Imperial Securities Company Pvt. Ltd.,2026-04-16 12:16:23.854609,NRN Infrastructure and Development Limited
2026041605008260,NRN,41,45,300,1594.0,478200.0,2026-04-16,186605983,2898,Linch Stock Market Ltd.,Imperial Securities Company Pvt. Ltd.,2026-04-16 12:17:06.750075,NRN Infrastructure and Development Limited
2026041605008274,NRN,41,14,200,1594.0,318800.0,2026-04-16,186606159,2898,Linch Stock Market Ltd.,Nepal Stock House (PVT) Ltd.,2026-04-16 12:17:20.324270,NRN Infrastructure and Development Limited
2026041605008310,NRN,41,82,1000,1594.0,1594000.0,2026-04-16,186606737,2898,Linch Stock Market Ltd.,N.M.B. SECURITIES LIMITED,2026-04-16 12:18:03.722170,NRN Infrastructure and Development Limited
2026041605008360,NRN,36,92,1,1563.0,1563.0,2026-04-16,186607597,2898,Secured Securities Ltd.,Roadshow securities limited,2026-04-16 12:19:09.214822,NRN Infrastructure and Development Limited
2026041605008380,NRN,42,58,10,1595.0,15950.0,2026-04-16,186607794,2898,Sani Securities Company Ltd.,Naasa Securities Co. Ltd.,2026-04-16 12:19:25.593714,NRN Infrastructure and Development Limited
2026041605008381,NRN,41,58,21,1594.0,33474.0,2026-04-16,186607796,2898,Linch Stock Market Ltd.,Naasa Securities Co. Ltd.,2026-04-16 12:19:25.593824,NRN Infrastructure and Development Limited
2026041605008382,NRN,7,58,10,1594.0,15940.0,2026-04-16,186607798,2898,J.F. Securites (PVT) Ltd.,Naasa Securities Co. Ltd.,2026-04-16 12:19:25.593951,NRN Infrastructure and Development Limited
2026041605008383,NRN,58,58,10,1593.0,15930.0,2026-04-16,186607800,2898,Naasa Securities Co. Ltd.,Naasa Securities Co. Ltd.,2026-04-16 12:19:25.594026,NRN Infrastructure and Development Limited
2026041605008384,NRN,80,58,449,1593.0,715257.0,2026-04-16,186607801,2898,Indira securities pvt. ltd,Naasa Securities Co. Ltd.,2026-04-16 12:19:25.594090,NRN Infrastructure and Development Limited
2026041605008405,NRN,25,8,21,1597.0,33537.0,2026-04-16,186608198,2898,Sweta Securities Private Limited,Brilliant Securities Pvt. Ltd.,2026-04-16 12:20:01.225425,NRN Infrastructure and Development Limited
2026041605008435,NRN,71,42,11,1594.1,17535.1,2026-04-16,186608529,2898,SHUBHAKAMANA SECURITIES PVT. LTD,Sani Securities Company Ltd.,2026-04-16 12:20:37.075829,NRN Infrastructure and Development Limited
2026041605008513,NRN,33,17,3,1566.0,4698.0,2026-04-16,186609351,2898,Dakshinkali Investment & Securities Pvt. Ltd.,ABC Securities Private Limited,2026-04-16 12:21:44.872400,NRN Infrastructure and Development Limited
2026041605008608,NRN,59,8,100,1595.0,159500.0,2026-04-16,186610146,2898,Deevyaa Securities & Stock House Pvt. Ltd,Brilliant Securities Pvt. Ltd.,2026-04-16 12:22:52.035165,NRN Infrastructure and Development Limited
2026041605008878,NRN,37,29,20,1595.0,31900.0,2026-04-16,186612886,2898,Swarna Laxmi Securities Pvt. Ltd.,Trisul Securities & Invt. Ltd.,2026-04-16 12:25:53.544157,NRN Infrastructure and Development Limited
2026041605008951,NRN,71,14,39,1594.1,62169.9,2026-04-16,186613498,2898,SHUBHAKAMANA SECURITIES PVT. LTD,Nepal Stock House (PVT) Ltd.,2026-04-16 12:26:38.537165,NRN Infrastructure and Development Limited
2026041605008952,NRN,57,14,61,1594.1,97240.1,2026-04-16,186613499,2898,Aryatara Investment & Securities,Nepal Stock House (PVT) Ltd.,2026-04-16 12:26:38.537649,NRN Infrastructure and Development Limited
2026041605008961,NRN,5,42,10,1595.0,15950.0,2026-04-16,186613528,2898,Market Securities & Exchange (PVT) Ltd.,Sani Securities Company Ltd.,2026-04-16 12:26:40.360268,NRN Infrastructure and Development Limited
2026041605008976,NRN,57,49,39,1594.1,62169.9,2026-04-16,186613664,2898,Aryatara Investment & Securities,Online Securities Pvt. Ltd.,2026-04-16 12:26:52.986074,NRN Infrastructure and Development Limited
2026041605008977,NRN,59,49,298,1594.0,475012.0,2026-04-16,186613665,2898,Deevyaa Securities & Stock House Pvt. Ltd,Online Securities Pvt. Ltd.,2026-04-16 12:26:52.986359,NRN Infrastructure and Development Limited
2026041605008982,NRN,48,42,10,1595.0,15950.0,2026-04-16,186613796,2898,Trishakti Securities Public Limited,Sani Securities Company Ltd.,2026-04-16 12:27:02.143009,NRN Infrastructure and Development Limited
2026041605009013,NRN,59,52,40,1594.0,63760.0,2026-04-16,186614157,2898,Deevyaa Securities & Stock House Pvt. Ltd,Sundhara Securities Limited,2026-04-16 12:27:35.364210,NRN Infrastructure and Development Limited
2026041605009038,NRN,4,42,20,1595.0,31900.0,2026-04-16,186614346,2898,Opal Securities Investment (PVT) Ltd.,Sani Securities Company Ltd.,2026-04-16 12:27:51.269080,NRN Infrastructure and Development Limited
2026041605009111,NRN,41,11,10,1595.0,15950.0,2026-04-16,186614816,2898,Linch Stock Market Ltd.,Malla & Malla Stock Broking Company Pvt. Limited,2026-04-16 12:28:27.597975,NRN Infrastructure and Development Limited
2026041605009556,NRN,41,26,10,1594.2,15942.0,2026-04-16,186618016,2898,Linch Stock Market Ltd.,Asian Securities Private Ltd.,2026-04-16 12:33:02.791517,NRN Infrastructure and Development Limited
2026041605009747,NRN,39,71,11,1594.2,17536.2,2026-04-16,186619377,2898,Sumeru Securities Pvt. Ltd.,SHUBHAKAMANA SECURITIES PVT. LTD,2026-04-16 12:35:10.524205,NRN Infrastructure and Development Limited
2026041605009841,NRN,10,38,10,1596.0,15960.0,2026-04-16,186619962,2898,Pragyan Securities (PVT) Ltd.,Dipshikha Dhitopatra Karobar Co. Pvt Ltd.,2026-04-16 12:35:59.715430,NRN Infrastructure and Development Limited
2026041605009897,NRN,10,32,10,1596.0,15960.0,2026-04-16,186620616,2898,Pragyan Securities (PVT) Ltd.,Premier Securities Company Ltd.,2026-04-16 12:37:07.023560,NRN Infrastructure and Development Limited
2026041605009939,NRN,32,45,15,1594.4,23916.0,2026-04-16,186621004,2898,Premier Securities Company Ltd.,Imperial Securities Company Pvt. Ltd.,2026-04-16 12:37:43.763957,NRN Infrastructure and Development Limited
2026041605009940,NRN,60,45,85,1594.3,135515.5,2026-04-16,186621005,2898,Nagarik Stock Dealer ,Imperial Securities Company Pvt. Ltd.,2026-04-16 12:37:43.764248,NRN Infrastructure and Development Limited
2026041605009984,NRN,49,7,100,1594.4,159440.0,2026-04-16,186621337,2898,Online Securities Pvt. Ltd.,J.F. Securites (PVT) Ltd.,2026-04-16 12:38:17.214722,NRN Infrastructure and Development Limited
2026041605010023,NRN,20,20,1,1565.4,1565.4,2026-04-16,186621699,2898,Sipla Securities Private Limited,Sipla Securities Private Limited,2026-04-16 12:39:09.262413,NRN Infrastructure and Development Limited
2026041605010025,NRN,39,58,100,1595.1,159510.0,2026-04-16,186621712,2898,Sumeru Securities Pvt. Ltd.,Naasa Securities Co. Ltd.,2026-04-16 12:39:11.830983,NRN Infrastructure and Development Limited
2026041605010026,NRN,60,58,202,1595.0,322190.0,2026-04-16,186621713,2898,Nagarik Stock Dealer ,Naasa Securities Co. Ltd.,2026-04-16 12:39:11.831494,NRN Infrastructure and Development Limited
2026041605010048,NRN,60,58,302,1595.0,481690.0,2026-04-16,186621801,2898,Nagarik Stock Dealer ,Naasa Securities Co. Ltd.,2026-04-16 12:39:21.666846,NRN Infrastructure and Development Limited
2026041605010079,NRN,60,58,176,1595.0,280720.0,2026-04-16,186622127,2898,Nagarik Stock Dealer ,Naasa Securities Co. Ltd.,2026-04-16 12:39:58.761106,NRN Infrastructure and Development Limited
2026041605010089,NRN,60,17,20,1595.0,31900.0,2026-04-16,186622309,2898,Nagarik Stock Dealer ,ABC Securities Private Limited,2026-04-16 12:40:14.295151,NRN Infrastructure and Development Limited
2026041605010095,NRN,60,58,215,1595.0,342925.0,2026-04-16,186622336,2898,Nagarik Stock Dealer ,Naasa Securities Co. Ltd.,2026-04-16 12:40:16.457293,NRN Infrastructure and Development Limited
2026041605010096,NRN,50,58,200,1594.6,318920.0,2026-04-16,186622338,2898,Cristal Kanchanjanga Securites Pvt. Ltd.,Naasa Securities Co. Ltd.,2026-04-16 12:40:16.457813,NRN Infrastructure and Development Limited
2026041605010097,NRN,49,58,100,1594.5,159450.0,2026-04-16,186622340,2898,Online Securities Pvt. Ltd.,Naasa Securities Co. Ltd.,2026-04-16 12:40:16.458427,NRN Infrastructure and Development Limited
2026041605010098,NRN,39,58,89,1594.2,141883.8,2026-04-16,186622342,2898,Sumeru Securities Pvt. Ltd.,Naasa Securities Co. Ltd.,2026-04-16 12:40:16.458791,NRN Infrastructure and Development Limited
2026041605010099,NRN,39,58,100,1594.2,159420.0,2026-04-16,186622344,2898,Sumeru Securities Pvt. Ltd.,Naasa Securities Co. Ltd.,2026-04-16 12:40:16.459132,NRN Infrastructure and Development Limited
2026041605010100,NRN,39,58,100,1594.1,159410.0,2026-04-16,186622346,2898,Sumeru Securities Pvt. Ltd.,Naasa Securities Co. Ltd.,2026-04-16 12:40:16.459503,NRN Infrastructure and Development Limited
2026041605010101,NRN,59,58,162,1594.0,258228.0,2026-04-16,186622348,2898,Deevyaa Securities & Stock House Pvt. Ltd,Naasa Securities Co. Ltd.,2026-04-16 12:40:16.459825,NRN Infrastructure and Development Limited
2026041605010102,NRN,25,58,34,1594.0,54196.0,2026-04-16,186622349,2898,Sweta Securities Private Limited,Naasa Securities Co. Ltd.,2026-04-16 12:40:16.460129,NRN Infrastructure and Development Limited
2026041605010108,NRN,25,58,15,1594.0,23910.0,2026-04-16,186622431,2898,Sweta Securities Private Limited,Naasa Securities Co. Ltd.,2026-04-16 12:40:19.869295,NRN Infrastructure and Development Limited
2026041605010128,NRN,40,29,1,1562.4,1562.4,2026-04-16,186622551,2898,Creative Securities Pvt Ltd,Trisul Securities & Invt. Ltd.,2026-04-16 12:40:30.710588,NRN Infrastructure and Development Limited
2026041605010182,NRN,40,34,1,1563.1,1563.1,2026-04-16,186623103,2898,Creative Securities Pvt Ltd,Vision Securities Pvt. Ltd,2026-04-16 12:41:16.903694,NRN Infrastructure and Development Limited
2026041605010262,NRN,41,28,10,1596.0,15960.0,2026-04-16,186623636,2898,Linch Stock Market Ltd.,Shree Krishna Securities Ltd.,2026-04-16 12:42:12.003042,NRN Infrastructure and Development Limited
2026041605010280,NRN,25,45,200,1594.0,318800.0,2026-04-16,186623953,2898,Sweta Securities Private Limited,Imperial Securities Company Pvt. Ltd.,2026-04-16 12:42:35.759192,NRN Infrastructure and Development Limited
2026041605010439,NRN,38,45,1,1574.0,1574.0,2026-04-16,186625291,2898,Dipshikha Dhitopatra Karobar Co. Pvt Ltd.,Imperial Securities Company Pvt. Ltd.,2026-04-16 12:44:19.252990,NRN Infrastructure and Development Limited
2026041605010457,NRN,25,33,50,1594.0,79700.0,2026-04-16,186625439,2898,Sweta Securities Private Limited,Dakshinkali Investment & Securities Pvt. Ltd.,2026-04-16 12:44:27.646462,NRN Infrastructure and Development Limited
2026041605010530,NRN,62,97,200,1594.1,318820.0,2026-04-16,186626026,2898,Capital Max Securities Ltd,R.B.B. Securities Company Ltd,2026-04-16 12:45:21.719452,NRN Infrastructure and Development Limited
2026041605010531,NRN,25,97,701,1594.0,1117394.0,2026-04-16,186626028,2898,Sweta Securities Private Limited,R.B.B. Securities Company Ltd,2026-04-16 12:45:21.719713,NRN Infrastructure and Development Limited
2026041605010532,NRN,80,97,51,1593.0,81243.0,2026-04-16,186626030,2898,Indira securities pvt. ltd,R.B.B. Securities Company Ltd,2026-04-16 12:45:21.719825,NRN Infrastructure and Development Limited
2026041605010533,NRN,80,97,348,1593.0,554364.0,2026-04-16,186626031,2898,Indira securities pvt. ltd,R.B.B. Securities Company Ltd,2026-04-16 12:45:21.719929,NRN Infrastructure and Development Limited
2026041605010572,NRN,3,4,200,1594.1,318820.0,2026-04-16,186626362,2898,Arun Securities (PVT) Ltd.,Opal Securities Investment (PVT) Ltd.,2026-04-16 12:46:00.047412,NRN Infrastructure and Development Limited
2026041605010573,NRN,80,49,16,1593.0,25488.0,2026-04-16,186626371,2898,Indira securities pvt. ltd,Online Securities Pvt. Ltd.,2026-04-16 12:46:00.906050,NRN Infrastructure and Development Limited
2026041605010658,NRN,40,16,1,1562.2,1562.2,2026-04-16,186627419,2898,Creative Securities Pvt Ltd,Primo Securities (PVT) Ltd.,2026-04-16 12:47:29.145655,NRN Infrastructure and Development Limited
2026041605010707,NRN,80,60,136,1593.0,216648.0,2026-04-16,186627842,2898,Indira securities pvt. ltd,Nagarik Stock Dealer ,2026-04-16 12:48:07.216873,NRN Infrastructure and Development Limited
2026041605010708,NRN,7,60,10,1593.0,15930.0,2026-04-16,186627844,2898,J.F. Securites (PVT) Ltd.,Nagarik Stock Dealer ,2026-04-16 12:48:07.217421,NRN Infrastructure and Development Limited
2026041605010709,NRN,7,60,10,1593.0,15930.0,2026-04-16,186627846,2898,J.F. Securites (PVT) Ltd.,Nagarik Stock Dealer ,2026-04-16 12:48:07.217716,NRN Infrastructure and Development Limited
2026041605010710,NRN,32,60,10,1593.0,15930.0,2026-04-16,186627848,2898,Premier Securities Company Ltd.,Nagarik Stock Dealer ,2026-04-16 12:48:07.218019,NRN Infrastructure and Development Limited
2026041605010711,NRN,34,60,100,1593.0,159300.0,2026-04-16,186627850,2898,Vision Securities Pvt. Ltd,Nagarik Stock Dealer ,2026-04-16 12:48:07.218334,NRN Infrastructure and Development Limited
2026041605010712,NRN,14,60,234,1592.1,372551.4,2026-04-16,186627851,2898,Nepal Stock House (PVT) Ltd.,Nagarik Stock Dealer ,2026-04-16 12:48:07.218641,NRN Infrastructure and Development Limited
2026041605010842,NRN,38,49,4,1590.0,6360.0,2026-04-16,186628847,2898,Dipshikha Dhitopatra Karobar Co. Pvt Ltd.,Online Securities Pvt. Ltd.,2026-04-16 12:49:31.634109,NRN Infrastructure and Development Limited
2026041605010873,NRN,62,8,10,1595.9,15959.0,2026-04-16,186629110,2898,Capital Max Securities Ltd,Brilliant Securities Pvt. Ltd.,2026-04-16 12:50:05.368454,NRN Infrastructure and Development Limited
2026041605010933,NRN,57,33,100,1592.2,159220.0,2026-04-16,186629672,2898,Aryatara Investment & Securities,Dakshinkali Investment & Securities Pvt. Ltd.,2026-04-16 12:50:55.184770,NRN Infrastructure and Development Limited
2026041605010934,NRN,49,33,100,1592.2,159220.0,2026-04-16,186629673,2898,Online Securities Pvt. Ltd.,Dakshinkali Investment & Securities Pvt. Ltd.,2026-04-16 12:50:55.185017,NRN Infrastructure and Development Limited
2026041605011066,NRN,3,7,100,1596.0,159600.0,2026-04-16,186631216,2898,Arun Securities (PVT) Ltd.,J.F. Securites (PVT) Ltd.,2026-04-16 12:53:20.463138,NRN Infrastructure and Development Limited
2026041605011141,NRN,42,22,11,1593.0,17523.0,2026-04-16,186632235,2898,Sani Securities Company Ltd.,Siprabi Securities Pvt. Ltd.,2026-04-16 12:54:13.271967,NRN Infrastructure and Development Limited
2026041605011188,NRN,60,58,500,1596.0,798000.0,2026-04-16,186632647,2898,Nagarik Stock Dealer ,Naasa Securities Co. Ltd.,2026-04-16 12:54:51.243478,NRN Infrastructure and Development Limited
2026041605011189,NRN,60,50,50,1596.0,79800.0,2026-04-16,186632649,2898,Nagarik Stock Dealer ,Cristal Kanchanjanga Securites Pvt. Ltd.,2026-04-16 12:54:51.243747,NRN Infrastructure and Development Limited
2026041605011229,NRN,48,57,63,1596.9,100604.7,2026-04-16,186633011,2898,Trishakti Securities Public Limited,Aryatara Investment & Securities,2026-04-16 12:55:40.184028,NRN Infrastructure and Development Limited
2026041605011230,NRN,48,28,90,1597.0,143730.0,2026-04-16,186633013,2898,Trishakti Securities Public Limited,Shree Krishna Securities Ltd.,2026-04-16 12:55:40.184288,NRN Infrastructure and Development Limited
2026041605011231,NRN,48,58,200,1597.0,319400.0,2026-04-16,186633015,2898,Trishakti Securities Public Limited,Naasa Securities Co. Ltd.,2026-04-16 12:55:40.184404,NRN Infrastructure and Development Limited
2026041605011232,NRN,48,32,42,1598.0,67116.0,2026-04-16,186633018,2898,Trishakti Securities Public Limited,Premier Securities Company Ltd.,2026-04-16 12:55:40.184509,NRN Infrastructure and Development Limited
2026041605011348,NRN,62,32,40,1598.0,63920.0,2026-04-16,186634354,2898,Capital Max Securities Ltd,Premier Securities Company Ltd.,2026-04-16 12:58:19.188414,NRN Infrastructure and Development Limited
2026041605011425,NRN,37,32,12,1598.0,19176.0,2026-04-16,186634932,2898,Swarna Laxmi Securities Pvt. Ltd.,Premier Securities Company Ltd.,2026-04-16 12:59:29.837801,NRN Infrastructure and Development Limited
2026041605011473,NRN,6,99,300,1595.1,478530.0,2026-04-16,186635320,2898,Agrawal Securities (PVT) Ltd.,Prabhu Stock Market Limited,2026-04-16 13:00:01.289627,NRN Infrastructure and Development Limited
2026041605011474,NRN,91,99,100,1595.0,159500.0,2026-04-16,186635322,2898,Citizens Share Broker Limited,Prabhu Stock Market Limited,2026-04-16 13:00:01.290122,NRN Infrastructure and Development Limited
2026041605011475,NRN,39,99,100,1594.4,159440.0,2026-04-16,186635323,2898,Sumeru Securities Pvt. Ltd.,Prabhu Stock Market Limited,2026-04-16 13:00:01.290447,NRN Infrastructure and Development Limited
2026041605011601,NRN,39,58,20,1595.0,31900.0,2026-04-16,186636983,2898,Sumeru Securities Pvt. Ltd.,Naasa Securities Co. Ltd.,2026-04-16 13:02:35.919546,NRN Infrastructure and Development Limited
2026041605011649,NRN,39,43,16,1595.0,25520.0,2026-04-16,186637447,2898,Sumeru Securities Pvt. Ltd.,South Asian Bulls Pvt. Ltd.,2026-04-16 13:03:22.340296,NRN Infrastructure and Development Limited
2026041605011699,NRN,39,18,14,1595.0,22330.0,2026-04-16,186637856,2898,Sumeru Securities Pvt. Ltd.,Sagarmatha Securities Private Limited,2026-04-16 13:04:04.293226,NRN Infrastructure and Development Limited
2026041605011700,NRN,67,49,17,1595.0,27115.0,2026-04-16,186637870,2898,Property Wiard Limited,Online Securities Pvt. Ltd.,2026-04-16 13:04:06.389769,NRN Infrastructure and Development Limited
2026041605011701,NRN,60,49,83,1594.3,132326.9,2026-04-16,186637871,2898,Nagarik Stock Dealer ,Online Securities Pvt. Ltd.,2026-04-16 13:04:06.390086,NRN Infrastructure and Development Limited
2026041605011774,NRN,60,58,367,1594.3,585108.1,2026-04-16,186638484,2898,Nagarik Stock Dealer ,Naasa Securities Co. Ltd.,2026-04-16 13:05:15.187277,NRN Infrastructure and Development Limited
2026041605011775,NRN,3,58,500,1594.1,797050.0,2026-04-16,186638486,2898,Arun Securities (PVT) Ltd.,Naasa Securities Co. Ltd.,2026-04-16 13:05:15.187750,NRN Infrastructure and Development Limited
2026041605011776,NRN,58,58,20000,1594.0,31880000.0,2026-04-16,186638488,2898,Naasa Securities Co. Ltd.,Naasa Securities Co. Ltd.,2026-04-16 13:05:15.188060,NRN Infrastructure and Development Limited
2026041605011807,NRN,7,91,10,1593.9,15939.0,2026-04-16,186638724,2898,J.F. Securites (PVT) Ltd.,Citizens Share Broker Limited,2026-04-16 13:05:36.899431,NRN Infrastructure and Development Limited
2026041605011808,NRN,42,91,155,1593.0,246915.0,2026-04-16,186638725,2898,Sani Securities Company Ltd.,Citizens Share Broker Limited,2026-04-16 13:05:36.899944,NRN Infrastructure and Development Limited
2026041605011827,NRN,42,92,84,1593.0,133812.0,2026-04-16,186638850,2898,Sani Securities Company Ltd.,Roadshow securities limited,2026-04-16 13:05:49.654254,NRN Infrastructure and Development Limited
2026041605011828,NRN,39,92,26,1592.4,41402.4,2026-04-16,186638851,2898,Sumeru Securities Pvt. Ltd.,Roadshow securities limited,2026-04-16 13:05:49.654771,NRN Infrastructure and Development Limited
2026041605011867,NRN,33,10,1,1562.0,1562.0,2026-04-16,186639339,2898,Dakshinkali Investment & Securities Pvt. Ltd.,Pragyan Securities (PVT) Ltd.,2026-04-16 13:06:17.830942,NRN Infrastructure and Development Limited
2026041605011869,NRN,39,58,100,1592.4,159240.0,2026-04-16,186639374,2898,Sumeru Securities Pvt. Ltd.,Naasa Securities Co. Ltd.,2026-04-16 13:06:20.278289,NRN Infrastructure and Development Limited
2026041605011870,NRN,3,58,300,1592.3,477690.0,2026-04-16,186639376,2898,Arun Securities (PVT) Ltd.,Naasa Securities Co. Ltd.,2026-04-16 13:06:20.278810,NRN Infrastructure and Development Limited
2026041605011871,NRN,49,58,100,1592.2,159220.0,2026-04-16,186639378,2898,Online Securities Pvt. Ltd.,Naasa Securities Co. Ltd.,2026-04-16 13:06:20.279125,NRN Infrastructure and Development Limited
2026041605011872,NRN,14,58,66,1592.1,105078.6,2026-04-16,186639380,2898,Nepal Stock House (PVT) Ltd.,Naasa Securities Co. Ltd.,2026-04-16 13:06:20.279444,NRN Infrastructure and Development Limited
2026041605011873,NRN,39,58,100,1592.1,159210.0,2026-04-16,186639382,2898,Sumeru Securities Pvt. Ltd.,Naasa Securities Co. Ltd.,2026-04-16 13:06:20.279755,NRN Infrastructure and Development Limited
2026041605011874,NRN,36,58,50,1592.0,79600.0,2026-04-16,186639384,2898,Secured Securities Ltd.,Naasa Securities Co. Ltd.,2026-04-16 13:06:20.280062,NRN Infrastructure and Development Limited
2026041605011875,NRN,7,58,10,1592.0,15920.0,2026-04-16,186639386,2898,J.F. Securites (PVT) Ltd.,Naasa Securities Co. Ltd.,2026-04-16 13:06:20.280373,NRN Infrastructure and Development Limited
2026041605011876,NRN,20,58,274,1591.0,435934.0,2026-04-16,186639387,2898,Sipla Securities Private Limited,Naasa Securities Co. Ltd.,2026-04-16 13:06:20.280675,NRN Infrastructure and Development Limited
2026041605011881,NRN,33,11,1,1560.0,1560.0,2026-04-16,186639505,2898,Dakshinkali Investment & Securities Pvt. Ltd.,Malla & Malla Stock Broking Company Pvt. Limited,2026-04-16 13:06:29.057735,NRN Infrastructure and Development Limited
2026041605012217,NRN,39,6,100,1591.1,159110.0,2026-04-16,186641048,2898,Sumeru Securities Pvt. Ltd.,Agrawal Securities (PVT) Ltd.,2026-04-16 13:08:02.392438,NRN Infrastructure and Development Limited
2026041605012218,NRN,20,6,100,1591.0,159100.0,2026-04-16,186641049,2898,Sipla Securities Private Limited,Agrawal Securities (PVT) Ltd.,2026-04-16 13:08:02.392707,NRN Infrastructure and Development Limited
2026041605012223,NRN,51,49,13,1592.4,20701.2,2026-04-16,186641143,2898,Oxford Securities Pvt. Ltd.,Online Securities Pvt. Ltd.,2026-04-16 13:08:10.777262,NRN Infrastructure and Development Limited
2026041605012334,NRN,51,49,36,1592.4,57326.4,2026-04-16,186642242,2898,Oxford Securities Pvt. Ltd.,Online Securities Pvt. Ltd.,2026-04-16 13:09:24.837075,NRN Infrastructure and Development Limited
2026041605012335,NRN,20,49,64,1591.0,101824.0,2026-04-16,186642243,2898,Sipla Securities Private Limited,Online Securities Pvt. Ltd.,2026-04-16 13:09:24.837340,NRN Infrastructure and Development Limited
2026041605012348,NRN,20,81,62,1591.0,98642.0,2026-04-16,186642450,2898,Sipla Securities Private Limited,Aakashbhairab Securities Ltd.,2026-04-16 13:09:32.301202,NRN Infrastructure and Development Limited
2026041605012349,NRN,1,81,50,1591.0,79550.0,2026-04-16,186642452,2898,Kumari Securities Private Limited,Aakashbhairab Securities Ltd.,2026-04-16 13:09:32.301501,NRN Infrastructure and Development Limited
2026041605012350,NRN,61,81,100,1591.0,159100.0,2026-04-16,186642454,2898,BHOLE GANESH SECURITIES LTD,Aakashbhairab Securities Ltd.,2026-04-16 13:09:32.301608,NRN Infrastructure and Development Limited
2026041605012351,NRN,18,81,500,1590.1,795050.0,2026-04-16,186642456,2898,Sagarmatha Securities Private Limited,Aakashbhairab Securities Ltd.,2026-04-16 13:09:32.301712,NRN Infrastructure and Development Limited
2026041605012352,NRN,21,81,20,1590.0,31800.0,2026-04-16,186642458,2898,Midas Stock Broking Company Private Limited,Aakashbhairab Securities Ltd.,2026-04-16 13:09:32.301815,NRN Infrastructure and Development Limited
2026041605012353,NRN,70,81,168,1590.0,267120.0,2026-04-16,186642459,2898,Infinity Securities Limited,Aakashbhairab Securities Ltd.,2026-04-16 13:09:32.301911,NRN Infrastructure and Development Limited
2026041605012354,NRN,41,57,1,1563.0,1563.0,2026-04-16,186642489,2898,Linch Stock Market Ltd.,Aryatara Investment & Securities,2026-04-16 13:09:33.339385,NRN Infrastructure and Development Limited
2026041605012371,NRN,70,83,689,1590.0,1095510.0,2026-04-16,186642686,2898,Infinity Securities Limited,Sanima Securities Limited,2026-04-16 13:09:44.479011,NRN Infrastructure and Development Limited
2026041605012372,NRN,4,83,50,1590.0,79500.0,2026-04-16,186642688,2898,Opal Securities Investment (PVT) Ltd.,Sanima Securities Limited,2026-04-16 13:09:44.479371,NRN Infrastructure and Development Limited
2026041605012373,NRN,62,83,100,1590.0,159000.0,2026-04-16,186642690,2898,Capital Max Securities Ltd,Sanima Securities Limited,2026-04-16 13:09:44.479479,NRN Infrastructure and Development Limited
2026041605012374,NRN,43,83,10,1590.0,15900.0,2026-04-16,186642692,2898,South Asian Bulls Pvt. Ltd.,Sanima Securities Limited,2026-04-16 13:09:44.479581,NRN Infrastructure and Development Limited
2026041605012375,NRN,14,83,151,1590.0,240090.0,2026-04-16,186642693,2898,Nepal Stock House (PVT) Ltd.,Sanima Securities Limited,2026-04-16 13:09:44.479681,NRN Infrastructure and Development Limited
2026041605012379,NRN,14,32,349,1590.0,554910.0,2026-04-16,186642778,2898,Nepal Stock House (PVT) Ltd.,Premier Securities Company Ltd.,2026-04-16 13:09:49.100680,NRN Infrastructure and Development Limited
2026041605012380,NRN,57,32,100,1590.0,159000.0,2026-04-16,186642780,2898,Aryatara Investment & Securities,Premier Securities Company Ltd.,2026-04-16 13:09:49.101164,NRN Infrastructure and Development Limited
2026041605012381,NRN,36,32,100,1590.0,159000.0,2026-04-16,186642782,2898,Secured Securities Ltd.,Premier Securities Company Ltd.,2026-04-16 13:09:49.101524,NRN Infrastructure and Development Limited
2026041605012382,NRN,32,32,10,1590.0,15900.0,2026-04-16,186642784,2898,Premier Securities Company Ltd.,Premier Securities Company Ltd.,2026-04-16 13:09:49.101865,NRN Infrastructure and Development Limited
2026041605012383,NRN,58,32,200,1590.0,318000.0,2026-04-16,186642786,2898,Naasa Securities Co. Ltd.,Premier Securities Company Ltd.,2026-04-16 13:09:49.102177,NRN Infrastructure and Development Limited
2026041605012384,NRN,20,32,241,1590.0,383190.0,2026-04-16,186642787,2898,Sipla Securities Private Limited,Premier Securities Company Ltd.,2026-04-16 13:09:49.102522,NRN Infrastructure and Development Limited
2026041605012420,NRN,20,82,259,1590.0,411810.0,2026-04-16,186643010,2898,Sipla Securities Private Limited,N.M.B. SECURITIES LIMITED,2026-04-16 13:09:59.690292,NRN Infrastructure and Development Limited
2026041605012421,NRN,94,82,500,1590.0,795000.0,2026-04-16,186643012,2898,K.B.L. Securities Limited ,N.M.B. SECURITIES LIMITED,2026-04-16 13:09:59.690558,NRN Infrastructure and Development Limited
2026041605012422,NRN,11,82,140,1590.0,222600.0,2026-04-16,186643014,2898,Malla & Malla Stock Broking Company Pvt. Limited,N.M.B. SECURITIES LIMITED,2026-04-16 13:09:59.690659,NRN Infrastructure and Development Limited
2026041605012423,NRN,7,82,10,1590.0,15900.0,2026-04-16,186643016,2898,J.F. Securites (PVT) Ltd.,N.M.B. SECURITIES LIMITED,2026-04-16 13:09:59.690756,NRN Infrastructure and Development Limited
2026041605012444,NRN,38,58,1,1570.0,1570.0,2026-04-16,186643345,2898,Dipshikha Dhitopatra Karobar Co. Pvt Ltd.,Naasa Securities Co. Ltd.,2026-04-16 13:10:16.807666,NRN Infrastructure and Development Limited
2026041605012469,NRN,38,35,1,1570.0,1570.0,2026-04-16,186643469,2898,Dipshikha Dhitopatra Karobar Co. Pvt Ltd.,Kohinoor Investment & Securities Pvt. Ltd.,2026-04-16 13:10:24.817219,NRN Infrastructure and Development Limited
2026041605012513,NRN,20,82,91,1590.0,144690.0,2026-04-16,186643669,2898,Sipla Securities Private Limited,N.M.B. SECURITIES LIMITED,2026-04-16 13:10:34.244889,NRN Infrastructure and Development Limited
2026041605012514,NRN,20,58,10,1590.0,15900.0,2026-04-16,186643671,2898,Sipla Securities Private Limited,Naasa Securities Co. Ltd.,2026-04-16 13:10:34.245163,NRN Infrastructure and Development Limited
2026041605012515,NRN,20,7,100,1590.0,159000.0,2026-04-16,186643673,2898,Sipla Securities Private Limited,J.F. Securites (PVT) Ltd.,2026-04-16 13:10:34.245263,NRN Infrastructure and Development Limited
2026041605012718,NRN,20,49,100,1590.0,159000.0,2026-04-16,186645191,2898,Sipla Securities Private Limited,Online Securities Pvt. Ltd.,2026-04-16 13:11:45.807641,NRN Infrastructure and Development Limited
2026041605012824,NRN,7,57,1,1565.0,1565.0,2026-04-16,186646281,2898,J.F. Securites (PVT) Ltd.,Aryatara Investment & Securities,2026-04-16 13:12:45.528232,NRN Infrastructure and Development Limited
2026041605012875,NRN,14,62,139,1590.2,221037.8,2026-04-16,186646697,2898,Nepal Stock House (PVT) Ltd.,Capital Max Securities Ltd,2026-04-16 13:13:10.544099,NRN Infrastructure and Development Limited
2026041605012898,NRN,38,50,90,1590.3,143127.0,2026-04-16,186646975,2898,Dipshikha Dhitopatra Karobar Co. Pvt Ltd.,Cristal Kanchanjanga Securites Pvt. Ltd.,2026-04-16 13:13:26.946125,NRN Infrastructure and Development Limited
2026041605012925,NRN,38,60,510,1590.3,811053.0,2026-04-16,186647276,2898,Dipshikha Dhitopatra Karobar Co. Pvt Ltd.,Nagarik Stock Dealer ,2026-04-16 13:13:41.929477,NRN Infrastructure and Development Limited
2026041605012926,NRN,14,60,361,1590.2,574062.2,2026-04-16,186647278,2898,Nepal Stock House (PVT) Ltd.,Nagarik Stock Dealer ,2026-04-16 13:13:41.929792,NRN Infrastructure and Development Limited
2026041605012927,NRN,20,60,129,1590.0,205110.0,2026-04-16,186647279,2898,Sipla Securities Private Limited,Nagarik Stock Dealer ,2026-04-16 13:13:41.929899,NRN Infrastructure and Development Limited
2026041605012952,NRN,20,49,40,1590.0,63600.0,2026-04-16,186647571,2898,Sipla Securities Private Limited,Online Securities Pvt. Ltd.,2026-04-16 13:13:53.747449,NRN Infrastructure and Development Limited
2026041605012965,NRN,20,38,30,1590.0,47700.0,2026-04-16,186647680,2898,Sipla Securities Private Limited,Dipshikha Dhitopatra Karobar Co. Pvt Ltd.,2026-04-16 13:13:58.893419,NRN Infrastructure and Development Limited
2026041605012966,NRN,58,38,50,1589.9,79495.0,2026-04-16,186647682,2898,Naasa Securities Co. Ltd.,Dipshikha Dhitopatra Karobar Co. Pvt Ltd.,2026-04-16 13:13:58.893566,NRN Infrastructure and Development Limited
2026041605012967,NRN,22,38,20,1589.0,31780.0,2026-04-16,186647683,2898,Siprabi Securities Pvt. Ltd.,Dipshikha Dhitopatra Karobar Co. Pvt Ltd.,2026-04-16 13:13:58.893674,NRN Infrastructure and Development Limited
2026041605013141,NRN,38,16,1,1560.0,1560.0,2026-04-16,186648903,2898,Dipshikha Dhitopatra Karobar Co. Pvt Ltd.,Primo Securities (PVT) Ltd.,2026-04-16 13:15:03.074789,NRN Infrastructure and Development Limited
2026041605013248,NRN,22,38,80,1589.0,127120.0,2026-04-16,186649912,2898,Siprabi Securities Pvt. Ltd.,Dipshikha Dhitopatra Karobar Co. Pvt Ltd.,2026-04-16 13:15:54.138734,NRN Infrastructure and Development Limited
2026041605013249,NRN,7,38,20,1589.0,31780.0,2026-04-16,186649913,2898,J.F. Securites (PVT) Ltd.,Dipshikha Dhitopatra Karobar Co. Pvt Ltd.,2026-04-16 13:15:54.139209,NRN Infrastructure and Development Limited
2026041605013343,NRN,1,56,42,1587.2,66662.4,2026-04-16,186650329,2898,Kumari Securities Private Limited,Sri Hari Securities Pvt. Ltd.,2026-04-16 13:16:16.024676,NRN Infrastructure and Development Limited
2026041605013429,NRN,7,32,10,1588.0,15880.0,2026-04-16,186651406,2898,J.F. Securites (PVT) Ltd.,Premier Securities Company Ltd.,2026-04-16 13:17:13.048146,NRN Infrastructure and Development Limited
2026041605013430,NRN,1,32,58,1587.2,92057.6,2026-04-16,186651408,2898,Kumari Securities Private Limited,Premier Securities Company Ltd.,2026-04-16 13:17:13.048422,NRN Infrastructure and Development Limited
2026041605013431,NRN,99,32,50,1587.2,79360.0,2026-04-16,186651410,2898,Prabhu Stock Market Limited,Premier Securities Company Ltd.,2026-04-16 13:17:13.048529,NRN Infrastructure and Development Limited
2026041605013432,NRN,49,32,100,1587.1,158710.0,2026-04-16,186651412,2898,Online Securities Pvt. Ltd.,Premier Securities Company Ltd.,2026-04-16 13:17:13.048628,NRN Infrastructure and Development Limited
2026041605013433,NRN,50,32,262,1587.1,415820.2,2026-04-16,186651413,2898,Cristal Kanchanjanga Securites Pvt. Ltd.,Premier Securities Company Ltd.,2026-04-16 13:17:13.048728,NRN Infrastructure and Development Limited
2026041605013613,NRN,50,65,36,1587.1,57135.6,2026-04-16,186652597,2898,Cristal Kanchanjanga Securites Pvt. Ltd.,Sharepro Securities Private Limited,2026-04-16 13:18:02.432124,NRN Infrastructure and Development Limited
2026041605013722,NRN,50,58,200,1587.1,317420.0,2026-04-16,186653305,2898,Cristal Kanchanjanga Securites Pvt. Ltd.,Naasa Securities Co. Ltd.,2026-04-16 13:18:29.788942,NRN Infrastructure and Development Limited
2026041605013743,NRN,20,56,100,1587.0,158700.0,2026-04-16,186653591,2898,Sipla Securities Private Limited,Sri Hari Securities Pvt. Ltd.,2026-04-16 13:18:44.750511,NRN Infrastructure and Development Limited
2026041605013765,NRN,20,75,400,1587.0,634800.0,2026-04-16,186654020,2898,Sipla Securities Private Limited,N.I.M.B. Stock Markets Limited,2026-04-16 13:19:03.317985,NRN Infrastructure and Development Limited
2026041605013826,NRN,7,46,25,1586.9,39672.5,2026-04-16,186654597,2898,J.F. Securites (PVT) Ltd.,Kalika Securities Pvt. Ltd.,2026-04-16 13:19:35.165220,NRN Infrastructure and Development Limited
2026041605013830,NRN,7,63,17,1586.9,26977.3,2026-04-16,186654620,2898,J.F. Securites (PVT) Ltd.,Himalayan Brokerage Company Limited,2026-04-16 13:19:36.436667,NRN Infrastructure and Development Limited
2026041605013831,NRN,66,63,10,1586.0,15860.0,2026-04-16,186654622,2898,Miyo Securities Pvt Ltd,Himalayan Brokerage Company Limited,2026-04-16 13:19:36.436782,NRN Infrastructure and Development Limited
2026041605013832,NRN,14,63,100,1586.0,158600.0,2026-04-16,186654624,2898,Nepal Stock House (PVT) Ltd.,Himalayan Brokerage Company Limited,2026-04-16 13:19:36.436851,NRN Infrastructure and Development Limited
2026041605013833,NRN,49,63,100,1585.3,158530.0,2026-04-16,186654626,2898,Online Securities Pvt. Ltd.,Himalayan Brokerage Company Limited,2026-04-16 13:19:36.436938,NRN Infrastructure and Development Limited
2026041605013834,NRN,80,63,100,1585.2,158520.0,2026-04-16,186654628,2898,Indira securities pvt. ltd,Himalayan Brokerage Company Limited,2026-04-16 13:19:36.437012,NRN Infrastructure and Development Limited
2026041605013835,NRN,85,63,173,1585.1,274222.3,2026-04-16,186654629,2898,Capital Hub P. Ltd,Himalayan Brokerage Company Limited,2026-04-16 13:19:36.437117,NRN Infrastructure and Development Limited
2026041605013902,NRN,85,75,327,1585.1,518327.7,2026-04-16,186655314,2898,Capital Hub P. Ltd,N.I.M.B. Stock Markets Limited,2026-04-16 13:20:01.240009,NRN Infrastructure and Development Limited
2026041605013903,NRN,3,75,500,1585.1,792550.0,2026-04-16,186655316,2898,Arun Securities (PVT) Ltd.,N.I.M.B. Stock Markets Limited,2026-04-16 13:20:01.240289,NRN Infrastructure and Development Limited
2026041605013925,NRN,38,45,10,1585.0,15850.0,2026-04-16,186655465,2898,Dipshikha Dhitopatra Karobar Co. Pvt Ltd.,Imperial Securities Company Pvt. Ltd.,2026-04-16 13:20:10.858431,NRN Infrastructure and Development Limited
2026041605013943,NRN,38,17,90,1585.0,142650.0,2026-04-16,186655552,2898,Dipshikha Dhitopatra Karobar Co. Pvt Ltd.,ABC Securities Private Limited,2026-04-16 13:20:17.494860,NRN Infrastructure and Development Limited
2026041605013944,NRN,58,17,10,1585.0,15850.0,2026-04-16,186655553,2898,Naasa Securities Co. Ltd.,ABC Securities Private Limited,2026-04-16 13:20:17.495096,NRN Infrastructure and Development Limited
2026041605013946,NRN,58,58,490,1585.0,776650.0,2026-04-16,186655572,2898,Naasa Securities Co. Ltd.,Naasa Securities Co. Ltd.,2026-04-16 13:20:19.255921,NRN Infrastructure and Development Limited
2026041605013947,NRN,35,58,100,1583.3,158330.0,2026-04-16,186655574,2898,Kohinoor Investment & Securities Pvt. Ltd.,Naasa Securities Co. Ltd.,2026-04-16 13:20:19.256210,NRN Infrastructure and Development Limited
2026041605013948,NRN,95,58,30,1583.2,47496.0,2026-04-16,186655576,2898,Magnet Securities and Investment Company Private Limited,Naasa Securities Co. Ltd.,2026-04-16 13:20:19.256345,NRN Infrastructure and Development Limited
2026041605013949,NRN,98,58,100,1583.1,158310.0,2026-04-16,186655578,2898,Trademow Securities Private Limited,Naasa Securities Co. Ltd.,2026-04-16 13:20:19.256448,NRN Infrastructure and Development Limited
2026041605013969,NRN,21,59,150,1582.7,237405.0,2026-04-16,186655683,2898,Midas Stock Broking Company Private Limited,Deevyaa Securities & Stock House Pvt. Ltd,2026-04-16 13:20:22.950527,NRN Infrastructure and Development Limited
2026041605013993,NRN,48,58,10,1583.0,15830.0,2026-04-16,186655820,2898,Trishakti Securities Public Limited,Naasa Securities Co. Ltd.,2026-04-16 13:20:27.642443,NRN Infrastructure and Development Limited
2026041605013995,NRN,21,75,150,1582.7,237405.0,2026-04-16,186655842,2898,Midas Stock Broking Company Private Limited,N.I.M.B. Stock Markets Limited,2026-04-16 13:20:29.747105,NRN Infrastructure and Development Limited
2026041605013996,NRN,42,75,573,1582.0,906486.0,2026-04-16,186655843,2898,Sani Securities Company Ltd.,N.I.M.B. Stock Markets Limited,2026-04-16 13:20:29.747433,NRN Infrastructure and Development Limited
2026041605014054,NRN,42,16,400,1582.0,632800.0,2026-04-16,186656107,2898,Sani Securities Company Ltd.,Primo Securities (PVT) Ltd.,2026-04-16 13:20:41.173045,NRN Infrastructure and Development Limited
2026041605014112,NRN,42,75,27,1582.0,42714.0,2026-04-16,186656298,2898,Sani Securities Company Ltd.,N.I.M.B. Stock Markets Limited,2026-04-16 13:20:49.554347,NRN Infrastructure and Development Limited
2026041605014113,NRN,20,75,1000,1582.0,1582000.0,2026-04-16,186656300,2898,Sipla Securities Private Limited,N.I.M.B. Stock Markets Limited,2026-04-16 13:20:49.554791,NRN Infrastructure and Development Limited
2026041605014152,NRN,42,75,1000,1581.0,1581000.0,2026-04-16,186656908,2898,Sani Securities Company Ltd.,N.I.M.B. Stock Markets Limited,2026-04-16 13:21:16.551433,NRN Infrastructure and Development Limited
2026041605014153,NRN,70,75,500,1581.0,790500.0,2026-04-16,186656909,2898,Infinity Securities Limited,N.I.M.B. Stock Markets Limited,2026-04-16 13:21:16.551727,NRN Infrastructure and Development Limited
2026041605014165,NRN,58,65,50,1580.1,79005.0,2026-04-16,186656997,2898,Naasa Securities Co. Ltd.,Sharepro Securities Private Limited,2026-04-16 13:21:21.304176,NRN Infrastructure and Development Limited
2026041605014184,NRN,49,52,65,1580.1,102706.5,2026-04-16,186657225,2898,Online Securities Pvt. Ltd.,Sundhara Securities Limited,2026-04-16 13:21:32.240780,NRN Infrastructure and Development Limited
2026041605014196,NRN,49,42,15,1580.1,23701.5,2026-04-16,186657273,2898,Online Securities Pvt. Ltd.,Sani Securities Company Ltd.,2026-04-16 13:21:34.950371,NRN Infrastructure and Development Limited
2026041605014208,NRN,49,75,20,1580.1,31602.0,2026-04-16,186657368,2898,Online Securities Pvt. Ltd.,N.I.M.B. Stock Markets Limited,2026-04-16 13:21:37.647819,NRN Infrastructure and Development Limited
2026041605014209,NRN,64,75,10,1580.0,15800.0,2026-04-16,186657370,2898,SUN SECURITIES PVT LTD,N.I.M.B. Stock Markets Limited,2026-04-16 13:21:37.648051,NRN Infrastructure and Development Limited
2026041605014210,NRN,11,75,70,1580.0,110600.0,2026-04-16,186657371,2898,Malla & Malla Stock Broking Company Pvt. Limited,N.I.M.B. Stock Markets Limited,2026-04-16 13:21:37.648161,NRN Infrastructure and Development Limited
2026041605014228,NRN,11,64,120,1580.0,189600.0,2026-04-16,186657507,2898,Malla & Malla Stock Broking Company Pvt. Limited,SUN SECURITIES PVT LTD,2026-04-16 13:21:45.168848,NRN Infrastructure and Development Limited
2026041605014241,NRN,11,75,646,1580.0,1020680.0,2026-04-16,186657677,2898,Malla & Malla Stock Broking Company Pvt. Limited,N.I.M.B. Stock Markets Limited,2026-04-16 13:21:52.930559,NRN Infrastructure and Development Limited
2026041605014322,NRN,51,67,500,1580.1,790050.0,2026-04-16,186658480,2898,Oxford Securities Pvt. Ltd.,Property Wiard Limited,2026-04-16 13:22:34.636152,NRN Infrastructure and Development Limited
2026041605014323,NRN,11,67,164,1580.0,259120.0,2026-04-16,186658482,2898,Malla & Malla Stock Broking Company Pvt. Limited,Property Wiard Limited,2026-04-16 13:22:34.636435,NRN Infrastructure and Development Limited
2026041605014324,NRN,34,67,336,1580.0,530880.0,2026-04-16,186658483,2898,Vision Securities Pvt. Ltd,Property Wiard Limited,2026-04-16 13:22:34.636566,NRN Infrastructure and Development Limited
2026041605014327,NRN,34,19,657,1580.0,1038060.0,2026-04-16,186658571,2898,Vision Securities Pvt. Ltd,Nepal Investment And Securities Trading Private Limited,2026-04-16 13:22:37.013333,NRN Infrastructure and Development Limited
2026041605014350,NRN,39,34,10,1580.0,15800.0,2026-04-16,186658800,2898,Sumeru Securities Pvt. Ltd.,Vision Securities Pvt. Ltd,2026-04-16 13:22:50.322075,NRN Infrastructure and Development Limited
2026041605014351,NRN,28,34,100,1580.0,158000.0,2026-04-16,186658802,2898,Shree Krishna Securities Ltd.,Vision Securities Pvt. Ltd,2026-04-16 13:22:50.322340,NRN Infrastructure and Development Limited
2026041605014352,NRN,42,34,390,1580.0,616200.0,2026-04-16,186658803,2898,Sani Securities Company Ltd.,Vision Securities Pvt. Ltd,2026-04-16 13:22:50.322441,NRN Infrastructure and Development Limited
2026041605014382,NRN,3,57,165,1580.1,260716.5,2026-04-16,186659079,2898,Arun Securities (PVT) Ltd.,Aryatara Investment & Securities,2026-04-16 13:23:04.977864,NRN Infrastructure and Development Limited
2026041605014408,NRN,3,57,35,1580.1,55303.5,2026-04-16,186659272,2898,Arun Securities (PVT) Ltd.,Aryatara Investment & Securities,2026-04-16 13:23:13.759250,NRN Infrastructure and Development Limited
2026041605014409,NRN,20,57,142,1580.1,224374.2,2026-04-16,186659274,2898,Sipla Securities Private Limited,Aryatara Investment & Securities,2026-04-16 13:23:13.759765,NRN Infrastructure and Development Limited
2026041605014425,NRN,80,57,100,1580.1,158010.0,2026-04-16,186659400,2898,Indira securities pvt. ltd,Aryatara Investment & Securities,2026-04-16 13:23:22.590684,NRN Infrastructure and Development Limited
2026041605014457,NRN,42,52,150,1580.0,237000.0,2026-04-16,186659799,2898,Sani Securities Company Ltd.,Sundhara Securities Limited,2026-04-16 13:23:43.160156,NRN Infrastructure and Development Limited
2026041605014480,NRN,42,57,22,1580.0,34760.0,2026-04-16,186659927,2898,Sani Securities Company Ltd.,Aryatara Investment & Securities,2026-04-16 13:23:49.872545,NRN Infrastructure and Development Limited
2026041605014508,NRN,42,59,50,1580.0,79000.0,2026-04-16,186660083,2898,Sani Securities Company Ltd.,Deevyaa Securities & Stock House Pvt. Ltd,2026-04-16 13:24:00.494670,NRN Infrastructure and Development Limited
2026041605014553,NRN,42,57,200,1580.0,316000.0,2026-04-16,186660323,2898,Sani Securities Company Ltd.,Aryatara Investment & Securities,2026-04-16 13:24:12.810069,NRN Infrastructure and Development Limited
2026041605014570,NRN,80,43,15,1580.1,23701.5,2026-04-16,186660491,2898,Indira securities pvt. ltd,South Asian Bulls Pvt. Ltd.,2026-04-16 13:24:24.884034,NRN Infrastructure and Development Limited
2026041605014626,NRN,80,41,15,1580.1,23701.5,2026-04-16,186660901,2898,Indira securities pvt. ltd,Linch Stock Market Ltd.,2026-04-16 13:24:46.431479,NRN Infrastructure and Development Limited
2026041605014831,NRN,58,49,10,1580.2,15802.0,2026-04-16,186662202,2898,Naasa Securities Co. Ltd.,Online Securities Pvt. Ltd.,2026-04-16 13:26:01.660381,NRN Infrastructure and Development Limited
2026041605014883,NRN,94,58,200,1583.0,316600.0,2026-04-16,186662818,2898,K.B.L. Securities Limited ,Naasa Securities Co. Ltd.,2026-04-16 13:26:42.066422,NRN Infrastructure and Development Limited
2026041605014970,NRN,38,58,70,1583.0,110810.0,2026-04-16,186663699,2898,Dipshikha Dhitopatra Karobar Co. Pvt Ltd.,Naasa Securities Co. Ltd.,2026-04-16 13:27:38.807537,NRN Infrastructure and Development Limited
2026041605014996,NRN,38,26,20,1585.1,31702.0,2026-04-16,186663928,2898,Dipshikha Dhitopatra Karobar Co. Pvt Ltd.,Asian Securities Private Ltd.,2026-04-16 13:28:02.375374,NRN Infrastructure and Development Limited
2026041605014998,NRN,33,57,1,1560.0,1560.0,2026-04-16,186663933,2898,Dakshinkali Investment & Securities Pvt. Ltd.,Aryatara Investment & Securities,2026-04-16 13:28:03.186762,NRN Infrastructure and Development Limited
2026041605015240,NRN,48,7,70,1581.0,110670.0,2026-04-16,186666444,2898,Trishakti Securities Public Limited,J.F. Securites (PVT) Ltd.,2026-04-16 13:31:04.252772,NRN Infrastructure and Development Limited
2026041605015319,NRN,14,17,200,1580.3,316060.0,2026-04-16,186667303,2898,Nepal Stock House (PVT) Ltd.,ABC Securities Private Limited,2026-04-16 13:31:53.470289,NRN Infrastructure and Development Limited
2026041605015330,NRN,41,7,20,1581.0,31620.0,2026-04-16,186667416,2898,Linch Stock Market Ltd.,J.F. Securites (PVT) Ltd.,2026-04-16 13:31:59.650779,NRN Infrastructure and Development Limited
2026041605015346,NRN,18,50,200,1580.2,316040.0,2026-04-16,186667545,2898,Sagarmatha Securities Private Limited,Cristal Kanchanjanga Securites Pvt. Ltd.,2026-04-16 13:32:09.145714,NRN Infrastructure and Development Limited
2026041605015349,NRN,18,8,14,1580.2,22122.8,2026-04-16,186667565,2898,Sagarmatha Securities Private Limited,Brilliant Securities Pvt. Ltd.,2026-04-16 13:32:10.080339,NRN Infrastructure and Development Limited
2026041605015353,NRN,18,49,286,1580.2,451937.2,2026-04-16,186667716,2898,Sagarmatha Securities Private Limited,Online Securities Pvt. Ltd.,2026-04-16 13:32:11.818801,NRN Infrastructure and Development Limited
2026041605015354,NRN,80,49,70,1580.1,110607.0,2026-04-16,186667718,2898,Indira securities pvt. ltd,Online Securities Pvt. Ltd.,2026-04-16 13:32:11.819367,NRN Infrastructure and Development Limited
2026041605015355,NRN,50,49,502,1580.1,793210.2,2026-04-16,186667720,2898,Cristal Kanchanjanga Securites Pvt. Ltd.,Online Securities Pvt. Ltd.,2026-04-16 13:32:11.819780,NRN Infrastructure and Development Limited
2026041605015356,NRN,58,49,50,1580.1,79005.0,2026-04-16,186667722,2898,Naasa Securities Co. Ltd.,Online Securities Pvt. Ltd.,2026-04-16 13:32:11.820149,NRN Infrastructure and Development Limited
2026041605015357,NRN,25,49,792,1580.1,1251439.2,2026-04-16,186667723,2898,Sweta Securities Private Limited,Online Securities Pvt. Ltd.,2026-04-16 13:32:11.820516,NRN Infrastructure and Development Limited
2026041605015358,NRN,45,7,10,1581.0,15810.0,2026-04-16,186667729,2898,Imperial Securities Company Pvt. Ltd.,J.F. Securites (PVT) Ltd.,2026-04-16 13:32:12.899537,NRN Infrastructure and Development Limited
2026041605015403,NRN,45,49,15,1581.0,23715.0,2026-04-16,186668135,2898,Imperial Securities Company Pvt. Ltd.,Online Securities Pvt. Ltd.,2026-04-16 13:32:36.008529,NRN Infrastructure and Development Limited
2026041605015411,NRN,60,14,1000,1581.0,1581000.0,2026-04-16,186668275,2898,Nagarik Stock Dealer ,Nepal Stock House (PVT) Ltd.,2026-04-16 13:32:39.612473,NRN Infrastructure and Development Limited
2026041605015529,NRN,25,14,208,1580.1,328660.8,2026-04-16,186669434,2898,Sweta Securities Private Limited,Nepal Stock House (PVT) Ltd.,2026-04-16 13:33:45.128152,NRN Infrastructure and Development Limited
2026041605015530,NRN,42,14,188,1580.0,297040.0,2026-04-16,186669436,2898,Sani Securities Company Ltd.,Nepal Stock House (PVT) Ltd.,2026-04-16 13:33:45.128466,NRN Infrastructure and Development Limited
2026041605015531,NRN,33,14,10,1580.0,15800.0,2026-04-16,186669438,2898,Dakshinkali Investment & Securities Pvt. Ltd.,Nepal Stock House (PVT) Ltd.,2026-04-16 13:33:45.128574,NRN Infrastructure and Development Limited
2026041605015532,NRN,58,14,20,1580.0,31600.0,2026-04-16,186669440,2898,Naasa Securities Co. Ltd.,Nepal Stock House (PVT) Ltd.,2026-04-16 13:33:45.128673,NRN Infrastructure and Development Limited
2026041605015533,NRN,16,14,50,1580.0,79000.0,2026-04-16,186669442,2898,Primo Securities (PVT) Ltd.,Nepal Stock House (PVT) Ltd.,2026-04-16 13:33:45.128801,NRN Infrastructure and Development Limited
2026041605015534,NRN,49,14,500,1580.0,790000.0,2026-04-16,186669444,2898,Online Securities Pvt. Ltd.,Nepal Stock House (PVT) Ltd.,2026-04-16 13:33:45.128899,NRN Infrastructure and Development Limited
2026041605015535,NRN,58,14,24,1580.0,37920.0,2026-04-16,186669445,2898,Naasa Securities Co. Ltd.,Nepal Stock House (PVT) Ltd.,2026-04-16 13:33:45.129018,NRN Infrastructure and Development Limited
2026041605015631,NRN,28,71,10,1580.2,15802.0,2026-04-16,186669864,2898,Shree Krishna Securities Ltd.,SHUBHAKAMANA SECURITIES PVT. LTD,2026-04-16 13:34:06.363271,NRN Infrastructure and Development Limited
2026041605015632,NRN,58,71,26,1580.0,41080.0,2026-04-16,186669866,2898,Naasa Securities Co. Ltd.,SHUBHAKAMANA SECURITIES PVT. LTD,2026-04-16 13:34:06.363808,NRN Infrastructure and Development Limited
2026041605015633,NRN,18,71,100,1580.0,158000.0,2026-04-16,186669868,2898,Sagarmatha Securities Private Limited,SHUBHAKAMANA SECURITIES PVT. LTD,2026-04-16 13:34:06.364137,NRN Infrastructure and Development Limited
2026041605015634,NRN,58,71,64,1580.0,101120.0,2026-04-16,186669869,2898,Naasa Securities Co. Ltd.,SHUBHAKAMANA SECURITIES PVT. LTD,2026-04-16 13:34:06.364463,NRN Infrastructure and Development Limited
2026041605015670,NRN,58,45,186,1580.0,293880.0,2026-04-16,186670210,2898,Naasa Securities Co. Ltd.,Imperial Securities Company Pvt. Ltd.,2026-04-16 13:34:27.313999,NRN Infrastructure and Development Limited
2026041605015671,NRN,14,45,100,1580.0,158000.0,2026-04-16,186670212,2898,Nepal Stock House (PVT) Ltd.,Imperial Securities Company Pvt. Ltd.,2026-04-16 13:34:27.314477,NRN Infrastructure and Development Limited
2026041605015672,NRN,7,45,10,1580.0,15800.0,2026-04-16,186670214,2898,J.F. Securites (PVT) Ltd.,Imperial Securities Company Pvt. Ltd.,2026-04-16 13:34:27.314758,NRN Infrastructure and Development Limited
2026041605015697,NRN,94,34,39,1580.0,61620.0,2026-04-16,186670335,2898,K.B.L. Securities Limited ,Vision Securities Pvt. Ltd,2026-04-16 13:34:37.330169,NRN Infrastructure and Development Limited
2026041605015725,NRN,7,49,5,1553.4,7767.0,2026-04-16,186670543,2898,J.F. Securites (PVT) Ltd.,Online Securities Pvt. Ltd.,2026-04-16 13:34:49.693187,NRN Infrastructure and Development Limited
2026041605015819,NRN,40,60,300,1580.0,474000.0,2026-04-16,186671272,2898,Creative Securities Pvt Ltd,Nagarik Stock Dealer ,2026-04-16 13:35:31.398858,NRN Infrastructure and Development Limited
2026041605015820,NRN,40,60,24,1580.0,37920.0,2026-04-16,186671273,2898,Creative Securities Pvt Ltd,Nagarik Stock Dealer ,2026-04-16 13:35:31.399333,NRN Infrastructure and Development Limited
2026041605015868,NRN,49,52,1,1550.0,1550.0,2026-04-16,186671655,2898,Online Securities Pvt. Ltd.,Sundhara Securities Limited,2026-04-16 13:35:54.380563,NRN Infrastructure and Development Limited
2026041605015881,NRN,7,52,1,1550.0,1550.0,2026-04-16,186671739,2898,J.F. Securites (PVT) Ltd.,Sundhara Securities Limited,2026-04-16 13:35:58.861857,NRN Infrastructure and Development Limited
2026041605015889,NRN,49,52,1,1552.0,1552.0,2026-04-16,186671759,2898,Online Securities Pvt. Ltd.,Sundhara Securities Limited,2026-04-16 13:36:00.415503,NRN Infrastructure and Development Limited
2026041605015919,NRN,40,74,56,1580.0,88480.0,2026-04-16,186671934,2898,Creative Securities Pvt Ltd,KALASH STOCK MARKET PVT. LTD.,2026-04-16 13:36:12.314100,NRN Infrastructure and Development Limited
2026041605015920,NRN,77,74,200,1580.0,316000.0,2026-04-16,186671936,2898,Nabil Stock Dealer Ltd.,KALASH STOCK MARKET PVT. LTD.,2026-04-16 13:36:12.314583,NRN Infrastructure and Development Limited
2026041605015921,NRN,58,74,244,1580.0,385520.0,2026-04-16,186671937,2898,Naasa Securities Co. Ltd.,KALASH STOCK MARKET PVT. LTD.,2026-04-16 13:36:12.314869,NRN Infrastructure and Development Limited
2026041605015955,NRN,58,60,756,1580.0,1194480.0,2026-04-16,186672270,2898,Naasa Securities Co. Ltd.,Nagarik Stock Dealer ,2026-04-16 13:36:26.012560,NRN Infrastructure and Development Limited
2026041605016034,NRN,35,60,90,1580.0,142200.0,2026-04-16,186673004,2898,Kohinoor Investment & Securities Pvt. Ltd.,Nagarik Stock Dealer ,2026-04-16 13:37:09.160347,NRN Infrastructure and Development Limited
2026041605016039,NRN,49,57,100,1576.0,157600.0,2026-04-16,186673108,2898,Online Securities Pvt. Ltd.,Aryatara Investment & Securities,2026-04-16 13:37:15.934759,NRN Infrastructure and Development Limited
2026041605016040,NRN,14,57,100,1576.0,157600.0,2026-04-16,186673110,2898,Nepal Stock House (PVT) Ltd.,Aryatara Investment & Securities,2026-04-16 13:37:15.935015,NRN Infrastructure and Development Limited
2026041605016041,NRN,21,57,10,1576.0,15760.0,2026-04-16,186673112,2898,Midas Stock Broking Company Private Limited,Aryatara Investment & Securities,2026-04-16 13:37:15.935118,NRN Infrastructure and Development Limited
2026041605016042,NRN,14,57,90,1575.4,141786.0,2026-04-16,186673113,2898,Nepal Stock House (PVT) Ltd.,Aryatara Investment & Securities,2026-04-16 13:37:15.935218,NRN Infrastructure and Development Limited
2026041605016266,NRN,40,51,1,1565.0,1565.0,2026-04-16,186674779,2898,Creative Securities Pvt Ltd,Oxford Securities Pvt. Ltd.,2026-04-16 13:38:31.301904,NRN Infrastructure and Development Limited
2026041605016382,NRN,49,28,1,1543.9,1543.9,2026-04-16,186675691,2898,Online Securities Pvt. Ltd.,Shree Krishna Securities Ltd.,2026-04-16 13:39:13.502208,NRN Infrastructure and Development Limited
2026041605016451,NRN,49,26,10,1576.0,15760.0,2026-04-16,186676410,2898,Online Securities Pvt. Ltd.,Asian Securities Private Ltd.,2026-04-16 13:39:59.414552,NRN Infrastructure and Development Limited
2026041605016452,NRN,58,26,70,1575.6,110292.0,2026-04-16,186676411,2898,Naasa Securities Co. Ltd.,Asian Securities Private Ltd.,2026-04-16 13:39:59.414831,NRN Infrastructure and Development Limited
2026041605016460,NRN,49,41,1,1576.0,1576.0,2026-04-16,186676493,2898,Online Securities Pvt. Ltd.,Linch Stock Market Ltd.,2026-04-16 13:40:04.069698,NRN Infrastructure and Development Limited
2026041605016518,NRN,81,51,11,1576.1,17337.1,2026-04-16,186677023,2898,Aakashbhairab Securities Ltd.,Oxford Securities Pvt. Ltd.,2026-04-16 13:40:37.859636,NRN Infrastructure and Development Limited
2026041605016520,NRN,36,45,20,1579.0,31580.0,2026-04-16,186677052,2898,Secured Securities Ltd.,Imperial Securities Company Pvt. Ltd.,2026-04-16 13:40:39.667577,NRN Infrastructure and Development Limited
2026041605016618,NRN,45,60,50,1580.0,79000.0,2026-04-16,186677920,2898,Imperial Securities Company Pvt. Ltd.,Nagarik Stock Dealer ,2026-04-16 13:41:40.790726,NRN Infrastructure and Development Limited
2026041605016661,NRN,3,60,104,1580.0,164320.0,2026-04-16,186678261,2898,Arun Securities (PVT) Ltd.,Nagarik Stock Dealer ,2026-04-16 13:42:02.798137,NRN Infrastructure and Development Limited
2026041605016662,NRN,3,8,100,1580.0,158000.0,2026-04-16,186678263,2898,Arun Securities (PVT) Ltd.,Brilliant Securities Pvt. Ltd.,2026-04-16 13:42:02.798382,NRN Infrastructure and Development Limited
2026041605016663,NRN,3,47,15,1580.0,23700.0,2026-04-16,186678265,2898,Arun Securities (PVT) Ltd.,Neev Securities Pvt. Ltd.,2026-04-16 13:42:02.798481,NRN Infrastructure and Development Limited
2026041605016664,NRN,3,17,11,1580.0,17380.0,2026-04-16,186678268,2898,Arun Securities (PVT) Ltd.,ABC Securities Private Limited,2026-04-16 13:42:02.798579,NRN Infrastructure and Development Limited
2026041605016706,NRN,49,1,1,1580.0,1580.0,2026-04-16,186678817,2898,Online Securities Pvt. Ltd.,Kumari Securities Private Limited,2026-04-16 13:42:40.176259,NRN Infrastructure and Development Limited
2026041605016732,NRN,62,81,100,1585.0,158500.0,2026-04-16,186678988,2898,Capital Max Securities Ltd,Aakashbhairab Securities Ltd.,2026-04-16 13:42:57.511961,NRN Infrastructure and Development Limited
2026041605016837,NRN,98,14,100,1582.0,158200.0,2026-04-16,186679743,2898,Trademow Securities Private Limited,Nepal Stock House (PVT) Ltd.,2026-04-16 13:43:56.802232,NRN Infrastructure and Development Limited
2026041605016865,NRN,81,17,10,1582.2,15822.0,2026-04-16,186680039,2898,Aakashbhairab Securities Ltd.,ABC Securities Private Limited,2026-04-16 13:44:23.156501,NRN Infrastructure and Development Limited
2026041605016889,NRN,81,42,11,1582.2,17404.2,2026-04-16,186680237,2898,Aakashbhairab Securities Ltd.,Sani Securities Company Ltd.,2026-04-16 13:44:38.743523,NRN Infrastructure and Development Limited
2026041605016905,NRN,49,42,100,1582.3,158230.0,2026-04-16,186680474,2898,Online Securities Pvt. Ltd.,Sani Securities Company Ltd.,2026-04-16 13:45:00.174101,NRN Infrastructure and Development Limited
2026041605016906,NRN,81,42,200,1582.2,316440.0,2026-04-16,186680475,2898,Aakashbhairab Securities Ltd.,Sani Securities Company Ltd.,2026-04-16 13:45:00.174657,NRN Infrastructure and Development Limited
2026041605017369,NRN,58,49,15,1586.0,23790.0,2026-04-16,186684245,2898,Naasa Securities Co. Ltd.,Online Securities Pvt. Ltd.,2026-04-16 13:50:27.356755,NRN Infrastructure and Development Limited
2026041605017493,NRN,25,75,100,1587.0,158700.0,2026-04-16,186685170,2898,Sweta Securities Private Limited,N.I.M.B. Stock Markets Limited,2026-04-16 13:51:58.268062,NRN Infrastructure and Development Limited
2026041605017616,NRN,58,57,10,1586.0,15860.0,2026-04-16,186686443,2898,Naasa Securities Co. Ltd.,Aryatara Investment & Securities,2026-04-16 13:54:03.149748,NRN Infrastructure and Development Limited
2026041605017633,NRN,58,6,11,1586.0,17446.0,2026-04-16,186686597,2898,Naasa Securities Co. Ltd.,Agrawal Securities (PVT) Ltd.,2026-04-16 13:54:17.468432,NRN Infrastructure and Development Limited
2026041605017653,NRN,58,32,14,1586.0,22204.0,2026-04-16,186686802,2898,Naasa Securities Co. Ltd.,Premier Securities Company Ltd.,2026-04-16 13:54:37.070736,NRN Infrastructure and Development Limited
2026041605017782,NRN,7,34,10,1585.1,15851.0,2026-04-16,186687703,2898,J.F. Securites (PVT) Ltd.,Vision Securities Pvt. Ltd,2026-04-16 13:56:10.389424,NRN Infrastructure and Development Limited
2026041605017797,NRN,54,101,10,1585.0,15850.0,2026-04-16,186687810,2898,Sewa Securities Pvt. Ltd.,APPLE SECURITIES PRIVATE LIMITED,2026-04-16 13:56:25.347631,NRN Infrastructure and Development Limited
2026041605017798,NRN,94,101,190,1585.0,301150.0,2026-04-16,186687811,2898,K.B.L. Securities Limited ,APPLE SECURITIES PRIVATE LIMITED,2026-04-16 13:56:25.348136,NRN Infrastructure and Development Limited
2026041605017814,NRN,28,32,10,1586.0,15860.0,2026-04-16,186687928,2898,Shree Krishna Securities Ltd.,Premier Securities Company Ltd.,2026-04-16 13:56:34.593787,NRN Infrastructure and Development Limited
2026041605017835,NRN,67,32,226,1586.0,358436.0,2026-04-16,186688017,2898,Property Wiard Limited,Premier Securities Company Ltd.,2026-04-16 13:56:44.407798,NRN Infrastructure and Development Limited
2026041605017840,NRN,67,11,74,1586.0,117364.0,2026-04-16,186688096,2898,Property Wiard Limited,Malla & Malla Stock Broking Company Pvt. Limited,2026-04-16 13:56:54.459709,NRN Infrastructure and Development Limited
2026041605017850,NRN,94,34,15,1585.0,23775.0,2026-04-16,186688207,2898,K.B.L. Securities Limited ,Vision Securities Pvt. Ltd,2026-04-16 13:57:07.686716,NRN Infrastructure and Development Limited
2026041605017858,NRN,36,29,4,1575.0,6300.0,2026-04-16,186688283,2898,Secured Securities Ltd.,Trisul Securities & Invt. Ltd.,2026-04-16 13:57:17.159974,NRN Infrastructure and Development Limited
2026041605017859,NRN,94,34,100,1585.0,158500.0,2026-04-16,186688293,2898,K.B.L. Securities Limited ,Vision Securities Pvt. Ltd,2026-04-16 13:57:18.785795,NRN Infrastructure and Development Limited
2026041605017874,NRN,94,8,55,1585.0,87175.0,2026-04-16,186688393,2898,K.B.L. Securities Limited ,Brilliant Securities Pvt. Ltd.,2026-04-16 13:57:33.390129,NRN Infrastructure and Development Limited
2026041605017880,NRN,36,1,1,1574.0,1574.0,2026-04-16,186688473,2898,Secured Securities Ltd.,Kumari Securities Private Limited,2026-04-16 13:57:41.921225,NRN Infrastructure and Development Limited
2026041605017899,NRN,94,49,15,1585.0,23775.0,2026-04-16,186688627,2898,K.B.L. Securities Limited ,Online Securities Pvt. Ltd.,2026-04-16 13:58:02.118903,NRN Infrastructure and Development Limited
2026041605017918,NRN,94,67,95,1585.0,150575.0,2026-04-16,186688808,2898,K.B.L. Securities Limited ,Property Wiard Limited,2026-04-16 13:58:23.418168,NRN Infrastructure and Development Limited
2026041605017919,NRN,48,67,10,1582.4,15824.0,2026-04-16,186688810,2898,Trishakti Securities Public Limited,Property Wiard Limited,2026-04-16 13:58:23.418498,NRN Infrastructure and Development Limited
2026041605017920,NRN,81,67,175,1582.4,276920.0,2026-04-16,186688811,2898,Aakashbhairab Securities Ltd.,Property Wiard Limited,2026-04-16 13:58:23.418605,NRN Infrastructure and Development Limited
2026041605017944,NRN,48,11,926,1586.0,1468636.0,2026-04-16,186689108,2898,Trishakti Securities Public Limited,Malla & Malla Stock Broking Company Pvt. Limited,2026-04-16 13:58:50.650686,NRN Infrastructure and Development Limited
2026041605017962,NRN,81,17,93,1582.4,147163.2,2026-04-16,186689308,2898,Aakashbhairab Securities Ltd.,ABC Securities Private Limited,2026-04-16 13:59:08.234874,NRN Infrastructure and Development Limited
2026041605017963,NRN,42,17,500,1582.3,791150.0,2026-04-16,186689310,2898,Sani Securities Company Ltd.,ABC Securities Private Limited,2026-04-16 13:59:08.234983,NRN Infrastructure and Development Limited
2026041605017964,NRN,58,17,50,1582.2,79110.0,2026-04-16,186689312,2898,Naasa Securities Co. Ltd.,ABC Securities Private Limited,2026-04-16 13:59:08.235083,NRN Infrastructure and Development Limited
2026041605017965,NRN,98,17,317,1582.0,501494.0,2026-04-16,186689313,2898,Trademow Securities Private Limited,ABC Securities Private Limited,2026-04-16 13:59:08.235162,NRN Infrastructure and Development Limited
2026041605018136,NRN,41,17,50,1582.1,79105.0,2026-04-16,186690780,2898,Linch Stock Market Ltd.,ABC Securities Private Limited,2026-04-16 14:01:17.301793,NRN Infrastructure and Development Limited
2026041605018137,NRN,98,17,83,1582.0,131306.0,2026-04-16,186690782,2898,Trademow Securities Private Limited,ABC Securities Private Limited,2026-04-16 14:01:17.301835,NRN Infrastructure and Development Limited
2026041605018138,NRN,10,17,10,1581.1,15811.0,2026-04-16,186690784,2898,Pragyan Securities (PVT) Ltd.,ABC Securities Private Limited,2026-04-16 14:01:17.301863,NRN Infrastructure and Development Limited
2026041605018139,NRN,67,17,17,1581.0,26877.0,2026-04-16,186690785,2898,Property Wiard Limited,ABC Securities Private Limited,2026-04-16 14:01:17.301885,NRN Infrastructure and Development Limited
2026041605018167,NRN,32,57,1,1565.0,1565.0,2026-04-16,186691149,2898,Premier Securities Company Ltd.,Aryatara Investment & Securities,2026-04-16 14:01:42.550914,NRN Infrastructure and Development Limited
2026041605018216,NRN,67,81,483,1581.0,763623.0,2026-04-16,186691710,2898,Property Wiard Limited,Aakashbhairab Securities Ltd.,2026-04-16 14:02:31.918582,NRN Infrastructure and Development Limited
2026041605018217,NRN,26,81,100,1580.0,158000.0,2026-04-16,186691712,2898,Asian Securities Private Ltd.,Aakashbhairab Securities Ltd.,2026-04-16 14:02:31.918836,NRN Infrastructure and Development Limited
2026041605018218,NRN,58,81,17,1580.0,26860.0,2026-04-16,186691714,2898,Naasa Securities Co. Ltd.,Aakashbhairab Securities Ltd.,2026-04-16 14:02:31.918937,NRN Infrastructure and Development Limited
2026041605018219,NRN,58,81,100,1580.0,158000.0,2026-04-16,186691716,2898,Naasa Securities Co. Ltd.,Aakashbhairab Securities Ltd.,2026-04-16 14:02:31.919039,NRN Infrastructure and Development Limited
2026041605018220,NRN,22,81,10,1580.0,15800.0,2026-04-16,186691718,2898,Siprabi Securities Pvt. Ltd.,Aakashbhairab Securities Ltd.,2026-04-16 14:02:31.919139,NRN Infrastructure and Development Limited
