contractId,stockSymbol,buyerMemberId,sellerMemberId,quantity,rate,amount,businessDate,tradeBookId,stockId,buyerBrokerName,sellerBrokerName,transaction_time,securityName
2026041601000309,PCBL,38,39,10,250.0,2500.0,2026-04-16,186532892,357,Dipshikha Dhitopatra Karobar Co. Pvt Ltd.,Sumeru Securities Pvt. Ltd.,2026-04-16 11:01:43.948825,Prime Commercial Bank Ltd.
2026041601004192,PCBL,7,11,100,248.0,24800.0,2026-04-16,186546803,357,J.F. Securites (PVT) Ltd.,Malla & Malla Stock Broking Company Pvt. Limited,2026-04-16 11:13:26.385714,Prime Commercial Bank Ltd.
2026041601004453,PCBL,54,14,10,248.0,2480.0,2026-04-16,186547618,357,Sewa Securities Pvt. Ltd.,Nepal Stock House (PVT) Ltd.,2026-04-16 11:14:08.277569,Prime Commercial Bank Ltd.
2026041601004454,PCBL,95,14,84,248.0,20832.0,2026-04-16,186547619,357,Magnet Securities and Investment Company Private Limited,Nepal Stock House (PVT) Ltd.,2026-04-16 11:14:08.277646,Prime Commercial Bank Ltd.
2026041601004876,PCBL,54,57,35,249.7,8739.5,2026-04-16,186549192,357,Sewa Securities Pvt. Ltd.,Aryatara Investment & Securities,2026-04-16 11:15:33.810306,Prime Commercial Bank Ltd.
2026041601005102,PCBL,58,65,13,249.0,3237.0,2026-04-16,186549928,357,Naasa Securities Co. Ltd.,Sharepro Securities Private Limited,2026-04-16 11:16:07.055515,Prime Commercial Bank Ltd.
2026041601005743,PCBL,58,34,10,249.0,2490.0,2026-04-16,186552386,357,Naasa Securities Co. Ltd.,Vision Securities Pvt. Ltd,2026-04-16 11:18:29.130731,Prime Commercial Bank Ltd.
2026041601005821,PCBL,95,45,10,248.0,2480.0,2026-04-16,186552719,357,Magnet Securities and Investment Company Private Limited,Imperial Securities Company Pvt. Ltd.,2026-04-16 11:18:56.591472,Prime Commercial Bank Ltd.
2026041601006131,PCBL,25,40,20,247.0,4940.0,2026-04-16,186553802,357,Sweta Securities Private Limited,Creative Securities Pvt Ltd,2026-04-16 11:20:07.989943,Prime Commercial Bank Ltd.
2026041601006212,PCBL,47,45,90,246.0,22140.0,2026-04-16,186554203,357,Neev Securities Pvt. Ltd.,Imperial Securities Company Pvt. Ltd.,2026-04-16 11:20:41.635294,Prime Commercial Bank Ltd.
2026041601006439,PCBL,53,40,10,247.0,2470.0,2026-04-16,186555156,357,Investment Management Nepal Pvt. Ltd.,Creative Securities Pvt Ltd,2026-04-16 11:21:44.311738,Prime Commercial Bank Ltd.
2026041601006849,PCBL,47,51,200,246.0,49200.0,2026-04-16,186556849,357,Neev Securities Pvt. Ltd.,Oxford Securities Pvt. Ltd.,2026-04-16 11:23:35.641450,Prime Commercial Bank Ltd.
2026041601007049,PCBL,47,38,210,246.0,51660.0,2026-04-16,186557716,357,Neev Securities Pvt. Ltd.,Dipshikha Dhitopatra Karobar Co. Pvt Ltd.,2026-04-16 11:24:24.240135,Prime Commercial Bank Ltd.
2026041601007050,PCBL,47,38,239,246.0,58794.0,2026-04-16,186557717,357,Neev Securities Pvt. Ltd.,Dipshikha Dhitopatra Karobar Co. Pvt Ltd.,2026-04-16 11:24:24.240249,Prime Commercial Bank Ltd.
2026041601007290,PCBL,47,58,50,246.0,12300.0,2026-04-16,186558645,357,Neev Securities Pvt. Ltd.,Naasa Securities Co. Ltd.,2026-04-16 11:25:10.036605,Prime Commercial Bank Ltd.
2026041601007344,PCBL,47,40,22,247.0,5434.0,2026-04-16,186558920,357,Neev Securities Pvt. Ltd.,Creative Securities Pvt Ltd,2026-04-16 11:25:27.059971,Prime Commercial Bank Ltd.
2026041601007442,PCBL,58,40,448,247.0,110656.0,2026-04-16,186559341,357,Naasa Securities Co. Ltd.,Creative Securities Pvt Ltd,2026-04-16 11:25:58.161538,Prime Commercial Bank Ltd.
2026041601008096,PCBL,58,1,52,247.0,12844.0,2026-04-16,186561984,357,Naasa Securities Co. Ltd.,Kumari Securities Private Limited,2026-04-16 11:28:57.635510,Prime Commercial Bank Ltd.
2026041601008097,PCBL,47,1,78,246.0,19188.0,2026-04-16,186561985,357,Neev Securities Pvt. Ltd.,Kumari Securities Private Limited,2026-04-16 11:28:57.635543,Prime Commercial Bank Ltd.
2026041601008372,PCBL,47,36,233,246.0,57318.0,2026-04-16,186563338,357,Neev Securities Pvt. Ltd.,Secured Securities Ltd.,2026-04-16 11:30:13.561872,Prime Commercial Bank Ltd.
2026041601008373,PCBL,1,36,67,246.0,16482.0,2026-04-16,186563339,357,Kumari Securities Private Limited,Secured Securities Ltd.,2026-04-16 11:30:13.561979,Prime Commercial Bank Ltd.
2026041601009036,PCBL,4,45,92,246.5,22678.0,2026-04-16,186566304,357,Opal Securities Investment (PVT) Ltd.,Imperial Securities Company Pvt. Ltd.,2026-04-16 11:32:49.549723,Prime Commercial Bank Ltd.
2026041601009037,PCBL,1,45,133,246.0,32718.0,2026-04-16,186566306,357,Kumari Securities Private Limited,Imperial Securities Company Pvt. Ltd.,2026-04-16 11:32:49.549979,Prime Commercial Bank Ltd.
2026041601009517,PCBL,34,14,20,245.6,4912.0,2026-04-16,186568345,357,Vision Securities Pvt. Ltd,Nepal Stock House (PVT) Ltd.,2026-04-16 11:34:16.646595,Prime Commercial Bank Ltd.
2026041601009571,PCBL,34,39,80,245.6,19648.0,2026-04-16,186568600,357,Vision Securities Pvt. Ltd,Sumeru Securities Pvt. Ltd.,2026-04-16 11:34:36.169487,Prime Commercial Bank Ltd.
2026041601009572,PCBL,58,39,30,245.6,7368.0,2026-04-16,186568602,357,Naasa Securities Co. Ltd.,Sumeru Securities Pvt. Ltd.,2026-04-16 11:34:36.169616,Prime Commercial Bank Ltd.
2026041601009573,PCBL,35,39,200,245.5,49100.0,2026-04-16,186568604,357,Kohinoor Investment & Securities Pvt. Ltd.,Sumeru Securities Pvt. Ltd.,2026-04-16 11:34:36.169670,Prime Commercial Bank Ltd.
2026041601009574,PCBL,58,39,100,245.3,24530.0,2026-04-16,186568606,357,Naasa Securities Co. Ltd.,Sumeru Securities Pvt. Ltd.,2026-04-16 11:34:36.169760,Prime Commercial Bank Ltd.
2026041601009575,PCBL,57,39,37,245.3,9076.1,2026-04-16,186568608,357,Aryatara Investment & Securities,Sumeru Securities Pvt. Ltd.,2026-04-16 11:34:36.169806,Prime Commercial Bank Ltd.
2026041601009576,PCBL,43,39,63,245.3,15453.9,2026-04-16,186568610,357,South Asian Bulls Pvt. Ltd.,Sumeru Securities Pvt. Ltd.,2026-04-16 11:34:36.169855,Prime Commercial Bank Ltd.
2026041601009577,PCBL,28,39,17,245.1,4166.7,2026-04-16,186568612,357,Shree Krishna Securities Ltd.,Sumeru Securities Pvt. Ltd.,2026-04-16 11:34:36.169903,Prime Commercial Bank Ltd.
2026041601009578,PCBL,43,39,83,245.1,20343.3,2026-04-16,186568614,357,South Asian Bulls Pvt. Ltd.,Sumeru Securities Pvt. Ltd.,2026-04-16 11:34:36.169949,Prime Commercial Bank Ltd.
2026041601009579,PCBL,49,39,500,245.0,122500.0,2026-04-16,186568616,357,Online Securities Pvt. Ltd.,Sumeru Securities Pvt. Ltd.,2026-04-16 11:34:36.169995,Prime Commercial Bank Ltd.
2026041601009580,PCBL,50,39,100,245.0,24500.0,2026-04-16,186568618,357,Cristal Kanchanjanga Securites Pvt. Ltd.,Sumeru Securities Pvt. Ltd.,2026-04-16 11:34:36.170048,Prime Commercial Bank Ltd.
2026041601009581,PCBL,17,39,60,245.0,14700.0,2026-04-16,186568620,357,ABC Securities Private Limited,Sumeru Securities Pvt. Ltd.,2026-04-16 11:34:36.170096,Prime Commercial Bank Ltd.
2026041601009582,PCBL,22,39,100,245.0,24500.0,2026-04-16,186568622,357,Siprabi Securities Pvt. Ltd.,Sumeru Securities Pvt. Ltd.,2026-04-16 11:34:36.170140,Prime Commercial Bank Ltd.
2026041601009583,PCBL,81,39,330,245.0,80850.0,2026-04-16,186568623,357,Aakashbhairab Securities Ltd.,Sumeru Securities Pvt. Ltd.,2026-04-16 11:34:36.170186,Prime Commercial Bank Ltd.
2026041601009947,PCBL,22,45,50,245.9,12295.0,2026-04-16,186570268,357,Siprabi Securities Pvt. Ltd.,Imperial Securities Company Pvt. Ltd.,2026-04-16 11:36:06.129468,Prime Commercial Bank Ltd.
2026041601010221,PCBL,81,57,436,245.0,106820.0,2026-04-16,186571433,357,Aakashbhairab Securities Ltd.,Aryatara Investment & Securities,2026-04-16 11:37:18.330244,Prime Commercial Bank Ltd.
2026041601010601,PCBL,1,65,92,245.1,22549.2,2026-04-16,186572990,357,Kumari Securities Private Limited,Sharepro Securities Private Limited,2026-04-16 11:38:52.354070,Prime Commercial Bank Ltd.
2026041601010602,PCBL,82,65,100,245.1,24510.0,2026-04-16,186572992,357,N.M.B. SECURITIES LIMITED,Sharepro Securities Private Limited,2026-04-16 11:38:52.354188,Prime Commercial Bank Ltd.
2026041601010603,PCBL,81,65,234,245.0,57330.0,2026-04-16,186572994,357,Aakashbhairab Securities Ltd.,Sharepro Securities Private Limited,2026-04-16 11:38:52.354245,Prime Commercial Bank Ltd.
2026041601010604,PCBL,47,65,536,245.0,131320.0,2026-04-16,186572995,357,Neev Securities Pvt. Ltd.,Sharepro Securities Private Limited,2026-04-16 11:38:52.354303,Prime Commercial Bank Ltd.
2026041601011145,PCBL,47,45,26,245.0,6370.0,2026-04-16,186575135,357,Neev Securities Pvt. Ltd.,Imperial Securities Company Pvt. Ltd.,2026-04-16 11:41:03.118660,Prime Commercial Bank Ltd.
2026041601011717,PCBL,47,17,338,245.0,82810.0,2026-04-16,186577198,357,Neev Securities Pvt. Ltd.,ABC Securities Private Limited,2026-04-16 11:42:38.925700,Prime Commercial Bank Ltd.
2026041601011718,PCBL,13,17,12,245.0,2940.0,2026-04-16,186577199,357,Thrive Brokerage House Pvt. Ltd,ABC Securities Private Limited,2026-04-16 11:42:38.925915,Prime Commercial Bank Ltd.
2026041601012347,PCBL,82,35,10,245.1,2451.0,2026-04-16,186579647,357,N.M.B. SECURITIES LIMITED,Kohinoor Investment & Securities Pvt. Ltd.,2026-04-16 11:45:06.358826,Prime Commercial Bank Ltd.
2026041601012397,PCBL,56,45,123,245.9,30245.7,2026-04-16,186579855,357,Sri Hari Securities Pvt. Ltd.,Imperial Securities Company Pvt. Ltd.,2026-04-16 11:45:18.435800,Prime Commercial Bank Ltd.
2026041601012398,PCBL,56,45,137,246.0,33702.0,2026-04-16,186579857,357,Sri Hari Securities Pvt. Ltd.,Imperial Securities Company Pvt. Ltd.,2026-04-16 11:45:18.435919,Prime Commercial Bank Ltd.
2026041601012399,PCBL,56,13,1000,246.0,246000.0,2026-04-16,186579859,357,Sri Hari Securities Pvt. Ltd.,Thrive Brokerage House Pvt. Ltd,2026-04-16 11:45:18.435973,Prime Commercial Bank Ltd.
2026041601012400,PCBL,56,45,673,246.0,165558.0,2026-04-16,186579861,357,Sri Hari Securities Pvt. Ltd.,Imperial Securities Company Pvt. Ltd.,2026-04-16 11:45:18.436019,Prime Commercial Bank Ltd.
2026041601012845,PCBL,56,29,60,246.0,14760.0,2026-04-16,186581687,357,Sri Hari Securities Pvt. Ltd.,Trisul Securities & Invt. Ltd.,2026-04-16 11:47:10.071453,Prime Commercial Bank Ltd.
2026041601016611,PCBL,25,48,22,247.5,5445.0,2026-04-16,186597002,357,Sweta Securities Private Limited,Trishakti Securities Public Limited,2026-04-16 12:05:21.236517,Prime Commercial Bank Ltd.
2026041601017130,PCBL,7,52,10,246.5,2465.0,2026-04-16,186599636,357,J.F. Securites (PVT) Ltd.,Sundhara Securities Limited,2026-04-16 12:08:36.209093,Prime Commercial Bank Ltd.
2026041601018339,PCBL,58,13,20,247.0,4940.0,2026-04-16,186605280,357,Naasa Securities Co. Ltd.,Thrive Brokerage House Pvt. Ltd,2026-04-16 12:15:56.482073,Prime Commercial Bank Ltd.
2026041601018399,PCBL,42,59,10,246.1,2461.0,2026-04-16,186605478,357,Sani Securities Company Ltd.,Deevyaa Securities & Stock House Pvt. Ltd,2026-04-16 12:16:21.284617,Prime Commercial Bank Ltd.
2026041601018400,PCBL,38,59,101,246.1,24856.1,2026-04-16,186605479,357,Dipshikha Dhitopatra Karobar Co. Pvt Ltd.,Deevyaa Securities & Stock House Pvt. Ltd,2026-04-16 12:16:21.284900,Prime Commercial Bank Ltd.
2026041601018538,PCBL,38,37,58,246.1,14273.8,2026-04-16,186606041,357,Dipshikha Dhitopatra Karobar Co. Pvt Ltd.,Swarna Laxmi Securities Pvt. Ltd.,2026-04-16 12:17:12.195877,Prime Commercial Bank Ltd.
2026041601018900,PCBL,1,17,39,246.2,9601.8,2026-04-16,186607418,357,Kumari Securities Private Limited,ABC Securities Private Limited,2026-04-16 12:18:53.319460,Prime Commercial Bank Ltd.
2026041601018901,PCBL,38,17,341,246.1,83920.1,2026-04-16,186607420,357,Dipshikha Dhitopatra Karobar Co. Pvt Ltd.,ABC Securities Private Limited,2026-04-16 12:18:53.319625,Prime Commercial Bank Ltd.
2026041601018902,PCBL,6,17,100,246.1,24610.0,2026-04-16,186607422,357,Agrawal Securities (PVT) Ltd.,ABC Securities Private Limited,2026-04-16 12:18:53.319724,Prime Commercial Bank Ltd.
2026041601018903,PCBL,53,17,80,246.1,19688.0,2026-04-16,186607424,357,Investment Management Nepal Pvt. Ltd.,ABC Securities Private Limited,2026-04-16 12:18:53.319783,Prime Commercial Bank Ltd.
2026041601018904,PCBL,56,17,440,246.0,108240.0,2026-04-16,186607425,357,Sri Hari Securities Pvt. Ltd.,ABC Securities Private Limited,2026-04-16 12:18:53.319842,Prime Commercial Bank Ltd.
2026041601018971,PCBL,56,17,67,246.0,16482.0,2026-04-16,186607668,357,Sri Hari Securities Pvt. Ltd.,ABC Securities Private Limited,2026-04-16 12:19:15.399330,Prime Commercial Bank Ltd.
2026041601018972,PCBL,82,17,433,246.0,106518.0,2026-04-16,186607669,357,N.M.B. SECURITIES LIMITED,ABC Securities Private Limited,2026-04-16 12:19:15.399519,Prime Commercial Bank Ltd.
2026041601019324,PCBL,82,74,67,246.0,16482.0,2026-04-16,186608994,357,N.M.B. SECURITIES LIMITED,KALASH STOCK MARKET PVT. LTD.,2026-04-16 12:21:13.590539,Prime Commercial Bank Ltd.
2026041601019325,PCBL,58,74,141,246.0,34686.0,2026-04-16,186608995,357,Naasa Securities Co. Ltd.,KALASH STOCK MARKET PVT. LTD.,2026-04-16 12:21:13.590819,Prime Commercial Bank Ltd.
2026041601021082,PCBL,28,57,50,246.5,12325.0,2026-04-16,186616357,357,Shree Krishna Securities Ltd.,Aryatara Investment & Securities,2026-04-16 12:30:48.352211,Prime Commercial Bank Ltd.
2026041601021683,PCBL,28,71,100,246.5,24650.0,2026-04-16,186618694,357,Shree Krishna Securities Ltd.,SHUBHAKAMANA SECURITIES PVT. LTD,2026-04-16 12:34:13.699683,Prime Commercial Bank Ltd.
2026041601021684,PCBL,88,71,410,246.0,100860.0,2026-04-16,186618696,357,Blue Chip Securities Ltd,SHUBHAKAMANA SECURITIES PVT. LTD,2026-04-16 12:34:13.699721,Prime Commercial Bank Ltd.
2026041601021685,PCBL,14,71,20,246.0,4920.0,2026-04-16,186618698,357,Nepal Stock House (PVT) Ltd.,SHUBHAKAMANA SECURITIES PVT. LTD,2026-04-16 12:34:13.699744,Prime Commercial Bank Ltd.
2026041601021686,PCBL,16,71,170,246.0,41820.0,2026-04-16,186618699,357,Primo Securities (PVT) Ltd.,SHUBHAKAMANA SECURITIES PVT. LTD,2026-04-16 12:34:13.699768,Prime Commercial Bank Ltd.
2026041601023221,PCBL,14,13,10,247.0,2470.0,2026-04-16,186624930,357,Nepal Stock House (PVT) Ltd.,Thrive Brokerage House Pvt. Ltd,2026-04-16 12:43:55.817790,Prime Commercial Bank Ltd.
2026041601024647,PCBL,49,53,10,246.1,2461.0,2026-04-16,186629948,357,Online Securities Pvt. Ltd.,Investment Management Nepal Pvt. Ltd.,2026-04-16 12:51:14.483646,Prime Commercial Bank Ltd.
2026041601024648,PCBL,16,53,30,246.0,7380.0,2026-04-16,186629949,357,Primo Securities (PVT) Ltd.,Investment Management Nepal Pvt. Ltd.,2026-04-16 12:51:14.483969,Prime Commercial Bank Ltd.
2026041601024733,PCBL,45,1,98,246.0,24108.0,2026-04-16,186630261,357,Imperial Securities Company Pvt. Ltd.,Kumari Securities Private Limited,2026-04-16 12:51:47.887181,Prime Commercial Bank Ltd.
2026041601024804,PCBL,45,39,15,246.0,3690.0,2026-04-16,186630573,357,Imperial Securities Company Pvt. Ltd.,Sumeru Securities Pvt. Ltd.,2026-04-16 12:52:22.447660,Prime Commercial Bank Ltd.
2026041601024875,PCBL,45,17,50,246.0,12300.0,2026-04-16,186630837,357,Imperial Securities Company Pvt. Ltd.,ABC Securities Private Limited,2026-04-16 12:52:46.242345,Prime Commercial Bank Ltd.
2026041601024946,PCBL,14,13,300,247.0,74100.0,2026-04-16,186631110,357,Nepal Stock House (PVT) Ltd.,Thrive Brokerage House Pvt. Ltd,2026-04-16 12:53:09.066276,Prime Commercial Bank Ltd.
2026041601025500,PCBL,45,13,350,247.0,86450.0,2026-04-16,186632990,357,Imperial Securities Company Pvt. Ltd.,Thrive Brokerage House Pvt. Ltd,2026-04-16 12:55:35.014373,Prime Commercial Bank Ltd.
2026041601025871,PCBL,94,34,13,246.0,3198.0,2026-04-16,186634499,357,K.B.L. Securities Limited ,Vision Securities Pvt. Ltd,2026-04-16 12:58:37.510483,Prime Commercial Bank Ltd.
2026041601027956,PCBL,66,34,154,246.1,37899.4,2026-04-16,186644658,357,Miyo Securities Pvt Ltd,Vision Securities Pvt. Ltd,2026-04-16 13:11:26.232782,Prime Commercial Bank Ltd.
2026041601027957,PCBL,56,34,846,246.1,208200.6,2026-04-16,186644659,357,Sri Hari Securities Pvt. Ltd.,Vision Securities Pvt. Ltd,2026-04-16 13:11:26.232948,Prime Commercial Bank Ltd.
2026041601028021,PCBL,56,36,1654,246.1,407049.4,2026-04-16,186644980,357,Sri Hari Securities Pvt. Ltd.,Secured Securities Ltd.,2026-04-16 13:11:36.515510,Prime Commercial Bank Ltd.
2026041601028252,PCBL,95,18,10,246.0,2460.0,2026-04-16,186646367,357,Magnet Securities and Investment Company Private Limited,Sagarmatha Securities Private Limited,2026-04-16 13:12:50.536162,Prime Commercial Bank Ltd.
2026041601028329,PCBL,95,48,190,246.0,46740.0,2026-04-16,186647028,357,Magnet Securities and Investment Company Private Limited,Trishakti Securities Public Limited,2026-04-16 13:13:29.175084,Prime Commercial Bank Ltd.
2026041601028330,PCBL,21,48,10,246.0,2460.0,2026-04-16,186647030,357,Midas Stock Broking Company Private Limited,Trishakti Securities Public Limited,2026-04-16 13:13:29.175394,Prime Commercial Bank Ltd.
2026041601028331,PCBL,17,48,70,246.0,17220.0,2026-04-16,186647032,357,ABC Securities Private Limited,Trishakti Securities Public Limited,2026-04-16 13:13:29.175620,Prime Commercial Bank Ltd.
2026041601028735,PCBL,34,58,50,245.7,12285.0,2026-04-16,186649853,357,Vision Securities Pvt. Ltd,Naasa Securities Co. Ltd.,2026-04-16 13:15:48.735473,Prime Commercial Bank Ltd.
2026041601028918,PCBL,34,53,50,245.7,12285.0,2026-04-16,186651068,357,Vision Securities Pvt. Ltd,Investment Management Nepal Pvt. Ltd.,2026-04-16 13:16:52.126447,Prime Commercial Bank Ltd.
2026041601028919,PCBL,13,53,450,245.6,110520.0,2026-04-16,186651069,357,Thrive Brokerage House Pvt. Ltd,Investment Management Nepal Pvt. Ltd.,2026-04-16 13:16:52.126788,Prime Commercial Bank Ltd.
2026041601028943,PCBL,13,13,242,245.6,59435.2,2026-04-16,186651237,357,Thrive Brokerage House Pvt. Ltd,Thrive Brokerage House Pvt. Ltd,2026-04-16 13:17:02.788398,Prime Commercial Bank Ltd.
2026041601028964,PCBL,13,53,308,245.6,75644.8,2026-04-16,186651362,357,Thrive Brokerage House Pvt. Ltd,Investment Management Nepal Pvt. Ltd.,2026-04-16 13:17:10.324982,Prime Commercial Bank Ltd.
2026041601029011,PCBL,58,26,33,245.5,8101.5,2026-04-16,186651814,357,Naasa Securities Co. Ltd.,Asian Securities Private Ltd.,2026-04-16 13:17:33.542378,Prime Commercial Bank Ltd.
2026041601029012,PCBL,4,26,122,245.2,29914.4,2026-04-16,186651816,357,Opal Securities Investment (PVT) Ltd.,Asian Securities Private Ltd.,2026-04-16 13:17:33.542729,Prime Commercial Bank Ltd.
2026041601029013,PCBL,82,26,140,245.1,34314.0,2026-04-16,186651818,357,N.M.B. SECURITIES LIMITED,Asian Securities Private Ltd.,2026-04-16 13:17:33.542943,Prime Commercial Bank Ltd.
2026041601029014,PCBL,34,26,356,245.1,87255.6,2026-04-16,186651819,357,Vision Securities Pvt. Ltd,Asian Securities Private Ltd.,2026-04-16 13:17:33.543165,Prime Commercial Bank Ltd.
2026041601029732,PCBL,34,50,444,245.1,108824.4,2026-04-16,186656764,357,Vision Securities Pvt. Ltd,Cristal Kanchanjanga Securites Pvt. Ltd.,2026-04-16 13:21:11.876570,Prime Commercial Bank Ltd.
2026041601029733,PCBL,14,50,337,245.1,82598.7,2026-04-16,186656766,357,Nepal Stock House (PVT) Ltd.,Cristal Kanchanjanga Securites Pvt. Ltd.,2026-04-16 13:21:11.877021,Prime Commercial Bank Ltd.
2026041601029734,PCBL,65,50,2000,245.1,490200.0,2026-04-16,186656768,357,Sharepro Securities Private Limited,Cristal Kanchanjanga Securites Pvt. Ltd.,2026-04-16 13:21:11.877323,Prime Commercial Bank Ltd.
2026041601029735,PCBL,94,50,150,245.1,36765.0,2026-04-16,186656770,357,K.B.L. Securities Limited ,Cristal Kanchanjanga Securites Pvt. Ltd.,2026-04-16 13:21:11.877523,Prime Commercial Bank Ltd.
2026041601029736,PCBL,13,50,388,245.0,95060.0,2026-04-16,186656772,357,Thrive Brokerage House Pvt. Ltd,Cristal Kanchanjanga Securites Pvt. Ltd.,2026-04-16 13:21:11.877727,Prime Commercial Bank Ltd.
2026041601029737,PCBL,22,50,250,245.0,61250.0,2026-04-16,186656774,357,Siprabi Securities Pvt. Ltd.,Cristal Kanchanjanga Securites Pvt. Ltd.,2026-04-16 13:21:11.878020,Prime Commercial Bank Ltd.
2026041601029738,PCBL,6,50,1875,245.0,459375.0,2026-04-16,186656776,357,Agrawal Securities (PVT) Ltd.,Cristal Kanchanjanga Securites Pvt. Ltd.,2026-04-16 13:21:11.878242,Prime Commercial Bank Ltd.
2026041601029739,PCBL,35,50,20,245.0,4900.0,2026-04-16,186656778,357,Kohinoor Investment & Securities Pvt. Ltd.,Cristal Kanchanjanga Securites Pvt. Ltd.,2026-04-16 13:21:11.878502,Prime Commercial Bank Ltd.
2026041601029740,PCBL,7,50,40,245.0,9800.0,2026-04-16,186656780,357,J.F. Securites (PVT) Ltd.,Cristal Kanchanjanga Securites Pvt. Ltd.,2026-04-16 13:21:11.878714,Prime Commercial Bank Ltd.
2026041601029741,PCBL,37,50,150,245.0,36750.0,2026-04-16,186656782,357,Swarna Laxmi Securities Pvt. Ltd.,Cristal Kanchanjanga Securites Pvt. Ltd.,2026-04-16 13:21:11.878932,Prime Commercial Bank Ltd.
2026041601029742,PCBL,45,50,200,245.0,49000.0,2026-04-16,186656784,357,Imperial Securities Company Pvt. Ltd.,Cristal Kanchanjanga Securites Pvt. Ltd.,2026-04-16 13:21:11.879164,Prime Commercial Bank Ltd.
2026041601029743,PCBL,4,50,1000,245.0,245000.0,2026-04-16,186656786,357,Opal Securities Investment (PVT) Ltd.,Cristal Kanchanjanga Securites Pvt. Ltd.,2026-04-16 13:21:11.879359,Prime Commercial Bank Ltd.
2026041601029744,PCBL,57,50,200,245.0,49000.0,2026-04-16,186656788,357,Aryatara Investment & Securities,Cristal Kanchanjanga Securites Pvt. Ltd.,2026-04-16 13:21:11.879583,Prime Commercial Bank Ltd.
2026041601029745,PCBL,45,50,200,245.0,49000.0,2026-04-16,186656790,357,Imperial Securities Company Pvt. Ltd.,Cristal Kanchanjanga Securites Pvt. Ltd.,2026-04-16 13:21:11.879775,Prime Commercial Bank Ltd.
2026041601029746,PCBL,58,50,99,245.0,24255.0,2026-04-16,186656792,357,Naasa Securities Co. Ltd.,Cristal Kanchanjanga Securites Pvt. Ltd.,2026-04-16 13:21:11.880041,Prime Commercial Bank Ltd.
2026041601029747,PCBL,45,50,50,245.0,12250.0,2026-04-16,186656794,357,Imperial Securities Company Pvt. Ltd.,Cristal Kanchanjanga Securites Pvt. Ltd.,2026-04-16 13:21:11.880226,Prime Commercial Bank Ltd.
2026041601029748,PCBL,32,50,10,245.0,2450.0,2026-04-16,186656796,357,Premier Securities Company Ltd.,Cristal Kanchanjanga Securites Pvt. Ltd.,2026-04-16 13:21:11.880418,Prime Commercial Bank Ltd.
2026041601029749,PCBL,38,50,100,245.0,24500.0,2026-04-16,186656798,357,Dipshikha Dhitopatra Karobar Co. Pvt Ltd.,Cristal Kanchanjanga Securites Pvt. Ltd.,2026-04-16 13:21:11.880666,Prime Commercial Bank Ltd.
2026041601029750,PCBL,53,50,100,245.0,24500.0,2026-04-16,186656800,357,Investment Management Nepal Pvt. Ltd.,Cristal Kanchanjanga Securites Pvt. Ltd.,2026-04-16 13:21:11.880853,Prime Commercial Bank Ltd.
2026041601029751,PCBL,16,50,20,245.0,4900.0,2026-04-16,186656802,357,Primo Securities (PVT) Ltd.,Cristal Kanchanjanga Securites Pvt. Ltd.,2026-04-16 13:21:11.881046,Prime Commercial Bank Ltd.
2026041601029752,PCBL,99,50,100,245.0,24500.0,2026-04-16,186656804,357,Prabhu Stock Market Limited,Cristal Kanchanjanga Securites Pvt. Ltd.,2026-04-16 13:21:11.881260,Prime Commercial Bank Ltd.
2026041601029753,PCBL,6,50,20,245.0,4900.0,2026-04-16,186656806,357,Agrawal Securities (PVT) Ltd.,Cristal Kanchanjanga Securites Pvt. Ltd.,2026-04-16 13:21:11.881485,Prime Commercial Bank Ltd.
2026041601029754,PCBL,86,50,400,245.0,98000.0,2026-04-16,186656808,357,Stoxkarts Securities Limited,Cristal Kanchanjanga Securites Pvt. Ltd.,2026-04-16 13:21:11.881696,Prime Commercial Bank Ltd.
2026041601030412,PCBL,28,5,50,245.5,12275.0,2026-04-16,186660650,357,Shree Krishna Securities Ltd.,Market Securities & Exchange (PVT) Ltd.,2026-04-16 13:24:33.544779,Prime Commercial Bank Ltd.
2026041601030530,PCBL,38,5,50,245.5,12275.0,2026-04-16,186661270,357,Dipshikha Dhitopatra Karobar Co. Pvt Ltd.,Market Securities & Exchange (PVT) Ltd.,2026-04-16 13:25:13.825163,Prime Commercial Bank Ltd.
2026041601030599,PCBL,65,5,1900,245.5,466450.0,2026-04-16,186661799,357,Sharepro Securities Private Limited,Market Securities & Exchange (PVT) Ltd.,2026-04-16 13:25:34.776176,Prime Commercial Bank Ltd.
2026041601030752,PCBL,38,8,50,245.0,12250.0,2026-04-16,186662618,357,Dipshikha Dhitopatra Karobar Co. Pvt Ltd.,Brilliant Securities Pvt. Ltd.,2026-04-16 13:26:27.215832,Prime Commercial Bank Ltd.
2026041601031093,PCBL,38,57,500,244.7,122350.0,2026-04-16,186664355,357,Dipshikha Dhitopatra Karobar Co. Pvt Ltd.,Aryatara Investment & Securities,2026-04-16 13:28:34.585655,Prime Commercial Bank Ltd.
2026041601031716,PCBL,65,8,100,245.0,24500.0,2026-04-16,186666824,357,Sharepro Securities Private Limited,Brilliant Securities Pvt. Ltd.,2026-04-16 13:31:21.775564,Prime Commercial Bank Ltd.
2026041601031939,PCBL,44,8,100,244.7,24470.0,2026-04-16,186667768,357,Dynamic Money Managers Securities Pvt. Ltd.,Brilliant Securities Pvt. Ltd.,2026-04-16 13:32:13.826037,Prime Commercial Bank Ltd.
2026041601031940,PCBL,65,8,2000,244.6,489200.0,2026-04-16,186667770,357,Sharepro Securities Private Limited,Brilliant Securities Pvt. Ltd.,2026-04-16 13:32:13.826192,Prime Commercial Bank Ltd.
2026041601031941,PCBL,6,8,2000,244.5,489000.0,2026-04-16,186667772,357,Agrawal Securities (PVT) Ltd.,Brilliant Securities Pvt. Ltd.,2026-04-16 13:32:13.826263,Prime Commercial Bank Ltd.
2026041601031942,PCBL,58,8,900,244.4,219960.0,2026-04-16,186667773,357,Naasa Securities Co. Ltd.,Brilliant Securities Pvt. Ltd.,2026-04-16 13:32:13.826332,Prime Commercial Bank Ltd.
2026041601032110,PCBL,58,8,456,244.4,111446.4,2026-04-16,186668354,357,Naasa Securities Co. Ltd.,Brilliant Securities Pvt. Ltd.,2026-04-16 13:32:42.965814,Prime Commercial Bank Ltd.
2026041601032111,PCBL,43,8,75,244.1,18307.5,2026-04-16,186668356,357,South Asian Bulls Pvt. Ltd.,Brilliant Securities Pvt. Ltd.,2026-04-16 13:32:42.965969,Prime Commercial Bank Ltd.
2026041601032112,PCBL,52,8,319,244.1,77867.9,2026-04-16,186668357,357,Sundhara Securities Limited,Brilliant Securities Pvt. Ltd.,2026-04-16 13:32:42.966046,Prime Commercial Bank Ltd.
2026041601032732,PCBL,65,48,42,244.2,10256.4,2026-04-16,186672217,357,Sharepro Securities Private Limited,Trishakti Securities Public Limited,2026-04-16 13:36:23.353486,Prime Commercial Bank Ltd.
2026041601033034,PCBL,65,36,1500,244.2,366300.0,2026-04-16,186674031,357,Sharepro Securities Private Limited,Secured Securities Ltd.,2026-04-16 13:37:57.574319,Prime Commercial Bank Ltd.
2026041601033107,PCBL,65,50,390,244.2,95238.0,2026-04-16,186674357,357,Sharepro Securities Private Limited,Cristal Kanchanjanga Securites Pvt. Ltd.,2026-04-16 13:38:11.502846,Prime Commercial Bank Ltd.
2026041601033120,PCBL,65,36,68,244.2,16605.6,2026-04-16,186674460,357,Sharepro Securities Private Limited,Secured Securities Ltd.,2026-04-16 13:38:15.634906,Prime Commercial Bank Ltd.
2026041601033121,PCBL,53,36,100,244.2,24420.0,2026-04-16,186674462,357,Investment Management Nepal Pvt. Ltd.,Secured Securities Ltd.,2026-04-16 13:38:15.635061,Prime Commercial Bank Ltd.
2026041601033122,PCBL,53,36,50,244.2,12210.0,2026-04-16,186674464,357,Investment Management Nepal Pvt. Ltd.,Secured Securities Ltd.,2026-04-16 13:38:15.635143,Prime Commercial Bank Ltd.
2026041601033457,PCBL,25,36,28,244.2,6837.6,2026-04-16,186676235,357,Sweta Securities Private Limited,Secured Securities Ltd.,2026-04-16 13:39:45.745049,Prime Commercial Bank Ltd.
2026041601033698,PCBL,25,22,72,244.2,17582.4,2026-04-16,186677384,357,Sweta Securities Private Limited,Siprabi Securities Pvt. Ltd.,2026-04-16 13:41:05.450546,Prime Commercial Bank Ltd.
2026041601033699,PCBL,52,22,4681,244.1,1142632.1,2026-04-16,186677386,357,Sundhara Securities Limited,Siprabi Securities Pvt. Ltd.,2026-04-16 13:41:05.450738,Prime Commercial Bank Ltd.
2026041601033700,PCBL,53,22,10,244.0,2440.0,2026-04-16,186677388,357,Investment Management Nepal Pvt. Ltd.,Siprabi Securities Pvt. Ltd.,2026-04-16 13:41:05.450814,Prime Commercial Bank Ltd.
2026041601033701,PCBL,4,22,125,244.0,30500.0,2026-04-16,186677390,357,Opal Securities Investment (PVT) Ltd.,Siprabi Securities Pvt. Ltd.,2026-04-16 13:41:05.450906,Prime Commercial Bank Ltd.
2026041601033702,PCBL,62,22,1000,244.0,244000.0,2026-04-16,186677392,357,Capital Max Securities Ltd,Siprabi Securities Pvt. Ltd.,2026-04-16 13:41:05.450978,Prime Commercial Bank Ltd.
2026041601033703,PCBL,58,22,500,244.0,122000.0,2026-04-16,186677394,357,Naasa Securities Co. Ltd.,Siprabi Securities Pvt. Ltd.,2026-04-16 13:41:05.451053,Prime Commercial Bank Ltd.
2026041601033704,PCBL,58,22,120,244.0,29280.0,2026-04-16,186677396,357,Naasa Securities Co. Ltd.,Siprabi Securities Pvt. Ltd.,2026-04-16 13:41:05.451119,Prime Commercial Bank Ltd.
2026041601033705,PCBL,81,22,492,244.0,120048.0,2026-04-16,186677397,357,Aakashbhairab Securities Ltd.,Siprabi Securities Pvt. Ltd.,2026-04-16 13:41:05.451184,Prime Commercial Bank Ltd.
2026041601034007,PCBL,65,74,200,243.2,48640.0,2026-04-16,186679199,357,Sharepro Securities Private Limited,KALASH STOCK MARKET PVT. LTD.,2026-04-16 13:43:15.570095,Prime Commercial Bank Ltd.
2026041601034740,PCBL,38,21,31,244.5,7579.5,2026-04-16,186682806,357,Dipshikha Dhitopatra Karobar Co. Pvt Ltd.,Midas Stock Broking Company Private Limited,2026-04-16 13:48:15.144797,Prime Commercial Bank Ltd.
2026041601034796,PCBL,38,11,79,244.4,19307.6,2026-04-16,186683122,357,Dipshikha Dhitopatra Karobar Co. Pvt Ltd.,Malla & Malla Stock Broking Company Pvt. Limited,2026-04-16 13:48:44.494625,Prime Commercial Bank Ltd.
2026041601034849,PCBL,32,34,25,244.0,6100.0,2026-04-16,186683441,357,Premier Securities Company Ltd.,Vision Securities Pvt. Ltd,2026-04-16 13:49:10.620631,Prime Commercial Bank Ltd.
2026041601034961,PCBL,32,95,475,244.0,115900.0,2026-04-16,186683922,357,Premier Securities Company Ltd.,Magnet Securities and Investment Company Private Limited,2026-04-16 13:49:51.159639,Prime Commercial Bank Ltd.
2026041601034962,PCBL,65,95,1800,243.7,438660.0,2026-04-16,186683924,357,Sharepro Securities Private Limited,Magnet Securities and Investment Company Private Limited,2026-04-16 13:49:51.159847,Prime Commercial Bank Ltd.
2026041601034963,PCBL,59,95,500,243.5,121750.0,2026-04-16,186683926,357,Deevyaa Securities & Stock House Pvt. Ltd,Magnet Securities and Investment Company Private Limited,2026-04-16 13:49:51.159922,Prime Commercial Bank Ltd.
2026041601034964,PCBL,58,95,500,243.5,121750.0,2026-04-16,186683928,357,Naasa Securities Co. Ltd.,Magnet Securities and Investment Company Private Limited,2026-04-16 13:49:51.160006,Prime Commercial Bank Ltd.
2026041601034965,PCBL,42,95,50,243.5,12175.0,2026-04-16,186683930,357,Sani Securities Company Ltd.,Magnet Securities and Investment Company Private Limited,2026-04-16 13:49:51.160079,Prime Commercial Bank Ltd.
2026041601034966,PCBL,35,95,50,243.4,12170.0,2026-04-16,186683932,357,Kohinoor Investment & Securities Pvt. Ltd.,Magnet Securities and Investment Company Private Limited,2026-04-16 13:49:51.160148,Prime Commercial Bank Ltd.
2026041601034967,PCBL,82,95,1000,243.4,243400.0,2026-04-16,186683934,357,N.M.B. SECURITIES LIMITED,Magnet Securities and Investment Company Private Limited,2026-04-16 13:49:51.160216,Prime Commercial Bank Ltd.
2026041601034968,PCBL,41,95,500,243.3,121650.0,2026-04-16,186683936,357,Linch Stock Market Ltd.,Magnet Securities and Investment Company Private Limited,2026-04-16 13:49:51.160284,Prime Commercial Bank Ltd.
2026041601034969,PCBL,41,95,25,243.3,6082.5,2026-04-16,186683937,357,Linch Stock Market Ltd.,Magnet Securities and Investment Company Private Limited,2026-04-16 13:49:51.160348,Prime Commercial Bank Ltd.
2026041601035188,PCBL,36,11,500,244.4,122200.0,2026-04-16,186684788,357,Secured Securities Ltd.,Malla & Malla Stock Broking Company Pvt. Limited,2026-04-16 13:51:18.340438,Prime Commercial Bank Ltd.
2026041601035829,PCBL,38,74,100,244.0,24400.0,2026-04-16,186687998,357,Dipshikha Dhitopatra Karobar Co. Pvt Ltd.,KALASH STOCK MARKET PVT. LTD.,2026-04-16 13:56:43.776612,Prime Commercial Bank Ltd.
2026041601035865,PCBL,44,11,100,243.4,24340.0,2026-04-16,186688156,357,Dynamic Money Managers Securities Pvt. Ltd.,Malla & Malla Stock Broking Company Pvt. Limited,2026-04-16 13:57:02.314422,Prime Commercial Bank Ltd.
2026041601035866,PCBL,34,11,196,243.3,47686.8,2026-04-16,186688157,357,Vision Securities Pvt. Ltd,Malla & Malla Stock Broking Company Pvt. Limited,2026-04-16 13:57:02.314757,Prime Commercial Bank Ltd.
2026041601035963,PCBL,33,74,49,244.0,11956.0,2026-04-16,186688626,357,Dakshinkali Investment & Securities Pvt. Ltd.,KALASH STOCK MARKET PVT. LTD.,2026-04-16 13:58:01.814842,Prime Commercial Bank Ltd.
2026041601036075,PCBL,6,74,10,244.0,2440.0,2026-04-16,186689162,357,Agrawal Securities (PVT) Ltd.,KALASH STOCK MARKET PVT. LTD.,2026-04-16 13:58:57.823226,Prime Commercial Bank Ltd.
2026041601036188,PCBL,34,74,41,243.3,9975.3,2026-04-16,186689701,357,Vision Securities Pvt. Ltd,KALASH STOCK MARKET PVT. LTD.,2026-04-16 13:59:45.196750,Prime Commercial Bank Ltd.
2026041601036774,PCBL,4,58,10,243.5,2435.0,2026-04-16,186692531,357,Opal Securities Investment (PVT) Ltd.,Naasa Securities Co. Ltd.,2026-04-16 14:03:31.440393,Prime Commercial Bank Ltd.
2026041601036888,PCBL,4,46,70,243.5,17045.0,2026-04-16,186693081,357,Opal Securities Investment (PVT) Ltd.,Kalika Securities Pvt. Ltd.,2026-04-16 14:04:19.910905,Prime Commercial Bank Ltd.
2026041601038272,PCBL,74,50,19,244.7,4649.3,2026-04-16,186700156,357,KALASH STOCK MARKET PVT. LTD.,Cristal Kanchanjanga Securites Pvt. Ltd.,2026-04-16 14:14:12.435100,Prime Commercial Bank Ltd.
2026041601038719,PCBL,34,44,563,244.6,137709.8,2026-04-16,186702067,357,Vision Securities Pvt. Ltd,Dynamic Money Managers Securities Pvt. Ltd.,2026-04-16 14:17:19.952097,Prime Commercial Bank Ltd.
2026041601038917,PCBL,16,50,10,244.7,2447.0,2026-04-16,186702894,357,Primo Securities (PVT) Ltd.,Cristal Kanchanjanga Securites Pvt. Ltd.,2026-04-16 14:18:50.443095,Prime Commercial Bank Ltd.
2026041601039068,PCBL,17,50,28,244.7,6851.6,2026-04-16,186703614,357,ABC Securities Private Limited,Cristal Kanchanjanga Securites Pvt. Ltd.,2026-04-16 14:20:21.884208,Prime Commercial Bank Ltd.
2026041601039141,PCBL,34,50,43,244.7,10522.1,2026-04-16,186703901,357,Vision Securities Pvt. Ltd,Cristal Kanchanjanga Securites Pvt. Ltd.,2026-04-16 14:20:48.493951,Prime Commercial Bank Ltd.
2026041601039354,PCBL,34,57,80,244.9,19592.0,2026-04-16,186704851,357,Vision Securities Pvt. Ltd,Aryatara Investment & Securities,2026-04-16 14:22:00.859922,Prime Commercial Bank Ltd.
2026041601039355,PCBL,34,34,167,245.0,40915.0,2026-04-16,186704853,357,Vision Securities Pvt. Ltd,Vision Securities Pvt. Ltd,2026-04-16 14:22:00.860305,Prime Commercial Bank Ltd.
2026041601039356,PCBL,34,58,20,245.0,4900.0,2026-04-16,186704855,357,Vision Securities Pvt. Ltd,Naasa Securities Co. Ltd.,2026-04-16 14:22:00.860534,Prime Commercial Bank Ltd.
2026041601039357,PCBL,34,36,56,245.0,13720.0,2026-04-16,186704857,357,Vision Securities Pvt. Ltd,Secured Securities Ltd.,2026-04-16 14:22:00.860753,Prime Commercial Bank Ltd.
2026041601039358,PCBL,34,36,581,245.0,142345.0,2026-04-16,186704860,357,Vision Securities Pvt. Ltd,Secured Securities Ltd.,2026-04-16 14:22:00.860975,Prime Commercial Bank Ltd.
2026041601039627,PCBL,38,36,260,245.0,63700.0,2026-04-16,186706132,357,Dipshikha Dhitopatra Karobar Co. Pvt Ltd.,Secured Securities Ltd.,2026-04-16 14:24:08.973351,Prime Commercial Bank Ltd.
2026041601039728,PCBL,19,36,14,245.0,3430.0,2026-04-16,186706572,357,Nepal Investment And Securities Trading Private Limited,Secured Securities Ltd.,2026-04-16 14:24:56.324420,Prime Commercial Bank Ltd.
2026041601039736,PCBL,41,36,35,245.0,8575.0,2026-04-16,186706624,357,Linch Stock Market Ltd.,Secured Securities Ltd.,2026-04-16 14:25:01.266911,Prime Commercial Bank Ltd.
2026041601039916,PCBL,34,36,500,245.0,122500.0,2026-04-16,186707278,357,Vision Securities Pvt. Ltd,Secured Securities Ltd.,2026-04-16 14:25:47.308064,Prime Commercial Bank Ltd.
2026041601039973,PCBL,57,36,2000,245.0,490000.0,2026-04-16,186707484,357,Aryatara Investment & Securities,Secured Securities Ltd.,2026-04-16 14:26:08.928693,Prime Commercial Bank Ltd.
2026041601040873,PCBL,49,42,40,244.9,9796.0,2026-04-16,186710634,357,Online Securities Pvt. Ltd.,Sani Securities Company Ltd.,2026-04-16 14:28:56.562959,Prime Commercial Bank Ltd.
2026041601041194,PCBL,34,42,500,244.9,122450.0,2026-04-16,186711382,357,Vision Securities Pvt. Ltd,Sani Securities Company Ltd.,2026-04-16 14:29:18.155181,Prime Commercial Bank Ltd.
2026041601041245,PCBL,45,42,100,244.9,24490.0,2026-04-16,186711562,357,Imperial Securities Company Pvt. Ltd.,Sani Securities Company Ltd.,2026-04-16 14:29:38.365486,Prime Commercial Bank Ltd.
2026041601041464,PCBL,11,36,1500,245.0,367500.0,2026-04-16,186712438,357,Malla & Malla Stock Broking Company Pvt. Limited,Secured Securities Ltd.,2026-04-16 14:30:36.545474,Prime Commercial Bank Ltd.
2026041601042015,PCBL,34,36,295,245.0,72275.0,2026-04-16,186713973,357,Vision Securities Pvt. Ltd,Secured Securities Ltd.,2026-04-16 14:31:41.320914,Prime Commercial Bank Ltd.
2026041601042267,PCBL,34,57,89,245.5,21849.5,2026-04-16,186714833,357,Vision Securities Pvt. Ltd,Aryatara Investment & Securities,2026-04-16 14:32:27.620056,Prime Commercial Bank Ltd.
2026041601042268,PCBL,34,22,616,245.5,151228.0,2026-04-16,186714836,357,Vision Securities Pvt. Ltd,Siprabi Securities Pvt. Ltd.,2026-04-16 14:32:27.620299,Prime Commercial Bank Ltd.
2026041601043433,PCBL,4,46,1600,244.6,391360.0,2026-04-16,186720441,357,Opal Securities Investment (PVT) Ltd.,Kalika Securities Pvt. Ltd.,2026-04-16 14:39:03.559311,Prime Commercial Bank Ltd.
2026041601043748,PCBL,4,13,50,244.6,12230.0,2026-04-16,186722171,357,Opal Securities Investment (PVT) Ltd.,Thrive Brokerage House Pvt. Ltd,2026-04-16 14:40:41.186318,Prime Commercial Bank Ltd.
2026041601044244,PCBL,58,45,18,245.0,4410.0,2026-04-16,186724447,357,Naasa Securities Co. Ltd.,Imperial Securities Company Pvt. Ltd.,2026-04-16 14:42:56.572102,Prime Commercial Bank Ltd.
2026041601044425,PCBL,58,13,14,245.4,3435.6,2026-04-16,186725306,357,Naasa Securities Co. Ltd.,Thrive Brokerage House Pvt. Ltd,2026-04-16 14:43:39.380638,Prime Commercial Bank Ltd.
2026041601044617,PCBL,58,22,10,245.5,2455.0,2026-04-16,186726136,357,Naasa Securities Co. Ltd.,Siprabi Securities Pvt. Ltd.,2026-04-16 14:44:21.095617,Prime Commercial Bank Ltd.
2026041601044671,PCBL,4,13,36,244.6,8805.6,2026-04-16,186726315,357,Opal Securities Investment (PVT) Ltd.,Thrive Brokerage House Pvt. Ltd,2026-04-16 14:44:31.405349,Prime Commercial Bank Ltd.
2026041601044796,PCBL,4,53,22,244.6,5381.2,2026-04-16,186726981,357,Opal Securities Investment (PVT) Ltd.,Investment Management Nepal Pvt. Ltd.,2026-04-16 14:44:59.450736,Prime Commercial Bank Ltd.
2026041601045116,PCBL,4,16,33,244.6,8071.8,2026-04-16,186728831,357,Opal Securities Investment (PVT) Ltd.,Primo Securities (PVT) Ltd.,2026-04-16 14:46:42.665883,Prime Commercial Bank Ltd.
2026041601045131,PCBL,4,48,54,244.6,13208.4,2026-04-16,186728967,357,Opal Securities Investment (PVT) Ltd.,Trishakti Securities Public Limited,2026-04-16 14:46:49.397395,Prime Commercial Bank Ltd.
2026041601045169,PCBL,4,43,56,244.6,13697.6,2026-04-16,186729191,357,Opal Securities Investment (PVT) Ltd.,South Asian Bulls Pvt. Ltd.,2026-04-16 14:46:59.364375,Prime Commercial Bank Ltd.
2026041601045873,PCBL,45,45,37,244.8,9057.6,2026-04-16,186733077,357,Imperial Securities Company Pvt. Ltd.,Imperial Securities Company Pvt. Ltd.,2026-04-16 14:50:07.091285,Prime Commercial Bank Ltd.
2026041601046346,PCBL,45,38,263,244.8,64382.4,2026-04-16,186735554,357,Imperial Securities Company Pvt. Ltd.,Dipshikha Dhitopatra Karobar Co. Pvt Ltd.,2026-04-16 14:52:08.029683,Prime Commercial Bank Ltd.
2026041601046347,PCBL,57,38,737,244.8,180417.6,2026-04-16,186735555,357,Aryatara Investment & Securities,Dipshikha Dhitopatra Karobar Co. Pvt Ltd.,2026-04-16 14:52:08.029886,Prime Commercial Bank Ltd.
2026041601047698,PCBL,42,49,50,245.0,12250.0,2026-04-16,186741018,357,Sani Securities Company Ltd.,Online Securities Pvt. Ltd.,2026-04-16 14:55:18.439798,Prime Commercial Bank Ltd.
2026041601047809,PCBL,57,13,30,244.8,7344.0,2026-04-16,186741619,357,Aryatara Investment & Securities,Thrive Brokerage House Pvt. Ltd,2026-04-16 14:55:41.473750,Prime Commercial Bank Ltd.
2026041601048455,PCBL,57,49,2000,244.8,489600.0,2026-04-16,186745537,357,Aryatara Investment & Securities,Online Securities Pvt. Ltd.,2026-04-16 14:57:48.155681,Prime Commercial Bank Ltd.
2026041601048773,PCBL,57,13,50,244.8,12240.0,2026-04-16,186747483,357,Aryatara Investment & Securities,Thrive Brokerage House Pvt. Ltd,2026-04-16 14:58:29.393724,Prime Commercial Bank Ltd.
2026041601049487,PCBL,66,49,70,245.0,17150.0,2026-04-16,186751719,357,Miyo Securities Pvt Ltd,Online Securities Pvt. Ltd.,2026-04-16 14:59:39.227836,Prime Commercial Bank Ltd.
2026041601049488,PCBL,66,49,30,245.0,7350.0,2026-04-16,186751722,357,Miyo Securities Pvt Ltd,Online Securities Pvt. Ltd.,2026-04-16 14:59:39.228225,Prime Commercial Bank Ltd.
