contract_id,symbol,buyer_member_id,seller_member_id,volume,price,amount,buyer_broker,seller_broker,transaction_time
2026041604000552,RHPL,58,89,20,300.0,6000.0,Naasa Securities Co. Ltd.,Global IME Securities Limited,2026-04-16 11:05:42.417532
2026041604001463,RHPL,58,29,13,299.2,3889.6,Naasa Securities Co. Ltd.,Trisul Securities & Invt. Ltd.,2026-04-16 11:12:59.673776
2026041604002329,RHPL,52,13,50,294.2,14710.0,Sundhara Securities Limited,Thrive Brokerage House Pvt. Ltd,2026-04-16 11:21:15.224741
2026041604002381,RHPL,52,91,50,294.2,14710.0,Sundhara Securities Limited,Citizens Share Broker Limited,2026-04-16 11:21:38.977220
2026041604002415,RHPL,52,70,30,294.2,8826.0,Sundhara Securities Limited,Infinity Securities Limited,2026-04-16 11:22:00.223411
2026041604002520,RHPL,47,21,70,294.1,20587.0,Neev Securities Pvt. Ltd.,Midas Stock Broking Company Private Limited,2026-04-16 11:22:39.416757
2026041604002547,RHPL,11,70,50,294.2,14710.0,Malla & Malla Stock Broking Company Pvt. Limited,Infinity Securities Limited,2026-04-16 11:22:52.066742
2026041604002556,RHPL,47,4,24,294.1,7058.4,Neev Securities Pvt. Ltd.,Opal Securities Investment (PVT) Ltd.,2026-04-16 11:23:00.097424
2026041604003007,RHPL,70,38,40,294.3,11772.0,Infinity Securities Limited,Dipshikha Dhitopatra Karobar Co. Pvt Ltd.,2026-04-16 11:26:47.800293
2026041604003031,RHPL,3,25,40,294.5,11780.0,Arun Securities (PVT) Ltd.,Sweta Securities Private Limited,2026-04-16 11:27:16.249020
2026041604003032,RHPL,70,25,110,294.3,32373.0,Infinity Securities Limited,Sweta Securities Private Limited,2026-04-16 11:27:16.249234
2026041604003054,RHPL,70,25,50,294.3,14715.0,Infinity Securities Limited,Sweta Securities Private Limited,2026-04-16 11:27:35.797646
2026041604003055,RHPL,34,25,10,294.3,2943.0,Vision Securities Pvt. Ltd,Sweta Securities Private Limited,2026-04-16 11:27:35.797757
2026041604003425,RHPL,34,54,50,294.3,14715.0,Vision Securities Pvt. Ltd,Sewa Securities Pvt. Ltd.,2026-04-16 11:30:40.314197
2026041604004015,RHPL,34,74,40,294.3,11772.0,Vision Securities Pvt. Ltd,KALASH STOCK MARKET PVT. LTD.,2026-04-16 11:34:38.288487
2026041604004016,RHPL,1,74,100,294.2,29420.0,Kumari Securities Private Limited,KALASH STOCK MARKET PVT. LTD.,2026-04-16 11:34:38.288539
2026041604004017,RHPL,1,74,151,294.2,44424.2,Kumari Securities Private Limited,KALASH STOCK MARKET PVT. LTD.,2026-04-16 11:34:38.288586
2026041604004695,RHPL,77,58,50,294.3,14715.0,Nabil Stock Dealer Ltd.,Naasa Securities Co. Ltd.,2026-04-16 11:39:28.597524
2026041604004723,RHPL,77,84,500,294.3,147150.0,Nabil Stock Dealer Ltd.,MILKY WAY SHARE BROKER COMPANY LTD ,2026-04-16 11:39:58.666848
2026041604004883,RHPL,77,48,50,294.3,14715.0,Nabil Stock Dealer Ltd.,Trishakti Securities Public Limited,2026-04-16 11:41:38.939551
2026041604004884,RHPL,1,48,149,294.2,43835.8,Kumari Securities Private Limited,Trishakti Securities Public Limited,2026-04-16 11:41:38.939685
2026041604004885,RHPL,47,48,100,294.1,29410.0,Neev Securities Pvt. Ltd.,Trishakti Securities Public Limited,2026-04-16 11:41:38.939736
2026041604004886,RHPL,57,48,550,294.0,161700.0,Aryatara Investment & Securities,Trishakti Securities Public Limited,2026-04-16 11:41:38.939794
2026041604004887,RHPL,47,48,300,294.0,88200.0,Neev Securities Pvt. Ltd.,Trishakti Securities Public Limited,2026-04-16 11:41:38.939843
2026041604004888,RHPL,45,48,100,294.0,29400.0,Imperial Securities Company Pvt. Ltd.,Trishakti Securities Public Limited,2026-04-16 11:41:38.939887
2026041604004889,RHPL,29,48,50,294.0,14700.0,Trisul Securities & Invt. Ltd.,Trishakti Securities Public Limited,2026-04-16 11:41:38.939932
2026041604004928,RHPL,58,34,80,293.3,23464.0,Naasa Securities Co. Ltd.,Vision Securities Pvt. Ltd,2026-04-16 11:42:00.942441
2026041604005040,RHPL,41,48,20,293.4,5868.0,Linch Stock Market Ltd.,Trishakti Securities Public Limited,2026-04-16 11:42:42.703924
2026041604005041,RHPL,58,48,220,293.3,64526.0,Naasa Securities Co. Ltd.,Trishakti Securities Public Limited,2026-04-16 11:42:42.704036
2026041604005042,RHPL,47,48,500,293.0,146500.0,Neev Securities Pvt. Ltd.,Trishakti Securities Public Limited,2026-04-16 11:42:42.704109
2026041604005043,RHPL,14,48,460,293.0,134780.0,Nepal Stock House (PVT) Ltd.,Trishakti Securities Public Limited,2026-04-16 11:42:42.704154
2026041604005152,RHPL,14,48,40,293.0,11720.0,Nepal Stock House (PVT) Ltd.,Trishakti Securities Public Limited,2026-04-16 11:43:49.705557
2026041604005153,RHPL,53,48,50,292.1,14605.0,Investment Management Nepal Pvt. Ltd.,Trishakti Securities Public Limited,2026-04-16 11:43:49.705670
2026041604005154,RHPL,20,48,100,292.1,29210.0,Sipla Securities Private Limited,Trishakti Securities Public Limited,2026-04-16 11:43:49.705719
2026041604005155,RHPL,29,48,10,292.1,2921.0,Trisul Securities & Invt. Ltd.,Trishakti Securities Public Limited,2026-04-16 11:43:49.705761
2026041604005295,RHPL,91,59,30,292.0,8760.0,Citizens Share Broker Limited,Deevyaa Securities & Stock House Pvt. Ltd,2026-04-16 11:45:09.345804
2026041604005752,RHPL,11,42,70,294.0,20580.0,Malla & Malla Stock Broking Company Pvt. Limited,Sani Securities Company Ltd.,2026-04-16 11:50:24.010557
2026041604005910,RHPL,11,40,50,295.0,14750.0,Malla & Malla Stock Broking Company Pvt. Limited,Creative Securities Pvt Ltd,2026-04-16 11:52:24.788586
2026041604006263,RHPL,11,46,70,294.0,20580.0,Malla & Malla Stock Broking Company Pvt. Limited,Kalika Securities Pvt. Ltd.,2026-04-16 11:56:16.131236
2026041604006301,RHPL,91,13,70,292.2,20454.0,Citizens Share Broker Limited,Thrive Brokerage House Pvt. Ltd,2026-04-16 11:56:40.064655
2026041604006302,RHPL,38,13,10,292.2,2922.0,Dipshikha Dhitopatra Karobar Co. Pvt Ltd.,Thrive Brokerage House Pvt. Ltd,2026-04-16 11:56:40.064876
2026041604006512,RHPL,58,42,70,292.8,20496.0,Naasa Securities Co. Ltd.,Sani Securities Company Ltd.,2026-04-16 11:59:07.155746
2026041604006647,RHPL,22,21,200,293.0,58600.0,Siprabi Securities Pvt. Ltd.,Midas Stock Broking Company Private Limited,2026-04-16 12:01:02.324428
2026041604006990,RHPL,4,39,40,293.2,11728.0,Opal Securities Investment (PVT) Ltd.,Sumeru Securities Pvt. Ltd.,2026-04-16 12:05:04.947645
2026041604007293,RHPL,1,49,100,293.3,29330.0,Kumari Securities Private Limited,Online Securities Pvt. Ltd.,2026-04-16 12:08:04.419112
2026041604008330,RHPL,38,48,10,293.4,2934.0,Dipshikha Dhitopatra Karobar Co. Pvt Ltd.,Trishakti Securities Public Limited,2026-04-16 12:20:54.650541
2026041604008796,RHPL,16,38,30,294.0,8820.0,Primo Securities (PVT) Ltd.,Dipshikha Dhitopatra Karobar Co. Pvt Ltd.,2026-04-16 12:26:17.403218
2026041604008895,RHPL,16,38,10,294.0,2940.0,Primo Securities (PVT) Ltd.,Dipshikha Dhitopatra Karobar Co. Pvt Ltd.,2026-04-16 12:27:14.455259
2026041604009016,RHPL,35,38,60,294.0,17640.0,Kohinoor Investment & Securities Pvt. Ltd.,Dipshikha Dhitopatra Karobar Co. Pvt Ltd.,2026-04-16 12:28:57.611239
2026041604009017,RHPL,35,25,10,294.0,2940.0,Kohinoor Investment & Securities Pvt. Ltd.,Sweta Securities Private Limited,2026-04-16 12:28:57.611393
2026041604009022,RHPL,38,29,70,293.4,20538.0,Dipshikha Dhitopatra Karobar Co. Pvt Ltd.,Trisul Securities & Invt. Ltd.,2026-04-16 12:29:01.044020
2026041604009044,RHPL,38,25,200,293.4,58680.0,Dipshikha Dhitopatra Karobar Co. Pvt Ltd.,Sweta Securities Private Limited,2026-04-16 12:29:17.796643
2026041604009200,RHPL,38,45,80,293.4,23472.0,Dipshikha Dhitopatra Karobar Co. Pvt Ltd.,Imperial Securities Company Pvt. Ltd.,2026-04-16 12:32:20.559764
2026041604009218,RHPL,38,38,50,293.4,14670.0,Dipshikha Dhitopatra Karobar Co. Pvt Ltd.,Dipshikha Dhitopatra Karobar Co. Pvt Ltd.,2026-04-16 12:32:37.130618
2026041604009476,RHPL,58,25,40,294.0,11760.0,Naasa Securities Co. Ltd.,Sweta Securities Private Limited,2026-04-16 12:36:54.762297
2026041604009477,RHPL,58,50,12,294.0,3528.0,Naasa Securities Co. Ltd.,Cristal Kanchanjanga Securites Pvt. Ltd.,2026-04-16 12:36:54.762480
2026041604009478,RHPL,58,4,48,294.0,14112.0,Naasa Securities Co. Ltd.,Opal Securities Investment (PVT) Ltd.,2026-04-16 12:36:54.762547
2026041604009610,RHPL,42,4,22,294.0,6468.0,Sani Securities Company Ltd.,Opal Securities Investment (PVT) Ltd.,2026-04-16 12:39:56.268901
2026041604009611,RHPL,42,45,78,294.0,22932.0,Sani Securities Company Ltd.,Imperial Securities Company Pvt. Ltd.,2026-04-16 12:39:56.269060
2026041604009777,RHPL,38,42,80,293.4,23472.0,Dipshikha Dhitopatra Karobar Co. Pvt Ltd.,Sani Securities Company Ltd.,2026-04-16 12:42:33.334456
2026041604009815,RHPL,1,45,200,293.3,58660.0,Kumari Securities Private Limited,Imperial Securities Company Pvt. Ltd.,2026-04-16 12:43:15.558929
2026041604009843,RHPL,34,45,100,293.1,29310.0,Vision Securities Pvt. Ltd,Imperial Securities Company Pvt. Ltd.,2026-04-16 12:43:31.533798
2026041604009844,RHPL,38,45,300,293.0,87900.0,Dipshikha Dhitopatra Karobar Co. Pvt Ltd.,Imperial Securities Company Pvt. Ltd.,2026-04-16 12:43:31.534093
2026041604009872,RHPL,34,45,322,293.0,94346.0,Vision Securities Pvt. Ltd,Imperial Securities Company Pvt. Ltd.,2026-04-16 12:43:47.371461
2026041604010127,RHPL,34,42,10,293.0,2930.0,Vision Securities Pvt. Ltd,Sani Securities Company Ltd.,2026-04-16 12:49:41.156387
2026041604010168,RHPL,74,44,300,292.9,87870.0,KALASH STOCK MARKET PVT. LTD.,Dynamic Money Managers Securities Pvt. Ltd.,2026-04-16 12:50:15.478753
2026041604010259,RHPL,74,29,50,292.9,14645.0,KALASH STOCK MARKET PVT. LTD.,Trisul Securities & Invt. Ltd.,2026-04-16 12:51:43.230269
2026041604010260,RHPL,74,29,130,292.9,38077.0,KALASH STOCK MARKET PVT. LTD.,Trisul Securities & Invt. Ltd.,2026-04-16 12:51:43.230430
2026041604010278,RHPL,48,74,50,293.0,14650.0,Trishakti Securities Public Limited,KALASH STOCK MARKET PVT. LTD.,2026-04-16 12:51:59.424476
2026041604010295,RHPL,48,100,70,293.0,20510.0,Trishakti Securities Public Limited,Sunrise Securities Limited,2026-04-16 12:52:12.287429
2026041604010301,RHPL,48,74,50,293.0,14650.0,Trishakti Securities Public Limited,KALASH STOCK MARKET PVT. LTD.,2026-04-16 12:52:26.631915
2026041604010302,RHPL,48,16,20,293.0,5860.0,Trishakti Securities Public Limited,Primo Securities (PVT) Ltd.,2026-04-16 12:52:26.950184
2026041604010555,RHPL,48,38,80,293.0,23440.0,Trishakti Securities Public Limited,Dipshikha Dhitopatra Karobar Co. Pvt Ltd.,2026-04-16 12:55:47.647888
2026041604010960,RHPL,74,42,10,293.1,2931.0,KALASH STOCK MARKET PVT. LTD.,Sani Securities Company Ltd.,2026-04-16 13:01:44.131500
2026041604011259,RHPL,58,74,15,293.5,4402.5,Naasa Securities Co. Ltd.,KALASH STOCK MARKET PVT. LTD.,2026-04-16 13:05:40.122922
2026041604011260,RHPL,45,74,10,293.3,2933.0,Imperial Securities Company Pvt. Ltd.,KALASH STOCK MARKET PVT. LTD.,2026-04-16 13:05:40.123162
2026041604011261,RHPL,74,74,75,293.1,21982.5,KALASH STOCK MARKET PVT. LTD.,KALASH STOCK MARKET PVT. LTD.,2026-04-16 13:05:40.123231
2026041604011539,RHPL,16,56,150,293.0,43950.0,Primo Securities (PVT) Ltd.,Sri Hari Securities Pvt. Ltd.,2026-04-16 13:08:20.656098
2026041604011547,RHPL,16,58,180,293.0,52740.0,Primo Securities (PVT) Ltd.,Naasa Securities Co. Ltd.,2026-04-16 13:08:32.661732
2026041604011548,RHPL,48,58,20,293.0,5860.0,Trishakti Securities Public Limited,Naasa Securities Co. Ltd.,2026-04-16 13:08:32.662017
2026041604011591,RHPL,48,58,50,293.0,14650.0,Trishakti Securities Public Limited,Naasa Securities Co. Ltd.,2026-04-16 13:08:48.709506
2026041604011829,RHPL,48,8,20,293.0,5860.0,Trishakti Securities Public Limited,Brilliant Securities Pvt. Ltd.,2026-04-16 13:10:16.110736
2026041604012505,RHPL,52,57,119,293.1,34878.9,Sundhara Securities Limited,Aryatara Investment & Securities,2026-04-16 13:13:49.007036
2026041604013243,RHPL,48,41,80,293.0,23440.0,Trishakti Securities Public Limited,Linch Stock Market Ltd.,2026-04-16 13:17:02.243923
2026041604013543,RHPL,48,14,60,293.0,17580.0,Trishakti Securities Public Limited,Nepal Stock House (PVT) Ltd.,2026-04-16 13:18:45.572526
2026041604013544,RHPL,58,14,330,292.8,96624.0,Naasa Securities Co. Ltd.,Nepal Stock House (PVT) Ltd.,2026-04-16 13:18:45.572979
2026041604013545,RHPL,25,14,200,292.4,58480.0,Sweta Securities Private Limited,Nepal Stock House (PVT) Ltd.,2026-04-16 13:18:45.573177
2026041604013546,RHPL,3,14,200,292.3,58460.0,Arun Securities (PVT) Ltd.,Nepal Stock House (PVT) Ltd.,2026-04-16 13:18:45.573353
2026041604013547,RHPL,3,14,200,292.2,58440.0,Arun Securities (PVT) Ltd.,Nepal Stock House (PVT) Ltd.,2026-04-16 13:18:45.573528
2026041604013548,RHPL,74,14,167,292.2,48797.4,KALASH STOCK MARKET PVT. LTD.,Nepal Stock House (PVT) Ltd.,2026-04-16 13:18:45.573717
2026041604013549,RHPL,34,14,200,292.1,58420.0,Vision Securities Pvt. Ltd,Nepal Stock House (PVT) Ltd.,2026-04-16 13:18:45.573891
2026041604013550,RHPL,1,14,300,292.1,87630.0,Kumari Securities Private Limited,Nepal Stock House (PVT) Ltd.,2026-04-16 13:18:45.574067
2026041604013551,RHPL,13,14,10,292.0,2920.0,Thrive Brokerage House Pvt. Ltd,Nepal Stock House (PVT) Ltd.,2026-04-16 13:18:45.574262
2026041604013552,RHPL,41,14,100,292.0,29200.0,Linch Stock Market Ltd.,Nepal Stock House (PVT) Ltd.,2026-04-16 13:18:45.574452
2026041604013553,RHPL,50,14,50,292.0,14600.0,Cristal Kanchanjanga Securites Pvt. Ltd.,Nepal Stock House (PVT) Ltd.,2026-04-16 13:18:45.574612
2026041604013554,RHPL,11,14,30,292.0,8760.0,Malla & Malla Stock Broking Company Pvt. Limited,Nepal Stock House (PVT) Ltd.,2026-04-16 13:18:45.574794
2026041604013555,RHPL,58,14,50,292.0,14600.0,Naasa Securities Co. Ltd.,Nepal Stock House (PVT) Ltd.,2026-04-16 13:18:45.574957
2026041604013556,RHPL,1,14,30,292.0,8760.0,Kumari Securities Private Limited,Nepal Stock House (PVT) Ltd.,2026-04-16 13:18:45.575113
2026041604013642,RHPL,39,32,30,291.1,8733.0,Sumeru Securities Pvt. Ltd.,Premier Securities Company Ltd.,2026-04-16 13:19:01.812640
2026041604013643,RHPL,4,32,20,291.1,5822.0,Opal Securities Investment (PVT) Ltd.,Premier Securities Company Ltd.,2026-04-16 13:19:01.812886
2026041604013673,RHPL,4,14,940,291.1,273634.0,Opal Securities Investment (PVT) Ltd.,Nepal Stock House (PVT) Ltd.,2026-04-16 13:19:15.159645
2026041604013674,RHPL,32,14,65,291.0,18915.0,Premier Securities Company Ltd.,Nepal Stock House (PVT) Ltd.,2026-04-16 13:19:15.159777
2026041604013675,RHPL,58,14,200,291.0,58200.0,Naasa Securities Co. Ltd.,Nepal Stock House (PVT) Ltd.,2026-04-16 13:19:15.159837
2026041604013676,RHPL,1,14,20,291.0,5820.0,Kumari Securities Private Limited,Nepal Stock House (PVT) Ltd.,2026-04-16 13:19:15.159908
2026041604013677,RHPL,8,14,1000,290.0,290000.0,Brilliant Securities Pvt. Ltd.,Nepal Stock House (PVT) Ltd.,2026-04-16 13:19:15.159964
2026041604013678,RHPL,56,14,240,290.0,69600.0,Sri Hari Securities Pvt. Ltd.,Nepal Stock House (PVT) Ltd.,2026-04-16 13:19:15.160011
2026041604013679,RHPL,38,14,55,290.0,15950.0,Dipshikha Dhitopatra Karobar Co. Pvt Ltd.,Nepal Stock House (PVT) Ltd.,2026-04-16 13:19:15.160061
2026041604013680,RHPL,38,14,55,290.0,15950.0,Dipshikha Dhitopatra Karobar Co. Pvt Ltd.,Nepal Stock House (PVT) Ltd.,2026-04-16 13:19:15.160111
2026041604013681,RHPL,58,14,28,290.0,8120.0,Naasa Securities Co. Ltd.,Nepal Stock House (PVT) Ltd.,2026-04-16 13:19:15.160163
2026041604013682,RHPL,36,14,300,290.0,87000.0,Secured Securities Ltd.,Nepal Stock House (PVT) Ltd.,2026-04-16 13:19:15.160214
2026041604013683,RHPL,36,14,300,290.0,87000.0,Secured Securities Ltd.,Nepal Stock House (PVT) Ltd.,2026-04-16 13:19:15.160276
2026041604013684,RHPL,17,14,200,290.0,58000.0,ABC Securities Private Limited,Nepal Stock House (PVT) Ltd.,2026-04-16 13:19:15.160377
2026041604013685,RHPL,81,14,500,290.0,145000.0,Aakashbhairab Securities Ltd.,Nepal Stock House (PVT) Ltd.,2026-04-16 13:19:15.160425
2026041604013686,RHPL,54,14,50,290.0,14500.0,Sewa Securities Pvt. Ltd.,Nepal Stock House (PVT) Ltd.,2026-04-16 13:19:15.160470
2026041604013687,RHPL,14,14,2000,290.0,580000.0,Nepal Stock House (PVT) Ltd.,Nepal Stock House (PVT) Ltd.,2026-04-16 13:19:15.160533
2026041604013688,RHPL,14,14,1000,290.0,290000.0,Nepal Stock House (PVT) Ltd.,Nepal Stock House (PVT) Ltd.,2026-04-16 13:19:15.160596
2026041604013689,RHPL,58,14,25,290.0,7250.0,Naasa Securities Co. Ltd.,Nepal Stock House (PVT) Ltd.,2026-04-16 13:19:15.160644
2026041604013690,RHPL,42,14,100,290.0,29000.0,Sani Securities Company Ltd.,Nepal Stock House (PVT) Ltd.,2026-04-16 13:19:15.160689
2026041604013783,RHPL,29,14,10,290.0,2900.0,Trisul Securities & Invt. Ltd.,Nepal Stock House (PVT) Ltd.,2026-04-16 13:19:46.722783
2026041604013784,RHPL,51,35,100,289.7,28970.0,Oxford Securities Pvt. Ltd.,Kohinoor Investment & Securities Pvt. Ltd.,2026-04-16 13:19:46.955738
2026041604013785,RHPL,34,35,200,289.1,57820.0,Vision Securities Pvt. Ltd,Kohinoor Investment & Securities Pvt. Ltd.,2026-04-16 13:19:46.955860
2026041604013786,RHPL,1,35,100,289.1,28910.0,Kumari Securities Private Limited,Kohinoor Investment & Securities Pvt. Ltd.,2026-04-16 13:19:46.955919
2026041604013787,RHPL,47,35,200,289.1,57820.0,Neev Securities Pvt. Ltd.,Kohinoor Investment & Securities Pvt. Ltd.,2026-04-16 13:19:46.955976
2026041604013788,RHPL,4,35,400,289.0,115600.0,Opal Securities Investment (PVT) Ltd.,Kohinoor Investment & Securities Pvt. Ltd.,2026-04-16 13:19:46.956032
2026041604014539,RHPL,32,3,43,290.0,12470.0,Premier Securities Company Ltd.,Arun Securities (PVT) Ltd.,2026-04-16 13:23:32.556870
2026041604014574,RHPL,32,44,57,290.0,16530.0,Premier Securities Company Ltd.,Dynamic Money Managers Securities Pvt. Ltd.,2026-04-16 13:23:49.013569
2026041604014575,RHPL,29,44,10,289.1,2891.0,Trisul Securities & Invt. Ltd.,Dynamic Money Managers Securities Pvt. Ltd.,2026-04-16 13:23:49.013704
2026041604014576,RHPL,47,44,200,289.1,57820.0,Neev Securities Pvt. Ltd.,Dynamic Money Managers Securities Pvt. Ltd.,2026-04-16 13:23:49.013756
2026041604014577,RHPL,36,44,50,289.1,14455.0,Secured Securities Ltd.,Dynamic Money Managers Securities Pvt. Ltd.,2026-04-16 13:23:49.013806
2026041604014578,RHPL,3,44,183,289.1,52905.3,Arun Securities (PVT) Ltd.,Dynamic Money Managers Securities Pvt. Ltd.,2026-04-16 13:23:49.013884
2026041604015021,RHPL,1,49,10,289.3,2893.0,Kumari Securities Private Limited,Online Securities Pvt. Ltd.,2026-04-16 13:26:53.074485
2026041604015411,RHPL,19,14,30,289.4,8682.0,Nepal Investment And Securities Trading Private Limited,Nepal Stock House (PVT) Ltd.,2026-04-16 13:30:57.432099
2026041604015412,RHPL,1,14,290,289.3,83897.0,Kumari Securities Private Limited,Nepal Stock House (PVT) Ltd.,2026-04-16 13:30:57.432495
2026041604015413,RHPL,71,14,80,289.3,23144.0,SHUBHAKAMANA SECURITIES PVT. LTD,Nepal Stock House (PVT) Ltd.,2026-04-16 13:30:57.432761
2026041604015414,RHPL,57,14,585,289.2,169182.0,Aryatara Investment & Securities,Nepal Stock House (PVT) Ltd.,2026-04-16 13:30:57.432996
2026041604016550,RHPL,6,58,140,289.2,40488.0,Agrawal Securities (PVT) Ltd.,Naasa Securities Co. Ltd.,2026-04-16 13:38:10.716960
2026041604016568,RHPL,6,58,10,289.2,2892.0,Agrawal Securities (PVT) Ltd.,Naasa Securities Co. Ltd.,2026-04-16 13:38:15.729465
2026041604016812,RHPL,6,58,50,289.2,14460.0,Agrawal Securities (PVT) Ltd.,Naasa Securities Co. Ltd.,2026-04-16 13:39:38.981687
2026041604016813,RHPL,21,58,24,289.2,6940.8,Midas Stock Broking Company Private Limited,Naasa Securities Co. Ltd.,2026-04-16 13:39:38.981836
2026041604016884,RHPL,29,58,30,289.2,8676.0,Trisul Securities & Invt. Ltd.,Naasa Securities Co. Ltd.,2026-04-16 13:40:09.023150
2026041604016931,RHPL,48,58,196,289.2,56683.2,Trishakti Securities Public Limited,Naasa Securities Co. Ltd.,2026-04-16 13:40:32.087476
2026041604016986,RHPL,3,3,17,289.1,4914.7,Arun Securities (PVT) Ltd.,Arun Securities (PVT) Ltd.,2026-04-16 13:41:08.343189
2026041604016987,RHPL,45,3,63,289.1,18213.3,Imperial Securities Company Pvt. Ltd.,Arun Securities (PVT) Ltd.,2026-04-16 13:41:08.343517
2026041604017365,RHPL,45,22,50,289.3,14465.0,Imperial Securities Company Pvt. Ltd.,Siprabi Securities Pvt. Ltd.,2026-04-16 13:43:47.624287
2026041604017383,RHPL,45,74,16,289.3,4628.8,Imperial Securities Company Pvt. Ltd.,KALASH STOCK MARKET PVT. LTD.,2026-04-16 13:44:00.130690
2026041604017384,RHPL,57,74,34,289.3,9836.2,Aryatara Investment & Securities,KALASH STOCK MARKET PVT. LTD.,2026-04-16 13:44:00.130845
2026041604017589,RHPL,72,58,500,291.0,145500.0,Hatemalo Financial Services Private Limited,Naasa Securities Co. Ltd.,2026-04-16 13:45:53.710772
2026041604017614,RHPL,59,58,40,291.0,11640.0,Deevyaa Securities & Stock House Pvt. Ltd,Naasa Securities Co. Ltd.,2026-04-16 13:46:25.207869
2026041604017615,RHPL,59,25,275,291.0,80025.0,Deevyaa Securities & Stock House Pvt. Ltd,Sweta Securities Private Limited,2026-04-16 13:46:25.208020
2026041604017701,RHPL,59,25,220,291.0,64020.0,Deevyaa Securities & Stock House Pvt. Ltd,Sweta Securities Private Limited,2026-04-16 13:47:30.703776
2026041604018218,RHPL,48,34,10,291.0,2910.0,Trishakti Securities Public Limited,Vision Securities Pvt. Ltd,2026-04-16 13:53:38.318842
2026041604018219,RHPL,48,49,10,292.0,2920.0,Trishakti Securities Public Limited,Online Securities Pvt. Ltd.,2026-04-16 13:53:38.318916
2026041604018375,RHPL,50,49,60,292.0,17520.0,Cristal Kanchanjanga Securites Pvt. Ltd.,Online Securities Pvt. Ltd.,2026-04-16 13:56:06.395237
2026041604018455,RHPL,62,74,50,290.3,14515.0,Capital Max Securities Ltd,KALASH STOCK MARKET PVT. LTD.,2026-04-16 13:57:30.794114
2026041604019004,RHPL,19,58,20,290.3,5806.0,Nepal Investment And Securities Trading Private Limited,Naasa Securities Co. Ltd.,2026-04-16 14:03:15.547161
2026041604019005,RHPL,16,58,30,290.2,8706.0,Primo Securities (PVT) Ltd.,Naasa Securities Co. Ltd.,2026-04-16 14:03:15.547371
2026041604019164,RHPL,16,11,24,290.2,6964.8,Primo Securities (PVT) Ltd.,Malla & Malla Stock Broking Company Pvt. Limited,2026-04-16 14:05:05.235288
2026041604019523,RHPL,13,74,10,292.9,2929.0,Thrive Brokerage House Pvt. Ltd,KALASH STOCK MARKET PVT. LTD.,2026-04-16 14:08:38.556855
2026041604019956,RHPL,19,7,30,292.0,8760.0,Nepal Investment And Securities Trading Private Limited,J.F. Securites (PVT) Ltd.,2026-04-16 14:13:20.503380
2026041604019957,RHPL,19,74,20,292.9,5858.0,Nepal Investment And Securities Trading Private Limited,KALASH STOCK MARKET PVT. LTD.,2026-04-16 14:13:20.503549
2026041604020340,RHPL,45,19,20,291.0,5820.0,Imperial Securities Company Pvt. Ltd.,Nepal Investment And Securities Trading Private Limited,2026-04-16 14:19:47.283045
2026041604020379,RHPL,13,74,10,292.9,2929.0,Thrive Brokerage House Pvt. Ltd,KALASH STOCK MARKET PVT. LTD.,2026-04-16 14:20:18.888065
2026041604020682,RHPL,45,13,30,291.0,8730.0,Imperial Securities Company Pvt. Ltd.,Thrive Brokerage House Pvt. Ltd,2026-04-16 14:23:59.865065
2026041604020683,RHPL,49,13,40,291.0,11640.0,Online Securities Pvt. Ltd.,Thrive Brokerage House Pvt. Ltd,2026-04-16 14:23:59.865250
2026041604021365,RHPL,41,28,24,291.2,6988.8,Linch Stock Market Ltd.,Shree Krishna Securities Ltd.,2026-04-16 14:32:10.449162
2026041604021366,RHPL,21,28,200,291.1,58220.0,Midas Stock Broking Company Private Limited,Shree Krishna Securities Ltd.,2026-04-16 14:32:10.449382
2026041604021367,RHPL,56,28,776,291.1,225893.6,Sri Hari Securities Pvt. Ltd.,Shree Krishna Securities Ltd.,2026-04-16 14:32:10.449461
2026041604021431,RHPL,58,28,20,292.0,5840.0,Naasa Securities Co. Ltd.,Shree Krishna Securities Ltd.,2026-04-16 14:32:41.849337
2026041604021468,RHPL,17,28,10,292.0,2920.0,ABC Securities Private Limited,Shree Krishna Securities Ltd.,2026-04-16 14:33:07.291812
2026041604021482,RHPL,34,32,40,292.5,11700.0,Vision Securities Pvt. Ltd,Premier Securities Company Ltd.,2026-04-16 14:33:17.390187
2026041604021483,RHPL,34,58,40,292.8,11712.0,Vision Securities Pvt. Ltd,Naasa Securities Co. Ltd.,2026-04-16 14:33:17.390393
2026041604021484,RHPL,34,1,200,292.8,58560.0,Vision Securities Pvt. Ltd,Kumari Securities Private Limited,2026-04-16 14:33:17.390459
2026041604021485,RHPL,34,74,120,292.9,35148.0,Vision Securities Pvt. Ltd,KALASH STOCK MARKET PVT. LTD.,2026-04-16 14:33:17.390523
2026041604021505,RHPL,17,28,180,292.0,52560.0,ABC Securities Private Limited,Shree Krishna Securities Ltd.,2026-04-16 14:33:31.174419
2026041604021556,RHPL,74,25,5,291.0,1455.0,KALASH STOCK MARKET PVT. LTD.,Sweta Securities Private Limited,2026-04-16 14:33:59.262662
2026041604022434,RHPL,49,38,290,292.7,84883.0,Online Securities Pvt. Ltd.,Dipshikha Dhitopatra Karobar Co. Pvt Ltd.,2026-04-16 14:40:34.243495
2026041604022876,RHPL,42,74,40,292.4,11696.0,Sani Securities Company Ltd.,KALASH STOCK MARKET PVT. LTD.,2026-04-16 14:44:34.513101
2026041604022877,RHPL,42,57,117,292.5,34222.5,Sani Securities Company Ltd.,Aryatara Investment & Securities,2026-04-16 14:44:34.513439
2026041604022909,RHPL,52,38,30,292.1,8763.0,Sundhara Securities Limited,Dipshikha Dhitopatra Karobar Co. Pvt Ltd.,2026-04-16 14:44:51.524151
2026041604023209,RHPL,52,6,52,292.1,15189.2,Sundhara Securities Limited,Agrawal Securities (PVT) Ltd.,2026-04-16 14:46:34.799736
2026041604023679,RHPL,34,58,50,292.0,14600.0,Vision Securities Pvt. Ltd,Naasa Securities Co. Ltd.,2026-04-16 14:49:05.131359
2026041604023720,RHPL,56,14,224,291.1,65206.4,Sri Hari Securities Pvt. Ltd.,Nepal Stock House (PVT) Ltd.,2026-04-16 14:49:15.575127
2026041604023721,RHPL,49,14,776,291.0,225816.0,Online Securities Pvt. Ltd.,Nepal Stock House (PVT) Ltd.,2026-04-16 14:49:15.575498
2026041604023867,RHPL,49,53,184,291.0,53544.0,Online Securities Pvt. Ltd.,Investment Management Nepal Pvt. Ltd.,2026-04-16 14:50:05.230831
2026041604023868,RHPL,16,53,266,291.0,77406.0,Primo Securities (PVT) Ltd.,Investment Management Nepal Pvt. Ltd.,2026-04-16 14:50:05.231020
2026041604024410,RHPL,38,53,10,291.9,2919.0,Dipshikha Dhitopatra Karobar Co. Pvt Ltd.,Investment Management Nepal Pvt. Ltd.,2026-04-16 14:52:46.436674
2026041604024860,RHPL,36,53,40,291.9,11676.0,Secured Securities Ltd.,Investment Management Nepal Pvt. Ltd.,2026-04-16 14:55:20.879540
2026041604024861,RHPL,36,57,31,292.0,9052.0,Secured Securities Ltd.,Aryatara Investment & Securities,2026-04-16 14:55:20.879867
2026041604024942,RHPL,36,13,1000,292.0,292000.0,Secured Securities Ltd.,Thrive Brokerage House Pvt. Ltd,2026-04-16 14:55:40.084010
2026041604024959,RHPL,36,94,249,292.0,72708.0,Secured Securities Ltd.,K.B.L. Securities Limited ,2026-04-16 14:55:46.638687
2026041604024960,RHPL,13,94,10,292.0,2920.0,Thrive Brokerage House Pvt. Ltd,K.B.L. Securities Limited ,2026-04-16 14:55:46.961559
2026041604025075,RHPL,25,26,50,291.8,14590.0,Sweta Securities Private Limited,Asian Securities Private Ltd.,2026-04-16 14:56:23.363341
2026041604025154,RHPL,45,94,50,291.7,14585.0,Imperial Securities Company Pvt. Ltd.,K.B.L. Securities Limited ,2026-04-16 14:56:42.032190
2026041604025155,RHPL,58,94,19,291.5,5538.5,Naasa Securities Co. Ltd.,K.B.L. Securities Limited ,2026-04-16 14:56:42.032549
2026041604025156,RHPL,42,94,100,291.0,29100.0,Sani Securities Company Ltd.,K.B.L. Securities Limited ,2026-04-16 14:56:42.032752
2026041604025157,RHPL,50,94,1300,291.0,378300.0,Cristal Kanchanjanga Securites Pvt. Ltd.,K.B.L. Securities Limited ,2026-04-16 14:56:42.032933
2026041604025158,RHPL,32,94,200,291.0,58200.0,Premier Securities Company Ltd.,K.B.L. Securities Limited ,2026-04-16 14:56:42.033133
2026041604025159,RHPL,47,94,72,291.0,20952.0,Neev Securities Pvt. Ltd.,K.B.L. Securities Limited ,2026-04-16 14:56:42.033334
2026041604025511,RHPL,47,36,100,291.0,29100.0,Neev Securities Pvt. Ltd.,Secured Securities Ltd.,2026-04-16 14:57:48.409846
2026041604025648,RHPL,47,32,100,291.0,29100.0,Neev Securities Pvt. Ltd.,Premier Securities Company Ltd.,2026-04-16 14:58:17.503936
2026041604025757,RHPL,34,45,8,293.0,2344.0,Vision Securities Pvt. Ltd,Imperial Securities Company Pvt. Ltd.,2026-04-16 14:58:34.767378
2026041604025800,RHPL,54,26,70,291.8,20426.0,Sewa Securities Pvt. Ltd.,Asian Securities Private Ltd.,2026-04-16 14:58:41.951263
2026041604025801,RHPL,54,26,100,292.0,29200.0,Sewa Securities Pvt. Ltd.,Asian Securities Private Ltd.,2026-04-16 14:58:41.951582
2026041604026742,RHPL,13,38,10,292.7,2927.0,Thrive Brokerage House Pvt. Ltd,Dipshikha Dhitopatra Karobar Co. Pvt Ltd.,2026-04-16 14:59:58.432946
