contractId,stockSymbol,buyerMemberId,sellerMemberId,quantity,rate,amount,businessDate,tradeBookId,stockId,buyerBrokerName,sellerBrokerName,transaction_time,securityName
2026041601006740,SBI,42,45,10,411.0,4110.0,2026-04-16,186556394,135,Sani Securities Company Ltd.,Imperial Securities Company Pvt. Ltd.,2026-04-16 11:22:59.892131,Nepal SBI Bank Limited
2026041601010035,SBI,17,14,10,406.0,4060.0,2026-04-16,186570701,135,ABC Securities Private Limited,Nepal Stock House (PVT) Ltd.,2026-04-16 11:36:31.266912,Nepal SBI Bank Limited
2026041601011081,SBI,17,13,14,406.0,5684.0,2026-04-16,186574930,135,ABC Securities Private Limited,Thrive Brokerage House Pvt. Ltd,2026-04-16 11:40:49.794253,Nepal SBI Bank Limited
2026041601013335,SBI,58,29,10,406.0,4060.0,2026-04-16,186583481,135,Naasa Securities Co. Ltd.,Trisul Securities & Invt. Ltd.,2026-04-16 11:49:30.052440,Nepal SBI Bank Limited
2026041601014824,SBI,96,41,25,405.1,10127.5,2026-04-16,186589473,135,Himalayan Securities Limited,Linch Stock Market Ltd.,2026-04-16 11:55:50.125804,Nepal SBI Bank Limited
2026041601015023,SBI,6,13,20,402.1,8042.0,2026-04-16,186590351,135,Agrawal Securities (PVT) Ltd.,Thrive Brokerage House Pvt. Ltd,2026-04-16 11:56:53.391006,Nepal SBI Bank Limited
2026041601015610,SBI,4,5,19558,409.8,8014868.4,2026-04-16,186592632,135,Opal Securities Investment (PVT) Ltd.,Market Securities & Exchange (PVT) Ltd.,2026-04-16 11:59:23.878220,Nepal SBI Bank Limited
2026041601019823,SBI,42,71,1000,404.0,404000.0,2026-04-16,186610766,135,Sani Securities Company Ltd.,SHUBHAKAMANA SECURITIES PVT. LTD,2026-04-16 12:23:27.675058,Nepal SBI Bank Limited
2026041601019824,SBI,1,71,100,403.3,40330.0,2026-04-16,186610767,135,Kumari Securities Private Limited,SHUBHAKAMANA SECURITIES PVT. LTD,2026-04-16 12:23:27.675179,Nepal SBI Bank Limited
2026041601020925,SBI,91,54,10,408.9,4089.0,2026-04-16,186615730,135,Citizens Share Broker Limited,Sewa Securities Pvt. Ltd.,2026-04-16 12:29:52.229311,Nepal SBI Bank Limited
2026041601022668,SBI,1,62,41,404.1,16568.1,2026-04-16,186622895,135,Kumari Securities Private Limited,Capital Max Securities Ltd,2026-04-16 12:40:59.445163,Nepal SBI Bank Limited
2026041601022744,SBI,1,36,99,404.1,40005.9,2026-04-16,186623105,135,Kumari Securities Private Limited,Secured Securities Ltd.,2026-04-16 12:41:17.028695,Nepal SBI Bank Limited
2026041601023396,SBI,45,33,100,404.1,40410.0,2026-04-16,186625573,135,Imperial Securities Company Pvt. Ltd.,Dakshinkali Investment & Securities Pvt. Ltd.,2026-04-16 12:44:38.246573,Nepal SBI Bank Limited
2026041601026924,SBI,11,52,10,404.2,4042.0,2026-04-16,186639124,135,Malla & Malla Stock Broking Company Pvt. Limited,Sundhara Securities Limited,2026-04-16 13:06:04.398667,Nepal SBI Bank Limited
2026041601026925,SBI,45,52,200,404.1,80820.0,2026-04-16,186639126,135,Imperial Securities Company Pvt. Ltd.,Sundhara Securities Limited,2026-04-16 13:06:04.398962,Nepal SBI Bank Limited
2026041601026926,SBI,64,52,582,404.0,235128.0,2026-04-16,186639127,135,SUN SECURITIES PVT LTD,Sundhara Securities Limited,2026-04-16 13:06:04.399154,Nepal SBI Bank Limited
2026041601027946,SBI,64,38,300,404.0,121200.0,2026-04-16,186644579,135,SUN SECURITIES PVT LTD,Dipshikha Dhitopatra Karobar Co. Pvt Ltd.,2026-04-16 13:11:23.168387,Nepal SBI Bank Limited
2026041601029970,SBI,64,5,500,404.0,202000.0,2026-04-16,186658025,135,SUN SECURITIES PVT LTD,Market Securities & Exchange (PVT) Ltd.,2026-04-16 13:22:09.756821,Nepal SBI Bank Limited
2026041601031455,SBI,64,49,11,404.0,4444.0,2026-04-16,186665905,135,SUN SECURITIES PVT LTD,Online Securities Pvt. Ltd.,2026-04-16 13:30:24.850341,Nepal SBI Bank Limited
2026041601032196,SBI,64,29,15,404.0,6060.0,2026-04-16,186668903,135,SUN SECURITIES PVT LTD,Trisul Securities & Invt. Ltd.,2026-04-16 13:33:15.203811,Nepal SBI Bank Limited
2026041601034231,SBI,19,36,101,405.0,40905.0,2026-04-16,186680279,135,Nepal Investment And Securities Trading Private Limited,Secured Securities Ltd.,2026-04-16 13:44:44.362444,Nepal SBI Bank Limited
2026041601035107,SBI,19,53,899,405.0,364095.0,2026-04-16,186684542,135,Nepal Investment And Securities Trading Private Limited,Investment Management Nepal Pvt. Ltd.,2026-04-16 13:51:00.207136,Nepal SBI Bank Limited
2026041601035108,SBI,42,53,40,405.0,16200.0,2026-04-16,186684544,135,Sani Securities Company Ltd.,Investment Management Nepal Pvt. Ltd.,2026-04-16 13:51:00.207401,Nepal SBI Bank Limited
2026041601037069,SBI,13,58,120,404.1,48492.0,2026-04-16,186694129,135,Thrive Brokerage House Pvt. Ltd,Naasa Securities Co. Ltd.,2026-04-16 14:05:29.395039,Nepal SBI Bank Limited
2026041601037070,SBI,64,58,380,404.0,153520.0,2026-04-16,186694130,135,SUN SECURITIES PVT LTD,Naasa Securities Co. Ltd.,2026-04-16 14:05:29.395322,Nepal SBI Bank Limited
2026041601037415,SBI,64,44,317,404.0,128068.0,2026-04-16,186695921,135,SUN SECURITIES PVT LTD,Dynamic Money Managers Securities Pvt. Ltd.,2026-04-16 14:07:56.169897,Nepal SBI Bank Limited
2026041601038157,SBI,64,19,200,404.0,80800.0,2026-04-16,186699485,135,SUN SECURITIES PVT LTD,Nepal Investment And Securities Trading Private Limited,2026-04-16 14:13:06.599889,Nepal SBI Bank Limited
2026041601038968,SBI,64,71,150,404.0,60600.0,2026-04-16,186703095,135,SUN SECURITIES PVT LTD,SHUBHAKAMANA SECURITIES PVT. LTD,2026-04-16 14:19:14.980663,Nepal SBI Bank Limited
2026041601039360,SBI,64,20,32,404.0,12928.0,2026-04-16,186704867,135,SUN SECURITIES PVT LTD,Sipla Securities Private Limited,2026-04-16 14:22:01.247206,Nepal SBI Bank Limited
2026041601039927,SBI,34,11,10,404.5,4045.0,2026-04-16,186707314,135,Vision Securities Pvt. Ltd,Malla & Malla Stock Broking Company Pvt. Limited,2026-04-16 14:25:51.284826,Nepal SBI Bank Limited
2026041601039928,SBI,36,11,73,404.2,29506.6,2026-04-16,186707316,135,Secured Securities Ltd.,Malla & Malla Stock Broking Company Pvt. Limited,2026-04-16 14:25:51.284964,Nepal SBI Bank Limited
2026041601039929,SBI,65,11,117,404.1,47279.7,2026-04-16,186707317,135,Sharepro Securities Private Limited,Malla & Malla Stock Broking Company Pvt. Limited,2026-04-16 14:25:51.285019,Nepal SBI Bank Limited
2026041601040867,SBI,34,38,10,404.2,4042.0,2026-04-16,186710610,135,Vision Securities Pvt. Ltd,Dipshikha Dhitopatra Karobar Co. Pvt Ltd.,2026-04-16 14:28:53.645061,Nepal SBI Bank Limited
2026041601040868,SBI,65,38,40,404.1,16164.0,2026-04-16,186710611,135,Sharepro Securities Private Limited,Dipshikha Dhitopatra Karobar Co. Pvt Ltd.,2026-04-16 14:28:53.645251,Nepal SBI Bank Limited
2026041601041920,SBI,42,47,10,404.7,4047.0,2026-04-16,186713672,135,Sani Securities Company Ltd.,Neev Securities Pvt. Ltd.,2026-04-16 14:31:25.136705,Nepal SBI Bank Limited
2026041601041937,SBI,42,7,91,404.8,36836.8,2026-04-16,186713738,135,Sani Securities Company Ltd.,J.F. Securites (PVT) Ltd.,2026-04-16 14:31:30.891422,Nepal SBI Bank Limited
2026041601041981,SBI,42,44,10,405.0,4050.0,2026-04-16,186713864,135,Sani Securities Company Ltd.,Dynamic Money Managers Securities Pvt. Ltd.,2026-04-16 14:31:35.941285,Nepal SBI Bank Limited
2026041601042214,SBI,42,19,13,406.0,5278.0,2026-04-16,186714638,135,Sani Securities Company Ltd.,Nepal Investment And Securities Trading Private Limited,2026-04-16 14:32:16.967652,Nepal SBI Bank Limited
2026041601042810,SBI,42,19,195,406.0,79170.0,2026-04-16,186717250,135,Sani Securities Company Ltd.,Nepal Investment And Securities Trading Private Limited,2026-04-16 14:35:13.444522,Nepal SBI Bank Limited
2026041601042819,SBI,42,53,12,407.5,4890.0,2026-04-16,186717302,135,Sani Securities Company Ltd.,Investment Management Nepal Pvt. Ltd.,2026-04-16 14:35:20.953242,Nepal SBI Bank Limited
2026041601043927,SBI,68,34,99,404.4,40035.6,2026-04-16,186723089,135,Elite Stock House Limited,Vision Securities Pvt. Ltd,2026-04-16 14:41:30.963733,Nepal SBI Bank Limited
2026041601045101,SBI,47,48,2,400.0,800.0,2026-04-16,186728743,135,Neev Securities Pvt. Ltd.,Trishakti Securities Public Limited,2026-04-16 14:46:37.198980,Nepal SBI Bank Limited
2026041601045148,SBI,47,64,1,400.0,400.0,2026-04-16,186729059,135,Neev Securities Pvt. Ltd.,SUN SECURITIES PVT LTD,2026-04-16 14:46:54.486989,Nepal SBI Bank Limited
2026041601045223,SBI,47,19,2,400.9,801.8,2026-04-16,186729599,135,Neev Securities Pvt. Ltd.,Nepal Investment And Securities Trading Private Limited,2026-04-16 14:47:16.253697,Nepal SBI Bank Limited
2026041601045499,SBI,68,71,200,404.4,80880.0,2026-04-16,186731179,135,Elite Stock House Limited,SHUBHAKAMANA SECURITIES PVT. LTD,2026-04-16 14:48:36.109134,Nepal SBI Bank Limited
2026041601047456,SBI,42,58,10,406.0,4060.0,2026-04-16,186739674,135,Sani Securities Company Ltd.,Naasa Securities Co. Ltd.,2026-04-16 14:54:27.120829,Nepal SBI Bank Limited
2026041601047525,SBI,42,58,40,406.0,16240.0,2026-04-16,186740034,135,Sani Securities Company Ltd.,Naasa Securities Co. Ltd.,2026-04-16 14:54:39.747336,Nepal SBI Bank Limited
2026041601047538,SBI,68,71,200,404.4,80880.0,2026-04-16,186740109,135,Elite Stock House Limited,SHUBHAKAMANA SECURITIES PVT. LTD,2026-04-16 14:54:43.570998,Nepal SBI Bank Limited
2026041601047539,SBI,42,54,10,407.0,4070.0,2026-04-16,186740120,135,Sani Securities Company Ltd.,Sewa Securities Pvt. Ltd.,2026-04-16 14:54:44.653612,Nepal SBI Bank Limited
2026041601048037,SBI,42,16,11,407.3,4480.3,2026-04-16,186742992,135,Sani Securities Company Ltd.,Primo Securities (PVT) Ltd.,2026-04-16 14:56:35.096453,Nepal SBI Bank Limited
2026041601048369,SBI,7,71,10,404.4,4044.0,2026-04-16,186744990,135,J.F. Securites (PVT) Ltd.,SHUBHAKAMANA SECURITIES PVT. LTD,2026-04-16 14:57:32.903814,Nepal SBI Bank Limited
2026041601048370,SBI,29,71,50,404.3,20215.0,2026-04-16,186744992,135,Trisul Securities & Invt. Ltd.,SHUBHAKAMANA SECURITIES PVT. LTD,2026-04-16 14:57:32.904136,Nepal SBI Bank Limited
2026041601048578,SBI,65,59,2000,404.1,808200.0,2026-04-16,186746217,135,Sharepro Securities Private Limited,Deevyaa Securities & Stock House Pvt. Ltd,2026-04-16 14:58:09.575260,Nepal SBI Bank Limited
2026041601049196,SBI,7,71,10,404.3,4043.0,2026-04-16,186750138,135,J.F. Securites (PVT) Ltd.,SHUBHAKAMANA SECURITIES PVT. LTD,2026-04-16 14:59:19.896465,Nepal SBI Bank Limited
2026041601049999,SBI,42,71,430,404.3,173849.0,2026-04-16,186753776,135,Sani Securities Company Ltd.,SHUBHAKAMANA SECURITIES PVT. LTD,2026-04-16 14:59:55.860101,Nepal SBI Bank Limited
2026041601050000,SBI,42,85,20,407.4,8148.0,2026-04-16,186753779,135,Sani Securities Company Ltd.,Capital Hub P. Ltd,2026-04-16 14:59:55.860136,Nepal SBI Bank Limited
