contractId,stockSymbol,buyerMemberId,sellerMemberId,quantity,rate,amount,businessDate,tradeBookId,stockId,buyerBrokerName,sellerBrokerName,transaction_time,securityName
2026041604001109,SHPC,90,1,200,532.0,106400.0,2026-04-16,186542338,591,Sajilo Broker Limited,Kumari Securities Private Limited,2026-04-16 11:10:03.976897,Sanima Mai Hydropower Ltd.
2026041604001404,SHPC,85,1,100,532.0,53200.0,2026-04-16,186545636,591,Capital Hub P. Ltd,Kumari Securities Private Limited,2026-04-16 11:12:26.373449,Sanima Mai Hydropower Ltd.
2026041604001406,SHPC,90,20,200,531.0,106200.0,2026-04-16,186545668,591,Sajilo Broker Limited,Sipla Securities Private Limited,2026-04-16 11:12:29.231752,Sanima Mai Hydropower Ltd.
2026041604001407,SHPC,3,20,300,530.0,159000.0,2026-04-16,186545669,591,Arun Securities (PVT) Ltd.,Sipla Securities Private Limited,2026-04-16 11:12:29.231832,Sanima Mai Hydropower Ltd.
2026041604001658,SHPC,7,66,30,531.5,15945.0,2026-04-16,186548310,591,J.F. Securites (PVT) Ltd.,Miyo Securities Pvt Ltd,2026-04-16 11:14:46.445921,Sanima Mai Hydropower Ltd.
2026041604001659,SHPC,74,66,100,531.5,53150.0,2026-04-16,186548311,591,KALASH STOCK MARKET PVT. LTD.,Miyo Securities Pvt Ltd,2026-04-16 11:14:46.446052,Sanima Mai Hydropower Ltd.
2026041604001861,SHPC,58,46,20,531.0,10620.0,2026-04-16,186550560,591,Naasa Securities Co. Ltd.,Kalika Securities Pvt. Ltd.,2026-04-16 11:16:48.345278,Sanima Mai Hydropower Ltd.
2026041604001950,SHPC,74,58,32,530.1,16963.2,2026-04-16,186551277,591,KALASH STOCK MARKET PVT. LTD.,Naasa Securities Co. Ltd.,2026-04-16 11:17:31.525492,Sanima Mai Hydropower Ltd.
2026041604002130,SHPC,39,46,30,531.0,15930.0,2026-04-16,186552865,591,Sumeru Securities Pvt. Ltd.,Kalika Securities Pvt. Ltd.,2026-04-16 11:19:08.743649,Sanima Mai Hydropower Ltd.
2026041604002131,SHPC,39,52,170,531.0,90270.0,2026-04-16,186552868,591,Sumeru Securities Pvt. Ltd.,Sundhara Securities Limited,2026-04-16 11:19:08.743731,Sanima Mai Hydropower Ltd.
2026041604002228,SHPC,19,52,20,531.0,10620.0,2026-04-16,186553972,591,Nepal Investment And Securities Trading Private Limited,Sundhara Securities Limited,2026-04-16 11:20:22.185900,Sanima Mai Hydropower Ltd.
2026041604002260,SHPC,83,6,50,530.2,26510.0,2026-04-16,186554184,591,Sanima Securities Limited,Agrawal Securities (PVT) Ltd.,2026-04-16 11:20:40.032386,Sanima Mai Hydropower Ltd.
2026041604002261,SHPC,74,6,68,530.1,36046.8,2026-04-16,186554186,591,KALASH STOCK MARKET PVT. LTD.,Agrawal Securities (PVT) Ltd.,2026-04-16 11:20:40.032477,Sanima Mai Hydropower Ltd.
2026041604002262,SHPC,3,6,200,530.0,106000.0,2026-04-16,186554188,591,Arun Securities (PVT) Ltd.,Agrawal Securities (PVT) Ltd.,2026-04-16 11:20:40.032501,Sanima Mai Hydropower Ltd.
2026041604002263,SHPC,75,6,200,530.0,106000.0,2026-04-16,186554190,591,N.I.M.B. Stock Markets Limited,Agrawal Securities (PVT) Ltd.,2026-04-16 11:20:40.032523,Sanima Mai Hydropower Ltd.
2026041604002264,SHPC,33,6,82,529.0,43378.0,2026-04-16,186554191,591,Dakshinkali Investment & Securities Pvt. Ltd.,Agrawal Securities (PVT) Ltd.,2026-04-16 11:20:40.032542,Sanima Mai Hydropower Ltd.
2026041604002625,SHPC,97,52,310,531.0,164610.0,2026-04-16,186556944,591,R.B.B. Securities Company Ltd,Sundhara Securities Limited,2026-04-16 11:23:42.508593,Sanima Mai Hydropower Ltd.
2026041604004605,SHPC,74,26,100,529.2,52920.0,2026-04-16,186572591,591,KALASH STOCK MARKET PVT. LTD.,Asian Securities Private Ltd.,2026-04-16 11:38:27.699689,Sanima Mai Hydropower Ltd.
2026041604004676,SHPC,58,41,50,529.2,26460.0,2026-04-16,186573349,591,Naasa Securities Co. Ltd.,Linch Stock Market Ltd.,2026-04-16 11:39:14.781986,Sanima Mai Hydropower Ltd.
2026041604004970,SHPC,58,29,50,529.2,26460.0,2026-04-16,186576778,591,Naasa Securities Co. Ltd.,Trisul Securities & Invt. Ltd.,2026-04-16 11:42:20.552561,Sanima Mai Hydropower Ltd.
2026041604004971,SHPC,34,29,200,529.2,105840.0,2026-04-16,186576780,591,Vision Securities Pvt. Ltd,Trisul Securities & Invt. Ltd.,2026-04-16 11:42:20.552640,Sanima Mai Hydropower Ltd.
2026041604004972,SHPC,58,29,40,529.2,21168.0,2026-04-16,186576782,591,Naasa Securities Co. Ltd.,Trisul Securities & Invt. Ltd.,2026-04-16 11:42:20.552669,Sanima Mai Hydropower Ltd.
2026041604004973,SHPC,42,29,20,529.1,10582.0,2026-04-16,186576784,591,Sani Securities Company Ltd.,Trisul Securities & Invt. Ltd.,2026-04-16 11:42:20.552694,Sanima Mai Hydropower Ltd.
2026041604004974,SHPC,33,29,293,529.0,154997.0,2026-04-16,186576786,591,Dakshinkali Investment & Securities Pvt. Ltd.,Trisul Securities & Invt. Ltd.,2026-04-16 11:42:20.552721,Sanima Mai Hydropower Ltd.
2026041604004975,SHPC,58,29,10,529.0,5290.0,2026-04-16,186576788,591,Naasa Securities Co. Ltd.,Trisul Securities & Invt. Ltd.,2026-04-16 11:42:20.552747,Sanima Mai Hydropower Ltd.
2026041604004976,SHPC,41,29,30,529.0,15870.0,2026-04-16,186576790,591,Linch Stock Market Ltd.,Trisul Securities & Invt. Ltd.,2026-04-16 11:42:20.552771,Sanima Mai Hydropower Ltd.
2026041604004977,SHPC,22,29,100,528.5,52850.0,2026-04-16,186576792,591,Siprabi Securities Pvt. Ltd.,Trisul Securities & Invt. Ltd.,2026-04-16 11:42:20.552795,Sanima Mai Hydropower Ltd.
2026041604004978,SHPC,58,29,200,528.2,105640.0,2026-04-16,186576794,591,Naasa Securities Co. Ltd.,Trisul Securities & Invt. Ltd.,2026-04-16 11:42:20.552822,Sanima Mai Hydropower Ltd.
2026041604004979,SHPC,4,29,50,528.0,26400.0,2026-04-16,186576796,591,Opal Securities Investment (PVT) Ltd.,Trisul Securities & Invt. Ltd.,2026-04-16 11:42:20.552868,Sanima Mai Hydropower Ltd.
2026041604004981,SHPC,97,38,200,530.0,106000.0,2026-04-16,186576804,591,R.B.B. Securities Company Ltd,Dipshikha Dhitopatra Karobar Co. Pvt Ltd.,2026-04-16 11:42:21.303468,Sanima Mai Hydropower Ltd.
2026041604005105,SHPC,90,52,100,528.0,52800.0,2026-04-16,186577892,591,Sajilo Broker Limited,Sundhara Securities Limited,2026-04-16 11:43:17.064061,Sanima Mai Hydropower Ltd.
2026041604005106,SHPC,100,52,900,528.0,475200.0,2026-04-16,186577893,591,Sunrise Securities Limited,Sundhara Securities Limited,2026-04-16 11:43:17.064152,Sanima Mai Hydropower Ltd.
2026041604005215,SHPC,100,18,600,528.0,316800.0,2026-04-16,186579078,591,Sunrise Securities Limited,Sagarmatha Securities Private Limited,2026-04-16 11:44:29.359827,Sanima Mai Hydropower Ltd.
2026041604005216,SHPC,39,18,400,528.0,211200.0,2026-04-16,186579079,591,Sumeru Securities Pvt. Ltd.,Sagarmatha Securities Private Limited,2026-04-16 11:44:29.360022,Sanima Mai Hydropower Ltd.
2026041604006793,SHPC,60,58,170,529.1,89947.0,2026-04-16,186595055,591,Nagarik Stock Dealer ,Naasa Securities Co. Ltd.,2026-04-16 12:02:23.400111,Sanima Mai Hydropower Ltd.
2026041604006907,SHPC,76,40,50,529.6,26480.0,2026-04-16,186596026,591,Machhapuchchhre Securities Limited,Creative Securities Pvt Ltd,2026-04-16 12:03:53.755096,Sanima Mai Hydropower Ltd.
2026041604006908,SHPC,90,40,200,529.5,105900.0,2026-04-16,186596028,591,Sajilo Broker Limited,Creative Securities Pvt Ltd,2026-04-16 12:03:53.755259,Sanima Mai Hydropower Ltd.
2026041604006909,SHPC,60,40,30,529.1,15873.0,2026-04-16,186596030,591,Nagarik Stock Dealer ,Creative Securities Pvt Ltd,2026-04-16 12:03:53.755310,Sanima Mai Hydropower Ltd.
2026041604006910,SHPC,38,40,300,529.0,158700.0,2026-04-16,186596032,591,Dipshikha Dhitopatra Karobar Co. Pvt Ltd.,Creative Securities Pvt Ltd,2026-04-16 12:03:53.755380,Sanima Mai Hydropower Ltd.
2026041604006911,SHPC,38,40,100,529.0,52900.0,2026-04-16,186596034,591,Dipshikha Dhitopatra Karobar Co. Pvt Ltd.,Creative Securities Pvt Ltd,2026-04-16 12:03:53.755428,Sanima Mai Hydropower Ltd.
2026041604006912,SHPC,100,40,320,529.0,169280.0,2026-04-16,186596035,591,Sunrise Securities Limited,Creative Securities Pvt Ltd,2026-04-16 12:03:53.755470,Sanima Mai Hydropower Ltd.
2026041604007558,SHPC,76,33,50,532.5,26625.0,2026-04-16,186601442,591,Machhapuchchhre Securities Limited,Dakshinkali Investment & Securities Pvt. Ltd.,2026-04-16 12:10:37.748234,Sanima Mai Hydropower Ltd.
2026041604007594,SHPC,76,49,30,529.3,15879.0,2026-04-16,186601818,591,Machhapuchchhre Securities Limited,Online Securities Pvt. Ltd.,2026-04-16 12:10:59.762517,Sanima Mai Hydropower Ltd.
2026041604007595,SHPC,76,49,20,529.3,10586.0,2026-04-16,186601820,591,Machhapuchchhre Securities Limited,Online Securities Pvt. Ltd.,2026-04-16 12:10:59.762775,Sanima Mai Hydropower Ltd.
2026041604007596,SHPC,76,49,15,529.2,7938.0,2026-04-16,186601821,591,Machhapuchchhre Securities Limited,Online Securities Pvt. Ltd.,2026-04-16 12:10:59.762924,Sanima Mai Hydropower Ltd.
2026041604007675,SHPC,76,95,20,533.0,10660.0,2026-04-16,186602490,591,Machhapuchchhre Securities Limited,Magnet Securities and Investment Company Private Limited,2026-04-16 12:11:50.004091,Sanima Mai Hydropower Ltd.
2026041604007715,SHPC,76,95,80,533.0,42640.0,2026-04-16,186602777,591,Machhapuchchhre Securities Limited,Magnet Securities and Investment Company Private Limited,2026-04-16 12:12:15.049919,Sanima Mai Hydropower Ltd.
2026041604007716,SHPC,76,95,20,533.0,10660.0,2026-04-16,186602780,591,Machhapuchchhre Securities Limited,Magnet Securities and Investment Company Private Limited,2026-04-16 12:12:15.050012,Sanima Mai Hydropower Ltd.
2026041604007906,SHPC,17,21,1,524.0,524.0,2026-04-16,186604431,591,ABC Securities Private Limited,Midas Stock Broking Company Private Limited,2026-04-16 12:14:38.270624,Sanima Mai Hydropower Ltd.
2026041604007967,SHPC,76,14,27,530.0,14310.0,2026-04-16,186605212,591,Machhapuchchhre Securities Limited,Nepal Stock House (PVT) Ltd.,2026-04-16 12:15:50.656063,Sanima Mai Hydropower Ltd.
2026041604007968,SHPC,76,14,100,530.0,53000.0,2026-04-16,186605214,591,Machhapuchchhre Securities Limited,Nepal Stock House (PVT) Ltd.,2026-04-16 12:15:50.656343,Sanima Mai Hydropower Ltd.
2026041604008186,SHPC,76,90,200,529.2,105840.0,2026-04-16,186607373,591,Machhapuchchhre Securities Limited,Sajilo Broker Limited,2026-04-16 12:18:49.744485,Sanima Mai Hydropower Ltd.
2026041604008213,SHPC,76,14,50,530.0,26500.0,2026-04-16,186607564,591,Machhapuchchhre Securities Limited,Nepal Stock House (PVT) Ltd.,2026-04-16 12:19:06.077946,Sanima Mai Hydropower Ltd.
2026041604008253,SHPC,76,14,100,530.0,53000.0,2026-04-16,186607960,591,Machhapuchchhre Securities Limited,Nepal Stock House (PVT) Ltd.,2026-04-16 12:19:38.375914,Sanima Mai Hydropower Ltd.
2026041604008277,SHPC,49,14,90,530.0,47700.0,2026-04-16,186608206,591,Online Securities Pvt. Ltd.,Nepal Stock House (PVT) Ltd.,2026-04-16 12:20:02.210804,Sanima Mai Hydropower Ltd.
2026041604008323,SHPC,70,14,133,530.0,70490.0,2026-04-16,186608601,591,Infinity Securities Limited,Nepal Stock House (PVT) Ltd.,2026-04-16 12:20:44.580895,Sanima Mai Hydropower Ltd.
2026041604008345,SHPC,76,42,40,532.9,21316.0,2026-04-16,186608968,591,Machhapuchchhre Securities Limited,Sani Securities Company Ltd.,2026-04-16 12:21:10.953493,Sanima Mai Hydropower Ltd.
2026041604008377,SHPC,76,42,200,532.9,106580.0,2026-04-16,186609394,591,Machhapuchchhre Securities Limited,Sani Securities Company Ltd.,2026-04-16 12:21:47.791531,Sanima Mai Hydropower Ltd.
2026041604008414,SHPC,76,95,50,533.0,26650.0,2026-04-16,186609916,591,Machhapuchchhre Securities Limited,Magnet Securities and Investment Company Private Limited,2026-04-16 12:22:26.436392,Sanima Mai Hydropower Ltd.
2026041604008838,SHPC,70,42,350,530.0,185500.0,2026-04-16,186613405,591,Infinity Securities Limited,Sani Securities Company Ltd.,2026-04-16 12:26:31.526054,Sanima Mai Hydropower Ltd.
2026041604008919,SHPC,76,4,50,531.0,26550.0,2026-04-16,186614026,591,Machhapuchchhre Securities Limited,Opal Securities Investment (PVT) Ltd.,2026-04-16 12:27:20.929082,Sanima Mai Hydropower Ltd.
2026041604009014,SHPC,76,4,100,531.0,53100.0,2026-04-16,186615112,591,Machhapuchchhre Securities Limited,Opal Securities Investment (PVT) Ltd.,2026-04-16 12:28:56.126071,Sanima Mai Hydropower Ltd.
2026041604009187,SHPC,76,4,200,531.0,106200.0,2026-04-16,186617348,591,Machhapuchchhre Securities Limited,Opal Securities Investment (PVT) Ltd.,2026-04-16 12:32:04.629769,Sanima Mai Hydropower Ltd.
2026041604009225,SHPC,76,4,200,531.0,106200.0,2026-04-16,186617826,591,Machhapuchchhre Securities Limited,Opal Securities Investment (PVT) Ltd.,2026-04-16 12:32:49.196516,Sanima Mai Hydropower Ltd.
2026041604009374,SHPC,46,4,50,530.9,26545.0,2026-04-16,186619272,591,Kalika Securities Pvt. Ltd.,Opal Securities Investment (PVT) Ltd.,2026-04-16 12:35:03.698858,Sanima Mai Hydropower Ltd.
2026041604009467,SHPC,7,4,10,530.9,5309.0,2026-04-16,186620358,591,J.F. Securites (PVT) Ltd.,Opal Securities Investment (PVT) Ltd.,2026-04-16 12:36:33.633144,Sanima Mai Hydropower Ltd.
2026041604009481,SHPC,47,4,87,530.9,46188.3,2026-04-16,186620549,591,Neev Securities Pvt. Ltd.,Opal Securities Investment (PVT) Ltd.,2026-04-16 12:36:59.189233,Sanima Mai Hydropower Ltd.
2026041604009783,SHPC,45,4,100,531.0,53100.0,2026-04-16,186623974,591,Imperial Securities Company Pvt. Ltd.,Opal Securities Investment (PVT) Ltd.,2026-04-16 12:42:37.610207,Sanima Mai Hydropower Ltd.
2026041604009954,SHPC,59,4,50,531.0,26550.0,2026-04-16,186625886,591,Deevyaa Securities & Stock House Pvt. Ltd,Opal Securities Investment (PVT) Ltd.,2026-04-16 12:45:18.146645,Sanima Mai Hydropower Ltd.
2026041604010106,SHPC,76,4,200,531.0,106200.0,2026-04-16,186628546,591,Machhapuchchhre Securities Limited,Opal Securities Investment (PVT) Ltd.,2026-04-16 12:49:03.380992,Sanima Mai Hydropower Ltd.
2026041604010118,SHPC,29,4,150,531.0,79650.0,2026-04-16,186628706,591,Trisul Securities & Invt. Ltd.,Opal Securities Investment (PVT) Ltd.,2026-04-16 12:49:16.291911,Sanima Mai Hydropower Ltd.
2026041604010210,SHPC,17,5,1,525.0,525.0,2026-04-16,186629569,591,ABC Securities Private Limited,Market Securities & Exchange (PVT) Ltd.,2026-04-16 12:50:44.662506,Sanima Mai Hydropower Ltd.
2026041604010335,SHPC,76,4,50,531.0,26550.0,2026-04-16,186630840,591,Machhapuchchhre Securities Limited,Opal Securities Investment (PVT) Ltd.,2026-04-16 12:52:46.662904,Sanima Mai Hydropower Ltd.
2026041604010353,SHPC,42,4,900,531.0,477900.0,2026-04-16,186631053,591,Sani Securities Company Ltd.,Opal Securities Investment (PVT) Ltd.,2026-04-16 12:53:02.291216,Sanima Mai Hydropower Ltd.
2026041604010381,SHPC,76,95,190,533.0,101270.0,2026-04-16,186631459,591,Machhapuchchhre Securities Limited,Magnet Securities and Investment Company Private Limited,2026-04-16 12:53:41.942192,Sanima Mai Hydropower Ltd.
2026041604010382,SHPC,76,62,10,533.0,5330.0,2026-04-16,186631462,591,Machhapuchchhre Securities Limited,Capital Max Securities Ltd,2026-04-16 12:53:41.942343,Sanima Mai Hydropower Ltd.
2026041604010455,SHPC,76,62,35,533.0,18655.0,2026-04-16,186632355,591,Machhapuchchhre Securities Limited,Capital Max Securities Ltd,2026-04-16 12:54:20.812217,Sanima Mai Hydropower Ltd.
2026041604010456,SHPC,76,34,165,533.0,87945.0,2026-04-16,186632358,591,Machhapuchchhre Securities Limited,Vision Securities Pvt. Ltd,2026-04-16 12:54:20.812307,Sanima Mai Hydropower Ltd.
2026041604010693,SHPC,44,34,500,533.0,266500.0,2026-04-16,186634282,591,Dynamic Money Managers Securities Pvt. Ltd.,Vision Securities Pvt. Ltd,2026-04-16 12:58:09.220300,Sanima Mai Hydropower Ltd.
2026041604011602,SHPC,43,58,40,532.0,21280.0,2026-04-16,186641778,591,South Asian Bulls Pvt. Ltd.,Naasa Securities Co. Ltd.,2026-04-16 13:08:55.605118,Sanima Mai Hydropower Ltd.
2026041604011603,SHPC,42,58,35,531.0,18585.0,2026-04-16,186641780,591,Sani Securities Company Ltd.,Naasa Securities Co. Ltd.,2026-04-16 13:08:55.605287,Sanima Mai Hydropower Ltd.
2026041604012614,SHPC,58,84,30,530.3,15909.0,2026-04-16,186648048,591,Naasa Securities Co. Ltd.,MILKY WAY SHARE BROKER COMPANY LTD ,2026-04-16 13:14:20.157789,Sanima Mai Hydropower Ltd.
2026041604012615,SHPC,33,84,149,530.3,79014.7,2026-04-16,186648050,591,Dakshinkali Investment & Securities Pvt. Ltd.,MILKY WAY SHARE BROKER COMPANY LTD ,2026-04-16 13:14:20.158075,Sanima Mai Hydropower Ltd.
2026041604012616,SHPC,47,84,100,530.2,53020.0,2026-04-16,186648052,591,Neev Securities Pvt. Ltd.,MILKY WAY SHARE BROKER COMPANY LTD ,2026-04-16 13:14:20.158259,Sanima Mai Hydropower Ltd.
2026041604012617,SHPC,76,84,35,530.1,18553.5,2026-04-16,186648054,591,Machhapuchchhre Securities Limited,MILKY WAY SHARE BROKER COMPANY LTD ,2026-04-16 13:14:20.158459,Sanima Mai Hydropower Ltd.
2026041604012618,SHPC,57,84,200,530.1,106020.0,2026-04-16,186648056,591,Aryatara Investment & Securities,MILKY WAY SHARE BROKER COMPANY LTD ,2026-04-16 13:14:20.158634,Sanima Mai Hydropower Ltd.
2026041604012619,SHPC,70,84,386,530.0,204580.0,2026-04-16,186648057,591,Infinity Securities Limited,MILKY WAY SHARE BROKER COMPANY LTD ,2026-04-16 13:14:20.158811,Sanima Mai Hydropower Ltd.
2026041604012676,SHPC,70,50,5000,530.0,2650000.0,2026-04-16,186648343,591,Infinity Securities Limited,Cristal Kanchanjanga Securites Pvt. Ltd.,2026-04-16 13:14:36.113437,Sanima Mai Hydropower Ltd.
2026041604013022,SHPC,70,45,1166,530.0,617980.0,2026-04-16,186649985,591,Infinity Securities Limited,Imperial Securities Company Pvt. Ltd.,2026-04-16 13:15:59.733826,Sanima Mai Hydropower Ltd.
2026041604013233,SHPC,70,53,2000,530.0,1060000.0,2026-04-16,186651167,591,Infinity Securities Limited,Investment Management Nepal Pvt. Ltd.,2026-04-16 13:16:57.806835,Sanima Mai Hydropower Ltd.
2026041604013291,SHPC,49,54,100,530.0,53000.0,2026-04-16,186651641,591,Online Securities Pvt. Ltd.,Sewa Securities Pvt. Ltd.,2026-04-16 13:17:23.413790,Sanima Mai Hydropower Ltd.
2026041604013361,SHPC,11,50,10,530.0,5300.0,2026-04-16,186652148,591,Malla & Malla Stock Broking Company Pvt. Limited,Cristal Kanchanjanga Securites Pvt. Ltd.,2026-04-16 13:17:48.236677,Sanima Mai Hydropower Ltd.
2026041604013362,SHPC,88,50,57,530.0,30210.0,2026-04-16,186652150,591,Blue Chip Securities Ltd,Cristal Kanchanjanga Securites Pvt. Ltd.,2026-04-16 13:17:48.236943,Sanima Mai Hydropower Ltd.
2026041604013363,SHPC,34,50,933,530.0,494490.0,2026-04-16,186652151,591,Vision Securities Pvt. Ltd,Cristal Kanchanjanga Securites Pvt. Ltd.,2026-04-16 13:17:48.237118,Sanima Mai Hydropower Ltd.
2026041604013364,SHPC,34,34,1567,530.0,830510.0,2026-04-16,186652214,591,Vision Securities Pvt. Ltd,Vision Securities Pvt. Ltd,2026-04-16 13:17:48.724976,Sanima Mai Hydropower Ltd.
2026041604013365,SHPC,32,34,300,530.0,159000.0,2026-04-16,186652216,591,Premier Securities Company Ltd.,Vision Securities Pvt. Ltd,2026-04-16 13:17:48.725105,Sanima Mai Hydropower Ltd.
2026041604013490,SHPC,58,84,100,529.1,52910.0,2026-04-16,186653363,591,Naasa Securities Co. Ltd.,MILKY WAY SHARE BROKER COMPANY LTD ,2026-04-16 13:18:33.211507,Sanima Mai Hydropower Ltd.
2026041604013491,SHPC,100,84,480,529.0,253920.0,2026-04-16,186653365,591,Sunrise Securities Limited,MILKY WAY SHARE BROKER COMPANY LTD ,2026-04-16 13:18:33.211638,Sanima Mai Hydropower Ltd.
2026041604013492,SHPC,56,84,215,529.0,113735.0,2026-04-16,186653367,591,Sri Hari Securities Pvt. Ltd.,MILKY WAY SHARE BROKER COMPANY LTD ,2026-04-16 13:18:33.211713,Sanima Mai Hydropower Ltd.
2026041604013493,SHPC,42,84,20,529.0,10580.0,2026-04-16,186653369,591,Sani Securities Company Ltd.,MILKY WAY SHARE BROKER COMPANY LTD ,2026-04-16 13:18:33.211771,Sanima Mai Hydropower Ltd.
2026041604013494,SHPC,58,84,150,529.0,79350.0,2026-04-16,186653371,591,Naasa Securities Co. Ltd.,MILKY WAY SHARE BROKER COMPANY LTD ,2026-04-16 13:18:33.211840,Sanima Mai Hydropower Ltd.
2026041604013495,SHPC,100,84,1035,528.6,547101.0,2026-04-16,186653372,591,Sunrise Securities Limited,MILKY WAY SHARE BROKER COMPANY LTD ,2026-04-16 13:18:33.211902,Sanima Mai Hydropower Ltd.
2026041604014259,SHPC,100,4,200,528.1,105620.0,2026-04-16,186657801,591,Sunrise Securities Limited,Opal Securities Investment (PVT) Ltd.,2026-04-16 13:21:57.914547,Sanima Mai Hydropower Ltd.
2026041604014550,SHPC,100,34,700,528.1,369670.0,2026-04-16,186659695,591,Sunrise Securities Limited,Vision Securities Pvt. Ltd,2026-04-16 13:23:39.367882,Sanima Mai Hydropower Ltd.
2026041604014557,SHPC,49,18,5,530.0,2650.0,2026-04-16,186659761,591,Online Securities Pvt. Ltd.,Sagarmatha Securities Private Limited,2026-04-16 13:23:41.658704,Sanima Mai Hydropower Ltd.
2026041604014661,SHPC,76,34,200,530.0,106000.0,2026-04-16,186660572,591,Machhapuchchhre Securities Limited,Vision Securities Pvt. Ltd,2026-04-16 13:24:29.371126,Sanima Mai Hydropower Ltd.
2026041604015018,SHPC,46,1,28,529.0,14812.0,2026-04-16,186663096,591,Kalika Securities Pvt. Ltd.,Kumari Securities Private Limited,2026-04-16 13:26:52.065276,Sanima Mai Hydropower Ltd.
2026041604015099,SHPC,42,1,17,529.0,8993.0,2026-04-16,186663519,591,Sani Securities Company Ltd.,Kumari Securities Private Limited,2026-04-16 13:27:23.364236,Sanima Mai Hydropower Ltd.
2026041604015164,SHPC,42,6,500,529.0,264500.0,2026-04-16,186664035,591,Sani Securities Company Ltd.,Agrawal Securities (PVT) Ltd.,2026-04-16 13:28:10.584622,Sanima Mai Hydropower Ltd.
2026041604015186,SHPC,76,34,100,530.0,53000.0,2026-04-16,186664252,591,Machhapuchchhre Securities Limited,Vision Securities Pvt. Ltd,2026-04-16 13:28:27.382108,Sanima Mai Hydropower Ltd.
2026041604015252,SHPC,76,34,30,530.0,15900.0,2026-04-16,186664786,591,Machhapuchchhre Securities Limited,Vision Securities Pvt. Ltd,2026-04-16 13:29:10.268740,Sanima Mai Hydropower Ltd.
2026041604015264,SHPC,76,34,200,530.0,106000.0,2026-04-16,186664916,591,Machhapuchchhre Securities Limited,Vision Securities Pvt. Ltd,2026-04-16 13:29:21.961786,Sanima Mai Hydropower Ltd.
2026041604015339,SHPC,76,34,200,530.0,106000.0,2026-04-16,186665548,591,Machhapuchchhre Securities Limited,Vision Securities Pvt. Ltd,2026-04-16 13:30:04.507354,Sanima Mai Hydropower Ltd.
2026041604015344,SHPC,21,18,3,519.4,1558.2,2026-04-16,186665645,591,Midas Stock Broking Company Private Limited,Sagarmatha Securities Private Limited,2026-04-16 13:30:10.770980,Sanima Mai Hydropower Ltd.
2026041604015367,SHPC,42,8,10,529.0,5290.0,2026-04-16,186665807,591,Sani Securities Company Ltd.,Brilliant Securities Pvt. Ltd.,2026-04-16 13:30:18.274322,Sanima Mai Hydropower Ltd.
2026041604015393,SHPC,76,34,403,530.0,213590.0,2026-04-16,186666045,591,Machhapuchchhre Securities Limited,Vision Securities Pvt. Ltd,2026-04-16 13:30:39.279409,Sanima Mai Hydropower Ltd.
2026041604015394,SHPC,76,34,597,530.0,316410.0,2026-04-16,186666048,591,Machhapuchchhre Securities Limited,Vision Securities Pvt. Ltd,2026-04-16 13:30:39.279467,Sanima Mai Hydropower Ltd.
2026041604015559,SHPC,42,49,200,529.0,105800.0,2026-04-16,186667783,591,Sani Securities Company Ltd.,Online Securities Pvt. Ltd.,2026-04-16 13:32:15.212117,Sanima Mai Hydropower Ltd.
2026041604016137,SHPC,42,49,20,529.0,10580.0,2026-04-16,186671979,591,Sani Securities Company Ltd.,Online Securities Pvt. Ltd.,2026-04-16 13:36:15.087017,Sanima Mai Hydropower Ltd.
2026041604016659,SHPC,42,37,53,529.0,28037.0,2026-04-16,186675082,591,Sani Securities Company Ltd.,Swarna Laxmi Securities Pvt. Ltd.,2026-04-16 13:38:46.240765,Sanima Mai Hydropower Ltd.
2026041604016660,SHPC,49,37,47,529.0,24863.0,2026-04-16,186675083,591,Online Securities Pvt. Ltd.,Swarna Laxmi Securities Pvt. Ltd.,2026-04-16 13:38:46.241020,Sanima Mai Hydropower Ltd.
2026041604016897,SHPC,49,58,53,529.0,28037.0,2026-04-16,186676684,591,Online Securities Pvt. Ltd.,Naasa Securities Co. Ltd.,2026-04-16 13:40:15.767342,Sanima Mai Hydropower Ltd.
2026041604017298,SHPC,21,39,50,528.6,26430.0,2026-04-16,186679202,591,Midas Stock Broking Company Private Limited,Sumeru Securities Pvt. Ltd.,2026-04-16 13:43:16.011614,Sanima Mai Hydropower Ltd.
2026041604017299,SHPC,58,39,45,528.5,23782.5,2026-04-16,186679204,591,Naasa Securities Co. Ltd.,Sumeru Securities Pvt. Ltd.,2026-04-16 13:43:16.011894,Sanima Mai Hydropower Ltd.
2026041604017300,SHPC,52,39,23,528.3,12150.9,2026-04-16,186679206,591,Sundhara Securities Limited,Sumeru Securities Pvt. Ltd.,2026-04-16 13:43:16.012070,Sanima Mai Hydropower Ltd.
2026041604017301,SHPC,100,39,65,528.1,34326.5,2026-04-16,186679208,591,Sunrise Securities Limited,Sumeru Securities Pvt. Ltd.,2026-04-16 13:43:16.012240,Sanima Mai Hydropower Ltd.
2026041604017302,SHPC,39,39,100,528.0,52800.0,2026-04-16,186679210,591,Sumeru Securities Pvt. Ltd.,Sumeru Securities Pvt. Ltd.,2026-04-16 13:43:16.012425,Sanima Mai Hydropower Ltd.
2026041604017303,SHPC,3,39,217,528.0,114576.0,2026-04-16,186679211,591,Arun Securities (PVT) Ltd.,Sumeru Securities Pvt. Ltd.,2026-04-16 13:43:16.012607,Sanima Mai Hydropower Ltd.
2026041604017896,SHPC,40,58,73,529.0,38617.0,2026-04-16,186684056,591,Creative Securities Pvt Ltd,Naasa Securities Co. Ltd.,2026-04-16 13:50:04.705027,Sanima Mai Hydropower Ltd.
2026041604018153,SHPC,3,6,10,528.0,5280.0,2026-04-16,186685881,591,Arun Securities (PVT) Ltd.,Agrawal Securities (PVT) Ltd.,2026-04-16 13:53:12.296175,Sanima Mai Hydropower Ltd.
2026041604018204,SHPC,3,3,23,528.0,12144.0,2026-04-16,186686102,591,Arun Securities (PVT) Ltd.,Arun Securities (PVT) Ltd.,2026-04-16 13:53:30.984753,Sanima Mai Hydropower Ltd.
2026041604018205,SHPC,58,3,95,528.0,50160.0,2026-04-16,186686104,591,Naasa Securities Co. Ltd.,Arun Securities (PVT) Ltd.,2026-04-16 13:53:30.984922,Sanima Mai Hydropower Ltd.
2026041604018206,SHPC,45,3,14,528.0,7392.0,2026-04-16,186686106,591,Imperial Securities Company Pvt. Ltd.,Arun Securities (PVT) Ltd.,2026-04-16 13:53:30.984989,Sanima Mai Hydropower Ltd.
2026041604018207,SHPC,11,3,20,528.0,10560.0,2026-04-16,186686108,591,Malla & Malla Stock Broking Company Pvt. Limited,Arun Securities (PVT) Ltd.,2026-04-16 13:53:30.985084,Sanima Mai Hydropower Ltd.
2026041604018208,SHPC,58,3,150,528.0,79200.0,2026-04-16,186686110,591,Naasa Securities Co. Ltd.,Arun Securities (PVT) Ltd.,2026-04-16 13:53:30.985142,Sanima Mai Hydropower Ltd.
2026041604018209,SHPC,44,3,50,528.0,26400.0,2026-04-16,186686112,591,Dynamic Money Managers Securities Pvt. Ltd.,Arun Securities (PVT) Ltd.,2026-04-16 13:53:30.985201,Sanima Mai Hydropower Ltd.
2026041604018210,SHPC,58,3,18,528.0,9504.0,2026-04-16,186686113,591,Naasa Securities Co. Ltd.,Arun Securities (PVT) Ltd.,2026-04-16 13:53:30.985258,Sanima Mai Hydropower Ltd.
2026041604018548,SHPC,47,58,300,528.0,158400.0,2026-04-16,186689078,591,Neev Securities Pvt. Ltd.,Naasa Securities Co. Ltd.,2026-04-16 13:58:49.791253,Sanima Mai Hydropower Ltd.
2026041604018549,SHPC,42,58,10,528.0,5280.0,2026-04-16,186689080,591,Sani Securities Company Ltd.,Naasa Securities Co. Ltd.,2026-04-16 13:58:49.791584,Sanima Mai Hydropower Ltd.
2026041604018550,SHPC,16,58,60,528.0,31680.0,2026-04-16,186689081,591,Primo Securities (PVT) Ltd.,Naasa Securities Co. Ltd.,2026-04-16 13:58:49.791754,Sanima Mai Hydropower Ltd.
2026041604019440,SHPC,35,58,10,528.1,5281.0,2026-04-16,186695641,591,Kohinoor Investment & Securities Pvt. Ltd.,Naasa Securities Co. Ltd.,2026-04-16 14:07:29.040764,Sanima Mai Hydropower Ltd.
2026041604019500,SHPC,76,44,110,529.9,58289.0,2026-04-16,186696059,591,Machhapuchchhre Securities Limited,Dynamic Money Managers Securities Pvt. Ltd.,2026-04-16 14:08:15.437134,Sanima Mai Hydropower Ltd.
2026041604019501,SHPC,76,34,90,530.0,47700.0,2026-04-16,186696062,591,Machhapuchchhre Securities Limited,Vision Securities Pvt. Ltd,2026-04-16 14:08:15.437181,Sanima Mai Hydropower Ltd.
2026041604019509,SHPC,76,34,200,530.0,106000.0,2026-04-16,186696138,591,Machhapuchchhre Securities Limited,Vision Securities Pvt. Ltd,2026-04-16 14:08:26.721539,Sanima Mai Hydropower Ltd.
2026041604019561,SHPC,76,22,20,529.0,10580.0,2026-04-16,186696640,591,Machhapuchchhre Securities Limited,Siprabi Securities Pvt. Ltd.,2026-04-16 14:09:11.517293,Sanima Mai Hydropower Ltd.
2026041604019586,SHPC,76,22,50,529.0,26450.0,2026-04-16,186696792,591,Machhapuchchhre Securities Limited,Siprabi Securities Pvt. Ltd.,2026-04-16 14:09:19.792100,Sanima Mai Hydropower Ltd.
2026041604019698,SHPC,76,22,200,529.0,105800.0,2026-04-16,186697630,591,Machhapuchchhre Securities Limited,Siprabi Securities Pvt. Ltd.,2026-04-16 14:10:35.544777,Sanima Mai Hydropower Ltd.
2026041604019743,SHPC,76,22,50,529.0,26450.0,2026-04-16,186697956,591,Machhapuchchhre Securities Limited,Siprabi Securities Pvt. Ltd.,2026-04-16 14:11:11.201371,Sanima Mai Hydropower Ltd.
2026041604019779,SHPC,76,59,100,528.9,52890.0,2026-04-16,186698438,591,Machhapuchchhre Securities Limited,Deevyaa Securities & Stock House Pvt. Ltd,2026-04-16 14:11:44.362308,Sanima Mai Hydropower Ltd.
2026041604019819,SHPC,76,59,50,528.9,26445.0,2026-04-16,186698742,591,Machhapuchchhre Securities Limited,Deevyaa Securities & Stock House Pvt. Ltd,2026-04-16 14:12:09.177133,Sanima Mai Hydropower Ltd.
2026041604019827,SHPC,35,1,20,528.1,10562.0,2026-04-16,186698784,591,Kohinoor Investment & Securities Pvt. Ltd.,Kumari Securities Private Limited,2026-04-16 14:12:13.114819,Sanima Mai Hydropower Ltd.
2026041604019828,SHPC,16,1,40,528.0,21120.0,2026-04-16,186698786,591,Primo Securities (PVT) Ltd.,Kumari Securities Private Limited,2026-04-16 14:12:13.115138,Sanima Mai Hydropower Ltd.
2026041604019829,SHPC,49,1,100,528.0,52800.0,2026-04-16,186698788,591,Online Securities Pvt. Ltd.,Kumari Securities Private Limited,2026-04-16 14:12:13.115351,Sanima Mai Hydropower Ltd.
2026041604019830,SHPC,34,1,40,528.0,21120.0,2026-04-16,186698789,591,Vision Securities Pvt. Ltd,Kumari Securities Private Limited,2026-04-16 14:12:13.115536,Sanima Mai Hydropower Ltd.
2026041604019848,SHPC,76,59,100,528.9,52890.0,2026-04-16,186698950,591,Machhapuchchhre Securities Limited,Deevyaa Securities & Stock House Pvt. Ltd,2026-04-16 14:12:29.929069,Sanima Mai Hydropower Ltd.
2026041604019935,SHPC,76,59,50,528.9,26445.0,2026-04-16,186699479,591,Machhapuchchhre Securities Limited,Deevyaa Securities & Stock House Pvt. Ltd,2026-04-16 14:13:06.247418,Sanima Mai Hydropower Ltd.
2026041604019936,SHPC,76,22,50,529.0,26450.0,2026-04-16,186699482,591,Machhapuchchhre Securities Limited,Siprabi Securities Pvt. Ltd.,2026-04-16 14:13:06.247457,Sanima Mai Hydropower Ltd.
2026041604020007,SHPC,76,22,200,529.0,105800.0,2026-04-16,186699966,591,Machhapuchchhre Securities Limited,Siprabi Securities Pvt. Ltd.,2026-04-16 14:13:47.126373,Sanima Mai Hydropower Ltd.
2026041604020148,SHPC,34,22,25,529.0,13225.0,2026-04-16,186701496,591,Vision Securities Pvt. Ltd,Siprabi Securities Pvt. Ltd.,2026-04-16 14:16:23.440144,Sanima Mai Hydropower Ltd.
2026041604020215,SHPC,49,59,100,528.9,52890.0,2026-04-16,186702056,591,Online Securities Pvt. Ltd.,Deevyaa Securities & Stock House Pvt. Ltd,2026-04-16 14:17:19.351424,Sanima Mai Hydropower Ltd.
2026041604020321,SHPC,34,49,50,528.0,26400.0,2026-04-16,186703250,591,Vision Securities Pvt. Ltd,Online Securities Pvt. Ltd.,2026-04-16 14:19:32.456579,Sanima Mai Hydropower Ltd.
2026041604020322,SHPC,52,49,200,527.8,105560.0,2026-04-16,186703252,591,Sundhara Securities Limited,Online Securities Pvt. Ltd.,2026-04-16 14:19:32.456790,Sanima Mai Hydropower Ltd.
2026041604020323,SHPC,58,49,100,527.7,52770.0,2026-04-16,186703254,591,Naasa Securities Co. Ltd.,Online Securities Pvt. Ltd.,2026-04-16 14:19:32.456859,Sanima Mai Hydropower Ltd.
2026041604020324,SHPC,48,49,650,527.6,342940.0,2026-04-16,186703255,591,Trishakti Securities Public Limited,Online Securities Pvt. Ltd.,2026-04-16 14:19:32.456922,Sanima Mai Hydropower Ltd.
2026041604020334,SHPC,48,49,1000,527.6,527600.0,2026-04-16,186703305,591,Trishakti Securities Public Limited,Online Securities Pvt. Ltd.,2026-04-16 14:19:41.748892,Sanima Mai Hydropower Ltd.
2026041604020381,SHPC,49,59,100,528.9,52890.0,2026-04-16,186703618,591,Online Securities Pvt. Ltd.,Deevyaa Securities & Stock House Pvt. Ltd,2026-04-16 14:20:22.357288,Sanima Mai Hydropower Ltd.
2026041604020591,SHPC,48,48,150,527.6,79140.0,2026-04-16,186705231,591,Trishakti Securities Public Limited,Trishakti Securities Public Limited,2026-04-16 14:22:34.023714,Sanima Mai Hydropower Ltd.
2026041604021003,SHPC,90,22,100,528.9,52890.0,2026-04-16,186708918,591,Sajilo Broker Limited,Siprabi Securities Pvt. Ltd.,2026-04-16 14:27:27.956195,Sanima Mai Hydropower Ltd.
2026041604021207,SHPC,48,22,100,528.9,52890.0,2026-04-16,186712008,591,Trishakti Securities Public Limited,Siprabi Securities Pvt. Ltd.,2026-04-16 14:30:04.949777,Sanima Mai Hydropower Ltd.
2026041604021377,SHPC,48,22,200,528.9,105780.0,2026-04-16,186714628,591,Trishakti Securities Public Limited,Siprabi Securities Pvt. Ltd.,2026-04-16 14:32:15.905811,Sanima Mai Hydropower Ltd.
2026041604021400,SHPC,56,22,200,528.9,105780.0,2026-04-16,186714866,591,Sri Hari Securities Pvt. Ltd.,Siprabi Securities Pvt. Ltd.,2026-04-16 14:32:28.638944,Sanima Mai Hydropower Ltd.
2026041604021402,SHPC,17,22,20,528.9,10578.0,2026-04-16,186714896,591,ABC Securities Private Limited,Siprabi Securities Pvt. Ltd.,2026-04-16 14:32:30.917486,Sanima Mai Hydropower Ltd.
2026041604021458,SHPC,70,22,403,528.0,212784.0,2026-04-16,186715301,591,Infinity Securities Limited,Siprabi Securities Pvt. Ltd.,2026-04-16 14:32:59.466873,Sanima Mai Hydropower Ltd.
2026041604021583,SHPC,4,42,30,529.5,15885.0,2026-04-16,186716562,591,Opal Securities Investment (PVT) Ltd.,Sani Securities Company Ltd.,2026-04-16 14:34:26.662870,Sanima Mai Hydropower Ltd.
2026041604021594,SHPC,60,42,70,529.5,37065.0,2026-04-16,186716663,591,Nagarik Stock Dealer ,Sani Securities Company Ltd.,2026-04-16 14:34:36.276678,Sanima Mai Hydropower Ltd.
2026041604021595,SHPC,60,50,1000,529.9,529900.0,2026-04-16,186716665,591,Nagarik Stock Dealer ,Cristal Kanchanjanga Securites Pvt. Ltd.,2026-04-16 14:34:36.276893,Sanima Mai Hydropower Ltd.
2026041604021596,SHPC,60,34,113,530.0,59890.0,2026-04-16,186716667,591,Nagarik Stock Dealer ,Vision Securities Pvt. Ltd,2026-04-16 14:34:36.276964,Sanima Mai Hydropower Ltd.
2026041604021597,SHPC,60,38,300,530.0,159000.0,2026-04-16,186716669,591,Nagarik Stock Dealer ,Dipshikha Dhitopatra Karobar Co. Pvt Ltd.,2026-04-16 14:34:36.277040,Sanima Mai Hydropower Ltd.
2026041604021598,SHPC,60,16,100,530.0,53000.0,2026-04-16,186716671,591,Nagarik Stock Dealer ,Primo Securities (PVT) Ltd.,2026-04-16 14:34:36.277107,Sanima Mai Hydropower Ltd.
2026041604021599,SHPC,60,25,500,530.0,265000.0,2026-04-16,186716673,591,Nagarik Stock Dealer ,Sweta Securities Private Limited,2026-04-16 14:34:36.277169,Sanima Mai Hydropower Ltd.
2026041604021600,SHPC,60,62,200,530.0,106000.0,2026-04-16,186716675,591,Nagarik Stock Dealer ,Capital Max Securities Ltd,2026-04-16 14:34:36.277231,Sanima Mai Hydropower Ltd.
2026041604021601,SHPC,60,38,100,530.0,53000.0,2026-04-16,186716677,591,Nagarik Stock Dealer ,Dipshikha Dhitopatra Karobar Co. Pvt Ltd.,2026-04-16 14:34:36.277293,Sanima Mai Hydropower Ltd.
2026041604021602,SHPC,60,49,140,530.0,74200.0,2026-04-16,186716679,591,Nagarik Stock Dealer ,Online Securities Pvt. Ltd.,2026-04-16 14:34:36.277368,Sanima Mai Hydropower Ltd.
2026041604021752,SHPC,60,34,100,530.0,53000.0,2026-04-16,186717591,591,Nagarik Stock Dealer ,Vision Securities Pvt. Ltd,2026-04-16 14:35:42.342116,Sanima Mai Hydropower Ltd.
2026041604021760,SHPC,60,26,300,530.0,159000.0,2026-04-16,186717655,591,Nagarik Stock Dealer ,Asian Securities Private Ltd.,2026-04-16 14:35:44.517664,Sanima Mai Hydropower Ltd.
2026041604021838,SHPC,60,63,72,530.0,38160.0,2026-04-16,186718093,591,Nagarik Stock Dealer ,Himalayan Brokerage Company Limited,2026-04-16 14:36:22.737342,Sanima Mai Hydropower Ltd.
2026041604022487,SHPC,60,59,43,530.0,22790.0,2026-04-16,186722496,591,Nagarik Stock Dealer ,Deevyaa Securities & Stock House Pvt. Ltd,2026-04-16 14:41:00.777251,Sanima Mai Hydropower Ltd.
2026041604022495,SHPC,32,13,50,529.0,26450.0,2026-04-16,186722619,591,Premier Securities Company Ltd.,Thrive Brokerage House Pvt. Ltd,2026-04-16 14:41:08.938416,Sanima Mai Hydropower Ltd.
2026041604022496,SHPC,32,95,150,529.0,79350.0,2026-04-16,186722652,591,Premier Securities Company Ltd.,Magnet Securities and Investment Company Private Limited,2026-04-16 14:41:10.606087,Sanima Mai Hydropower Ltd.
2026041604022497,SHPC,49,95,30,528.9,15867.0,2026-04-16,186722654,591,Online Securities Pvt. Ltd.,Magnet Securities and Investment Company Private Limited,2026-04-16 14:41:10.606286,Sanima Mai Hydropower Ltd.
2026041604022498,SHPC,100,95,320,528.2,169024.0,2026-04-16,186722655,591,Sunrise Securities Limited,Magnet Securities and Investment Company Private Limited,2026-04-16 14:41:10.606358,Sanima Mai Hydropower Ltd.
2026041604022800,SHPC,57,16,300,528.3,158490.0,2026-04-16,186725340,591,Aryatara Investment & Securities,Primo Securities (PVT) Ltd.,2026-04-16 14:43:42.422019,Sanima Mai Hydropower Ltd.
2026041604022801,SHPC,48,16,100,528.3,52830.0,2026-04-16,186725342,591,Trishakti Securities Public Limited,Primo Securities (PVT) Ltd.,2026-04-16 14:43:42.422192,Sanima Mai Hydropower Ltd.
2026041604022802,SHPC,100,16,1680,528.2,887376.0,2026-04-16,186725344,591,Sunrise Securities Limited,Primo Securities (PVT) Ltd.,2026-04-16 14:43:42.422258,Sanima Mai Hydropower Ltd.
2026041604022803,SHPC,22,16,10,528.1,5281.0,2026-04-16,186725346,591,Siprabi Securities Pvt. Ltd.,Primo Securities (PVT) Ltd.,2026-04-16 14:43:42.422329,Sanima Mai Hydropower Ltd.
2026041604022804,SHPC,70,16,410,528.0,216480.0,2026-04-16,186725347,591,Infinity Securities Limited,Primo Securities (PVT) Ltd.,2026-04-16 14:43:42.422414,Sanima Mai Hydropower Ltd.
2026041604023250,SHPC,76,59,57,529.0,30153.0,2026-04-16,186729035,591,Machhapuchchhre Securities Limited,Deevyaa Securities & Stock House Pvt. Ltd,2026-04-16 14:46:53.187263,Sanima Mai Hydropower Ltd.
2026041604023339,SHPC,76,36,443,530.0,234790.0,2026-04-16,186729480,591,Machhapuchchhre Securities Limited,Secured Securities Ltd.,2026-04-16 14:47:10.765567,Sanima Mai Hydropower Ltd.
2026041604024395,SHPC,48,6,10,528.2,5282.0,2026-04-16,186736168,591,Trishakti Securities Public Limited,Agrawal Securities (PVT) Ltd.,2026-04-16 14:52:37.746257,Sanima Mai Hydropower Ltd.
2026041604024396,SHPC,34,6,90,528.2,47538.0,2026-04-16,186736169,591,Vision Securities Pvt. Ltd,Agrawal Securities (PVT) Ltd.,2026-04-16 14:52:37.746298,Sanima Mai Hydropower Ltd.
2026041604024552,SHPC,34,7,400,528.2,211280.0,2026-04-16,186737859,591,Vision Securities Pvt. Ltd,J.F. Securites (PVT) Ltd.,2026-04-16 14:53:33.102747,Sanima Mai Hydropower Ltd.
2026041604025007,SHPC,35,3,100,528.4,52840.0,2026-04-16,186742082,591,Kohinoor Investment & Securities Pvt. Ltd.,Arun Securities (PVT) Ltd.,2026-04-16 14:55:58.437165,Sanima Mai Hydropower Ltd.
2026041604025008,SHPC,22,3,200,528.3,105660.0,2026-04-16,186742083,591,Siprabi Securities Pvt. Ltd.,Arun Securities (PVT) Ltd.,2026-04-16 14:55:58.437409,Sanima Mai Hydropower Ltd.
2026041604025131,SHPC,34,34,260,528.2,137332.0,2026-04-16,186743076,591,Vision Securities Pvt. Ltd,Vision Securities Pvt. Ltd,2026-04-16 14:56:37.657616,Sanima Mai Hydropower Ltd.
2026041604025132,SHPC,34,34,1000,528.2,528200.0,2026-04-16,186743078,591,Vision Securities Pvt. Ltd,Vision Securities Pvt. Ltd,2026-04-16 14:56:37.657798,Sanima Mai Hydropower Ltd.
2026041604025133,SHPC,76,34,500,528.1,264050.0,2026-04-16,186743080,591,Machhapuchchhre Securities Limited,Vision Securities Pvt. Ltd,2026-04-16 14:56:37.657877,Sanima Mai Hydropower Ltd.
2026041604025134,SHPC,26,34,500,528.1,264050.0,2026-04-16,186743082,591,Asian Securities Private Ltd.,Vision Securities Pvt. Ltd,2026-04-16 14:56:37.657944,Sanima Mai Hydropower Ltd.
2026041604025135,SHPC,26,34,500,528.1,264050.0,2026-04-16,186743084,591,Asian Securities Private Ltd.,Vision Securities Pvt. Ltd,2026-04-16 14:56:37.658009,Sanima Mai Hydropower Ltd.
2026041604025136,SHPC,49,34,570,528.0,300960.0,2026-04-16,186743086,591,Online Securities Pvt. Ltd.,Vision Securities Pvt. Ltd,2026-04-16 14:56:37.658076,Sanima Mai Hydropower Ltd.
2026041604025137,SHPC,83,34,50,528.0,26400.0,2026-04-16,186743088,591,Sanima Securities Limited,Vision Securities Pvt. Ltd,2026-04-16 14:56:37.658139,Sanima Mai Hydropower Ltd.
2026041604025138,SHPC,5,34,25,528.0,13200.0,2026-04-16,186743090,591,Market Securities & Exchange (PVT) Ltd.,Vision Securities Pvt. Ltd,2026-04-16 14:56:37.658207,Sanima Mai Hydropower Ltd.
2026041604025139,SHPC,70,34,500,528.0,264000.0,2026-04-16,186743092,591,Infinity Securities Limited,Vision Securities Pvt. Ltd,2026-04-16 14:56:37.658290,Sanima Mai Hydropower Ltd.
2026041604025140,SHPC,17,34,95,528.0,50160.0,2026-04-16,186743093,591,ABC Securities Private Limited,Vision Securities Pvt. Ltd,2026-04-16 14:56:37.658395,Sanima Mai Hydropower Ltd.
2026041604025495,SHPC,33,58,10,529.9,5299.0,2026-04-16,186745444,591,Dakshinkali Investment & Securities Pvt. Ltd.,Naasa Securities Co. Ltd.,2026-04-16 14:57:46.634439,Sanima Mai Hydropower Ltd.
2026041604025862,SHPC,85,16,50,529.8,26490.0,2026-04-16,186748480,591,Capital Hub P. Ltd,Primo Securities (PVT) Ltd.,2026-04-16 14:58:50.006952,Sanima Mai Hydropower Ltd.
2026041604026242,SHPC,16,22,100,527.9,52790.0,2026-04-16,186751175,591,Primo Securities (PVT) Ltd.,Siprabi Securities Pvt. Ltd.,2026-04-16 14:59:32.821655,Sanima Mai Hydropower Ltd.
2026041604026243,SHPC,76,22,500,527.9,263950.0,2026-04-16,186751177,591,Machhapuchchhre Securities Limited,Siprabi Securities Pvt. Ltd.,2026-04-16 14:59:32.821841,Sanima Mai Hydropower Ltd.
2026041604026244,SHPC,76,22,500,527.9,263950.0,2026-04-16,186751178,591,Machhapuchchhre Securities Limited,Siprabi Securities Pvt. Ltd.,2026-04-16 14:59:32.821925,Sanima Mai Hydropower Ltd.
2026041604026391,SHPC,42,90,10,529.0,5290.0,2026-04-16,186752562,591,Sani Securities Company Ltd.,Sajilo Broker Limited,2026-04-16 14:59:46.016969,Sanima Mai Hydropower Ltd.
