contract_id,symbol,buyer_member_id,seller_member_id,volume,price,amount,buyer_broker,seller_broker,transaction_time
2026041603000002,SINDU,45,56,10,817.4,8174.0,Imperial Securities Company Pvt. Ltd.,Sri Hari Securities Pvt. Ltd.,2026-04-16 10:46:00.067886
2026041603000003,SINDU,41,56,30,817.4,24522.0,Linch Stock Market Ltd.,Sri Hari Securities Pvt. Ltd.,2026-04-16 10:46:00.067928
2026041603000004,SINDU,57,56,20,817.4,16348.0,Aryatara Investment & Securities,Sri Hari Securities Pvt. Ltd.,2026-04-16 10:46:00.067950
2026041603000005,SINDU,41,56,10,817.4,8174.0,Linch Stock Market Ltd.,Sri Hari Securities Pvt. Ltd.,2026-04-16 10:46:00.067982
2026041603000006,SINDU,96,56,100,817.4,81740.0,Himalayan Securities Limited,Sri Hari Securities Pvt. Ltd.,2026-04-16 10:46:00.068001
2026041603000007,SINDU,32,56,10,817.4,8174.0,Premier Securities Company Ltd.,Sri Hari Securities Pvt. Ltd.,2026-04-16 10:46:00.068029
2026041603000008,SINDU,17,56,30,817.4,24522.0,ABC Securities Private Limited,Sri Hari Securities Pvt. Ltd.,2026-04-16 10:46:00.068060
2026041603000009,SINDU,17,58,270,817.4,220698.0,ABC Securities Private Limited,Naasa Securities Co. Ltd.,2026-04-16 10:46:00.068094
2026041603000017,SINDU,72,28,10,802.0,8020.0,Hatemalo Financial Services Private Limited,Shree Krishna Securities Ltd.,2026-04-16 11:00:09.894784
2026041603000018,SINDU,32,28,10,786.0,7860.0,Premier Securities Company Ltd.,Shree Krishna Securities Ltd.,2026-04-16 11:00:13.292198
2026041603000019,SINDU,72,28,10,771.0,7710.0,Hatemalo Financial Services Private Limited,Shree Krishna Securities Ltd.,2026-04-16 11:00:23.056718
2026041603000020,SINDU,49,28,10,756.0,7560.0,Online Securities Pvt. Ltd.,Shree Krishna Securities Ltd.,2026-04-16 11:00:36.897265
2026041603000021,SINDU,49,35,90,756.0,68040.0,Online Securities Pvt. Ltd.,Kohinoor Investment & Securities Pvt. Ltd.,2026-04-16 11:00:40.804469
2026041603000022,SINDU,45,35,94,755.6,71026.4,Imperial Securities Company Pvt. Ltd.,Kohinoor Investment & Securities Pvt. Ltd.,2026-04-16 11:00:40.804507
2026041603000034,SINDU,35,57,18,770.0,13860.0,Kohinoor Investment & Securities Pvt. Ltd.,Aryatara Investment & Securities,2026-04-16 11:02:17.917393
2026041603000035,SINDU,35,34,10,770.0,7700.0,Kohinoor Investment & Securities Pvt. Ltd.,Vision Securities Pvt. Ltd,2026-04-16 11:02:17.917644
2026041603000036,SINDU,35,61,50,770.0,38500.0,Kohinoor Investment & Securities Pvt. Ltd.,BHOLE GANESH SECURITIES LTD,2026-04-16 11:02:17.917835
2026041603000042,SINDU,35,43,22,785.4,17278.8,Kohinoor Investment & Securities Pvt. Ltd.,South Asian Bulls Pvt. Ltd.,2026-04-16 11:02:45.012993
2026041603000048,SINDU,62,77,10,799.0,7990.0,Capital Max Securities Ltd,Nabil Stock Dealer Ltd.,2026-04-16 11:03:00.676275
2026041603000055,SINDU,42,46,10,785.0,7850.0,Sani Securities Company Ltd.,Kalika Securities Pvt. Ltd.,2026-04-16 11:03:21.790173
2026041603000058,SINDU,42,34,30,785.0,23550.0,Sani Securities Company Ltd.,Vision Securities Pvt. Ltd,2026-04-16 11:03:28.264544
2026041603000059,SINDU,57,46,10,781.0,7810.0,Aryatara Investment & Securities,Kalika Securities Pvt. Ltd.,2026-04-16 11:03:33.146916
2026041603000060,SINDU,57,28,240,781.0,187440.0,Aryatara Investment & Securities,Shree Krishna Securities Ltd.,2026-04-16 11:03:35.788058
2026041603000069,SINDU,45,28,10,781.0,7810.0,Imperial Securities Company Pvt. Ltd.,Shree Krishna Securities Ltd.,2026-04-16 11:03:46.546934
2026041603000084,SINDU,34,34,10,785.0,7850.0,Vision Securities Pvt. Ltd,Vision Securities Pvt. Ltd,2026-04-16 11:04:26.593114
2026041603000094,SINDU,57,37,20,784.0,15680.0,Aryatara Investment & Securities,Swarna Laxmi Securities Pvt. Ltd.,2026-04-16 11:05:12.210496
2026041603000096,SINDU,13,36,100,781.2,78120.0,Thrive Brokerage House Pvt. Ltd,Secured Securities Ltd.,2026-04-16 11:05:18.466289
2026041603000109,SINDU,13,41,200,781.2,156240.0,Thrive Brokerage House Pvt. Ltd,Linch Stock Market Ltd.,2026-04-16 11:05:55.367340
2026041603000110,SINDU,45,37,80,781.0,62480.0,Imperial Securities Company Pvt. Ltd.,Swarna Laxmi Securities Pvt. Ltd.,2026-04-16 11:05:56.792491
2026041603000115,SINDU,64,58,20,783.0,15660.0,SUN SECURITIES PVT LTD,Naasa Securities Co. Ltd.,2026-04-16 11:06:06.104077
2026041603000122,SINDU,45,41,20,781.0,15620.0,Imperial Securities Company Pvt. Ltd.,Linch Stock Market Ltd.,2026-04-16 11:06:18.237852
2026041603000126,SINDU,64,34,10,785.0,7850.0,SUN SECURITIES PVT LTD,Vision Securities Pvt. Ltd,2026-04-16 11:06:20.585576
2026041603000128,SINDU,64,4,10,783.0,7830.0,SUN SECURITIES PVT LTD,Opal Securities Investment (PVT) Ltd.,2026-04-16 11:06:30.648240
2026041603000132,SINDU,45,87,10,780.0,7800.0,Imperial Securities Company Pvt. Ltd.,S.P.S.A. Securities Limited,2026-04-16 11:06:38.540628
2026041603000133,SINDU,45,87,10,773.0,7730.0,Imperial Securities Company Pvt. Ltd.,S.P.S.A. Securities Limited,2026-04-16 11:06:38.540667
2026041603000139,SINDU,64,47,30,781.0,23430.0,SUN SECURITIES PVT LTD,Neev Securities Pvt. Ltd.,2026-04-16 11:07:06.616427
2026041603000140,SINDU,42,87,10,773.0,7730.0,Sani Securities Company Ltd.,S.P.S.A. Securities Limited,2026-04-16 11:07:15.579115
2026041603000152,SINDU,45,62,10,780.0,7800.0,Imperial Securities Company Pvt. Ltd.,Capital Max Securities Ltd,2026-04-16 11:07:48.280326
2026041603000153,SINDU,45,87,10,773.0,7730.0,Imperial Securities Company Pvt. Ltd.,S.P.S.A. Securities Limited,2026-04-16 11:07:54.118586
2026041603000174,SINDU,20,41,20,773.0,15460.0,Sipla Securities Private Limited,Linch Stock Market Ltd.,2026-04-16 11:08:43.327956
2026041603000246,SINDU,41,41,10,778.0,7780.0,Linch Stock Market Ltd.,Linch Stock Market Ltd.,2026-04-16 11:12:25.365927
2026041603000247,SINDU,45,41,10,777.0,7770.0,Imperial Securities Company Pvt. Ltd.,Linch Stock Market Ltd.,2026-04-16 11:12:25.366128
2026041603000248,SINDU,56,41,150,777.0,116550.0,Sri Hari Securities Pvt. Ltd.,Linch Stock Market Ltd.,2026-04-16 11:12:25.366219
2026041603000249,SINDU,57,41,90,777.0,69930.0,Aryatara Investment & Securities,Linch Stock Market Ltd.,2026-04-16 11:12:25.366305
2026041603000250,SINDU,38,34,50,781.0,39050.0,Dipshikha Dhitopatra Karobar Co. Pvt Ltd.,Vision Securities Pvt. Ltd,2026-04-16 11:12:30.875922
2026041603000251,SINDU,38,59,10,781.0,7810.0,Dipshikha Dhitopatra Karobar Co. Pvt Ltd.,Deevyaa Securities & Stock House Pvt. Ltd,2026-04-16 11:12:30.876105
2026041603000259,SINDU,38,46,40,781.0,31240.0,Dipshikha Dhitopatra Karobar Co. Pvt Ltd.,Kalika Securities Pvt. Ltd.,2026-04-16 11:12:47.106151
2026041603000260,SINDU,57,46,10,777.0,7770.0,Aryatara Investment & Securities,Kalika Securities Pvt. Ltd.,2026-04-16 11:12:47.106208
2026041603000263,SINDU,41,41,10,776.0,7760.0,Linch Stock Market Ltd.,Linch Stock Market Ltd.,2026-04-16 11:13:00.845147
2026041603000264,SINDU,70,41,100,776.0,77600.0,Infinity Securities Limited,Linch Stock Market Ltd.,2026-04-16 11:13:00.845515
2026041603000273,SINDU,49,13,60,781.0,46860.0,Online Securities Pvt. Ltd.,Thrive Brokerage House Pvt. Ltd,2026-04-16 11:13:18.434507
2026041603000277,SINDU,64,46,40,775.0,31000.0,SUN SECURITIES PVT LTD,Kalika Securities Pvt. Ltd.,2026-04-16 11:13:22.921544
2026041603000278,SINDU,45,46,20,775.0,15500.0,Imperial Securities Company Pvt. Ltd.,Kalika Securities Pvt. Ltd.,2026-04-16 11:13:22.921651
2026041603000283,SINDU,28,41,10,775.1,7751.0,Shree Krishna Securities Ltd.,Linch Stock Market Ltd.,2026-04-16 11:13:40.589824
2026041603000292,SINDU,28,41,90,775.1,69759.0,Shree Krishna Securities Ltd.,Linch Stock Market Ltd.,2026-04-16 11:14:07.607676
2026041603000303,SINDU,45,94,30,775.0,23250.0,Imperial Securities Company Pvt. Ltd.,K.B.L. Securities Limited ,2026-04-16 11:14:23.880493
2026041603000304,SINDU,33,94,20,775.0,15500.0,Dakshinkali Investment & Securities Pvt. Ltd.,K.B.L. Securities Limited ,2026-04-16 11:14:23.880588
2026041603000308,SINDU,64,41,50,776.0,38800.0,SUN SECURITIES PVT LTD,Linch Stock Market Ltd.,2026-04-16 11:14:34.356068
2026041603000309,SINDU,33,41,30,775.0,23250.0,Dakshinkali Investment & Securities Pvt. Ltd.,Linch Stock Market Ltd.,2026-04-16 11:14:34.356259
2026041603000310,SINDU,33,47,50,775.0,38750.0,Dakshinkali Investment & Securities Pvt. Ltd.,Neev Securities Pvt. Ltd.,2026-04-16 11:14:34.909175
2026041603000312,SINDU,58,94,50,774.2,38710.0,Naasa Securities Co. Ltd.,K.B.L. Securities Limited ,2026-04-16 11:14:43.826983
2026041603000313,SINDU,45,94,10,774.1,7741.0,Imperial Securities Company Pvt. Ltd.,K.B.L. Securities Limited ,2026-04-16 11:14:43.827054
2026041603000340,SINDU,20,47,20,773.0,15460.0,Sipla Securities Private Limited,Neev Securities Pvt. Ltd.,2026-04-16 11:15:12.247279
2026041603000341,SINDU,20,94,60,773.0,46380.0,Sipla Securities Private Limited,K.B.L. Securities Limited ,2026-04-16 11:15:12.417108
2026041603000342,SINDU,14,94,50,773.0,38650.0,Nepal Stock House (PVT) Ltd.,K.B.L. Securities Limited ,2026-04-16 11:15:12.417213
2026041603000343,SINDU,62,94,40,773.0,30920.0,Capital Max Securities Ltd,K.B.L. Securities Limited ,2026-04-16 11:15:12.417289
2026041603000344,SINDU,34,94,100,772.0,77200.0,Vision Securities Pvt. Ltd,K.B.L. Securities Limited ,2026-04-16 11:15:12.417389
2026041603000345,SINDU,57,94,20,771.0,15420.0,Aryatara Investment & Securities,K.B.L. Securities Limited ,2026-04-16 11:15:12.417494
2026041603000360,SINDU,34,41,10,774.0,7740.0,Vision Securities Pvt. Ltd,Linch Stock Market Ltd.,2026-04-16 11:15:42.826421
2026041603000361,SINDU,57,41,230,771.0,177330.0,Aryatara Investment & Securities,Linch Stock Market Ltd.,2026-04-16 11:15:42.826636
2026041603000362,SINDU,13,41,160,771.0,123360.0,Thrive Brokerage House Pvt. Ltd,Linch Stock Market Ltd.,2026-04-16 11:15:42.826720
2026041603000367,SINDU,13,94,85,771.0,65535.0,Thrive Brokerage House Pvt. Ltd,K.B.L. Securities Limited ,2026-04-16 11:15:59.180203
2026041603000368,SINDU,42,94,10,770.0,7700.0,Sani Securities Company Ltd.,K.B.L. Securities Limited ,2026-04-16 11:15:59.180243
2026041603000370,SINDU,17,94,100,770.0,77000.0,ABC Securities Private Limited,K.B.L. Securities Limited ,2026-04-16 11:16:09.762319
2026041603000372,SINDU,62,41,25,773.0,19325.0,Capital Max Securities Ltd,Linch Stock Market Ltd.,2026-04-16 11:16:32.730753
2026041603000385,SINDU,62,37,10,782.9,7829.0,Capital Max Securities Ltd,Swarna Laxmi Securities Pvt. Ltd.,2026-04-16 11:17:02.533837
2026041603000414,SINDU,3,37,40,782.9,31316.0,Arun Securities (PVT) Ltd.,Swarna Laxmi Securities Pvt. Ltd.,2026-04-16 11:17:56.438961
2026041603000417,SINDU,29,59,169,783.0,132327.0,Trisul Securities & Invt. Ltd.,Deevyaa Securities & Stock House Pvt. Ltd,2026-04-16 11:18:04.521371
2026041603000420,SINDU,29,46,331,783.0,259173.0,Trisul Securities & Invt. Ltd.,Kalika Securities Pvt. Ltd.,2026-04-16 11:18:18.718211
2026041603000421,SINDU,3,46,85,782.9,66546.5,Arun Securities (PVT) Ltd.,Kalika Securities Pvt. Ltd.,2026-04-16 11:18:18.718251
2026041603000422,SINDU,13,46,40,782.9,31316.0,Thrive Brokerage House Pvt. Ltd,Kalika Securities Pvt. Ltd.,2026-04-16 11:18:18.718275
2026041603000423,SINDU,45,46,10,771.0,7710.0,Imperial Securities Company Pvt. Ltd.,Kalika Securities Pvt. Ltd.,2026-04-16 11:18:18.718307
2026041603000424,SINDU,58,46,10,771.0,7710.0,Naasa Securities Co. Ltd.,Kalika Securities Pvt. Ltd.,2026-04-16 11:18:18.718342
2026041603000425,SINDU,42,46,24,770.1,18482.4,Sani Securities Company Ltd.,Kalika Securities Pvt. Ltd.,2026-04-16 11:18:18.718366
2026041603000480,SINDU,34,58,1,759.5,759.5,Vision Securities Pvt. Ltd,Naasa Securities Co. Ltd.,2026-04-16 11:20:12.529071
2026041603000483,SINDU,45,94,10,771.3,7713.0,Imperial Securities Company Pvt. Ltd.,K.B.L. Securities Limited ,2026-04-16 11:20:15.850498
2026041603000484,SINDU,28,94,100,771.1,77110.0,Shree Krishna Securities Ltd.,K.B.L. Securities Limited ,2026-04-16 11:20:15.850594
2026041603000485,SINDU,58,94,10,771.0,7710.0,Naasa Securities Co. Ltd.,K.B.L. Securities Limited ,2026-04-16 11:20:15.850658
2026041603000486,SINDU,44,94,160,771.0,123360.0,Dynamic Money Managers Securities Pvt. Ltd.,K.B.L. Securities Limited ,2026-04-16 11:20:15.850725
2026041603000569,SINDU,38,41,100,775.0,77500.0,Dipshikha Dhitopatra Karobar Co. Pvt Ltd.,Linch Stock Market Ltd.,2026-04-16 11:23:30.873214
2026041603000587,SINDU,6,41,100,776.0,77600.0,Agrawal Securities (PVT) Ltd.,Linch Stock Market Ltd.,2026-04-16 11:23:49.289761
2026041603000589,SINDU,87,13,10,784.4,7844.0,S.P.S.A. Securities Limited,Thrive Brokerage House Pvt. Ltd,2026-04-16 11:23:56.897659
2026041603000634,SINDU,22,41,160,784.0,125440.0,Siprabi Securities Pvt. Ltd.,Linch Stock Market Ltd.,2026-04-16 11:26:20.533278
2026041603000729,SINDU,48,43,60,780.0,46800.0,Trishakti Securities Public Limited,South Asian Bulls Pvt. Ltd.,2026-04-16 11:28:42.409099
2026041603000796,SINDU,11,46,500,780.0,390000.0,Malla & Malla Stock Broking Company Pvt. Limited,Kalika Securities Pvt. Ltd.,2026-04-16 11:30:26.022959
2026041603000827,SINDU,44,46,400,780.0,312000.0,Dynamic Money Managers Securities Pvt. Ltd.,Kalika Securities Pvt. Ltd.,2026-04-16 11:31:35.921443
2026041603000848,SINDU,42,41,15,779.1,11686.5,Sani Securities Company Ltd.,Linch Stock Market Ltd.,2026-04-16 11:32:03.491499
2026041603000917,SINDU,58,87,100,780.0,78000.0,Naasa Securities Co. Ltd.,S.P.S.A. Securities Limited,2026-04-16 11:33:28.094235
2026041603000919,SINDU,87,13,10,784.4,7844.0,S.P.S.A. Securities Limited,Thrive Brokerage House Pvt. Ltd,2026-04-16 11:33:31.931890
2026041603000973,SINDU,39,13,10,784.4,7844.0,Sumeru Securities Pvt. Ltd.,Thrive Brokerage House Pvt. Ltd,2026-04-16 11:35:35.080618
2026041603000974,SINDU,39,43,30,784.4,23532.0,Sumeru Securities Pvt. Ltd.,South Asian Bulls Pvt. Ltd.,2026-04-16 11:35:35.081091
2026041603000975,SINDU,39,77,40,784.4,31376.0,Sumeru Securities Pvt. Ltd.,Nabil Stock Dealer Ltd.,2026-04-16 11:35:35.081416
2026041603001011,SINDU,58,34,100,784.6,78460.0,Naasa Securities Co. Ltd.,Vision Securities Pvt. Ltd,2026-04-16 11:36:42.983282
2026041603001063,SINDU,46,58,10,780.0,7800.0,Kalika Securities Pvt. Ltd.,Naasa Securities Co. Ltd.,2026-04-16 11:38:36.439927
2026041603001068,SINDU,87,59,10,785.0,7850.0,S.P.S.A. Securities Limited,Deevyaa Securities & Stock House Pvt. Ltd,2026-04-16 11:38:45.760924
2026041603001070,SINDU,58,58,50,785.0,39250.0,Naasa Securities Co. Ltd.,Naasa Securities Co. Ltd.,2026-04-16 11:38:47.637923
2026041603001105,SINDU,46,3,100,780.0,78000.0,Kalika Securities Pvt. Ltd.,Arun Securities (PVT) Ltd.,2026-04-16 11:39:42.470298
2026041603001108,SINDU,94,37,50,784.9,39245.0,K.B.L. Securities Limited ,Swarna Laxmi Securities Pvt. Ltd.,2026-04-16 11:39:45.580031
2026041603001109,SINDU,94,58,14,785.0,10990.0,K.B.L. Securities Limited ,Naasa Securities Co. Ltd.,2026-04-16 11:39:45.580285
2026041603001146,SINDU,46,44,50,780.0,39000.0,Kalika Securities Pvt. Ltd.,Dynamic Money Managers Securities Pvt. Ltd.,2026-04-16 11:40:36.260814
2026041603001168,SINDU,87,58,10,785.0,7850.0,S.P.S.A. Securities Limited,Naasa Securities Co. Ltd.,2026-04-16 11:40:50.882015
2026041603001220,SINDU,46,37,700,780.0,546000.0,Kalika Securities Pvt. Ltd.,Swarna Laxmi Securities Pvt. Ltd.,2026-04-16 11:41:46.949351
2026041603001263,SINDU,87,58,10,785.0,7850.0,S.P.S.A. Securities Limited,Naasa Securities Co. Ltd.,2026-04-16 11:42:30.485803
2026041603001468,SINDU,58,37,15,780.1,11701.5,Naasa Securities Co. Ltd.,Swarna Laxmi Securities Pvt. Ltd.,2026-04-16 11:48:02.834176
2026041603001469,SINDU,42,37,285,780.1,222328.5,Sani Securities Company Ltd.,Swarna Laxmi Securities Pvt. Ltd.,2026-04-16 11:48:02.834667
2026041603001470,SINDU,87,17,10,783.9,7839.0,S.P.S.A. Securities Limited,ABC Securities Private Limited,2026-04-16 11:48:09.430199
2026041603001587,SINDU,58,62,10,784.0,7840.0,Naasa Securities Co. Ltd.,Capital Max Securities Ltd,2026-04-16 11:51:21.374637
2026041603001713,SINDU,49,62,18,784.0,14112.0,Online Securities Pvt. Ltd.,Capital Max Securities Ltd,2026-04-16 11:54:34.493219
2026041603001714,SINDU,49,58,16,785.0,12560.0,Online Securities Pvt. Ltd.,Naasa Securities Co. Ltd.,2026-04-16 11:54:34.493510
2026041603001715,SINDU,49,58,10,785.0,7850.0,Online Securities Pvt. Ltd.,Naasa Securities Co. Ltd.,2026-04-16 11:54:34.493629
2026041603001716,SINDU,49,77,50,785.0,39250.0,Online Securities Pvt. Ltd.,Nabil Stock Dealer Ltd.,2026-04-16 11:54:34.493748
2026041603001717,SINDU,49,44,166,785.0,130310.0,Online Securities Pvt. Ltd.,Dynamic Money Managers Securities Pvt. Ltd.,2026-04-16 11:54:34.493907
2026041603001730,SINDU,34,62,10,782.0,7820.0,Vision Securities Pvt. Ltd,Capital Max Securities Ltd,2026-04-16 11:54:55.627862
2026041603001731,SINDU,45,62,199,782.0,155618.0,Imperial Securities Company Pvt. Ltd.,Capital Max Securities Ltd,2026-04-16 11:54:55.628106
2026041603001743,SINDU,71,44,34,785.0,26690.0,SHUBHAKAMANA SECURITIES PVT. LTD,Dynamic Money Managers Securities Pvt. Ltd.,2026-04-16 11:55:14.333628
2026041603001744,SINDU,71,19,66,785.0,51810.0,SHUBHAKAMANA SECURITIES PVT. LTD,Nepal Investment And Securities Trading Private Limited,2026-04-16 11:55:14.333944
2026041603001830,SINDU,22,19,15,785.0,11775.0,Siprabi Securities Pvt. Ltd.,Nepal Investment And Securities Trading Private Limited,2026-04-16 11:58:30.714482
2026041603001852,SINDU,58,19,19,785.0,14915.0,Naasa Securities Co. Ltd.,Nepal Investment And Securities Trading Private Limited,2026-04-16 11:59:33.870570
2026041603001853,SINDU,58,14,41,785.0,32185.0,Naasa Securities Co. Ltd.,Nepal Stock House (PVT) Ltd.,2026-04-16 11:59:33.870862
2026041603001882,SINDU,56,53,10,785.0,7850.0,Sri Hari Securities Pvt. Ltd.,Investment Management Nepal Pvt. Ltd.,2026-04-16 12:00:30.937512
2026041603001886,SINDU,87,53,31,785.0,24335.0,S.P.S.A. Securities Limited,Investment Management Nepal Pvt. Ltd.,2026-04-16 12:00:39.793772
2026041603001890,SINDU,87,17,10,787.8,7878.0,S.P.S.A. Securities Limited,ABC Securities Private Limited,2026-04-16 12:00:44.458997
2026041603001929,SINDU,43,51,100,783.0,78300.0,South Asian Bulls Pvt. Ltd.,Oxford Securities Pvt. Ltd.,2026-04-16 12:01:49.816943
2026041603001930,SINDU,49,51,100,782.1,78210.0,Online Securities Pvt. Ltd.,Oxford Securities Pvt. Ltd.,2026-04-16 12:01:49.817211
2026041603001931,SINDU,17,51,100,782.1,78210.0,ABC Securities Private Limited,Oxford Securities Pvt. Ltd.,2026-04-16 12:01:49.817327
2026041603001932,SINDU,45,51,63,782.0,49266.0,Imperial Securities Company Pvt. Ltd.,Oxford Securities Pvt. Ltd.,2026-04-16 12:01:49.817442
2026041603001933,SINDU,46,51,344,782.0,269008.0,Kalika Securities Pvt. Ltd.,Oxford Securities Pvt. Ltd.,2026-04-16 12:01:49.817555
2026041603001936,SINDU,87,11,10,787.9,7879.0,S.P.S.A. Securities Limited,Malla & Malla Stock Broking Company Pvt. Limited,2026-04-16 12:01:57.004341
2026041603001972,SINDU,42,46,400,781.0,312400.0,Sani Securities Company Ltd.,Kalika Securities Pvt. Ltd.,2026-04-16 12:03:10.919602
2026041603001973,SINDU,42,46,215,780.1,167721.5,Sani Securities Company Ltd.,Kalika Securities Pvt. Ltd.,2026-04-16 12:03:10.920135
2026041603001974,SINDU,100,46,200,780.1,156020.0,Sunrise Securities Limited,Kalika Securities Pvt. Ltd.,2026-04-16 12:03:10.920475
2026041603001975,SINDU,45,46,50,780.0,39000.0,Imperial Securities Company Pvt. Ltd.,Kalika Securities Pvt. Ltd.,2026-04-16 12:03:10.920811
2026041603001976,SINDU,32,46,80,780.0,62400.0,Premier Securities Company Ltd.,Kalika Securities Pvt. Ltd.,2026-04-16 12:03:10.921164
2026041603001977,SINDU,42,46,25,780.0,19500.0,Sani Securities Company Ltd.,Kalika Securities Pvt. Ltd.,2026-04-16 12:03:10.921496
2026041603001978,SINDU,58,46,100,780.0,78000.0,Naasa Securities Co. Ltd.,Kalika Securities Pvt. Ltd.,2026-04-16 12:03:10.921821
2026041603001979,SINDU,22,46,38,780.0,29640.0,Siprabi Securities Pvt. Ltd.,Kalika Securities Pvt. Ltd.,2026-04-16 12:03:12.175001
2026041603002005,SINDU,1,46,190,780.0,148200.0,Kumari Securities Private Limited,Kalika Securities Pvt. Ltd.,2026-04-16 12:03:49.883630
2026041603002051,SINDU,13,46,10,780.0,7800.0,Thrive Brokerage House Pvt. Ltd,Kalika Securities Pvt. Ltd.,2026-04-16 12:05:06.504616
2026041603002067,SINDU,58,46,35,780.0,27300.0,Naasa Securities Co. Ltd.,Kalika Securities Pvt. Ltd.,2026-04-16 12:05:43.568854
2026041603002077,SINDU,8,46,50,780.0,39000.0,Brilliant Securities Pvt. Ltd.,Kalika Securities Pvt. Ltd.,2026-04-16 12:06:09.286250
2026041603002081,SINDU,42,38,10,779.1,7791.0,Sani Securities Company Ltd.,Dipshikha Dhitopatra Karobar Co. Pvt Ltd.,2026-04-16 12:06:14.178944
2026041603002169,SINDU,87,49,10,784.9,7849.0,S.P.S.A. Securities Limited,Online Securities Pvt. Ltd.,2026-04-16 12:08:29.328722
2026041603002437,SINDU,44,38,17,777.7,13220.9,Dynamic Money Managers Securities Pvt. Ltd.,Dipshikha Dhitopatra Karobar Co. Pvt Ltd.,2026-04-16 12:17:38.010263
2026041603002457,SINDU,44,46,283,777.7,220089.1,Dynamic Money Managers Securities Pvt. Ltd.,Kalika Securities Pvt. Ltd.,2026-04-16 12:18:11.717785
2026041603002458,SINDU,11,46,175,777.2,136010.0,Malla & Malla Stock Broking Company Pvt. Limited,Kalika Securities Pvt. Ltd.,2026-04-16 12:18:11.718340
2026041603002459,SINDU,58,46,60,777.0,46620.0,Naasa Securities Co. Ltd.,Kalika Securities Pvt. Ltd.,2026-04-16 12:18:11.718701
2026041603002460,SINDU,45,46,70,775.0,54250.0,Imperial Securities Company Pvt. Ltd.,Kalika Securities Pvt. Ltd.,2026-04-16 12:18:11.719067
2026041603002461,SINDU,5,46,40,775.0,31000.0,Market Securities & Exchange (PVT) Ltd.,Kalika Securities Pvt. Ltd.,2026-04-16 12:18:11.719419
2026041603002462,SINDU,41,46,100,775.0,77500.0,Linch Stock Market Ltd.,Kalika Securities Pvt. Ltd.,2026-04-16 12:18:11.719772
2026041603002463,SINDU,45,46,35,775.0,27125.0,Imperial Securities Company Pvt. Ltd.,Kalika Securities Pvt. Ltd.,2026-04-16 12:18:11.720126
2026041603002464,SINDU,38,46,200,775.0,155000.0,Dipshikha Dhitopatra Karobar Co. Pvt Ltd.,Kalika Securities Pvt. Ltd.,2026-04-16 12:18:11.720472
2026041603002465,SINDU,42,46,100,774.0,77400.0,Sani Securities Company Ltd.,Kalika Securities Pvt. Ltd.,2026-04-16 12:18:11.720815
2026041603002466,SINDU,58,46,18,774.0,13932.0,Naasa Securities Co. Ltd.,Kalika Securities Pvt. Ltd.,2026-04-16 12:18:11.721172
2026041603002467,SINDU,58,46,100,772.2,77220.0,Naasa Securities Co. Ltd.,Kalika Securities Pvt. Ltd.,2026-04-16 12:18:11.721518
2026041603002468,SINDU,43,46,200,772.1,154420.0,South Asian Bulls Pvt. Ltd.,Kalika Securities Pvt. Ltd.,2026-04-16 12:18:11.721863
2026041603002469,SINDU,45,46,110,772.0,84920.0,Imperial Securities Company Pvt. Ltd.,Kalika Securities Pvt. Ltd.,2026-04-16 12:18:11.722218
2026041603002470,SINDU,11,46,50,771.2,38560.0,Malla & Malla Stock Broking Company Pvt. Limited,Kalika Securities Pvt. Ltd.,2026-04-16 12:18:11.722559
2026041603002471,SINDU,45,46,10,771.1,7711.0,Imperial Securities Company Pvt. Ltd.,Kalika Securities Pvt. Ltd.,2026-04-16 12:18:11.722900
2026041603002472,SINDU,21,46,20,771.0,15420.0,Midas Stock Broking Company Private Limited,Kalika Securities Pvt. Ltd.,2026-04-16 12:18:11.723287
2026041603002473,SINDU,58,46,10,771.0,7710.0,Naasa Securities Co. Ltd.,Kalika Securities Pvt. Ltd.,2026-04-16 12:18:11.723423
2026041603002474,SINDU,42,46,76,770.1,58527.6,Sani Securities Company Ltd.,Kalika Securities Pvt. Ltd.,2026-04-16 12:18:11.723536
2026041603002475,SINDU,56,46,20,770.0,15400.0,Sri Hari Securities Pvt. Ltd.,Kalika Securities Pvt. Ltd.,2026-04-16 12:18:11.723667
2026041603002476,SINDU,38,46,500,770.0,385000.0,Dipshikha Dhitopatra Karobar Co. Pvt Ltd.,Kalika Securities Pvt. Ltd.,2026-04-16 12:18:11.723779
2026041603002477,SINDU,38,46,500,770.0,385000.0,Dipshikha Dhitopatra Karobar Co. Pvt Ltd.,Kalika Securities Pvt. Ltd.,2026-04-16 12:18:11.723894
2026041603002478,SINDU,38,46,498,770.0,383460.0,Dipshikha Dhitopatra Karobar Co. Pvt Ltd.,Kalika Securities Pvt. Ltd.,2026-04-16 12:18:11.724004
2026041603002479,SINDU,22,46,10,770.0,7700.0,Siprabi Securities Pvt. Ltd.,Kalika Securities Pvt. Ltd.,2026-04-16 12:18:11.724163
2026041603002480,SINDU,58,46,50,770.0,38500.0,Naasa Securities Co. Ltd.,Kalika Securities Pvt. Ltd.,2026-04-16 12:18:11.724272
2026041603002481,SINDU,45,46,30,770.0,23100.0,Imperial Securities Company Pvt. Ltd.,Kalika Securities Pvt. Ltd.,2026-04-16 12:18:11.724386
2026041603002510,SINDU,42,46,150,770.0,115500.0,Sani Securities Company Ltd.,Kalika Securities Pvt. Ltd.,2026-04-16 12:18:55.698645
2026041603002531,SINDU,34,46,20,770.0,15400.0,Vision Securities Pvt. Ltd,Kalika Securities Pvt. Ltd.,2026-04-16 12:19:30.453682
2026041603002556,SINDU,37,46,300,770.0,231000.0,Swarna Laxmi Securities Pvt. Ltd.,Kalika Securities Pvt. Ltd.,2026-04-16 12:20:18.173834
2026041603002558,SINDU,58,11,50,769.4,38470.0,Naasa Securities Co. Ltd.,Malla & Malla Stock Broking Company Pvt. Limited,2026-04-16 12:20:22.761947
2026041603002591,SINDU,37,11,100,769.9,76990.0,Swarna Laxmi Securities Pvt. Ltd.,Malla & Malla Stock Broking Company Pvt. Limited,2026-04-16 12:21:12.094778
2026041603002592,SINDU,37,42,40,769.9,30796.0,Swarna Laxmi Securities Pvt. Ltd.,Sani Securities Company Ltd.,2026-04-16 12:21:12.095054
2026041603002643,SINDU,44,46,200,770.0,154000.0,Dynamic Money Managers Securities Pvt. Ltd.,Kalika Securities Pvt. Ltd.,2026-04-16 12:23:20.735095
2026041603002646,SINDU,5,46,50,770.0,38500.0,Market Securities & Exchange (PVT) Ltd.,Kalika Securities Pvt. Ltd.,2026-04-16 12:23:24.684637
2026041603002661,SINDU,58,46,20,770.0,15400.0,Naasa Securities Co. Ltd.,Kalika Securities Pvt. Ltd.,2026-04-16 12:24:02.892507
2026041603002765,SINDU,28,46,100,770.0,77000.0,Shree Krishna Securities Ltd.,Kalika Securities Pvt. Ltd.,2026-04-16 12:25:16.471183
2026041603002792,SINDU,42,46,120,770.0,92400.0,Sani Securities Company Ltd.,Kalika Securities Pvt. Ltd.,2026-04-16 12:26:14.329246
2026041603002808,SINDU,25,46,225,770.0,173250.0,Sweta Securities Private Limited,Kalika Securities Pvt. Ltd.,2026-04-16 12:26:58.193776
2026041603002828,SINDU,46,46,10,770.0,7700.0,Kalika Securities Pvt. Ltd.,Kalika Securities Pvt. Ltd.,2026-04-16 12:27:37.860290
2026041603002834,SINDU,17,46,500,770.0,385000.0,ABC Securities Private Limited,Kalika Securities Pvt. Ltd.,2026-04-16 12:28:03.548118
2026041603002858,SINDU,37,13,300,769.9,230970.0,Swarna Laxmi Securities Pvt. Ltd.,Thrive Brokerage House Pvt. Ltd,2026-04-16 12:28:58.565560
2026041603002869,SINDU,64,46,38,770.0,29260.0,SUN SECURITIES PVT LTD,Kalika Securities Pvt. Ltd.,2026-04-16 12:29:19.771179
2026041603002889,SINDU,37,26,50,769.9,38495.0,Swarna Laxmi Securities Pvt. Ltd.,Asian Securities Private Ltd.,2026-04-16 12:30:32.792715
2026041603002912,SINDU,58,13,100,769.4,76940.0,Naasa Securities Co. Ltd.,Thrive Brokerage House Pvt. Ltd,2026-04-16 12:31:52.123421
2026041603002918,SINDU,58,13,100,769.4,76940.0,Naasa Securities Co. Ltd.,Thrive Brokerage House Pvt. Ltd,2026-04-16 12:32:13.282054
2026041603002919,SINDU,51,46,71,770.0,54670.0,Oxford Securities Pvt. Ltd.,Kalika Securities Pvt. Ltd.,2026-04-16 12:32:13.826772
2026041603002929,SINDU,34,46,100,770.0,77000.0,Vision Securities Pvt. Ltd,Kalika Securities Pvt. Ltd.,2026-04-16 12:32:43.301101
2026041603002930,SINDU,98,46,90,770.0,69300.0,Trademow Securities Private Limited,Kalika Securities Pvt. Ltd.,2026-04-16 12:32:45.305003
2026041603002934,SINDU,37,46,100,770.0,77000.0,Swarna Laxmi Securities Pvt. Ltd.,Kalika Securities Pvt. Ltd.,2026-04-16 12:32:55.685242
2026041603002938,SINDU,37,46,50,770.0,38500.0,Swarna Laxmi Securities Pvt. Ltd.,Kalika Securities Pvt. Ltd.,2026-04-16 12:33:13.263679
2026041603002967,SINDU,34,46,10,770.0,7700.0,Vision Securities Pvt. Ltd,Kalika Securities Pvt. Ltd.,2026-04-16 12:34:19.699782
2026041603002989,SINDU,37,46,30,770.0,23100.0,Swarna Laxmi Securities Pvt. Ltd.,Kalika Securities Pvt. Ltd.,2026-04-16 12:34:55.861541
2026041603003001,SINDU,26,46,1656,770.0,1275120.0,Asian Securities Private Ltd.,Kalika Securities Pvt. Ltd.,2026-04-16 12:35:41.844999
2026041603003002,SINDU,26,58,104,770.0,80080.0,Asian Securities Private Ltd.,Naasa Securities Co. Ltd.,2026-04-16 12:35:41.845279
2026041603003003,SINDU,26,13,50,770.0,38500.0,Asian Securities Private Ltd.,Thrive Brokerage House Pvt. Ltd,2026-04-16 12:35:41.845405
2026041603003083,SINDU,22,46,900,770.0,693000.0,Siprabi Securities Pvt. Ltd.,Kalika Securities Pvt. Ltd.,2026-04-16 12:38:25.683495
2026041603003103,SINDU,43,46,500,770.0,385000.0,South Asian Bulls Pvt. Ltd.,Kalika Securities Pvt. Ltd.,2026-04-16 12:39:20.421047
2026041603003106,SINDU,47,46,100,770.0,77000.0,Neev Securities Pvt. Ltd.,Kalika Securities Pvt. Ltd.,2026-04-16 12:39:32.632102
2026041603003117,SINDU,42,46,399,770.0,307230.0,Sani Securities Company Ltd.,Kalika Securities Pvt. Ltd.,2026-04-16 12:39:37.336769
2026041603003118,SINDU,42,46,101,770.0,77770.0,Sani Securities Company Ltd.,Kalika Securities Pvt. Ltd.,2026-04-16 12:39:37.337019
2026041603003152,SINDU,43,46,399,770.0,307230.0,South Asian Bulls Pvt. Ltd.,Kalika Securities Pvt. Ltd.,2026-04-16 12:40:43.211292
2026041603003153,SINDU,43,46,101,770.0,77770.0,South Asian Bulls Pvt. Ltd.,Kalika Securities Pvt. Ltd.,2026-04-16 12:40:43.211556
2026041603003160,SINDU,58,46,100,770.0,77000.0,Naasa Securities Co. Ltd.,Kalika Securities Pvt. Ltd.,2026-04-16 12:41:06.754487
2026041603003167,SINDU,6,46,50,770.0,38500.0,Agrawal Securities (PVT) Ltd.,Kalika Securities Pvt. Ltd.,2026-04-16 12:41:13.619782
2026041603003169,SINDU,43,46,50,770.0,38500.0,South Asian Bulls Pvt. Ltd.,Kalika Securities Pvt. Ltd.,2026-04-16 12:41:28.947200
2026041603003181,SINDU,42,46,100,770.0,77000.0,Sani Securities Company Ltd.,Kalika Securities Pvt. Ltd.,2026-04-16 12:42:23.671881
2026041603003189,SINDU,45,46,50,770.0,38500.0,Imperial Securities Company Pvt. Ltd.,Kalika Securities Pvt. Ltd.,2026-04-16 12:42:38.454072
2026041603003193,SINDU,37,46,10,770.0,7700.0,Swarna Laxmi Securities Pvt. Ltd.,Kalika Securities Pvt. Ltd.,2026-04-16 12:42:40.871453
2026041603003215,SINDU,21,46,20,770.0,15400.0,Midas Stock Broking Company Private Limited,Kalika Securities Pvt. Ltd.,2026-04-16 12:44:01.930338
2026041603003223,SINDU,74,46,10,770.0,7700.0,KALASH STOCK MARKET PVT. LTD.,Kalika Securities Pvt. Ltd.,2026-04-16 12:44:08.672356
2026041603003226,SINDU,38,46,109,770.0,83930.0,Dipshikha Dhitopatra Karobar Co. Pvt Ltd.,Kalika Securities Pvt. Ltd.,2026-04-16 12:44:14.353942
2026041603003227,SINDU,38,46,391,770.0,301070.0,Dipshikha Dhitopatra Karobar Co. Pvt Ltd.,Kalika Securities Pvt. Ltd.,2026-04-16 12:44:14.354541
2026041603003229,SINDU,26,46,50,770.0,38500.0,Asian Securities Private Ltd.,Kalika Securities Pvt. Ltd.,2026-04-16 12:44:20.652635
2026041603003239,SINDU,77,26,50,769.5,38475.0,Nabil Stock Dealer Ltd.,Asian Securities Private Ltd.,2026-04-16 12:44:31.137826
2026041603003240,SINDU,58,26,150,769.4,115410.0,Naasa Securities Co. Ltd.,Asian Securities Private Ltd.,2026-04-16 12:44:31.138398
2026041603003246,SINDU,45,46,59,770.0,45430.0,Imperial Securities Company Pvt. Ltd.,Kalika Securities Pvt. Ltd.,2026-04-16 12:44:54.792308
2026041603003273,SINDU,42,46,59,770.0,45430.0,Sani Securities Company Ltd.,Kalika Securities Pvt. Ltd.,2026-04-16 12:46:18.268375
2026041603003274,SINDU,90,46,20,770.0,15400.0,Sajilo Broker Limited,Kalika Securities Pvt. Ltd.,2026-04-16 12:46:18.268944
2026041603003275,SINDU,17,46,500,770.0,385000.0,ABC Securities Private Limited,Kalika Securities Pvt. Ltd.,2026-04-16 12:46:18.269358
2026041603003285,SINDU,40,46,500,770.0,385000.0,Creative Securities Pvt Ltd,Kalika Securities Pvt. Ltd.,2026-04-16 12:46:38.947383
2026041603003296,SINDU,45,46,20,770.0,15400.0,Imperial Securities Company Pvt. Ltd.,Kalika Securities Pvt. Ltd.,2026-04-16 12:47:08.849551
2026041603003300,SINDU,58,46,16,770.0,12320.0,Naasa Securities Co. Ltd.,Kalika Securities Pvt. Ltd.,2026-04-16 12:47:16.519849
2026041603003307,SINDU,57,46,10,770.0,7700.0,Aryatara Investment & Securities,Kalika Securities Pvt. Ltd.,2026-04-16 12:47:37.444467
2026041603003328,SINDU,43,46,50,770.0,38500.0,South Asian Bulls Pvt. Ltd.,Kalika Securities Pvt. Ltd.,2026-04-16 12:49:02.432672
2026041603003329,SINDU,44,46,100,770.0,77000.0,Dynamic Money Managers Securities Pvt. Ltd.,Kalika Securities Pvt. Ltd.,2026-04-16 12:49:02.686864
2026041603003335,SINDU,64,46,102,770.0,78540.0,SUN SECURITIES PVT LTD,Kalika Securities Pvt. Ltd.,2026-04-16 12:49:11.174078
2026041603003336,SINDU,35,46,13,770.0,10010.0,Kohinoor Investment & Securities Pvt. Ltd.,Kalika Securities Pvt. Ltd.,2026-04-16 12:49:19.921988
2026041603003360,SINDU,33,46,110,770.0,84700.0,Dakshinkali Investment & Securities Pvt. Ltd.,Kalika Securities Pvt. Ltd.,2026-04-16 12:50:11.464870
2026041603003372,SINDU,33,46,390,770.0,300300.0,Dakshinkali Investment & Securities Pvt. Ltd.,Kalika Securities Pvt. Ltd.,2026-04-16 12:50:47.895579
2026041603003373,SINDU,51,46,80,770.0,61600.0,Oxford Securities Pvt. Ltd.,Kalika Securities Pvt. Ltd.,2026-04-16 12:50:47.895885
2026041603003433,SINDU,1,46,200,770.0,154000.0,Kumari Securities Private Limited,Kalika Securities Pvt. Ltd.,2026-04-16 12:53:13.934322
2026041603003490,SINDU,59,46,12,770.0,9240.0,Deevyaa Securities & Stock House Pvt. Ltd,Kalika Securities Pvt. Ltd.,2026-04-16 12:56:04.278136
2026041603003522,SINDU,49,46,72,770.0,55440.0,Online Securities Pvt. Ltd.,Kalika Securities Pvt. Ltd.,2026-04-16 12:57:10.849610
2026041603003536,SINDU,57,46,646,770.0,497420.0,Aryatara Investment & Securities,Kalika Securities Pvt. Ltd.,2026-04-16 12:57:43.117384
2026041603003542,SINDU,25,72,2,783.0,1566.0,Sweta Securities Private Limited,Hatemalo Financial Services Private Limited,2026-04-16 12:58:17.039623
2026041603003548,SINDU,45,46,100,770.0,77000.0,Imperial Securities Company Pvt. Ltd.,Kalika Securities Pvt. Ltd.,2026-04-16 12:58:48.690354
2026041603003553,SINDU,58,46,385,770.0,296450.0,Naasa Securities Co. Ltd.,Kalika Securities Pvt. Ltd.,2026-04-16 12:59:01.899960
2026041603003624,SINDU,49,46,130,770.0,100100.0,Online Securities Pvt. Ltd.,Kalika Securities Pvt. Ltd.,2026-04-16 13:02:09.732091
2026041603003670,SINDU,59,46,200,770.0,154000.0,Deevyaa Securities & Stock House Pvt. Ltd,Kalika Securities Pvt. Ltd.,2026-04-16 13:03:44.117364
2026041603003675,SINDU,39,46,185,770.0,142450.0,Sumeru Securities Pvt. Ltd.,Kalika Securities Pvt. Ltd.,2026-04-16 13:03:49.709859
2026041603003690,SINDU,39,46,15,770.0,11550.0,Sumeru Securities Pvt. Ltd.,Kalika Securities Pvt. Ltd.,2026-04-16 13:04:11.047534
2026041603003691,SINDU,21,46,50,770.0,38500.0,Midas Stock Broking Company Private Limited,Kalika Securities Pvt. Ltd.,2026-04-16 13:04:11.048137
2026041603003740,SINDU,58,46,20,770.0,15400.0,Naasa Securities Co. Ltd.,Kalika Securities Pvt. Ltd.,2026-04-16 13:06:12.298148
2026041603003750,SINDU,45,46,50,770.0,38500.0,Imperial Securities Company Pvt. Ltd.,Kalika Securities Pvt. Ltd.,2026-04-16 13:06:39.252016
2026041603003791,SINDU,58,13,35,769.4,26929.0,Naasa Securities Co. Ltd.,Thrive Brokerage House Pvt. Ltd,2026-04-16 13:07:47.782893
2026041603003792,SINDU,58,13,65,769.4,50011.0,Naasa Securities Co. Ltd.,Thrive Brokerage House Pvt. Ltd,2026-04-16 13:07:47.782996
2026041603003900,SINDU,41,46,200,770.0,154000.0,Linch Stock Market Ltd.,Kalika Securities Pvt. Ltd.,2026-04-16 13:09:58.923296
2026041603003981,SINDU,71,46,130,770.0,100100.0,SHUBHAKAMANA SECURITIES PVT. LTD,Kalika Securities Pvt. Ltd.,2026-04-16 13:11:38.411605
2026041603004015,SINDU,22,46,230,770.0,177100.0,Siprabi Securities Pvt. Ltd.,Kalika Securities Pvt. Ltd.,2026-04-16 13:12:14.071939
2026041603004057,SINDU,58,74,370,769.4,284678.0,Naasa Securities Co. Ltd.,KALASH STOCK MARKET PVT. LTD.,2026-04-16 13:12:53.307725
2026041603004058,SINDU,46,74,130,769.4,100022.0,Kalika Securities Pvt. Ltd.,KALASH STOCK MARKET PVT. LTD.,2026-04-16 13:12:53.308004
2026041603004137,SINDU,22,46,130,770.0,100100.0,Siprabi Securities Pvt. Ltd.,Kalika Securities Pvt. Ltd.,2026-04-16 13:14:02.308345
2026041603004155,SINDU,41,52,50,769.9,38495.0,Linch Stock Market Ltd.,Sundhara Securities Limited,2026-04-16 13:14:42.841605
2026041603004206,SINDU,45,52,10,769.9,7699.0,Imperial Securities Company Pvt. Ltd.,Sundhara Securities Limited,2026-04-16 13:15:56.260141
2026041603004226,SINDU,34,52,48,769.9,36955.2,Vision Securities Pvt. Ltd,Sundhara Securities Limited,2026-04-16 13:16:32.062331
2026041603004331,SINDU,45,14,100,769.5,76950.0,Imperial Securities Company Pvt. Ltd.,Nepal Stock House (PVT) Ltd.,2026-04-16 13:17:35.868850
2026041603004332,SINDU,46,14,900,769.4,692460.0,Kalika Securities Pvt. Ltd.,Nepal Stock House (PVT) Ltd.,2026-04-16 13:17:35.869446
2026041603004363,SINDU,46,14,900,769.4,692460.0,Kalika Securities Pvt. Ltd.,Nepal Stock House (PVT) Ltd.,2026-04-16 13:17:51.698821
2026041603004378,SINDU,58,34,100,769.9,76990.0,Naasa Securities Co. Ltd.,Vision Securities Pvt. Ltd,2026-04-16 13:18:03.395211
2026041603004379,SINDU,58,46,60,770.0,46200.0,Naasa Securities Co. Ltd.,Kalika Securities Pvt. Ltd.,2026-04-16 13:18:03.395239
2026041603004381,SINDU,46,13,100,769.4,76940.0,Kalika Securities Pvt. Ltd.,Thrive Brokerage House Pvt. Ltd,2026-04-16 13:18:04.393231
2026041603004421,SINDU,46,14,2000,769.4,1538800.0,Kalika Securities Pvt. Ltd.,Nepal Stock House (PVT) Ltd.,2026-04-16 13:18:35.208756
2026041603004473,SINDU,38,46,50,770.0,38500.0,Dipshikha Dhitopatra Karobar Co. Pvt Ltd.,Kalika Securities Pvt. Ltd.,2026-04-16 13:19:07.227299
2026041603004512,SINDU,42,46,10,769.3,7693.0,Sani Securities Company Ltd.,Kalika Securities Pvt. Ltd.,2026-04-16 13:19:49.679813
2026041603004513,SINDU,42,46,100,769.0,76900.0,Sani Securities Company Ltd.,Kalika Securities Pvt. Ltd.,2026-04-16 13:19:49.679917
2026041603004514,SINDU,45,46,38,769.0,29222.0,Imperial Securities Company Pvt. Ltd.,Kalika Securities Pvt. Ltd.,2026-04-16 13:19:49.680006
2026041603004515,SINDU,42,46,50,768.0,38400.0,Sani Securities Company Ltd.,Kalika Securities Pvt. Ltd.,2026-04-16 13:19:49.680118
2026041603004516,SINDU,59,46,25,768.0,19200.0,Deevyaa Securities & Stock House Pvt. Ltd,Kalika Securities Pvt. Ltd.,2026-04-16 13:19:49.680189
2026041603004517,SINDU,28,46,100,765.9,76590.0,Shree Krishna Securities Ltd.,Kalika Securities Pvt. Ltd.,2026-04-16 13:19:49.680261
2026041603004518,SINDU,58,46,100,765.4,76540.0,Naasa Securities Co. Ltd.,Kalika Securities Pvt. Ltd.,2026-04-16 13:19:49.680333
2026041603004519,SINDU,11,46,50,765.1,38255.0,Malla & Malla Stock Broking Company Pvt. Limited,Kalika Securities Pvt. Ltd.,2026-04-16 13:19:49.680406
2026041603004520,SINDU,48,46,80,765.0,61200.0,Trishakti Securities Public Limited,Kalika Securities Pvt. Ltd.,2026-04-16 13:19:49.680474
2026041603004521,SINDU,58,46,15,765.0,11475.0,Naasa Securities Co. Ltd.,Kalika Securities Pvt. Ltd.,2026-04-16 13:19:49.680543
2026041603004522,SINDU,57,46,250,761.0,190250.0,Aryatara Investment & Securities,Kalika Securities Pvt. Ltd.,2026-04-16 13:19:49.680675
2026041603004523,SINDU,8,46,500,760.1,380050.0,Brilliant Securities Pvt. Ltd.,Kalika Securities Pvt. Ltd.,2026-04-16 13:19:49.680762
2026041603004524,SINDU,34,46,100,760.0,76000.0,Vision Securities Pvt. Ltd,Kalika Securities Pvt. Ltd.,2026-04-16 13:19:49.680840
2026041603004525,SINDU,7,46,200,760.0,152000.0,J.F. Securites (PVT) Ltd.,Kalika Securities Pvt. Ltd.,2026-04-16 13:19:49.680911
2026041603004526,SINDU,43,46,100,760.0,76000.0,South Asian Bulls Pvt. Ltd.,Kalika Securities Pvt. Ltd.,2026-04-16 13:19:49.680983
2026041603004527,SINDU,14,46,20,760.0,15200.0,Nepal Stock House (PVT) Ltd.,Kalika Securities Pvt. Ltd.,2026-04-16 13:19:49.681102
2026041603004528,SINDU,26,46,20,760.0,15200.0,Asian Securities Private Ltd.,Kalika Securities Pvt. Ltd.,2026-04-16 13:19:49.681170
2026041603004529,SINDU,77,46,130,760.0,98800.0,Nabil Stock Dealer Ltd.,Kalika Securities Pvt. Ltd.,2026-04-16 13:19:49.681285
2026041603004530,SINDU,51,46,100,760.0,76000.0,Oxford Securities Pvt. Ltd.,Kalika Securities Pvt. Ltd.,2026-04-16 13:19:49.681347
2026041603004531,SINDU,17,46,50,760.0,38000.0,ABC Securities Private Limited,Kalika Securities Pvt. Ltd.,2026-04-16 13:19:49.681409
2026041603004532,SINDU,60,46,200,760.0,152000.0,Nagarik Stock Dealer ,Kalika Securities Pvt. Ltd.,2026-04-16 13:19:49.681478
2026041603004533,SINDU,42,46,200,760.0,152000.0,Sani Securities Company Ltd.,Kalika Securities Pvt. Ltd.,2026-04-16 13:19:49.681567
2026041603004534,SINDU,42,46,10,760.0,7600.0,Sani Securities Company Ltd.,Kalika Securities Pvt. Ltd.,2026-04-16 13:19:49.681636
2026041603004535,SINDU,22,46,500,759.0,379500.0,Siprabi Securities Pvt. Ltd.,Kalika Securities Pvt. Ltd.,2026-04-16 13:19:49.681719
2026041603004536,SINDU,51,46,100,758.2,75820.0,Oxford Securities Pvt. Ltd.,Kalika Securities Pvt. Ltd.,2026-04-16 13:19:49.681783
2026041603004537,SINDU,49,46,50,758.1,37905.0,Online Securities Pvt. Ltd.,Kalika Securities Pvt. Ltd.,2026-04-16 13:19:49.681858
2026041603004538,SINDU,57,46,10,758.0,7580.0,Aryatara Investment & Securities,Kalika Securities Pvt. Ltd.,2026-04-16 13:19:49.681930
2026041603004539,SINDU,49,46,300,758.0,227400.0,Online Securities Pvt. Ltd.,Kalika Securities Pvt. Ltd.,2026-04-16 13:19:49.681998
2026041603004540,SINDU,42,46,10,758.0,7580.0,Sani Securities Company Ltd.,Kalika Securities Pvt. Ltd.,2026-04-16 13:19:49.682063
2026041603004541,SINDU,42,46,100,758.0,75800.0,Sani Securities Company Ltd.,Kalika Securities Pvt. Ltd.,2026-04-16 13:19:49.682154
2026041603004542,SINDU,59,46,10,758.0,7580.0,Deevyaa Securities & Stock House Pvt. Ltd,Kalika Securities Pvt. Ltd.,2026-04-16 13:19:49.682203
2026041603004543,SINDU,74,46,100,757.6,75760.0,KALASH STOCK MARKET PVT. LTD.,Kalika Securities Pvt. Ltd.,2026-04-16 13:19:49.682252
2026041603004544,SINDU,26,46,100,757.6,75760.0,Asian Securities Private Ltd.,Kalika Securities Pvt. Ltd.,2026-04-16 13:19:49.682301
2026041603004545,SINDU,28,46,15,757.0,11355.0,Shree Krishna Securities Ltd.,Kalika Securities Pvt. Ltd.,2026-04-16 13:19:49.682371
2026041603004546,SINDU,52,46,100,757.0,75700.0,Sundhara Securities Limited,Kalika Securities Pvt. Ltd.,2026-04-16 13:19:49.682424
2026041603004547,SINDU,22,46,400,757.0,302800.0,Siprabi Securities Pvt. Ltd.,Kalika Securities Pvt. Ltd.,2026-04-16 13:19:49.682470
2026041603004548,SINDU,14,46,10,757.0,7570.0,Nepal Stock House (PVT) Ltd.,Kalika Securities Pvt. Ltd.,2026-04-16 13:19:49.682523
2026041603004549,SINDU,57,46,35,757.0,26495.0,Aryatara Investment & Securities,Kalika Securities Pvt. Ltd.,2026-04-16 13:19:49.682581
2026041603004550,SINDU,33,46,100,756.0,75600.0,Dakshinkali Investment & Securities Pvt. Ltd.,Kalika Securities Pvt. Ltd.,2026-04-16 13:19:49.682641
2026041603004551,SINDU,71,46,500,756.0,378000.0,SHUBHAKAMANA SECURITIES PVT. LTD,Kalika Securities Pvt. Ltd.,2026-04-16 13:19:49.682705
2026041603004552,SINDU,13,46,600,756.0,453600.0,Thrive Brokerage House Pvt. Ltd,Kalika Securities Pvt. Ltd.,2026-04-16 13:19:49.682761
2026041603004553,SINDU,58,46,160,756.0,120960.0,Naasa Securities Co. Ltd.,Kalika Securities Pvt. Ltd.,2026-04-16 13:19:49.682854
2026041603004554,SINDU,25,46,100,756.0,75600.0,Sweta Securities Private Limited,Kalika Securities Pvt. Ltd.,2026-04-16 13:19:49.682934
2026041603004555,SINDU,57,46,20,756.0,15120.0,Aryatara Investment & Securities,Kalika Securities Pvt. Ltd.,2026-04-16 13:19:49.682984
2026041603004556,SINDU,74,46,19,756.0,14364.0,KALASH STOCK MARKET PVT. LTD.,Kalika Securities Pvt. Ltd.,2026-04-16 13:19:49.683051
2026041603004557,SINDU,14,46,50,755.7,37785.0,Nepal Stock House (PVT) Ltd.,Kalika Securities Pvt. Ltd.,2026-04-16 13:19:49.683115
2026041603004558,SINDU,56,46,34,755.7,25693.8,Sri Hari Securities Pvt. Ltd.,Kalika Securities Pvt. Ltd.,2026-04-16 13:19:49.683172
2026041603004559,SINDU,16,46,100,755.7,75570.0,Primo Securities (PVT) Ltd.,Kalika Securities Pvt. Ltd.,2026-04-16 13:19:49.683234
2026041603004560,SINDU,58,46,10,755.6,7556.0,Naasa Securities Co. Ltd.,Kalika Securities Pvt. Ltd.,2026-04-16 13:19:49.683298
2026041603004561,SINDU,50,46,25,755.6,18890.0,Cristal Kanchanjanga Securites Pvt. Ltd.,Kalika Securities Pvt. Ltd.,2026-04-16 13:19:49.683393
2026041603004562,SINDU,32,46,100,755.6,75560.0,Premier Securities Company Ltd.,Kalika Securities Pvt. Ltd.,2026-04-16 13:19:49.683446
2026041603004563,SINDU,58,46,118,755.6,89160.8,Naasa Securities Co. Ltd.,Kalika Securities Pvt. Ltd.,2026-04-16 13:19:49.683495
2026041603004564,SINDU,48,46,20,755.6,15112.0,Trishakti Securities Public Limited,Kalika Securities Pvt. Ltd.,2026-04-16 13:19:49.683554
2026041603004565,SINDU,42,46,10,755.0,7550.0,Sani Securities Company Ltd.,Kalika Securities Pvt. Ltd.,2026-04-16 13:19:49.683614
2026041603004566,SINDU,42,46,10,755.0,7550.0,Sani Securities Company Ltd.,Kalika Securities Pvt. Ltd.,2026-04-16 13:19:49.683684
2026041603004567,SINDU,14,46,400,755.0,302000.0,Nepal Stock House (PVT) Ltd.,Kalika Securities Pvt. Ltd.,2026-04-16 13:19:49.683735
2026041603004568,SINDU,57,46,15,755.0,11325.0,Aryatara Investment & Securities,Kalika Securities Pvt. Ltd.,2026-04-16 13:19:49.683794
2026041603004569,SINDU,14,46,600,755.0,453000.0,Nepal Stock House (PVT) Ltd.,Kalika Securities Pvt. Ltd.,2026-04-16 13:19:49.683850
2026041603004570,SINDU,34,46,10,755.0,7550.0,Vision Securities Pvt. Ltd,Kalika Securities Pvt. Ltd.,2026-04-16 13:19:49.683898
2026041603004571,SINDU,7,46,50,755.0,37750.0,J.F. Securites (PVT) Ltd.,Kalika Securities Pvt. Ltd.,2026-04-16 13:19:49.683951
2026041603004572,SINDU,45,46,200,755.0,151000.0,Imperial Securities Company Pvt. Ltd.,Kalika Securities Pvt. Ltd.,2026-04-16 13:19:49.684002
2026041603004573,SINDU,40,46,100,755.0,75500.0,Creative Securities Pvt Ltd,Kalika Securities Pvt. Ltd.,2026-04-16 13:19:49.684074
2026041603004574,SINDU,42,46,40,755.0,30200.0,Sani Securities Company Ltd.,Kalika Securities Pvt. Ltd.,2026-04-16 13:19:49.684132
2026041603004575,SINDU,21,46,188,755.0,141940.0,Midas Stock Broking Company Private Limited,Kalika Securities Pvt. Ltd.,2026-04-16 13:19:49.684207
2026041603004576,SINDU,25,46,50,755.0,37750.0,Sweta Securities Private Limited,Kalika Securities Pvt. Ltd.,2026-04-16 13:19:49.684259
2026041603004577,SINDU,42,46,100,755.0,75500.0,Sani Securities Company Ltd.,Kalika Securities Pvt. Ltd.,2026-04-16 13:19:49.684309
2026041603004578,SINDU,22,46,280,755.0,211400.0,Siprabi Securities Pvt. Ltd.,Kalika Securities Pvt. Ltd.,2026-04-16 13:19:49.684367
2026041603004579,SINDU,58,46,100,755.0,75500.0,Naasa Securities Co. Ltd.,Kalika Securities Pvt. Ltd.,2026-04-16 13:19:49.684425
2026041603004580,SINDU,58,46,500,755.0,377500.0,Naasa Securities Co. Ltd.,Kalika Securities Pvt. Ltd.,2026-04-16 13:19:49.684494
2026041603004581,SINDU,21,46,30,755.0,22650.0,Midas Stock Broking Company Private Limited,Kalika Securities Pvt. Ltd.,2026-04-16 13:19:49.684552
2026041603004582,SINDU,58,46,50,755.0,37750.0,Naasa Securities Co. Ltd.,Kalika Securities Pvt. Ltd.,2026-04-16 13:19:49.684612
2026041603004583,SINDU,51,46,145,755.0,109475.0,Oxford Securities Pvt. Ltd.,Kalika Securities Pvt. Ltd.,2026-04-16 13:19:49.684678
2026041603004584,SINDU,34,46,100,755.0,75500.0,Vision Securities Pvt. Ltd,Kalika Securities Pvt. Ltd.,2026-04-16 13:19:49.684734
2026041603004585,SINDU,38,46,50,755.0,37750.0,Dipshikha Dhitopatra Karobar Co. Pvt Ltd.,Kalika Securities Pvt. Ltd.,2026-04-16 13:19:49.684788
2026041603004586,SINDU,48,46,30,755.0,22650.0,Trishakti Securities Public Limited,Kalika Securities Pvt. Ltd.,2026-04-16 13:19:49.684845
2026041603004587,SINDU,100,46,300,755.0,226500.0,Sunrise Securities Limited,Kalika Securities Pvt. Ltd.,2026-04-16 13:19:49.684904
2026041603004588,SINDU,22,46,100,755.0,75500.0,Siprabi Securities Pvt. Ltd.,Kalika Securities Pvt. Ltd.,2026-04-16 13:19:49.684955
2026041603004589,SINDU,36,46,10,755.0,7550.0,Secured Securities Ltd.,Kalika Securities Pvt. Ltd.,2026-04-16 13:19:49.685010
2026041603004590,SINDU,41,46,100,755.0,75500.0,Linch Stock Market Ltd.,Kalika Securities Pvt. Ltd.,2026-04-16 13:19:49.685130
2026041603004591,SINDU,43,46,30,754.7,22641.0,South Asian Bulls Pvt. Ltd.,Kalika Securities Pvt. Ltd.,2026-04-16 13:19:49.685181
2026041603004592,SINDU,53,46,103,754.7,77734.1,Investment Management Nepal Pvt. Ltd.,Kalika Securities Pvt. Ltd.,2026-04-16 13:19:49.685240
2026041603004593,SINDU,74,46,500,754.6,377300.0,KALASH STOCK MARKET PVT. LTD.,Kalika Securities Pvt. Ltd.,2026-04-16 13:19:49.685300
2026041603004594,SINDU,1,46,50,754.6,37730.0,Kumari Securities Private Limited,Kalika Securities Pvt. Ltd.,2026-04-16 13:19:49.685358
2026041603004595,SINDU,17,46,500,754.6,377300.0,ABC Securities Private Limited,Kalika Securities Pvt. Ltd.,2026-04-16 13:19:49.685418
2026041603004596,SINDU,64,46,100,754.6,75460.0,SUN SECURITIES PVT LTD,Kalika Securities Pvt. Ltd.,2026-04-16 13:19:49.685476
2026041603004597,SINDU,39,46,200,754.6,150920.0,Sumeru Securities Pvt. Ltd.,Kalika Securities Pvt. Ltd.,2026-04-16 13:19:49.685576
2026041603004598,SINDU,49,46,50,754.6,37730.0,Online Securities Pvt. Ltd.,Kalika Securities Pvt. Ltd.,2026-04-16 13:19:49.685641
2026041603004599,SINDU,41,46,587,754.6,442950.2,Linch Stock Market Ltd.,Kalika Securities Pvt. Ltd.,2026-04-16 13:19:49.685706
2026041603004600,SINDU,89,46,100,754.6,75460.0,Global IME Securities Limited,Kalika Securities Pvt. Ltd.,2026-04-16 13:19:49.685752
2026041603004601,SINDU,21,46,400,754.6,301840.0,Midas Stock Broking Company Private Limited,Kalika Securities Pvt. Ltd.,2026-04-16 13:19:49.685823
2026041603004602,SINDU,1,46,10,754.6,7546.0,Kumari Securities Private Limited,Kalika Securities Pvt. Ltd.,2026-04-16 13:19:49.685899
2026041603004603,SINDU,3,46,300,754.6,226380.0,Arun Securities (PVT) Ltd.,Kalika Securities Pvt. Ltd.,2026-04-16 13:19:49.685949
2026041603004604,SINDU,17,46,200,754.6,150920.0,ABC Securities Private Limited,Kalika Securities Pvt. Ltd.,2026-04-16 13:19:49.686013
2026041603004605,SINDU,41,46,50,754.6,37730.0,Linch Stock Market Ltd.,Kalika Securities Pvt. Ltd.,2026-04-16 13:19:49.686094
2026041603004606,SINDU,17,46,500,754.1,377050.0,ABC Securities Private Limited,Kalika Securities Pvt. Ltd.,2026-04-16 13:19:49.686157
2026041603004607,SINDU,14,46,40,754.1,30164.0,Nepal Stock House (PVT) Ltd.,Kalika Securities Pvt. Ltd.,2026-04-16 13:19:49.686223
2026041603004608,SINDU,43,46,100,754.1,75410.0,South Asian Bulls Pvt. Ltd.,Kalika Securities Pvt. Ltd.,2026-04-16 13:19:49.686318
2026041603004609,SINDU,14,46,50,751.0,37550.0,Nepal Stock House (PVT) Ltd.,Kalika Securities Pvt. Ltd.,2026-04-16 13:19:49.686383
2026041603004610,SINDU,49,46,100,751.0,75100.0,Online Securities Pvt. Ltd.,Kalika Securities Pvt. Ltd.,2026-04-16 13:19:49.686448
2026041603004611,SINDU,49,46,100,751.0,75100.0,Online Securities Pvt. Ltd.,Kalika Securities Pvt. Ltd.,2026-04-16 13:19:49.686538
2026041603004612,SINDU,28,46,100,750.6,75060.0,Shree Krishna Securities Ltd.,Kalika Securities Pvt. Ltd.,2026-04-16 13:19:49.686606
2026041603004613,SINDU,33,46,1000,750.6,750600.0,Dakshinkali Investment & Securities Pvt. Ltd.,Kalika Securities Pvt. Ltd.,2026-04-16 13:19:49.686671
2026041603004614,SINDU,45,46,100,750.6,75060.0,Imperial Securities Company Pvt. Ltd.,Kalika Securities Pvt. Ltd.,2026-04-16 13:19:49.686733
2026041603004615,SINDU,39,46,50,750.6,37530.0,Sumeru Securities Pvt. Ltd.,Kalika Securities Pvt. Ltd.,2026-04-16 13:19:49.686796
2026041603004616,SINDU,42,46,100,750.6,75060.0,Sani Securities Company Ltd.,Kalika Securities Pvt. Ltd.,2026-04-16 13:19:49.686858
2026041603004617,SINDU,42,46,20,750.6,15012.0,Sani Securities Company Ltd.,Kalika Securities Pvt. Ltd.,2026-04-16 13:19:49.686917
2026041603004618,SINDU,57,46,200,750.6,150120.0,Aryatara Investment & Securities,Kalika Securities Pvt. Ltd.,2026-04-16 13:19:49.686975
2026041603004619,SINDU,42,46,10,750.6,7506.0,Sani Securities Company Ltd.,Kalika Securities Pvt. Ltd.,2026-04-16 13:19:49.687056
2026041603004620,SINDU,74,46,500,750.6,375300.0,KALASH STOCK MARKET PVT. LTD.,Kalika Securities Pvt. Ltd.,2026-04-16 13:19:49.687121
2026041603004684,SINDU,57,34,100,752.0,75200.0,Aryatara Investment & Securities,Vision Securities Pvt. Ltd,2026-04-16 13:21:22.053538
2026041603004930,SINDU,45,87,10,759.0,7590.0,Imperial Securities Company Pvt. Ltd.,S.P.S.A. Securities Limited,2026-04-16 13:25:39.177818
2026041603004999,SINDU,59,87,10,760.1,7601.0,Deevyaa Securities & Stock House Pvt. Ltd,S.P.S.A. Securities Limited,2026-04-16 13:26:55.309887
2026041603005112,SINDU,58,46,10,761.1,7611.0,Naasa Securities Co. Ltd.,Kalika Securities Pvt. Ltd.,2026-04-16 13:29:26.292921
2026041603005113,SINDU,28,46,90,761.0,68490.0,Shree Krishna Securities Ltd.,Kalika Securities Pvt. Ltd.,2026-04-16 13:29:26.293432
2026041603005114,SINDU,32,46,100,761.0,76100.0,Premier Securities Company Ltd.,Kalika Securities Pvt. Ltd.,2026-04-16 13:29:26.293758
2026041603005115,SINDU,7,46,10,760.2,7602.0,J.F. Securites (PVT) Ltd.,Kalika Securities Pvt. Ltd.,2026-04-16 13:29:26.294086
2026041603005116,SINDU,59,46,90,760.1,68409.0,Deevyaa Securities & Stock House Pvt. Ltd,Kalika Securities Pvt. Ltd.,2026-04-16 13:29:26.294397
2026041603005117,SINDU,44,46,200,760.1,152020.0,Dynamic Money Managers Securities Pvt. Ltd.,Kalika Securities Pvt. Ltd.,2026-04-16 13:29:26.294715
2026041603005118,SINDU,7,46,20,760.0,15200.0,J.F. Securites (PVT) Ltd.,Kalika Securities Pvt. Ltd.,2026-04-16 13:29:26.295052
2026041603005119,SINDU,62,46,100,760.0,76000.0,Capital Max Securities Ltd,Kalika Securities Pvt. Ltd.,2026-04-16 13:29:26.295389
2026041603005120,SINDU,45,46,90,760.0,68400.0,Imperial Securities Company Pvt. Ltd.,Kalika Securities Pvt. Ltd.,2026-04-16 13:29:26.295704
2026041603005121,SINDU,54,46,50,760.0,38000.0,Sewa Securities Pvt. Ltd.,Kalika Securities Pvt. Ltd.,2026-04-16 13:29:26.296051
2026041603005128,SINDU,40,46,10,760.0,7600.0,Creative Securities Pvt Ltd,Kalika Securities Pvt. Ltd.,2026-04-16 13:29:33.674885
2026041603005163,SINDU,58,46,20,760.0,15200.0,Naasa Securities Co. Ltd.,Kalika Securities Pvt. Ltd.,2026-04-16 13:30:12.767925
2026041603005206,SINDU,42,46,2500,760.0,1900000.0,Sani Securities Company Ltd.,Kalika Securities Pvt. Ltd.,2026-04-16 13:31:11.481586
2026041603005233,SINDU,57,46,100,760.0,76000.0,Aryatara Investment & Securities,Kalika Securities Pvt. Ltd.,2026-04-16 13:31:49.219035
2026041603005269,SINDU,25,46,150,760.0,114000.0,Sweta Securities Private Limited,Kalika Securities Pvt. Ltd.,2026-04-16 13:32:13.697662
2026041603005279,SINDU,42,46,135,760.0,102600.0,Sani Securities Company Ltd.,Kalika Securities Pvt. Ltd.,2026-04-16 13:32:31.643606
2026041603005311,SINDU,38,46,10,760.0,7600.0,Dipshikha Dhitopatra Karobar Co. Pvt Ltd.,Kalika Securities Pvt. Ltd.,2026-04-16 13:33:13.822703
2026041603005368,SINDU,42,6,30,759.1,22773.0,Sani Securities Company Ltd.,Agrawal Securities (PVT) Ltd.,2026-04-16 13:33:49.142901
2026041603005438,SINDU,47,46,10,760.0,7600.0,Neev Securities Pvt. Ltd.,Kalika Securities Pvt. Ltd.,2026-04-16 13:35:19.775049
2026041603005454,SINDU,26,46,11,760.0,8360.0,Asian Securities Private Ltd.,Kalika Securities Pvt. Ltd.,2026-04-16 13:36:02.313872
2026041603005464,SINDU,26,38,10,759.2,7592.0,Asian Securities Private Ltd.,Dipshikha Dhitopatra Karobar Co. Pvt Ltd.,2026-04-16 13:36:22.400760
2026041603005477,SINDU,7,46,500,760.0,380000.0,J.F. Securites (PVT) Ltd.,Kalika Securities Pvt. Ltd.,2026-04-16 13:36:57.923052
2026041603005508,SINDU,7,46,500,760.0,380000.0,J.F. Securites (PVT) Ltd.,Kalika Securities Pvt. Ltd.,2026-04-16 13:37:16.717758
2026041603005542,SINDU,7,46,500,760.0,380000.0,J.F. Securites (PVT) Ltd.,Kalika Securities Pvt. Ltd.,2026-04-16 13:37:57.067082
2026041603005545,SINDU,7,46,500,760.0,380000.0,J.F. Securites (PVT) Ltd.,Kalika Securities Pvt. Ltd.,2026-04-16 13:38:01.881568
2026041603005577,SINDU,10,46,50,760.0,38000.0,Pragyan Securities (PVT) Ltd.,Kalika Securities Pvt. Ltd.,2026-04-16 13:38:41.287404
2026041603005582,SINDU,58,46,10,760.0,7600.0,Naasa Securities Co. Ltd.,Kalika Securities Pvt. Ltd.,2026-04-16 13:38:52.921154
2026041603005601,SINDU,58,46,360,760.0,273600.0,Naasa Securities Co. Ltd.,Kalika Securities Pvt. Ltd.,2026-04-16 13:39:03.211830
2026041603005613,SINDU,89,46,200,760.0,152000.0,Global IME Securities Limited,Kalika Securities Pvt. Ltd.,2026-04-16 13:39:15.897599
2026041603005628,SINDU,25,46,50,760.0,38000.0,Sweta Securities Private Limited,Kalika Securities Pvt. Ltd.,2026-04-16 13:39:29.704095
2026041603005631,SINDU,42,46,10,760.0,7600.0,Sani Securities Company Ltd.,Kalika Securities Pvt. Ltd.,2026-04-16 13:39:36.640639
2026041603005644,SINDU,58,46,30,760.0,22800.0,Naasa Securities Co. Ltd.,Kalika Securities Pvt. Ltd.,2026-04-16 13:39:53.948833
2026041603005696,SINDU,36,46,25,760.0,19000.0,Secured Securities Ltd.,Kalika Securities Pvt. Ltd.,2026-04-16 13:41:10.343271
2026041603005697,SINDU,11,46,150,760.0,114000.0,Malla & Malla Stock Broking Company Pvt. Limited,Kalika Securities Pvt. Ltd.,2026-04-16 13:41:10.431445
2026041603005699,SINDU,48,46,10,760.0,7600.0,Trishakti Securities Public Limited,Kalika Securities Pvt. Ltd.,2026-04-16 13:41:15.158491
2026041603005724,SINDU,38,46,10,760.0,7600.0,Dipshikha Dhitopatra Karobar Co. Pvt Ltd.,Kalika Securities Pvt. Ltd.,2026-04-16 13:42:03.851289
2026041603005736,SINDU,81,46,10,760.0,7600.0,Aakashbhairab Securities Ltd.,Kalika Securities Pvt. Ltd.,2026-04-16 13:42:16.936426
2026041603005748,SINDU,51,46,130,760.0,98800.0,Oxford Securities Pvt. Ltd.,Kalika Securities Pvt. Ltd.,2026-04-16 13:42:41.455710
2026041603005778,SINDU,44,26,75,760.0,57000.0,Dynamic Money Managers Securities Pvt. Ltd.,Asian Securities Private Ltd.,2026-04-16 13:43:45.020297
2026041603005779,SINDU,41,26,25,760.0,19000.0,Linch Stock Market Ltd.,Asian Securities Private Ltd.,2026-04-16 13:43:46.000619
2026041603005867,SINDU,42,46,10,762.0,7620.0,Sani Securities Company Ltd.,Kalika Securities Pvt. Ltd.,2026-04-16 13:45:40.386553
2026041603005868,SINDU,26,46,40,762.0,30480.0,Asian Securities Private Ltd.,Kalika Securities Pvt. Ltd.,2026-04-16 13:45:40.386810
2026041603005869,SINDU,13,46,250,761.0,190250.0,Thrive Brokerage House Pvt. Ltd,Kalika Securities Pvt. Ltd.,2026-04-16 13:45:40.386927
2026041603005870,SINDU,34,46,55,760.1,41805.5,Vision Securities Pvt. Ltd,Kalika Securities Pvt. Ltd.,2026-04-16 13:45:40.387048
2026041603005871,SINDU,41,46,75,760.0,57000.0,Linch Stock Market Ltd.,Kalika Securities Pvt. Ltd.,2026-04-16 13:45:40.387161
2026041603005872,SINDU,13,46,10,760.0,7600.0,Thrive Brokerage House Pvt. Ltd,Kalika Securities Pvt. Ltd.,2026-04-16 13:45:40.387271
2026041603005873,SINDU,29,46,225,760.0,171000.0,Trisul Securities & Invt. Ltd.,Kalika Securities Pvt. Ltd.,2026-04-16 13:45:40.387383
2026041603005874,SINDU,57,46,100,760.0,76000.0,Aryatara Investment & Securities,Kalika Securities Pvt. Ltd.,2026-04-16 13:45:40.387496
2026041603005902,SINDU,58,46,80,760.0,60800.0,Naasa Securities Co. Ltd.,Kalika Securities Pvt. Ltd.,2026-04-16 13:46:03.822134
2026041603005914,SINDU,45,46,155,760.0,117800.0,Imperial Securities Company Pvt. Ltd.,Kalika Securities Pvt. Ltd.,2026-04-16 13:46:35.630567
2026041603005949,SINDU,45,46,80,760.0,60800.0,Imperial Securities Company Pvt. Ltd.,Kalika Securities Pvt. Ltd.,2026-04-16 13:47:18.889014
2026041603005950,SINDU,58,46,90,760.0,68400.0,Naasa Securities Co. Ltd.,Kalika Securities Pvt. Ltd.,2026-04-16 13:47:18.889381
2026041603005966,SINDU,38,46,475,760.0,361000.0,Dipshikha Dhitopatra Karobar Co. Pvt Ltd.,Kalika Securities Pvt. Ltd.,2026-04-16 13:47:39.881249
2026041603005983,SINDU,6,46,52,760.0,39520.0,Agrawal Securities (PVT) Ltd.,Kalika Securities Pvt. Ltd.,2026-04-16 13:48:14.129206
2026041603005984,SINDU,38,46,303,760.0,230280.0,Dipshikha Dhitopatra Karobar Co. Pvt Ltd.,Kalika Securities Pvt. Ltd.,2026-04-16 13:48:16.105577
2026041603005998,SINDU,38,41,20,760.0,15200.0,Dipshikha Dhitopatra Karobar Co. Pvt Ltd.,Linch Stock Market Ltd.,2026-04-16 13:48:53.302548
2026041603006008,SINDU,38,46,152,760.0,115520.0,Dipshikha Dhitopatra Karobar Co. Pvt Ltd.,Kalika Securities Pvt. Ltd.,2026-04-16 13:49:11.555917
2026041603006009,SINDU,38,46,475,760.0,361000.0,Dipshikha Dhitopatra Karobar Co. Pvt Ltd.,Kalika Securities Pvt. Ltd.,2026-04-16 13:49:11.556142
2026041603006012,SINDU,35,46,20,760.0,15200.0,Kohinoor Investment & Securities Pvt. Ltd.,Kalika Securities Pvt. Ltd.,2026-04-16 13:49:16.426268
2026041603006026,SINDU,53,46,50,760.0,38000.0,Investment Management Nepal Pvt. Ltd.,Kalika Securities Pvt. Ltd.,2026-04-16 13:49:33.562919
2026041603006034,SINDU,38,46,10,760.0,7600.0,Dipshikha Dhitopatra Karobar Co. Pvt Ltd.,Kalika Securities Pvt. Ltd.,2026-04-16 13:49:53.637957
2026041603006040,SINDU,22,46,10,760.0,7600.0,Siprabi Securities Pvt. Ltd.,Kalika Securities Pvt. Ltd.,2026-04-16 13:49:58.573483
2026041603006046,SINDU,26,46,100,760.0,76000.0,Asian Securities Private Ltd.,Kalika Securities Pvt. Ltd.,2026-04-16 13:50:08.806325
2026041603006061,SINDU,58,46,62,760.0,47120.0,Naasa Securities Co. Ltd.,Kalika Securities Pvt. Ltd.,2026-04-16 13:51:24.063571
2026041603006092,SINDU,4,58,30,759.9,22797.0,Opal Securities Investment (PVT) Ltd.,Naasa Securities Co. Ltd.,2026-04-16 13:52:24.770486
2026041603006111,SINDU,19,28,36,759.8,27352.8,Nepal Investment And Securities Trading Private Limited,Shree Krishna Securities Ltd.,2026-04-16 13:53:41.289669
2026041603006113,SINDU,19,58,64,759.9,48633.6,Nepal Investment And Securities Trading Private Limited,Naasa Securities Co. Ltd.,2026-04-16 13:53:56.686954
2026041603006120,SINDU,19,28,36,759.8,27352.8,Nepal Investment And Securities Trading Private Limited,Shree Krishna Securities Ltd.,2026-04-16 13:54:27.914604
2026041603006145,SINDU,14,58,406,759.9,308519.4,Nepal Stock House (PVT) Ltd.,Naasa Securities Co. Ltd.,2026-04-16 13:55:09.453644
2026041603006155,SINDU,29,46,100,760.0,76000.0,Trisul Securities & Invt. Ltd.,Kalika Securities Pvt. Ltd.,2026-04-16 13:55:36.750601
2026041603006159,SINDU,57,46,50,760.0,38000.0,Aryatara Investment & Securities,Kalika Securities Pvt. Ltd.,2026-04-16 13:55:50.111205
2026041603006165,SINDU,5,46,50,760.0,38000.0,Market Securities & Exchange (PVT) Ltd.,Kalika Securities Pvt. Ltd.,2026-04-16 13:56:25.119298
2026041603006168,SINDU,49,46,500,760.0,380000.0,Online Securities Pvt. Ltd.,Kalika Securities Pvt. Ltd.,2026-04-16 13:56:31.680637
2026041603006176,SINDU,34,46,10,760.0,7600.0,Vision Securities Pvt. Ltd,Kalika Securities Pvt. Ltd.,2026-04-16 13:56:55.045092
2026041603006185,SINDU,29,46,190,760.0,144400.0,Trisul Securities & Invt. Ltd.,Kalika Securities Pvt. Ltd.,2026-04-16 13:57:14.052671
2026041603006193,SINDU,29,46,10,760.0,7600.0,Trisul Securities & Invt. Ltd.,Kalika Securities Pvt. Ltd.,2026-04-16 13:57:34.395683
2026041603006194,SINDU,47,46,600,760.0,456000.0,Neev Securities Pvt. Ltd.,Kalika Securities Pvt. Ltd.,2026-04-16 13:57:34.396242
2026041603006195,SINDU,38,46,100,760.0,76000.0,Dipshikha Dhitopatra Karobar Co. Pvt Ltd.,Kalika Securities Pvt. Ltd.,2026-04-16 13:57:34.396644
2026041603006196,SINDU,47,46,600,760.0,456000.0,Neev Securities Pvt. Ltd.,Kalika Securities Pvt. Ltd.,2026-04-16 13:57:36.605217
2026041603006217,SINDU,4,46,390,760.0,296400.0,Opal Securities Investment (PVT) Ltd.,Kalika Securities Pvt. Ltd.,2026-04-16 13:58:10.362008
2026041603006227,SINDU,4,46,110,760.0,83600.0,Opal Securities Investment (PVT) Ltd.,Kalika Securities Pvt. Ltd.,2026-04-16 13:58:29.031982
2026041603006230,SINDU,38,46,75,760.0,57000.0,Dipshikha Dhitopatra Karobar Co. Pvt Ltd.,Kalika Securities Pvt. Ltd.,2026-04-16 13:58:35.632342
2026041603006233,SINDU,45,46,70,760.0,53200.0,Imperial Securities Company Pvt. Ltd.,Kalika Securities Pvt. Ltd.,2026-04-16 13:58:36.830746
2026041603006253,SINDU,58,46,200,760.0,152000.0,Naasa Securities Co. Ltd.,Kalika Securities Pvt. Ltd.,2026-04-16 13:59:06.931545
2026041603006254,SINDU,47,46,50,760.0,38000.0,Neev Securities Pvt. Ltd.,Kalika Securities Pvt. Ltd.,2026-04-16 13:59:07.457608
2026041603006257,SINDU,58,46,27,760.0,20520.0,Naasa Securities Co. Ltd.,Kalika Securities Pvt. Ltd.,2026-04-16 13:59:24.688803
2026041603006265,SINDU,36,46,100,760.0,76000.0,Secured Securities Ltd.,Kalika Securities Pvt. Ltd.,2026-04-16 13:59:32.143718
2026041603006266,SINDU,45,46,468,760.0,355680.0,Imperial Securities Company Pvt. Ltd.,Kalika Securities Pvt. Ltd.,2026-04-16 13:59:32.667375
2026041603006295,SINDU,45,46,32,760.0,24320.0,Imperial Securities Company Pvt. Ltd.,Kalika Securities Pvt. Ltd.,2026-04-16 14:00:22.815657
2026041603006296,SINDU,5,46,35,760.0,26600.0,Market Securities & Exchange (PVT) Ltd.,Kalika Securities Pvt. Ltd.,2026-04-16 14:00:22.815970
2026041603006297,SINDU,52,46,500,760.0,380000.0,Sundhara Securities Limited,Kalika Securities Pvt. Ltd.,2026-04-16 14:00:22.816099
2026041603006301,SINDU,87,46,10,760.0,7600.0,S.P.S.A. Securities Limited,Kalika Securities Pvt. Ltd.,2026-04-16 14:00:25.389911
2026041603006310,SINDU,6,46,50,760.0,38000.0,Agrawal Securities (PVT) Ltd.,Kalika Securities Pvt. Ltd.,2026-04-16 14:00:31.592843
2026041603006333,SINDU,33,46,373,760.0,283480.0,Dakshinkali Investment & Securities Pvt. Ltd.,Kalika Securities Pvt. Ltd.,2026-04-16 14:01:13.289989
2026041603006335,SINDU,41,46,56,760.0,42560.0,Linch Stock Market Ltd.,Kalika Securities Pvt. Ltd.,2026-04-16 14:01:16.952067
2026041603006357,SINDU,14,95,94,759.9,71430.6,Nepal Stock House (PVT) Ltd.,Magnet Securities and Investment Company Private Limited,2026-04-16 14:01:41.979994
2026041603006358,SINDU,44,95,50,759.9,37995.0,Dynamic Money Managers Securities Pvt. Ltd.,Magnet Securities and Investment Company Private Limited,2026-04-16 14:01:42.727771
2026041603006372,SINDU,58,95,27,759.9,20517.3,Naasa Securities Co. Ltd.,Magnet Securities and Investment Company Private Limited,2026-04-16 14:02:33.684900
2026041603006378,SINDU,44,95,50,759.9,37995.0,Dynamic Money Managers Securities Pvt. Ltd.,Magnet Securities and Investment Company Private Limited,2026-04-16 14:02:41.704886
2026041603006382,SINDU,63,95,79,759.9,60032.1,Himalayan Brokerage Company Limited,Magnet Securities and Investment Company Private Limited,2026-04-16 14:03:03.961329
2026041603006383,SINDU,63,46,21,760.0,15960.0,Himalayan Brokerage Company Limited,Kalika Securities Pvt. Ltd.,2026-04-16 14:03:03.961632
2026041603006395,SINDU,38,46,500,760.0,380000.0,Dipshikha Dhitopatra Karobar Co. Pvt Ltd.,Kalika Securities Pvt. Ltd.,2026-04-16 14:03:40.518994
2026041603006408,SINDU,36,46,23,760.0,17480.0,Secured Securities Ltd.,Kalika Securities Pvt. Ltd.,2026-04-16 14:03:55.145290
2026041603006413,SINDU,36,46,27,760.0,20520.0,Secured Securities Ltd.,Kalika Securities Pvt. Ltd.,2026-04-16 14:04:06.263142
2026041603006432,SINDU,49,46,50,760.0,38000.0,Online Securities Pvt. Ltd.,Kalika Securities Pvt. Ltd.,2026-04-16 14:04:37.221361
2026041603006435,SINDU,34,46,20,760.0,15200.0,Vision Securities Pvt. Ltd,Kalika Securities Pvt. Ltd.,2026-04-16 14:04:49.471143
2026041603006450,SINDU,46,46,10,760.0,7600.0,Kalika Securities Pvt. Ltd.,Kalika Securities Pvt. Ltd.,2026-04-16 14:05:11.896745
2026041603006457,SINDU,44,46,58,760.0,44080.0,Dynamic Money Managers Securities Pvt. Ltd.,Kalika Securities Pvt. Ltd.,2026-04-16 14:05:21.906579
2026041603006458,SINDU,42,46,150,760.0,114000.0,Sani Securities Company Ltd.,Kalika Securities Pvt. Ltd.,2026-04-16 14:05:24.302344
2026041603006468,SINDU,47,46,50,760.0,38000.0,Neev Securities Pvt. Ltd.,Kalika Securities Pvt. Ltd.,2026-04-16 14:05:34.942839
2026041603006500,SINDU,38,46,40,760.0,30400.0,Dipshikha Dhitopatra Karobar Co. Pvt Ltd.,Kalika Securities Pvt. Ltd.,2026-04-16 14:06:19.825958
2026041603006516,SINDU,49,53,325,759.5,246837.5,Online Securities Pvt. Ltd.,Investment Management Nepal Pvt. Ltd.,2026-04-16 14:07:06.629088
2026041603006517,SINDU,87,53,75,759.3,56947.5,S.P.S.A. Securities Limited,Investment Management Nepal Pvt. Ltd.,2026-04-16 14:07:06.629391
2026041603006520,SINDU,57,46,100,760.0,76000.0,Aryatara Investment & Securities,Kalika Securities Pvt. Ltd.,2026-04-16 14:07:16.545800
2026041603006523,SINDU,81,46,20,760.0,15200.0,Aakashbhairab Securities Ltd.,Kalika Securities Pvt. Ltd.,2026-04-16 14:07:32.753527
2026041603006552,SINDU,7,46,55,760.0,41800.0,J.F. Securites (PVT) Ltd.,Kalika Securities Pvt. Ltd.,2026-04-16 14:08:01.754829
2026041603006592,SINDU,52,46,320,760.0,243200.0,Sundhara Securities Limited,Kalika Securities Pvt. Ltd.,2026-04-16 14:09:12.165684
2026041603006597,SINDU,87,28,10,771.7,7717.0,S.P.S.A. Securities Limited,Shree Krishna Securities Ltd.,2026-04-16 14:09:57.128996
2026041603006603,SINDU,51,46,1919,760.0,1458440.0,Oxford Securities Pvt. Ltd.,Kalika Securities Pvt. Ltd.,2026-04-16 14:10:38.262228
2026041603006608,SINDU,87,28,10,771.7,7717.0,S.P.S.A. Securities Limited,Shree Krishna Securities Ltd.,2026-04-16 14:10:49.674651
2026041603006652,SINDU,51,46,81,760.0,61560.0,Oxford Securities Pvt. Ltd.,Kalika Securities Pvt. Ltd.,2026-04-16 14:12:30.063790
2026041603006653,SINDU,52,46,500,760.0,380000.0,Sundhara Securities Limited,Kalika Securities Pvt. Ltd.,2026-04-16 14:12:30.064400
2026041603006654,SINDU,52,46,500,760.0,380000.0,Sundhara Securities Limited,Kalika Securities Pvt. Ltd.,2026-04-16 14:12:30.064785
2026041603006655,SINDU,32,46,100,760.0,76000.0,Premier Securities Company Ltd.,Kalika Securities Pvt. Ltd.,2026-04-16 14:12:30.065155
2026041603006656,SINDU,17,46,100,760.0,76000.0,ABC Securities Private Limited,Kalika Securities Pvt. Ltd.,2026-04-16 14:12:30.065515
2026041603006657,SINDU,58,46,10,760.0,7600.0,Naasa Securities Co. Ltd.,Kalika Securities Pvt. Ltd.,2026-04-16 14:12:30.065865
2026041603006658,SINDU,19,46,50,760.0,38000.0,Nepal Investment And Securities Trading Private Limited,Kalika Securities Pvt. Ltd.,2026-04-16 14:12:30.066232
2026041603006681,SINDU,6,46,20,760.0,15200.0,Agrawal Securities (PVT) Ltd.,Kalika Securities Pvt. Ltd.,2026-04-16 14:12:54.484912
2026041603006692,SINDU,34,46,200,760.0,152000.0,Vision Securities Pvt. Ltd,Kalika Securities Pvt. Ltd.,2026-04-16 14:13:13.509379
2026041603006700,SINDU,58,46,40,760.0,30400.0,Naasa Securities Co. Ltd.,Kalika Securities Pvt. Ltd.,2026-04-16 14:13:32.756776
2026041603006727,SINDU,39,46,100,760.0,76000.0,Sumeru Securities Pvt. Ltd.,Kalika Securities Pvt. Ltd.,2026-04-16 14:14:47.617518
2026041603006736,SINDU,7,46,50,760.0,38000.0,J.F. Securites (PVT) Ltd.,Kalika Securities Pvt. Ltd.,2026-04-16 14:15:10.679785
2026041603006768,SINDU,87,28,10,769.9,7699.0,S.P.S.A. Securities Limited,Shree Krishna Securities Ltd.,2026-04-16 14:15:58.406450
2026041603006781,SINDU,28,28,90,769.9,69291.0,Shree Krishna Securities Ltd.,Shree Krishna Securities Ltd.,2026-04-16 14:16:12.230190
2026041603006782,SINDU,28,26,410,770.0,315700.0,Shree Krishna Securities Ltd.,Asian Securities Private Ltd.,2026-04-16 14:16:12.230637
2026041603006813,SINDU,58,87,100,762.0,76200.0,Naasa Securities Co. Ltd.,S.P.S.A. Securities Limited,2026-04-16 14:17:11.710586
2026041603006814,SINDU,3,87,1000,760.0,760000.0,Arun Securities (PVT) Ltd.,S.P.S.A. Securities Limited,2026-04-16 14:17:11.710890
2026041603006815,SINDU,13,87,150,760.0,114000.0,Thrive Brokerage House Pvt. Ltd,S.P.S.A. Securities Limited,2026-04-16 14:17:11.711016
2026041603006816,SINDU,19,87,50,760.0,38000.0,Nepal Investment And Securities Trading Private Limited,S.P.S.A. Securities Limited,2026-04-16 14:17:11.711145
2026041603006817,SINDU,51,87,76,760.0,57760.0,Oxford Securities Pvt. Ltd.,S.P.S.A. Securities Limited,2026-04-16 14:17:11.711258
2026041603006822,SINDU,84,87,15,760.0,11400.0,MILKY WAY SHARE BROKER COMPANY LTD ,S.P.S.A. Securities Limited,2026-04-16 14:17:41.481426
2026041603006833,SINDU,87,26,10,770.0,7700.0,S.P.S.A. Securities Limited,Asian Securities Private Ltd.,2026-04-16 14:18:17.483122
2026041603006838,SINDU,45,26,80,770.0,61600.0,Imperial Securities Company Pvt. Ltd.,Asian Securities Private Ltd.,2026-04-16 14:18:39.909074
2026041603006839,SINDU,45,6,20,770.0,15400.0,Imperial Securities Company Pvt. Ltd.,Agrawal Securities (PVT) Ltd.,2026-04-16 14:18:50.020487
2026041603006857,SINDU,87,28,10,772.6,7726.0,S.P.S.A. Securities Limited,Shree Krishna Securities Ltd.,2026-04-16 14:19:33.874392
2026041603006880,SINDU,38,87,390,760.2,296478.0,Dipshikha Dhitopatra Karobar Co. Pvt Ltd.,S.P.S.A. Securities Limited,2026-04-16 14:20:23.375552
2026041603006881,SINDU,57,87,50,760.1,38005.0,Aryatara Investment & Securities,S.P.S.A. Securities Limited,2026-04-16 14:20:23.375651
2026041603006883,SINDU,17,87,100,760.0,76000.0,ABC Securities Private Limited,S.P.S.A. Securities Limited,2026-04-16 14:20:26.662706
2026041603006914,SINDU,13,87,100,760.0,76000.0,Thrive Brokerage House Pvt. Ltd,S.P.S.A. Securities Limited,2026-04-16 14:21:12.788465
2026041603006927,SINDU,49,87,800,760.0,608000.0,Online Securities Pvt. Ltd.,S.P.S.A. Securities Limited,2026-04-16 14:21:21.632711
2026041603006931,SINDU,49,87,200,760.0,152000.0,Online Securities Pvt. Ltd.,S.P.S.A. Securities Limited,2026-04-16 14:21:33.146242
2026041603006944,SINDU,58,87,150,760.0,114000.0,Naasa Securities Co. Ltd.,S.P.S.A. Securities Limited,2026-04-16 14:21:49.974558
2026041603006959,SINDU,38,87,50,760.0,38000.0,Dipshikha Dhitopatra Karobar Co. Pvt Ltd.,S.P.S.A. Securities Limited,2026-04-16 14:22:03.683272
2026041603006968,SINDU,21,87,500,760.0,380000.0,Midas Stock Broking Company Private Limited,S.P.S.A. Securities Limited,2026-04-16 14:22:13.369539
2026041603006994,SINDU,6,87,200,760.0,152000.0,Agrawal Securities (PVT) Ltd.,S.P.S.A. Securities Limited,2026-04-16 14:22:47.943997
2026041603007000,SINDU,74,49,49,772.3,37842.7,KALASH STOCK MARKET PVT. LTD.,Online Securities Pvt. Ltd.,2026-04-16 14:22:53.365713
2026041603007001,SINDU,74,6,40,772.4,30896.0,KALASH STOCK MARKET PVT. LTD.,Agrawal Securities (PVT) Ltd.,2026-04-16 14:22:53.365815
2026041603007002,SINDU,74,49,67,772.5,51757.5,KALASH STOCK MARKET PVT. LTD.,Online Securities Pvt. Ltd.,2026-04-16 14:22:53.365886
2026041603007003,SINDU,74,41,54,773.0,41742.0,KALASH STOCK MARKET PVT. LTD.,Linch Stock Market Ltd.,2026-04-16 14:22:53.365950
2026041603007010,SINDU,74,87,10,760.0,7600.0,KALASH STOCK MARKET PVT. LTD.,S.P.S.A. Securities Limited,2026-04-16 14:23:08.540480
2026041603007011,SINDU,45,87,500,760.0,380000.0,Imperial Securities Company Pvt. Ltd.,S.P.S.A. Securities Limited,2026-04-16 14:23:08.541017
2026041603007019,SINDU,58,87,22,760.0,16720.0,Naasa Securities Co. Ltd.,S.P.S.A. Securities Limited,2026-04-16 14:23:24.783464
2026041603007026,SINDU,74,87,90,760.0,68400.0,KALASH STOCK MARKET PVT. LTD.,S.P.S.A. Securities Limited,2026-04-16 14:23:30.101470
2026041603007034,SINDU,58,87,20,760.0,15200.0,Naasa Securities Co. Ltd.,S.P.S.A. Securities Limited,2026-04-16 14:23:33.474554
2026041603007039,SINDU,58,87,60,760.0,45600.0,Naasa Securities Co. Ltd.,S.P.S.A. Securities Limited,2026-04-16 14:23:42.767065
2026041603007050,SINDU,45,87,20,760.0,15200.0,Imperial Securities Company Pvt. Ltd.,S.P.S.A. Securities Limited,2026-04-16 14:24:16.044455
2026041603007055,SINDU,42,87,50,760.0,38000.0,Sani Securities Company Ltd.,S.P.S.A. Securities Limited,2026-04-16 14:24:33.031172
2026041603007080,SINDU,62,87,100,760.0,76000.0,Capital Max Securities Ltd,S.P.S.A. Securities Limited,2026-04-16 14:25:06.003663
2026041603007094,SINDU,43,87,100,760.0,76000.0,South Asian Bulls Pvt. Ltd.,S.P.S.A. Securities Limited,2026-04-16 14:25:28.911377
2026041603007099,SINDU,49,87,528,760.0,401280.0,Online Securities Pvt. Ltd.,S.P.S.A. Securities Limited,2026-04-16 14:25:45.008245
2026041603007100,SINDU,74,58,100,772.8,77280.0,KALASH STOCK MARKET PVT. LTD.,Naasa Securities Co. Ltd.,2026-04-16 14:25:47.970278
2026041603007112,SINDU,49,87,472,760.0,358720.0,Online Securities Pvt. Ltd.,S.P.S.A. Securities Limited,2026-04-16 14:26:14.916829
2026041603007113,SINDU,58,87,100,760.0,76000.0,Naasa Securities Co. Ltd.,S.P.S.A. Securities Limited,2026-04-16 14:26:14.917399
2026041603007114,SINDU,91,87,100,760.0,76000.0,Citizens Share Broker Limited,S.P.S.A. Securities Limited,2026-04-16 14:26:14.917790
2026041603007124,SINDU,19,87,10,760.0,7600.0,Nepal Investment And Securities Trading Private Limited,S.P.S.A. Securities Limited,2026-04-16 14:26:37.088617
2026041603007127,SINDU,62,87,500,760.0,380000.0,Capital Max Securities Ltd,S.P.S.A. Securities Limited,2026-04-16 14:26:39.970083
2026041603007142,SINDU,42,87,318,760.0,241680.0,Sani Securities Company Ltd.,S.P.S.A. Securities Limited,2026-04-16 14:27:24.840293
2026041603007143,SINDU,42,87,82,760.0,62320.0,Sani Securities Company Ltd.,S.P.S.A. Securities Limited,2026-04-16 14:27:24.840574
2026041603007144,SINDU,21,87,500,760.0,380000.0,Midas Stock Broking Company Private Limited,S.P.S.A. Securities Limited,2026-04-16 14:27:26.349047
2026041603007152,SINDU,46,87,18,760.0,13680.0,Kalika Securities Pvt. Ltd.,S.P.S.A. Securities Limited,2026-04-16 14:27:36.282382
2026041603007154,SINDU,46,87,32,760.0,24320.0,Kalika Securities Pvt. Ltd.,S.P.S.A. Securities Limited,2026-04-16 14:27:38.104507
2026041603007157,SINDU,62,87,500,760.0,380000.0,Capital Max Securities Ltd,S.P.S.A. Securities Limited,2026-04-16 14:27:44.720341
2026041603007158,SINDU,14,87,100,760.0,76000.0,Nepal Stock House (PVT) Ltd.,S.P.S.A. Securities Limited,2026-04-16 14:27:51.039795
2026041603007185,SINDU,34,87,100,760.0,76000.0,Vision Securities Pvt. Ltd,S.P.S.A. Securities Limited,2026-04-16 14:28:14.717870
2026041603007200,SINDU,38,87,56,760.0,42560.0,Dipshikha Dhitopatra Karobar Co. Pvt Ltd.,S.P.S.A. Securities Limited,2026-04-16 14:29:09.013961
2026041603007211,SINDU,4,87,50,760.0,38000.0,Opal Securities Investment (PVT) Ltd.,S.P.S.A. Securities Limited,2026-04-16 14:29:29.185798
2026041603007214,SINDU,19,87,62,760.0,47120.0,Nepal Investment And Securities Trading Private Limited,S.P.S.A. Securities Limited,2026-04-16 14:29:32.766208
2026041603007215,SINDU,19,87,138,760.0,104880.0,Nepal Investment And Securities Trading Private Limited,S.P.S.A. Securities Limited,2026-04-16 14:29:32.766767
2026041603007254,SINDU,75,87,35,760.0,26600.0,N.I.M.B. Stock Markets Limited,S.P.S.A. Securities Limited,2026-04-16 14:30:09.995783
2026041603007256,SINDU,40,87,50,760.0,38000.0,Creative Securities Pvt Ltd,S.P.S.A. Securities Limited,2026-04-16 14:30:12.081596
2026041603007260,SINDU,25,87,37,760.0,28120.0,Sweta Securities Private Limited,S.P.S.A. Securities Limited,2026-04-16 14:30:15.904629
2026041603007268,SINDU,13,87,340,760.0,258400.0,Thrive Brokerage House Pvt. Ltd,S.P.S.A. Securities Limited,2026-04-16 14:30:30.415491
2026041603007274,SINDU,13,87,20,760.0,15200.0,Thrive Brokerage House Pvt. Ltd,S.P.S.A. Securities Limited,2026-04-16 14:30:39.803802
2026041603007275,SINDU,58,87,150,760.0,114000.0,Naasa Securities Co. Ltd.,S.P.S.A. Securities Limited,2026-04-16 14:30:39.803859
2026041603007276,SINDU,87,58,10,772.6,7726.0,S.P.S.A. Securities Limited,Naasa Securities Co. Ltd.,2026-04-16 14:30:43.714896
2026041603007306,SINDU,25,87,300,760.0,228000.0,Sweta Securities Private Limited,S.P.S.A. Securities Limited,2026-04-16 14:31:21.553561
2026041603007307,SINDU,34,87,110,760.0,83600.0,Vision Securities Pvt. Ltd,S.P.S.A. Securities Limited,2026-04-16 14:31:21.553879
2026041603007310,SINDU,52,87,10,760.0,7600.0,Sundhara Securities Limited,S.P.S.A. Securities Limited,2026-04-16 14:31:36.039763
2026041603007325,SINDU,43,87,10,760.0,7600.0,South Asian Bulls Pvt. Ltd.,S.P.S.A. Securities Limited,2026-04-16 14:31:43.067130
2026041603007330,SINDU,44,87,200,760.0,152000.0,Dynamic Money Managers Securities Pvt. Ltd.,S.P.S.A. Securities Limited,2026-04-16 14:31:49.294682
2026041603007342,SINDU,35,87,50,760.0,38000.0,Kohinoor Investment & Securities Pvt. Ltd.,S.P.S.A. Securities Limited,2026-04-16 14:32:29.469896
2026041603007343,SINDU,57,87,100,760.0,76000.0,Aryatara Investment & Securities,S.P.S.A. Securities Limited,2026-04-16 14:32:31.089923
2026041603007348,SINDU,34,87,100,760.0,76000.0,Vision Securities Pvt. Ltd,S.P.S.A. Securities Limited,2026-04-16 14:32:54.007887
2026041603007356,SINDU,57,87,520,760.0,395200.0,Aryatara Investment & Securities,S.P.S.A. Securities Limited,2026-04-16 14:33:00.482095
2026041603007368,SINDU,57,87,100,760.0,76000.0,Aryatara Investment & Securities,S.P.S.A. Securities Limited,2026-04-16 14:33:14.735151
2026041603007374,SINDU,13,87,84,760.0,63840.0,Thrive Brokerage House Pvt. Ltd,S.P.S.A. Securities Limited,2026-04-16 14:33:49.832058
2026041603007375,SINDU,59,87,12,760.0,9120.0,Deevyaa Securities & Stock House Pvt. Ltd,S.P.S.A. Securities Limited,2026-04-16 14:33:53.908207
2026041603007382,SINDU,34,87,10,760.0,7600.0,Vision Securities Pvt. Ltd,S.P.S.A. Securities Limited,2026-04-16 14:34:13.662121
2026041603007429,SINDU,58,87,18,760.0,13680.0,Naasa Securities Co. Ltd.,S.P.S.A. Securities Limited,2026-04-16 14:35:52.382242
2026041603007447,SINDU,87,58,10,772.6,7726.0,S.P.S.A. Securities Limited,Naasa Securities Co. Ltd.,2026-04-16 14:36:29.594883
2026041603007526,SINDU,74,28,31,772.7,23953.7,KALASH STOCK MARKET PVT. LTD.,Shree Krishna Securities Ltd.,2026-04-16 14:38:48.220715
2026041603007530,SINDU,35,87,50,762.1,38105.0,Kohinoor Investment & Securities Pvt. Ltd.,S.P.S.A. Securities Limited,2026-04-16 14:38:54.882876
2026041603007531,SINDU,32,87,100,762.0,76200.0,Premier Securities Company Ltd.,S.P.S.A. Securities Limited,2026-04-16 14:38:54.883196
2026041603007532,SINDU,14,87,30,760.0,22800.0,Nepal Stock House (PVT) Ltd.,S.P.S.A. Securities Limited,2026-04-16 14:38:54.883330
2026041603007533,SINDU,44,87,58,760.0,44080.0,Dynamic Money Managers Securities Pvt. Ltd.,S.P.S.A. Securities Limited,2026-04-16 14:38:54.883461
2026041603007534,SINDU,33,87,500,760.0,380000.0,Dakshinkali Investment & Securities Pvt. Ltd.,S.P.S.A. Securities Limited,2026-04-16 14:38:54.883585
2026041603007537,SINDU,28,87,200,760.0,152000.0,Shree Krishna Securities Ltd.,S.P.S.A. Securities Limited,2026-04-16 14:39:01.991846
2026041603007550,SINDU,45,87,50,760.0,38000.0,Imperial Securities Company Pvt. Ltd.,S.P.S.A. Securities Limited,2026-04-16 14:39:32.594143
2026041603007559,SINDU,49,87,12,760.0,9120.0,Online Securities Pvt. Ltd.,S.P.S.A. Securities Limited,2026-04-16 14:39:44.313341
2026041603007575,SINDU,35,87,100,760.0,76000.0,Kohinoor Investment & Securities Pvt. Ltd.,S.P.S.A. Securities Limited,2026-04-16 14:40:14.211301
2026041603007604,SINDU,35,87,50,760.0,38000.0,Kohinoor Investment & Securities Pvt. Ltd.,S.P.S.A. Securities Limited,2026-04-16 14:40:52.649719
2026041603007613,SINDU,22,87,49,760.0,37240.0,Siprabi Securities Pvt. Ltd.,S.P.S.A. Securities Limited,2026-04-16 14:41:12.031508
2026041603007621,SINDU,22,87,51,760.0,38760.0,Siprabi Securities Pvt. Ltd.,S.P.S.A. Securities Limited,2026-04-16 14:41:21.869332
2026041603007622,SINDU,28,87,100,760.0,76000.0,Shree Krishna Securities Ltd.,S.P.S.A. Securities Limited,2026-04-16 14:41:21.869942
2026041603007623,SINDU,58,87,50,760.0,38000.0,Naasa Securities Co. Ltd.,S.P.S.A. Securities Limited,2026-04-16 14:41:21.870596
2026041603007633,SINDU,32,87,49,760.0,37240.0,Premier Securities Company Ltd.,S.P.S.A. Securities Limited,2026-04-16 14:41:35.073524
2026041603007641,SINDU,32,87,51,760.0,38760.0,Premier Securities Company Ltd.,S.P.S.A. Securities Limited,2026-04-16 14:41:44.769404
2026041603007642,SINDU,88,87,50,760.0,38000.0,Blue Chip Securities Ltd,S.P.S.A. Securities Limited,2026-04-16 14:41:44.769701
2026041603007699,SINDU,58,87,29,760.0,22040.0,Naasa Securities Co. Ltd.,S.P.S.A. Securities Limited,2026-04-16 14:43:33.399485
2026041603007736,SINDU,57,87,70,760.0,53200.0,Aryatara Investment & Securities,S.P.S.A. Securities Limited,2026-04-16 14:44:15.698302
2026041603007755,SINDU,39,87,70,760.0,53200.0,Sumeru Securities Pvt. Ltd.,S.P.S.A. Securities Limited,2026-04-16 14:44:36.816922
2026041603007819,SINDU,58,87,499,760.0,379240.0,Naasa Securities Co. Ltd.,S.P.S.A. Securities Limited,2026-04-16 14:45:33.008050
2026041603007838,SINDU,58,87,20,760.0,15200.0,Naasa Securities Co. Ltd.,S.P.S.A. Securities Limited,2026-04-16 14:45:48.884082
2026041603007849,SINDU,42,87,100,760.0,76000.0,Sani Securities Company Ltd.,S.P.S.A. Securities Limited,2026-04-16 14:46:11.693943
2026041603007875,SINDU,49,87,130,760.0,98800.0,Online Securities Pvt. Ltd.,S.P.S.A. Securities Limited,2026-04-16 14:46:49.629387
2026041603007967,SINDU,45,87,181,760.0,137560.0,Imperial Securities Company Pvt. Ltd.,S.P.S.A. Securities Limited,2026-04-16 14:48:11.023376
2026041603007979,SINDU,45,87,319,760.0,242440.0,Imperial Securities Company Pvt. Ltd.,S.P.S.A. Securities Limited,2026-04-16 14:48:21.060113
2026041603008007,SINDU,42,87,23,760.0,17480.0,Sani Securities Company Ltd.,S.P.S.A. Securities Limited,2026-04-16 14:48:48.685986
2026041603008008,SINDU,45,87,400,760.0,304000.0,Imperial Securities Company Pvt. Ltd.,S.P.S.A. Securities Limited,2026-04-16 14:48:54.200171
2026041603008011,SINDU,53,87,10,760.0,7600.0,Investment Management Nepal Pvt. Ltd.,S.P.S.A. Securities Limited,2026-04-16 14:48:58.369046
2026041603008022,SINDU,49,87,65,760.0,49400.0,Online Securities Pvt. Ltd.,S.P.S.A. Securities Limited,2026-04-16 14:49:15.925515
2026041603008023,SINDU,3,87,483,760.0,367080.0,Arun Securities (PVT) Ltd.,S.P.S.A. Securities Limited,2026-04-16 14:49:17.072203
2026041603008057,SINDU,87,28,10,769.7,7697.0,S.P.S.A. Securities Limited,Shree Krishna Securities Ltd.,2026-04-16 14:49:41.955989
2026041603008067,SINDU,3,87,17,760.0,12920.0,Arun Securities (PVT) Ltd.,S.P.S.A. Securities Limited,2026-04-16 14:49:52.281477
2026041603008068,SINDU,7,87,220,760.0,167200.0,J.F. Securites (PVT) Ltd.,S.P.S.A. Securities Limited,2026-04-16 14:49:52.281763
2026041603008086,SINDU,42,87,100,760.0,76000.0,Sani Securities Company Ltd.,S.P.S.A. Securities Limited,2026-04-16 14:50:06.660863
2026041603008090,SINDU,57,87,25,760.0,19000.0,Aryatara Investment & Securities,S.P.S.A. Securities Limited,2026-04-16 14:50:13.978978
2026041603008098,SINDU,57,87,50,760.0,38000.0,Aryatara Investment & Securities,S.P.S.A. Securities Limited,2026-04-16 14:50:18.917527
2026041603008100,SINDU,22,87,50,760.0,38000.0,Siprabi Securities Pvt. Ltd.,S.P.S.A. Securities Limited,2026-04-16 14:50:19.660806
2026041603008108,SINDU,1,87,500,760.0,380000.0,Kumari Securities Private Limited,S.P.S.A. Securities Limited,2026-04-16 14:50:47.605956
2026041603008122,SINDU,35,87,100,760.0,76000.0,Kohinoor Investment & Securities Pvt. Ltd.,S.P.S.A. Securities Limited,2026-04-16 14:50:59.846652
2026041603008149,SINDU,53,87,10,760.0,7600.0,Investment Management Nepal Pvt. Ltd.,S.P.S.A. Securities Limited,2026-04-16 14:51:19.168623
2026041603008165,SINDU,22,87,30,760.0,22800.0,Siprabi Securities Pvt. Ltd.,S.P.S.A. Securities Limited,2026-04-16 14:51:27.700999
2026041603008194,SINDU,32,87,98,760.0,74480.0,Premier Securities Company Ltd.,S.P.S.A. Securities Limited,2026-04-16 14:51:55.803825
2026041603008223,SINDU,42,87,263,760.0,199880.0,Sani Securities Company Ltd.,S.P.S.A. Securities Limited,2026-04-16 14:52:29.203690
2026041603008224,SINDU,10,87,20,760.0,15200.0,Pragyan Securities (PVT) Ltd.,S.P.S.A. Securities Limited,2026-04-16 14:52:30.309435
2026041603008236,SINDU,42,87,25,760.0,19000.0,Sani Securities Company Ltd.,S.P.S.A. Securities Limited,2026-04-16 14:52:47.076346
2026041603008267,SINDU,57,87,40,760.0,30400.0,Aryatara Investment & Securities,S.P.S.A. Securities Limited,2026-04-16 14:53:18.397952
2026041603008276,SINDU,59,87,10,760.0,7600.0,Deevyaa Securities & Stock House Pvt. Ltd,S.P.S.A. Securities Limited,2026-04-16 14:53:28.723130
2026041603008292,SINDU,22,87,10,760.0,7600.0,Siprabi Securities Pvt. Ltd.,S.P.S.A. Securities Limited,2026-04-16 14:53:42.813483
2026041603008298,SINDU,25,87,20,760.0,15200.0,Sweta Securities Private Limited,S.P.S.A. Securities Limited,2026-04-16 14:53:45.458512
2026041603008352,SINDU,22,87,10,760.0,7600.0,Siprabi Securities Pvt. Ltd.,S.P.S.A. Securities Limited,2026-04-16 14:54:37.651515
2026041603008353,SINDU,58,87,350,760.0,266000.0,Naasa Securities Co. Ltd.,S.P.S.A. Securities Limited,2026-04-16 14:54:38.050626
2026041603008378,SINDU,58,87,10,760.0,7600.0,Naasa Securities Co. Ltd.,S.P.S.A. Securities Limited,2026-04-16 14:54:46.093476
2026041603008392,SINDU,22,87,10,760.0,7600.0,Siprabi Securities Pvt. Ltd.,S.P.S.A. Securities Limited,2026-04-16 14:54:57.212320
2026041603008407,SINDU,57,87,100,760.0,76000.0,Aryatara Investment & Securities,S.P.S.A. Securities Limited,2026-04-16 14:55:01.977710
2026041603008409,SINDU,57,87,50,760.0,38000.0,Aryatara Investment & Securities,S.P.S.A. Securities Limited,2026-04-16 14:55:05.047953
2026041603008422,SINDU,58,87,80,760.0,60800.0,Naasa Securities Co. Ltd.,S.P.S.A. Securities Limited,2026-04-16 14:55:14.544521
2026041603008435,SINDU,58,87,20,760.0,15200.0,Naasa Securities Co. Ltd.,S.P.S.A. Securities Limited,2026-04-16 14:55:19.664472
2026041603008444,SINDU,49,87,100,760.0,76000.0,Online Securities Pvt. Ltd.,S.P.S.A. Securities Limited,2026-04-16 14:55:26.757799
2026041603008468,SINDU,41,87,10,760.0,7600.0,Linch Stock Market Ltd.,S.P.S.A. Securities Limited,2026-04-16 14:55:38.015033
2026041603008504,SINDU,42,87,65,760.0,49400.0,Sani Securities Company Ltd.,S.P.S.A. Securities Limited,2026-04-16 14:56:01.203309
2026041603008538,SINDU,87,28,10,768.9,7689.0,S.P.S.A. Securities Limited,Shree Krishna Securities Ltd.,2026-04-16 14:56:15.551122
2026041603008581,SINDU,3,87,344,760.0,261440.0,Arun Securities (PVT) Ltd.,S.P.S.A. Securities Limited,2026-04-16 14:56:35.754822
2026041603008588,SINDU,58,87,10,760.0,7600.0,Naasa Securities Co. Ltd.,S.P.S.A. Securities Limited,2026-04-16 14:56:44.810454
2026041603008604,SINDU,42,87,72,760.0,54720.0,Sani Securities Company Ltd.,S.P.S.A. Securities Limited,2026-04-16 14:56:55.013596
2026041603008617,SINDU,57,87,10,760.0,7600.0,Aryatara Investment & Securities,S.P.S.A. Securities Limited,2026-04-16 14:57:04.730850
2026041603008636,SINDU,43,87,100,760.0,76000.0,South Asian Bulls Pvt. Ltd.,S.P.S.A. Securities Limited,2026-04-16 14:57:15.353708
2026041603008643,SINDU,14,87,15,760.0,11400.0,Nepal Stock House (PVT) Ltd.,S.P.S.A. Securities Limited,2026-04-16 14:57:15.803052
2026041603008644,SINDU,58,87,30,760.0,22800.0,Naasa Securities Co. Ltd.,S.P.S.A. Securities Limited,2026-04-16 14:57:16.329531
2026041603008651,SINDU,14,87,50,760.0,38000.0,Nepal Stock House (PVT) Ltd.,S.P.S.A. Securities Limited,2026-04-16 14:57:19.987094
2026041603008731,SINDU,42,46,150,760.0,114000.0,Sani Securities Company Ltd.,Kalika Securities Pvt. Ltd.,2026-04-16 14:58:13.010466
2026041603008732,SINDU,28,46,100,760.0,76000.0,Shree Krishna Securities Ltd.,Kalika Securities Pvt. Ltd.,2026-04-16 14:58:13.010508
2026041603008733,SINDU,58,46,51,760.0,38760.0,Naasa Securities Co. Ltd.,Kalika Securities Pvt. Ltd.,2026-04-16 14:58:13.010533
2026041603008734,SINDU,45,46,25,759.9,18997.5,Imperial Securities Company Pvt. Ltd.,Kalika Securities Pvt. Ltd.,2026-04-16 14:58:13.010564
2026041603008735,SINDU,42,46,130,759.9,98787.0,Sani Securities Company Ltd.,Kalika Securities Pvt. Ltd.,2026-04-16 14:58:13.010596
2026041603008736,SINDU,49,46,20,759.9,15198.0,Online Securities Pvt. Ltd.,Kalika Securities Pvt. Ltd.,2026-04-16 14:58:13.010621
2026041603008737,SINDU,38,46,100,759.8,75980.0,Dipshikha Dhitopatra Karobar Co. Pvt Ltd.,Kalika Securities Pvt. Ltd.,2026-04-16 14:58:13.010647
2026041603008738,SINDU,14,46,15,759.7,11395.5,Nepal Stock House (PVT) Ltd.,Kalika Securities Pvt. Ltd.,2026-04-16 14:58:13.010672
2026041603008739,SINDU,14,46,60,759.7,45582.0,Nepal Stock House (PVT) Ltd.,Kalika Securities Pvt. Ltd.,2026-04-16 14:58:13.010698
2026041603008740,SINDU,17,46,500,759.5,379750.0,ABC Securities Private Limited,Kalika Securities Pvt. Ltd.,2026-04-16 14:58:13.010721
2026041603008741,SINDU,13,46,10,759.5,7595.0,Thrive Brokerage House Pvt. Ltd,Kalika Securities Pvt. Ltd.,2026-04-16 14:58:13.010749
2026041603008742,SINDU,42,46,150,759.5,113925.0,Sani Securities Company Ltd.,Kalika Securities Pvt. Ltd.,2026-04-16 14:58:13.010774
2026041603008743,SINDU,42,46,10,759.5,7595.0,Sani Securities Company Ltd.,Kalika Securities Pvt. Ltd.,2026-04-16 14:58:13.010796
2026041603008744,SINDU,43,46,20,759.4,15188.0,South Asian Bulls Pvt. Ltd.,Kalika Securities Pvt. Ltd.,2026-04-16 14:58:13.010820
2026041603008745,SINDU,42,46,170,759.1,129047.0,Sani Securities Company Ltd.,Kalika Securities Pvt. Ltd.,2026-04-16 14:58:13.010844
2026041603008746,SINDU,32,46,100,759.0,75900.0,Premier Securities Company Ltd.,Kalika Securities Pvt. Ltd.,2026-04-16 14:58:13.010868
2026041603008747,SINDU,22,46,10,758.0,7580.0,Siprabi Securities Pvt. Ltd.,Kalika Securities Pvt. Ltd.,2026-04-16 14:58:13.010891
2026041603008748,SINDU,74,46,88,758.0,66704.0,KALASH STOCK MARKET PVT. LTD.,Kalika Securities Pvt. Ltd.,2026-04-16 14:58:13.010917
2026041603008749,SINDU,14,46,10,758.0,7580.0,Nepal Stock House (PVT) Ltd.,Kalika Securities Pvt. Ltd.,2026-04-16 14:58:13.010946
2026041603008750,SINDU,34,46,10,758.0,7580.0,Vision Securities Pvt. Ltd,Kalika Securities Pvt. Ltd.,2026-04-16 14:58:13.010983
2026041603008751,SINDU,28,46,50,758.0,37900.0,Shree Krishna Securities Ltd.,Kalika Securities Pvt. Ltd.,2026-04-16 14:58:13.011007
2026041603008752,SINDU,58,46,12,757.0,9084.0,Naasa Securities Co. Ltd.,Kalika Securities Pvt. Ltd.,2026-04-16 14:58:13.011041
2026041603008753,SINDU,58,46,40,757.0,30280.0,Naasa Securities Co. Ltd.,Kalika Securities Pvt. Ltd.,2026-04-16 14:58:13.011060
2026041603008754,SINDU,48,46,100,756.5,75650.0,Trishakti Securities Public Limited,Kalika Securities Pvt. Ltd.,2026-04-16 14:58:13.011080
2026041603008755,SINDU,59,46,10,755.0,7550.0,Deevyaa Securities & Stock House Pvt. Ltd,Kalika Securities Pvt. Ltd.,2026-04-16 14:58:13.011101
2026041603008756,SINDU,16,46,100,755.0,75500.0,Primo Securities (PVT) Ltd.,Kalika Securities Pvt. Ltd.,2026-04-16 14:58:13.011123
2026041603008757,SINDU,26,46,20,755.0,15100.0,Asian Securities Private Ltd.,Kalika Securities Pvt. Ltd.,2026-04-16 14:58:13.011140
2026041603008758,SINDU,7,46,500,755.0,377500.0,J.F. Securites (PVT) Ltd.,Kalika Securities Pvt. Ltd.,2026-04-16 14:58:13.011161
2026041603008759,SINDU,17,46,100,755.0,75500.0,ABC Securities Private Limited,Kalika Securities Pvt. Ltd.,2026-04-16 14:58:13.011178
2026041603008760,SINDU,41,46,100,754.0,75400.0,Linch Stock Market Ltd.,Kalika Securities Pvt. Ltd.,2026-04-16 14:58:13.011202
2026041603008761,SINDU,33,46,300,752.0,225600.0,Dakshinkali Investment & Securities Pvt. Ltd.,Kalika Securities Pvt. Ltd.,2026-04-16 14:58:13.011231
2026041603008762,SINDU,22,46,10,752.0,7520.0,Siprabi Securities Pvt. Ltd.,Kalika Securities Pvt. Ltd.,2026-04-16 14:58:13.011250
2026041603008763,SINDU,58,46,55,752.0,41360.0,Naasa Securities Co. Ltd.,Kalika Securities Pvt. Ltd.,2026-04-16 14:58:13.011267
2026041603008764,SINDU,22,46,50,752.0,37600.0,Siprabi Securities Pvt. Ltd.,Kalika Securities Pvt. Ltd.,2026-04-16 14:58:13.011287
2026041603008765,SINDU,45,46,300,751.9,225570.0,Imperial Securities Company Pvt. Ltd.,Kalika Securities Pvt. Ltd.,2026-04-16 14:58:13.011311
2026041603008766,SINDU,57,46,250,751.0,187750.0,Aryatara Investment & Securities,Kalika Securities Pvt. Ltd.,2026-04-16 14:58:13.011333
2026041603008767,SINDU,46,46,15,751.0,11265.0,Kalika Securities Pvt. Ltd.,Kalika Securities Pvt. Ltd.,2026-04-16 14:58:13.011356
2026041603008768,SINDU,101,46,20,751.0,15020.0,APPLE SECURITIES PRIVATE LIMITED,Kalika Securities Pvt. Ltd.,2026-04-16 14:58:13.011374
2026041603008769,SINDU,57,46,100,751.0,75100.0,Aryatara Investment & Securities,Kalika Securities Pvt. Ltd.,2026-04-16 14:58:13.011391
2026041603008770,SINDU,38,46,100,751.0,75100.0,Dipshikha Dhitopatra Karobar Co. Pvt Ltd.,Kalika Securities Pvt. Ltd.,2026-04-16 14:58:13.011410
2026041603008771,SINDU,44,46,100,751.0,75100.0,Dynamic Money Managers Securities Pvt. Ltd.,Kalika Securities Pvt. Ltd.,2026-04-16 14:58:13.011436
2026041603008772,SINDU,13,46,100,751.0,75100.0,Thrive Brokerage House Pvt. Ltd,Kalika Securities Pvt. Ltd.,2026-04-16 14:58:13.011459
2026041603008773,SINDU,1,46,15,751.0,11265.0,Kumari Securities Private Limited,Kalika Securities Pvt. Ltd.,2026-04-16 14:58:13.011490
2026041603008774,SINDU,14,46,200,751.0,150200.0,Nepal Stock House (PVT) Ltd.,Kalika Securities Pvt. Ltd.,2026-04-16 14:58:13.011508
2026041603008775,SINDU,39,46,20,751.0,15020.0,Sumeru Securities Pvt. Ltd.,Kalika Securities Pvt. Ltd.,2026-04-16 14:58:13.011530
2026041603008776,SINDU,7,46,100,751.0,75100.0,J.F. Securites (PVT) Ltd.,Kalika Securities Pvt. Ltd.,2026-04-16 14:58:13.011552
2026041603008777,SINDU,22,46,80,751.0,60080.0,Siprabi Securities Pvt. Ltd.,Kalika Securities Pvt. Ltd.,2026-04-16 14:58:13.011570
2026041603008778,SINDU,38,46,50,751.0,37550.0,Dipshikha Dhitopatra Karobar Co. Pvt Ltd.,Kalika Securities Pvt. Ltd.,2026-04-16 14:58:13.011587
2026041603008779,SINDU,7,46,50,751.0,37550.0,J.F. Securites (PVT) Ltd.,Kalika Securities Pvt. Ltd.,2026-04-16 14:58:13.011605
2026041603008780,SINDU,1,46,200,751.0,150200.0,Kumari Securities Private Limited,Kalika Securities Pvt. Ltd.,2026-04-16 14:58:13.011623
2026041603008781,SINDU,56,46,200,751.0,150200.0,Sri Hari Securities Pvt. Ltd.,Kalika Securities Pvt. Ltd.,2026-04-16 14:58:13.011647
2026041603008782,SINDU,1,46,25,751.0,18775.0,Kumari Securities Private Limited,Kalika Securities Pvt. Ltd.,2026-04-16 14:58:13.011671
2026041603008783,SINDU,17,46,100,751.0,75100.0,ABC Securities Private Limited,Kalika Securities Pvt. Ltd.,2026-04-16 14:58:13.011694
2026041603008784,SINDU,34,46,20,751.0,15020.0,Vision Securities Pvt. Ltd,Kalika Securities Pvt. Ltd.,2026-04-16 14:58:13.011717
2026041603008785,SINDU,38,46,100,751.0,75100.0,Dipshikha Dhitopatra Karobar Co. Pvt Ltd.,Kalika Securities Pvt. Ltd.,2026-04-16 14:58:13.011738
2026041603008786,SINDU,43,46,30,750.7,22521.0,South Asian Bulls Pvt. Ltd.,Kalika Securities Pvt. Ltd.,2026-04-16 14:58:13.011762
2026041603008787,SINDU,49,46,1000,750.7,750700.0,Online Securities Pvt. Ltd.,Kalika Securities Pvt. Ltd.,2026-04-16 14:58:13.011789
2026041603008788,SINDU,43,46,100,750.7,75070.0,South Asian Bulls Pvt. Ltd.,Kalika Securities Pvt. Ltd.,2026-04-16 14:58:13.011809
2026041603008789,SINDU,72,46,100,750.7,75070.0,Hatemalo Financial Services Private Limited,Kalika Securities Pvt. Ltd.,2026-04-16 14:58:13.011832
2026041603008790,SINDU,14,46,20,750.6,15012.0,Nepal Stock House (PVT) Ltd.,Kalika Securities Pvt. Ltd.,2026-04-16 14:58:13.011854
2026041603008791,SINDU,39,46,100,750.6,75060.0,Sumeru Securities Pvt. Ltd.,Kalika Securities Pvt. Ltd.,2026-04-16 14:58:13.011881
2026041603008792,SINDU,37,46,50,750.6,37530.0,Swarna Laxmi Securities Pvt. Ltd.,Kalika Securities Pvt. Ltd.,2026-04-16 14:58:13.011904
2026041603008793,SINDU,43,46,100,750.6,75060.0,South Asian Bulls Pvt. Ltd.,Kalika Securities Pvt. Ltd.,2026-04-16 14:58:13.011928
2026041603008794,SINDU,3,46,100,750.6,75060.0,Arun Securities (PVT) Ltd.,Kalika Securities Pvt. Ltd.,2026-04-16 14:58:13.011947
2026041603008795,SINDU,89,46,100,750.6,75060.0,Global IME Securities Limited,Kalika Securities Pvt. Ltd.,2026-04-16 14:58:13.011968
2026041603008796,SINDU,45,46,300,750.6,225180.0,Imperial Securities Company Pvt. Ltd.,Kalika Securities Pvt. Ltd.,2026-04-16 14:58:13.011989
2026041603008797,SINDU,36,46,100,750.6,75060.0,Secured Securities Ltd.,Kalika Securities Pvt. Ltd.,2026-04-16 14:58:13.012010
2026041603008798,SINDU,59,46,10,750.6,7506.0,Deevyaa Securities & Stock House Pvt. Ltd,Kalika Securities Pvt. Ltd.,2026-04-16 14:58:13.012052
2026041603008799,SINDU,17,46,50,750.6,37530.0,ABC Securities Private Limited,Kalika Securities Pvt. Ltd.,2026-04-16 14:58:13.012073
2026041603008800,SINDU,38,46,100,750.6,75060.0,Dipshikha Dhitopatra Karobar Co. Pvt Ltd.,Kalika Securities Pvt. Ltd.,2026-04-16 14:58:13.012094
2026041603008801,SINDU,33,46,500,750.6,375300.0,Dakshinkali Investment & Securities Pvt. Ltd.,Kalika Securities Pvt. Ltd.,2026-04-16 14:58:13.012116
2026041603008802,SINDU,39,46,100,750.6,75060.0,Sumeru Securities Pvt. Ltd.,Kalika Securities Pvt. Ltd.,2026-04-16 14:58:13.012142
2026041603008803,SINDU,11,46,100,750.6,75060.0,Malla & Malla Stock Broking Company Pvt. Limited,Kalika Securities Pvt. Ltd.,2026-04-16 14:58:13.012173
2026041603008804,SINDU,58,46,48,750.6,36028.8,Naasa Securities Co. Ltd.,Kalika Securities Pvt. Ltd.,2026-04-16 14:58:13.012194
2026041603008805,SINDU,49,46,20,750.6,15012.0,Online Securities Pvt. Ltd.,Kalika Securities Pvt. Ltd.,2026-04-16 14:58:13.012216
2026041603008806,SINDU,48,46,20,750.6,15012.0,Trishakti Securities Public Limited,Kalika Securities Pvt. Ltd.,2026-04-16 14:58:13.012239
2026041603008807,SINDU,14,46,90,750.6,67554.0,Nepal Stock House (PVT) Ltd.,Kalika Securities Pvt. Ltd.,2026-04-16 14:58:13.012257
