contractId,stockSymbol,buyerMemberId,sellerMemberId,quantity,rate,amount,businessDate,tradeBookId,stockId,buyerBrokerName,sellerBrokerName,transaction_time,securityName
2026041604000031,SSHL,14,42,60,238.0,14280.0,2026-04-16,186531855,2907,Nepal Stock House (PVT) Ltd.,Sani Securities Company Ltd.,2026-04-16 11:00:30.769308,Shiva Shree Hydropower Ltd
2026041604000032,SSHL,14,58,500,239.0,119500.0,2026-04-16,186531857,2907,Nepal Stock House (PVT) Ltd.,Naasa Securities Co. Ltd.,2026-04-16 11:00:30.769495,Shiva Shree Hydropower Ltd
2026041604000054,SSHL,14,58,120,239.0,28680.0,2026-04-16,186532117,2907,Nepal Stock House (PVT) Ltd.,Naasa Securities Co. Ltd.,2026-04-16 11:00:59.920602,Shiva Shree Hydropower Ltd
2026041604000057,SSHL,14,58,140,239.0,33460.0,2026-04-16,186532135,2907,Nepal Stock House (PVT) Ltd.,Naasa Securities Co. Ltd.,2026-04-16 11:01:02.526144,Shiva Shree Hydropower Ltd
2026041604000059,SSHL,14,8,500,239.0,119500.0,2026-04-16,186532143,2907,Nepal Stock House (PVT) Ltd.,Brilliant Securities Pvt. Ltd.,2026-04-16 11:01:03.527589,Shiva Shree Hydropower Ltd
2026041604000062,SSHL,14,41,500,239.0,119500.0,2026-04-16,186532179,2907,Nepal Stock House (PVT) Ltd.,Linch Stock Market Ltd.,2026-04-16 11:01:05.640827,Shiva Shree Hydropower Ltd
2026041604000063,SSHL,14,49,180,239.0,43020.0,2026-04-16,186532182,2907,Nepal Stock House (PVT) Ltd.,Online Securities Pvt. Ltd.,2026-04-16 11:01:06.151339,Shiva Shree Hydropower Ltd
2026041604000136,SSHL,6,58,20,237.0,4740.0,2026-04-16,186532417,2907,Agrawal Securities (PVT) Ltd.,Naasa Securities Co. Ltd.,2026-04-16 11:01:18.011305,Shiva Shree Hydropower Ltd
2026041604000146,SSHL,6,28,1105,237.0,261885.0,2026-04-16,186532490,2907,Agrawal Securities (PVT) Ltd.,Shree Krishna Securities Ltd.,2026-04-16 11:01:22.706036,Shiva Shree Hydropower Ltd
2026041604000147,SSHL,52,28,60,237.0,14220.0,2026-04-16,186532492,2907,Sundhara Securities Limited,Shree Krishna Securities Ltd.,2026-04-16 11:01:22.706153,Shiva Shree Hydropower Ltd
2026041604000200,SSHL,48,95,150,236.0,35400.0,2026-04-16,186532843,2907,Trishakti Securities Public Limited,Magnet Securities and Investment Company Private Limited,2026-04-16 11:01:40.549383,Shiva Shree Hydropower Ltd
2026041604000201,SSHL,48,19,20,236.0,4720.0,2026-04-16,186532883,2907,Trishakti Securities Public Limited,Nepal Investment And Securities Trading Private Limited,2026-04-16 11:01:43.444163,Shiva Shree Hydropower Ltd
2026041604000215,SSHL,48,35,100,236.0,23600.0,2026-04-16,186533017,2907,Trishakti Securities Public Limited,Kohinoor Investment & Securities Pvt. Ltd.,2026-04-16 11:01:50.606689,Shiva Shree Hydropower Ltd
2026041604000230,SSHL,48,58,500,236.0,118000.0,2026-04-16,186533241,2907,Trishakti Securities Public Limited,Naasa Securities Co. Ltd.,2026-04-16 11:02:05.578722,Shiva Shree Hydropower Ltd
2026041604000234,SSHL,48,49,48,236.0,11328.0,2026-04-16,186533299,2907,Trishakti Securities Public Limited,Online Securities Pvt. Ltd.,2026-04-16 11:02:08.921776,Shiva Shree Hydropower Ltd
2026041604000235,SSHL,48,58,382,236.0,90152.0,2026-04-16,186533336,2907,Trishakti Securities Public Limited,Naasa Securities Co. Ltd.,2026-04-16 11:02:10.641987,Shiva Shree Hydropower Ltd
2026041604000236,SSHL,58,58,20,236.0,4720.0,2026-04-16,186533338,2907,Naasa Securities Co. Ltd.,Naasa Securities Co. Ltd.,2026-04-16 11:02:10.642097,Shiva Shree Hydropower Ltd
2026041604000237,SSHL,19,58,98,236.0,23128.0,2026-04-16,186533339,2907,Nepal Investment And Securities Trading Private Limited,Naasa Securities Co. Ltd.,2026-04-16 11:02:10.642145,Shiva Shree Hydropower Ltd
2026041604000238,SSHL,19,51,902,236.0,212872.0,2026-04-16,186533344,2907,Nepal Investment And Securities Trading Private Limited,Oxford Securities Pvt. Ltd.,2026-04-16 11:02:10.991499,Shiva Shree Hydropower Ltd
2026041604000253,SSHL,54,22,40,235.0,9400.0,2026-04-16,186533500,2907,Sewa Securities Pvt. Ltd.,Siprabi Securities Pvt. Ltd.,2026-04-16 11:02:20.679356,Shiva Shree Hydropower Ltd
2026041604000254,SSHL,72,22,90,235.0,21150.0,2026-04-16,186533502,2907,Hatemalo Financial Services Private Limited,Siprabi Securities Pvt. Ltd.,2026-04-16 11:02:20.679560,Shiva Shree Hydropower Ltd
2026041604000275,SSHL,86,51,188,234.3,44048.4,2026-04-16,186533695,2907,Stoxkarts Securities Limited,Oxford Securities Pvt. Ltd.,2026-04-16 11:02:31.958273,Shiva Shree Hydropower Ltd
2026041604000284,SSHL,86,5,12,234.3,2811.6,2026-04-16,186533750,2907,Stoxkarts Securities Limited,Market Securities & Exchange (PVT) Ltd.,2026-04-16 11:02:34.801372,Shiva Shree Hydropower Ltd
2026041604000285,SSHL,48,5,300,234.3,70290.0,2026-04-16,186533752,2907,Trishakti Securities Public Limited,Market Securities & Exchange (PVT) Ltd.,2026-04-16 11:02:34.801481,Shiva Shree Hydropower Ltd
2026041604000286,SSHL,52,5,188,234.3,44048.4,2026-04-16,186533753,2907,Sundhara Securities Limited,Market Securities & Exchange (PVT) Ltd.,2026-04-16 11:02:34.801531,Shiva Shree Hydropower Ltd
2026041604000293,SSHL,52,57,12,234.3,2811.6,2026-04-16,186533866,2907,Sundhara Securities Limited,Aryatara Investment & Securities,2026-04-16 11:02:43.266662,Shiva Shree Hydropower Ltd
2026041604000316,SSHL,49,35,100,233.6,23360.0,2026-04-16,186534073,2907,Online Securities Pvt. Ltd.,Kohinoor Investment & Securities Pvt. Ltd.,2026-04-16 11:02:53.457482,Shiva Shree Hydropower Ltd
2026041604000342,SSHL,49,58,242,233.6,56531.2,2026-04-16,186534378,2907,Online Securities Pvt. Ltd.,Naasa Securities Co. Ltd.,2026-04-16 11:03:13.184066,Shiva Shree Hydropower Ltd
2026041604000343,SSHL,21,58,100,233.6,23360.0,2026-04-16,186534380,2907,Midas Stock Broking Company Private Limited,Naasa Securities Co. Ltd.,2026-04-16 11:03:13.184227,Shiva Shree Hydropower Ltd
2026041604000344,SSHL,50,58,158,233.5,36893.0,2026-04-16,186534381,2907,Cristal Kanchanjanga Securites Pvt. Ltd.,Naasa Securities Co. Ltd.,2026-04-16 11:03:13.184296,Shiva Shree Hydropower Ltd
2026041604000345,SSHL,50,51,2842,233.5,663607.0,2026-04-16,186534392,2907,Cristal Kanchanjanga Securites Pvt. Ltd.,Oxford Securities Pvt. Ltd.,2026-04-16 11:03:13.932043,Shiva Shree Hydropower Ltd
2026041604000384,SSHL,46,51,100,233.5,23350.0,2026-04-16,186534820,2907,Kalika Securities Pvt. Ltd.,Oxford Securities Pvt. Ltd.,2026-04-16 11:03:36.195140,Shiva Shree Hydropower Ltd
2026041604000388,SSHL,18,51,58,233.5,13543.0,2026-04-16,186534873,2907,Sagarmatha Securities Private Limited,Oxford Securities Pvt. Ltd.,2026-04-16 11:03:39.656404,Shiva Shree Hydropower Ltd
2026041604000389,SSHL,18,57,42,234.0,9828.0,2026-04-16,186534876,2907,Sagarmatha Securities Private Limited,Aryatara Investment & Securities,2026-04-16 11:03:39.656528,Shiva Shree Hydropower Ltd
2026041604000401,SSHL,51,25,10,233.0,2330.0,2026-04-16,186535008,2907,Oxford Securities Pvt. Ltd.,Sweta Securities Private Limited,2026-04-16 11:03:48.793697,Shiva Shree Hydropower Ltd
2026041604000402,SSHL,57,25,10,233.0,2330.0,2026-04-16,186535010,2907,Aryatara Investment & Securities,Sweta Securities Private Limited,2026-04-16 11:03:48.793924,Shiva Shree Hydropower Ltd
2026041604000403,SSHL,56,25,250,232.5,58125.0,2026-04-16,186535012,2907,Sri Hari Securities Pvt. Ltd.,Sweta Securities Private Limited,2026-04-16 11:03:48.794130,Shiva Shree Hydropower Ltd
2026041604000404,SSHL,26,25,75,232.3,17422.5,2026-04-16,186535014,2907,Asian Securities Private Ltd.,Sweta Securities Private Limited,2026-04-16 11:03:48.794363,Shiva Shree Hydropower Ltd
2026041604000405,SSHL,58,25,100,232.2,23220.0,2026-04-16,186535016,2907,Naasa Securities Co. Ltd.,Sweta Securities Private Limited,2026-04-16 11:03:48.794573,Shiva Shree Hydropower Ltd
2026041604000406,SSHL,8,25,100,232.0,23200.0,2026-04-16,186535018,2907,Brilliant Securities Pvt. Ltd.,Sweta Securities Private Limited,2026-04-16 11:03:48.794775,Shiva Shree Hydropower Ltd
2026041604000407,SSHL,22,25,100,232.0,23200.0,2026-04-16,186535020,2907,Siprabi Securities Pvt. Ltd.,Sweta Securities Private Limited,2026-04-16 11:03:48.794989,Shiva Shree Hydropower Ltd
2026041604000408,SSHL,40,25,100,232.0,23200.0,2026-04-16,186535022,2907,Creative Securities Pvt Ltd,Sweta Securities Private Limited,2026-04-16 11:03:48.795186,Shiva Shree Hydropower Ltd
2026041604000409,SSHL,22,25,255,232.0,59160.0,2026-04-16,186535023,2907,Siprabi Securities Pvt. Ltd.,Sweta Securities Private Limited,2026-04-16 11:03:48.795405,Shiva Shree Hydropower Ltd
2026041604000415,SSHL,46,51,400,233.8,93520.0,2026-04-16,186535144,2907,Kalika Securities Pvt. Ltd.,Oxford Securities Pvt. Ltd.,2026-04-16 11:03:57.682949,Shiva Shree Hydropower Ltd
2026041604000417,SSHL,22,58,500,232.0,116000.0,2026-04-16,186535203,2907,Siprabi Securities Pvt. Ltd.,Naasa Securities Co. Ltd.,2026-04-16 11:04:01.588394,Shiva Shree Hydropower Ltd
2026041604000433,SSHL,22,50,500,232.0,116000.0,2026-04-16,186535403,2907,Siprabi Securities Pvt. Ltd.,Cristal Kanchanjanga Securites Pvt. Ltd.,2026-04-16 11:04:14.781185,Shiva Shree Hydropower Ltd
2026041604000462,SSHL,22,88,10,232.0,2320.0,2026-04-16,186535681,2907,Siprabi Securities Pvt. Ltd.,Blue Chip Securities Ltd,2026-04-16 11:04:29.152865,Shiva Shree Hydropower Ltd
2026041604000531,SSHL,84,75,300,232.2,69660.0,2026-04-16,186536549,2907,MILKY WAY SHARE BROKER COMPANY LTD ,N.I.M.B. Stock Markets Limited,2026-04-16 11:05:16.471109,Shiva Shree Hydropower Ltd
2026041604000544,SSHL,6,57,270,232.3,62721.0,2026-04-16,186536851,2907,Agrawal Securities (PVT) Ltd.,Aryatara Investment & Securities,2026-04-16 11:05:35.872370,Shiva Shree Hydropower Ltd
2026041604000551,SSHL,58,56,50,232.5,11625.0,2026-04-16,186536940,2907,Naasa Securities Co. Ltd.,Sri Hari Securities Pvt. Ltd.,2026-04-16 11:05:41.476246,Shiva Shree Hydropower Ltd
2026041604000637,SSHL,94,49,30,232.3,6969.0,2026-04-16,186537925,2907,K.B.L. Securities Limited ,Online Securities Pvt. Ltd.,2026-04-16 11:06:37.010235,Shiva Shree Hydropower Ltd
2026041604000644,SSHL,57,56,50,232.5,11625.0,2026-04-16,186538038,2907,Aryatara Investment & Securities,Sri Hari Securities Pvt. Ltd.,2026-04-16 11:06:45.706269,Shiva Shree Hydropower Ltd
2026041604000645,SSHL,94,58,10,232.3,2323.0,2026-04-16,186538039,2907,K.B.L. Securities Limited ,Naasa Securities Co. Ltd.,2026-04-16 11:06:45.856136,Shiva Shree Hydropower Ltd
2026041604000651,SSHL,47,11,100,232.5,23250.0,2026-04-16,186538120,2907,Neev Securities Pvt. Ltd.,Malla & Malla Stock Broking Company Pvt. Limited,2026-04-16 11:06:50.764806,Shiva Shree Hydropower Ltd
2026041604000672,SSHL,14,11,2000,232.5,465000.0,2026-04-16,186538212,2907,Nepal Stock House (PVT) Ltd.,Malla & Malla Stock Broking Company Pvt. Limited,2026-04-16 11:06:53.220404,Shiva Shree Hydropower Ltd
2026041604000679,SSHL,94,13,11,232.3,2555.3,2026-04-16,186538281,2907,K.B.L. Securities Limited ,Thrive Brokerage House Pvt. Ltd,2026-04-16 11:06:56.207715,Shiva Shree Hydropower Ltd
2026041604000688,SSHL,47,11,50,232.5,11625.0,2026-04-16,186538434,2907,Neev Securities Pvt. Ltd.,Malla & Malla Stock Broking Company Pvt. Limited,2026-04-16 11:07:03.456869,Shiva Shree Hydropower Ltd
2026041604000691,SSHL,36,11,1000,232.5,232500.0,2026-04-16,186538448,2907,Secured Securities Ltd.,Malla & Malla Stock Broking Company Pvt. Limited,2026-04-16 11:07:04.155052,Shiva Shree Hydropower Ltd
2026041604000715,SSHL,94,42,300,232.3,69690.0,2026-04-16,186538713,2907,K.B.L. Securities Limited ,Sani Securities Company Ltd.,2026-04-16 11:07:17.126066,Shiva Shree Hydropower Ltd
2026041604000736,SSHL,6,59,300,232.4,69720.0,2026-04-16,186538943,2907,Agrawal Securities (PVT) Ltd.,Deevyaa Securities & Stock House Pvt. Ltd,2026-04-16 11:07:29.861008,Shiva Shree Hydropower Ltd
2026041604000740,SSHL,6,45,200,232.4,46480.0,2026-04-16,186539018,2907,Agrawal Securities (PVT) Ltd.,Imperial Securities Company Pvt. Ltd.,2026-04-16 11:07:32.778057,Shiva Shree Hydropower Ltd
2026041604000747,SSHL,39,11,200,232.5,46500.0,2026-04-16,186539146,2907,Sumeru Securities Pvt. Ltd.,Malla & Malla Stock Broking Company Pvt. Limited,2026-04-16 11:07:39.082524,Shiva Shree Hydropower Ltd
2026041604000756,SSHL,1,46,200,232.4,46480.0,2026-04-16,186539234,2907,Kumari Securities Private Limited,Kalika Securities Pvt. Ltd.,2026-04-16 11:07:44.023230,Shiva Shree Hydropower Ltd
2026041604000757,SSHL,67,46,29,232.4,6739.6,2026-04-16,186539236,2907,Property Wiard Limited,Kalika Securities Pvt. Ltd.,2026-04-16 11:07:44.023409,Shiva Shree Hydropower Ltd
2026041604000758,SSHL,94,46,649,232.3,150762.7,2026-04-16,186539238,2907,K.B.L. Securities Limited ,Kalika Securities Pvt. Ltd.,2026-04-16 11:07:44.023482,Shiva Shree Hydropower Ltd
2026041604000759,SSHL,38,46,100,232.3,23230.0,2026-04-16,186539240,2907,Dipshikha Dhitopatra Karobar Co. Pvt Ltd.,Kalika Securities Pvt. Ltd.,2026-04-16 11:07:44.023543,Shiva Shree Hydropower Ltd
2026041604000760,SSHL,84,46,200,232.2,46440.0,2026-04-16,186539242,2907,MILKY WAY SHARE BROKER COMPANY LTD ,Kalika Securities Pvt. Ltd.,2026-04-16 11:07:44.023604,Shiva Shree Hydropower Ltd
2026041604000761,SSHL,45,46,10,232.2,2322.0,2026-04-16,186539244,2907,Imperial Securities Company Pvt. Ltd.,Kalika Securities Pvt. Ltd.,2026-04-16 11:07:44.023670,Shiva Shree Hydropower Ltd
2026041604000766,SSHL,49,46,120,232.2,27864.0,2026-04-16,186539438,2907,Online Securities Pvt. Ltd.,Kalika Securities Pvt. Ltd.,2026-04-16 11:07:52.658724,Shiva Shree Hydropower Ltd
2026041604000767,SSHL,58,46,500,232.2,116100.0,2026-04-16,186539468,2907,Naasa Securities Co. Ltd.,Kalika Securities Pvt. Ltd.,2026-04-16 11:07:54.772921,Shiva Shree Hydropower Ltd
2026041604000797,SSHL,38,46,192,232.2,44582.4,2026-04-16,186539673,2907,Dipshikha Dhitopatra Karobar Co. Pvt Ltd.,Kalika Securities Pvt. Ltd.,2026-04-16 11:08:03.728451,Shiva Shree Hydropower Ltd
2026041604000816,SSHL,56,11,2000,232.5,465000.0,2026-04-16,186539876,2907,Sri Hari Securities Pvt. Ltd.,Malla & Malla Stock Broking Company Pvt. Limited,2026-04-16 11:08:13.630383,Shiva Shree Hydropower Ltd
2026041604000905,SSHL,28,11,650,232.5,151125.0,2026-04-16,186540546,2907,Shree Krishna Securities Ltd.,Malla & Malla Stock Broking Company Pvt. Limited,2026-04-16 11:08:53.177301,Shiva Shree Hydropower Ltd
2026041604000913,SSHL,38,36,240,232.2,55728.0,2026-04-16,186540579,2907,Dipshikha Dhitopatra Karobar Co. Pvt Ltd.,Secured Securities Ltd.,2026-04-16 11:08:55.576838,Shiva Shree Hydropower Ltd
2026041604000926,SSHL,19,85,50,233.0,11650.0,2026-04-16,186540613,2907,Nepal Investment And Securities Trading Private Limited,Capital Hub P. Ltd,2026-04-16 11:08:56.250277,Shiva Shree Hydropower Ltd
2026041604000927,SSHL,19,49,62,233.0,14446.0,2026-04-16,186540615,2907,Nepal Investment And Securities Trading Private Limited,Online Securities Pvt. Ltd.,2026-04-16 11:08:56.250332,Shiva Shree Hydropower Ltd
2026041604000928,SSHL,19,51,100,233.8,23380.0,2026-04-16,186540617,2907,Nepal Investment And Securities Trading Private Limited,Oxford Securities Pvt. Ltd.,2026-04-16 11:08:56.250368,Shiva Shree Hydropower Ltd
2026041604000929,SSHL,19,4,307,234.0,71838.0,2026-04-16,186540620,2907,Nepal Investment And Securities Trading Private Limited,Opal Securities Investment (PVT) Ltd.,2026-04-16 11:08:56.250398,Shiva Shree Hydropower Ltd
2026041604000934,SSHL,38,43,68,232.2,15789.6,2026-04-16,186540648,2907,Dipshikha Dhitopatra Karobar Co. Pvt Ltd.,South Asian Bulls Pvt. Ltd.,2026-04-16 11:08:58.630247,Shiva Shree Hydropower Ltd
2026041604000935,SSHL,38,43,100,232.2,23220.0,2026-04-16,186540650,2907,Dipshikha Dhitopatra Karobar Co. Pvt Ltd.,South Asian Bulls Pvt. Ltd.,2026-04-16 11:08:58.630396,Shiva Shree Hydropower Ltd
2026041604000936,SSHL,25,43,1000,232.2,232200.0,2026-04-16,186540652,2907,Sweta Securities Private Limited,South Asian Bulls Pvt. Ltd.,2026-04-16 11:08:58.630460,Shiva Shree Hydropower Ltd
2026041604000937,SSHL,28,43,1000,232.1,232100.0,2026-04-16,186540654,2907,Shree Krishna Securities Ltd.,South Asian Bulls Pvt. Ltd.,2026-04-16 11:08:58.630520,Shiva Shree Hydropower Ltd
2026041604000938,SSHL,67,43,29,232.1,6730.9,2026-04-16,186540656,2907,Property Wiard Limited,South Asian Bulls Pvt. Ltd.,2026-04-16 11:08:58.630582,Shiva Shree Hydropower Ltd
2026041604000939,SSHL,22,43,735,232.0,170520.0,2026-04-16,186540658,2907,Siprabi Securities Pvt. Ltd.,South Asian Bulls Pvt. Ltd.,2026-04-16 11:08:58.630643,Shiva Shree Hydropower Ltd
2026041604000940,SSHL,33,43,68,232.0,15776.0,2026-04-16,186540659,2907,Dakshinkali Investment & Securities Pvt. Ltd.,South Asian Bulls Pvt. Ltd.,2026-04-16 11:08:58.630705,Shiva Shree Hydropower Ltd
2026041604000952,SSHL,33,57,30,232.0,6960.0,2026-04-16,186540824,2907,Dakshinkali Investment & Securities Pvt. Ltd.,Aryatara Investment & Securities,2026-04-16 11:09:08.712578,Shiva Shree Hydropower Ltd
2026041604000961,SSHL,33,35,402,232.0,93264.0,2026-04-16,186541024,2907,Dakshinkali Investment & Securities Pvt. Ltd.,Kohinoor Investment & Securities Pvt. Ltd.,2026-04-16 11:09:17.199522,Shiva Shree Hydropower Ltd
2026041604000962,SSHL,21,35,98,232.0,22736.0,2026-04-16,186541025,2907,Midas Stock Broking Company Private Limited,Kohinoor Investment & Securities Pvt. Ltd.,2026-04-16 11:09:17.199682,Shiva Shree Hydropower Ltd
2026041604001015,SSHL,38,48,50,232.0,11600.0,2026-04-16,186541504,2907,Dipshikha Dhitopatra Karobar Co. Pvt Ltd.,Trishakti Securities Public Limited,2026-04-16 11:09:29.799018,Shiva Shree Hydropower Ltd
2026041604001016,SSHL,59,48,30,232.0,6960.0,2026-04-16,186541505,2907,Deevyaa Securities & Stock House Pvt. Ltd,Trishakti Securities Public Limited,2026-04-16 11:09:29.799166,Shiva Shree Hydropower Ltd
2026041604001095,SSHL,34,48,500,232.1,116050.0,2026-04-16,186542290,2907,Vision Securities Pvt. Ltd,Trishakti Securities Public Limited,2026-04-16 11:10:01.964267,Shiva Shree Hydropower Ltd
2026041604001096,SSHL,59,48,970,232.0,225040.0,2026-04-16,186542292,2907,Deevyaa Securities & Stock House Pvt. Ltd,Trishakti Securities Public Limited,2026-04-16 11:10:01.964602,Shiva Shree Hydropower Ltd
2026041604001097,SSHL,45,48,20,232.0,4640.0,2026-04-16,186542294,2907,Imperial Securities Company Pvt. Ltd.,Trishakti Securities Public Limited,2026-04-16 11:10:01.964795,Shiva Shree Hydropower Ltd
2026041604001098,SSHL,58,48,110,232.0,25520.0,2026-04-16,186542295,2907,Naasa Securities Co. Ltd.,Trishakti Securities Public Limited,2026-04-16 11:10:01.964979,Shiva Shree Hydropower Ltd
2026041604001144,SSHL,58,48,90,232.0,20880.0,2026-04-16,186542600,2907,Naasa Securities Co. Ltd.,Trishakti Securities Public Limited,2026-04-16 11:10:13.913118,Shiva Shree Hydropower Ltd
2026041604001145,SSHL,34,48,1000,232.0,232000.0,2026-04-16,186542602,2907,Vision Securities Pvt. Ltd,Trishakti Securities Public Limited,2026-04-16 11:10:13.913280,Shiva Shree Hydropower Ltd
2026041604001146,SSHL,58,48,410,232.0,95120.0,2026-04-16,186542621,2907,Naasa Securities Co. Ltd.,Trishakti Securities Public Limited,2026-04-16 11:10:14.888376,Shiva Shree Hydropower Ltd
2026041604001160,SSHL,58,49,90,232.0,20880.0,2026-04-16,186542870,2907,Naasa Securities Co. Ltd.,Online Securities Pvt. Ltd.,2026-04-16 11:10:26.060900,Shiva Shree Hydropower Ltd
2026041604001161,SSHL,58,49,86,232.0,19952.0,2026-04-16,186542873,2907,Naasa Securities Co. Ltd.,Online Securities Pvt. Ltd.,2026-04-16 11:10:26.061050,Shiva Shree Hydropower Ltd
2026041604001182,SSHL,58,49,50,232.0,11600.0,2026-04-16,186543168,2907,Naasa Securities Co. Ltd.,Online Securities Pvt. Ltd.,2026-04-16 11:10:39.192960,Shiva Shree Hydropower Ltd
2026041604001234,SSHL,38,49,74,232.0,17168.0,2026-04-16,186543775,2907,Dipshikha Dhitopatra Karobar Co. Pvt Ltd.,Online Securities Pvt. Ltd.,2026-04-16 11:11:04.730066,Shiva Shree Hydropower Ltd
2026041604001235,SSHL,38,14,26,232.1,6034.6,2026-04-16,186543778,2907,Dipshikha Dhitopatra Karobar Co. Pvt Ltd.,Nepal Stock House (PVT) Ltd.,2026-04-16 11:11:04.730236,Shiva Shree Hydropower Ltd
2026041604001247,SSHL,46,81,49,231.5,11343.5,2026-04-16,186543890,2907,Kalika Securities Pvt. Ltd.,Aakashbhairab Securities Ltd.,2026-04-16 11:11:11.335053,Shiva Shree Hydropower Ltd
2026041604001248,SSHL,28,81,51,231.5,11806.5,2026-04-16,186543891,2907,Shree Krishna Securities Ltd.,Aakashbhairab Securities Ltd.,2026-04-16 11:11:11.335213,Shiva Shree Hydropower Ltd
2026041604001257,SSHL,34,14,1974,232.1,458165.4,2026-04-16,186544071,2907,Vision Securities Pvt. Ltd,Nepal Stock House (PVT) Ltd.,2026-04-16 11:11:19.187088,Shiva Shree Hydropower Ltd
2026041604001258,SSHL,34,88,26,232.1,6034.6,2026-04-16,186544077,2907,Vision Securities Pvt. Ltd,Blue Chip Securities Ltd,2026-04-16 11:11:19.187176,Shiva Shree Hydropower Ltd
2026041604001260,SSHL,25,18,500,232.0,116000.0,2026-04-16,186544095,2907,Sweta Securities Private Limited,Sagarmatha Securities Private Limited,2026-04-16 11:11:20.359194,Shiva Shree Hydropower Ltd
2026041604001261,SSHL,25,34,500,232.0,116000.0,2026-04-16,186544098,2907,Sweta Securities Private Limited,Vision Securities Pvt. Ltd,2026-04-16 11:11:20.380551,Shiva Shree Hydropower Ltd
2026041604001262,SSHL,28,34,449,231.5,103943.5,2026-04-16,186544100,2907,Shree Krishna Securities Ltd.,Vision Securities Pvt. Ltd,2026-04-16 11:11:20.380673,Shiva Shree Hydropower Ltd
2026041604001263,SSHL,6,34,51,231.4,11801.4,2026-04-16,186544101,2907,Agrawal Securities (PVT) Ltd.,Vision Securities Pvt. Ltd,2026-04-16 11:11:20.380740,Shiva Shree Hydropower Ltd
2026041604001293,SSHL,6,68,48,231.4,11107.2,2026-04-16,186544299,2907,Agrawal Securities (PVT) Ltd.,Elite Stock House Limited,2026-04-16 11:11:29.512680,Shiva Shree Hydropower Ltd
2026041604001351,SSHL,44,79,80,231.5,18520.0,2026-04-16,186544814,2907,Dynamic Money Managers Securities Pvt. Ltd.,pahiinvestment,2026-04-16 11:11:54.559576,Shiva Shree Hydropower Ltd
2026041604001352,SSHL,6,79,75,231.4,17355.0,2026-04-16,186544815,2907,Agrawal Securities (PVT) Ltd.,pahiinvestment,2026-04-16 11:11:54.559877,Shiva Shree Hydropower Ltd
2026041604001353,SSHL,34,36,2449,232.0,568168.0,2026-04-16,186544831,2907,Vision Securities Pvt. Ltd,Secured Securities Ltd.,2026-04-16 11:11:56.115032,Shiva Shree Hydropower Ltd
2026041604001354,SSHL,34,13,551,232.0,127832.0,2026-04-16,186544834,2907,Vision Securities Pvt. Ltd,Thrive Brokerage House Pvt. Ltd,2026-04-16 11:11:56.115075,Shiva Shree Hydropower Ltd
2026041604001366,SSHL,14,13,100,232.0,23200.0,2026-04-16,186545006,2907,Nepal Stock House (PVT) Ltd.,Thrive Brokerage House Pvt. Ltd,2026-04-16 11:12:04.158799,Shiva Shree Hydropower Ltd
2026041604001384,SSHL,6,25,126,231.4,29156.4,2026-04-16,186545392,2907,Agrawal Securities (PVT) Ltd.,Sweta Securities Private Limited,2026-04-16 11:12:18.076367,Shiva Shree Hydropower Ltd
2026041604001385,SSHL,45,25,10,231.4,2314.0,2026-04-16,186545394,2907,Imperial Securities Company Pvt. Ltd.,Sweta Securities Private Limited,2026-04-16 11:12:18.076723,Shiva Shree Hydropower Ltd
2026041604001386,SSHL,67,25,29,231.4,6710.6,2026-04-16,186545396,2907,Property Wiard Limited,Sweta Securities Private Limited,2026-04-16 11:12:18.077017,Shiva Shree Hydropower Ltd
2026041604001389,SSHL,39,25,135,231.4,31239.0,2026-04-16,186545533,2907,Sumeru Securities Pvt. Ltd.,Sweta Securities Private Limited,2026-04-16 11:12:23.424184,Shiva Shree Hydropower Ltd
2026041604001399,SSHL,39,49,20,231.5,4630.0,2026-04-16,186545591,2907,Sumeru Securities Pvt. Ltd.,Online Securities Pvt. Ltd.,2026-04-16 11:12:25.239791,Shiva Shree Hydropower Ltd
2026041604001430,SSHL,17,91,235,231.6,54426.0,2026-04-16,186545945,2907,ABC Securities Private Limited,Citizens Share Broker Limited,2026-04-16 11:12:40.467501,Shiva Shree Hydropower Ltd
2026041604001448,SSHL,17,44,265,231.6,61374.0,2026-04-16,186546196,2907,ABC Securities Private Limited,Dynamic Money Managers Securities Pvt. Ltd.,2026-04-16 11:12:50.520900,Shiva Shree Hydropower Ltd
2026041604001449,SSHL,39,44,225,231.5,52087.5,2026-04-16,186546197,2907,Sumeru Securities Pvt. Ltd.,Dynamic Money Managers Securities Pvt. Ltd.,2026-04-16 11:12:50.521073,Shiva Shree Hydropower Ltd
2026041604001452,SSHL,58,50,15,231.6,3474.0,2026-04-16,186546236,2907,Naasa Securities Co. Ltd.,Cristal Kanchanjanga Securites Pvt. Ltd.,2026-04-16 11:12:52.830862,Shiva Shree Hydropower Ltd
2026041604001460,SSHL,56,50,85,231.6,19686.0,2026-04-16,186546325,2907,Sri Hari Securities Pvt. Ltd.,Cristal Kanchanjanga Securites Pvt. Ltd.,2026-04-16 11:12:58.943829,Shiva Shree Hydropower Ltd
2026041604001461,SSHL,56,13,349,232.0,80968.0,2026-04-16,186546327,2907,Sri Hari Securities Pvt. Ltd.,Thrive Brokerage House Pvt. Ltd,2026-04-16 11:12:58.944208,Shiva Shree Hydropower Ltd
2026041604001462,SSHL,56,65,253,232.0,58696.0,2026-04-16,186546330,2907,Sri Hari Securities Pvt. Ltd.,Sharepro Securities Private Limited,2026-04-16 11:12:58.944585,Shiva Shree Hydropower Ltd
2026041604001475,SSHL,25,65,42,232.0,9744.0,2026-04-16,186546409,2907,Sweta Securities Private Limited,Sharepro Securities Private Limited,2026-04-16 11:13:04.726047,Shiva Shree Hydropower Ltd
2026041604001515,SSHL,14,88,24,232.1,5570.4,2026-04-16,186546943,2907,Nepal Stock House (PVT) Ltd.,Blue Chip Securities Ltd,2026-04-16 11:13:30.341116,Shiva Shree Hydropower Ltd
2026041604001605,SSHL,14,68,66,232.1,15318.6,2026-04-16,186547760,2907,Nepal Stock House (PVT) Ltd.,Elite Stock House Limited,2026-04-16 11:14:14.065019,Shiva Shree Hydropower Ltd
2026041604001606,SSHL,38,68,24,232.1,5570.4,2026-04-16,186547762,2907,Dipshikha Dhitopatra Karobar Co. Pvt Ltd.,Elite Stock House Limited,2026-04-16 11:14:14.065283,Shiva Shree Hydropower Ltd
2026041604001607,SSHL,32,68,110,232.1,25531.0,2026-04-16,186547763,2907,Premier Securities Company Ltd.,Elite Stock House Limited,2026-04-16 11:14:14.065374,Shiva Shree Hydropower Ltd
2026041604001643,SSHL,6,35,50,233.0,11650.0,2026-04-16,186548054,2907,Agrawal Securities (PVT) Ltd.,Kohinoor Investment & Securities Pvt. Ltd.,2026-04-16 11:14:28.628457,Shiva Shree Hydropower Ltd
2026041604001650,SSHL,34,35,150,233.0,34950.0,2026-04-16,186548221,2907,Vision Securities Pvt. Ltd,Kohinoor Investment & Securities Pvt. Ltd.,2026-04-16 11:14:40.161967,Shiva Shree Hydropower Ltd
2026041604001651,SSHL,34,56,100,233.0,23300.0,2026-04-16,186548223,2907,Vision Securities Pvt. Ltd,Sri Hari Securities Pvt. Ltd.,2026-04-16 11:14:40.162153,Shiva Shree Hydropower Ltd
2026041604001672,SSHL,34,46,1000,233.0,233000.0,2026-04-16,186548417,2907,Vision Securities Pvt. Ltd,Kalika Securities Pvt. Ltd.,2026-04-16 11:14:54.792233,Shiva Shree Hydropower Ltd
2026041604001674,SSHL,34,33,500,233.0,116500.0,2026-04-16,186548446,2907,Vision Securities Pvt. Ltd,Dakshinkali Investment & Securities Pvt. Ltd.,2026-04-16 11:14:56.016545,Shiva Shree Hydropower Ltd
2026041604001693,SSHL,77,4,50,234.0,11700.0,2026-04-16,186548606,2907,Nabil Stock Dealer Ltd.,Opal Securities Investment (PVT) Ltd.,2026-04-16 11:15:06.501062,Shiva Shree Hydropower Ltd
2026041604001709,SSHL,34,4,143,234.0,33462.0,2026-04-16,186548825,2907,Vision Securities Pvt. Ltd,Opal Securities Investment (PVT) Ltd.,2026-04-16 11:15:19.459209,Shiva Shree Hydropower Ltd
2026041604001710,SSHL,34,52,907,234.9,213054.3,2026-04-16,186548828,2907,Vision Securities Pvt. Ltd,Sundhara Securities Limited,2026-04-16 11:15:19.459581,Shiva Shree Hydropower Ltd
2026041604001726,SSHL,35,25,200,233.2,46640.0,2026-04-16,186549106,2907,Kohinoor Investment & Securities Pvt. Ltd.,Sweta Securities Private Limited,2026-04-16 11:15:28.424989,Shiva Shree Hydropower Ltd
2026041604001727,SSHL,14,25,200,233.1,46620.0,2026-04-16,186549107,2907,Nepal Stock House (PVT) Ltd.,Sweta Securities Private Limited,2026-04-16 11:15:28.425230,Shiva Shree Hydropower Ltd
2026041604001737,SSHL,58,52,20,234.9,4698.0,2026-04-16,186549260,2907,Naasa Securities Co. Ltd.,Sundhara Securities Limited,2026-04-16 11:15:35.851479,Shiva Shree Hydropower Ltd
2026041604001796,SSHL,3,52,106,234.9,24899.4,2026-04-16,186549877,2907,Arun Securities (PVT) Ltd.,Sundhara Securities Limited,2026-04-16 11:16:04.858806,Shiva Shree Hydropower Ltd
2026041604001797,SSHL,3,63,154,234.9,36174.6,2026-04-16,186549880,2907,Arun Securities (PVT) Ltd.,Himalayan Brokerage Company Limited,2026-04-16 11:16:04.858992,Shiva Shree Hydropower Ltd
2026041604001812,SSHL,14,63,800,233.1,186480.0,2026-04-16,186549924,2907,Nepal Stock House (PVT) Ltd.,Himalayan Brokerage Company Limited,2026-04-16 11:16:07.030434,Shiva Shree Hydropower Ltd
2026041604001813,SSHL,32,63,100,233.1,23310.0,2026-04-16,186549925,2907,Premier Securities Company Ltd.,Himalayan Brokerage Company Limited,2026-04-16 11:16:07.030652,Shiva Shree Hydropower Ltd
2026041604001817,SSHL,58,63,20,234.9,4698.0,2026-04-16,186549958,2907,Naasa Securities Co. Ltd.,Himalayan Brokerage Company Limited,2026-04-16 11:16:09.165427,Shiva Shree Hydropower Ltd
2026041604001856,SSHL,35,63,750,234.9,176175.0,2026-04-16,186550472,2907,Kohinoor Investment & Securities Pvt. Ltd.,Himalayan Brokerage Company Limited,2026-04-16 11:16:41.481877,Shiva Shree Hydropower Ltd
2026041604001870,SSHL,14,63,10,233.9,2339.0,2026-04-16,186550640,2907,Nepal Stock House (PVT) Ltd.,Himalayan Brokerage Company Limited,2026-04-16 11:16:53.199531,Shiva Shree Hydropower Ltd
2026041604001917,SSHL,34,63,490,233.9,114611.0,2026-04-16,186550911,2907,Vision Securities Pvt. Ltd,Himalayan Brokerage Company Limited,2026-04-16 11:17:08.849213,Shiva Shree Hydropower Ltd
2026041604002025,SSHL,36,36,50,234.8,11740.0,2026-04-16,186551939,2907,Secured Securities Ltd.,Secured Securities Ltd.,2026-04-16 11:18:04.826996,Shiva Shree Hydropower Ltd
2026041604002026,SSHL,36,63,76,234.9,17852.4,2026-04-16,186551941,2907,Secured Securities Ltd.,Himalayan Brokerage Company Limited,2026-04-16 11:18:04.827208,Shiva Shree Hydropower Ltd
2026041604002027,SSHL,36,58,50,235.0,11750.0,2026-04-16,186551943,2907,Secured Securities Ltd.,Naasa Securities Co. Ltd.,2026-04-16 11:18:04.827296,Shiva Shree Hydropower Ltd
2026041604002028,SSHL,36,58,35,235.0,8225.0,2026-04-16,186551945,2907,Secured Securities Ltd.,Naasa Securities Co. Ltd.,2026-04-16 11:18:04.827389,Shiva Shree Hydropower Ltd
2026041604002029,SSHL,36,38,230,235.0,54050.0,2026-04-16,186551947,2907,Secured Securities Ltd.,Dipshikha Dhitopatra Karobar Co. Pvt Ltd.,2026-04-16 11:18:04.827476,Shiva Shree Hydropower Ltd
2026041604002030,SSHL,36,17,100,235.0,23500.0,2026-04-16,186551949,2907,Secured Securities Ltd.,ABC Securities Private Limited,2026-04-16 11:18:04.827563,Shiva Shree Hydropower Ltd
2026041604002031,SSHL,36,11,1000,235.0,235000.0,2026-04-16,186551951,2907,Secured Securities Ltd.,Malla & Malla Stock Broking Company Pvt. Limited,2026-04-16 11:18:04.827669,Shiva Shree Hydropower Ltd
2026041604002032,SSHL,36,36,200,235.0,47000.0,2026-04-16,186551953,2907,Secured Securities Ltd.,Secured Securities Ltd.,2026-04-16 11:18:04.827757,Shiva Shree Hydropower Ltd
2026041604002033,SSHL,36,58,10,235.0,2350.0,2026-04-16,186551955,2907,Secured Securities Ltd.,Naasa Securities Co. Ltd.,2026-04-16 11:18:04.827842,Shiva Shree Hydropower Ltd
2026041604002034,SSHL,36,34,120,235.0,28200.0,2026-04-16,186551957,2907,Secured Securities Ltd.,Vision Securities Pvt. Ltd,2026-04-16 11:18:04.827926,Shiva Shree Hydropower Ltd
2026041604002035,SSHL,36,77,152,235.0,35720.0,2026-04-16,186551959,2907,Secured Securities Ltd.,Nabil Stock Dealer Ltd.,2026-04-16 11:18:04.828012,Shiva Shree Hydropower Ltd
2026041604002036,SSHL,36,34,400,235.0,94000.0,2026-04-16,186551961,2907,Secured Securities Ltd.,Vision Securities Pvt. Ltd,2026-04-16 11:18:04.828092,Shiva Shree Hydropower Ltd
2026041604002037,SSHL,36,11,3577,235.0,840595.0,2026-04-16,186551964,2907,Secured Securities Ltd.,Malla & Malla Stock Broking Company Pvt. Limited,2026-04-16 11:18:04.828173,Shiva Shree Hydropower Ltd
2026041604002066,SSHL,34,49,10,234.0,2340.0,2026-04-16,186552204,2907,Vision Securities Pvt. Ltd,Online Securities Pvt. Ltd.,2026-04-16 11:18:19.679688,Shiva Shree Hydropower Ltd
2026041604002083,SSHL,49,49,140,234.0,32760.0,2026-04-16,186552365,2907,Online Securities Pvt. Ltd.,Online Securities Pvt. Ltd.,2026-04-16 11:18:28.135624,Shiva Shree Hydropower Ltd
2026041604002084,SSHL,49,58,10,234.0,2340.0,2026-04-16,186552367,2907,Online Securities Pvt. Ltd.,Naasa Securities Co. Ltd.,2026-04-16 11:18:28.135861,Shiva Shree Hydropower Ltd
2026041604002104,SSHL,49,16,350,234.0,81900.0,2026-04-16,186552524,2907,Online Securities Pvt. Ltd.,Primo Securities (PVT) Ltd.,2026-04-16 11:18:42.801688,Shiva Shree Hydropower Ltd
2026041604002105,SSHL,42,16,550,233.0,128150.0,2026-04-16,186552525,2907,Sani Securities Company Ltd.,Primo Securities (PVT) Ltd.,2026-04-16 11:18:42.801908,Shiva Shree Hydropower Ltd
2026041604002203,SSHL,36,58,10,234.5,2345.0,2026-04-16,186553755,2907,Secured Securities Ltd.,Naasa Securities Co. Ltd.,2026-04-16 11:20:04.897310,Shiva Shree Hydropower Ltd
2026041604002204,SSHL,36,42,500,234.9,117450.0,2026-04-16,186553757,2907,Secured Securities Ltd.,Sani Securities Company Ltd.,2026-04-16 11:20:04.897764,Shiva Shree Hydropower Ltd
2026041604002205,SSHL,36,11,1482,235.0,348270.0,2026-04-16,186553759,2907,Secured Securities Ltd.,Malla & Malla Stock Broking Company Pvt. Limited,2026-04-16 11:20:04.898191,Shiva Shree Hydropower Ltd
2026041604002206,SSHL,36,58,500,235.0,117500.0,2026-04-16,186553761,2907,Secured Securities Ltd.,Naasa Securities Co. Ltd.,2026-04-16 11:20:04.898582,Shiva Shree Hydropower Ltd
2026041604002207,SSHL,36,25,200,235.0,47000.0,2026-04-16,186553763,2907,Secured Securities Ltd.,Sweta Securities Private Limited,2026-04-16 11:20:04.898969,Shiva Shree Hydropower Ltd
2026041604002208,SSHL,36,57,308,235.0,72380.0,2026-04-16,186553766,2907,Secured Securities Ltd.,Aryatara Investment & Securities,2026-04-16 11:20:04.899371,Shiva Shree Hydropower Ltd
2026041604002209,SSHL,48,63,170,233.1,39627.0,2026-04-16,186553799,2907,Trishakti Securities Public Limited,Himalayan Brokerage Company Limited,2026-04-16 11:20:07.742387,Shiva Shree Hydropower Ltd
2026041604002296,SSHL,49,48,30,234.0,7020.0,2026-04-16,186554531,2907,Online Securities Pvt. Ltd.,Trishakti Securities Public Limited,2026-04-16 11:21:05.641489,Shiva Shree Hydropower Ltd
2026041604002385,SSHL,49,47,70,234.0,16380.0,2026-04-16,186555138,2907,Online Securities Pvt. Ltd.,Neev Securities Pvt. Ltd.,2026-04-16 11:21:42.631760,Shiva Shree Hydropower Ltd
2026041604002386,SSHL,7,47,100,234.0,23400.0,2026-04-16,186555140,2907,J.F. Securites (PVT) Ltd.,Neev Securities Pvt. Ltd.,2026-04-16 11:21:42.632192,Shiva Shree Hydropower Ltd
2026041604002387,SSHL,34,47,10,234.0,2340.0,2026-04-16,186555142,2907,Vision Securities Pvt. Ltd,Neev Securities Pvt. Ltd.,2026-04-16 11:21:42.632519,Shiva Shree Hydropower Ltd
2026041604002389,SSHL,58,47,66,234.0,15444.0,2026-04-16,186555172,2907,Naasa Securities Co. Ltd.,Neev Securities Pvt. Ltd.,2026-04-16 11:21:45.027906,Shiva Shree Hydropower Ltd
2026041604002417,SSHL,48,5,30,233.1,6993.0,2026-04-16,186555418,2907,Trishakti Securities Public Limited,Market Securities & Exchange (PVT) Ltd.,2026-04-16 11:22:01.187628,Shiva Shree Hydropower Ltd
2026041604002418,SSHL,42,5,250,233.0,58250.0,2026-04-16,186555420,2907,Sani Securities Company Ltd.,Market Securities & Exchange (PVT) Ltd.,2026-04-16 11:22:01.188072,Shiva Shree Hydropower Ltd
2026041604002419,SSHL,32,5,100,233.0,23300.0,2026-04-16,186555422,2907,Premier Securities Company Ltd.,Market Securities & Exchange (PVT) Ltd.,2026-04-16 11:22:01.188408,Shiva Shree Hydropower Ltd
2026041604002420,SSHL,34,5,20,233.0,4660.0,2026-04-16,186555424,2907,Vision Securities Pvt. Ltd,Market Securities & Exchange (PVT) Ltd.,2026-04-16 11:22:01.188717,Shiva Shree Hydropower Ltd
2026041604002421,SSHL,58,5,70,233.0,16310.0,2026-04-16,186555426,2907,Naasa Securities Co. Ltd.,Market Securities & Exchange (PVT) Ltd.,2026-04-16 11:22:01.189014,Shiva Shree Hydropower Ltd
2026041604002537,SSHL,6,5,30,233.0,6990.0,2026-04-16,186556239,2907,Agrawal Securities (PVT) Ltd.,Market Securities & Exchange (PVT) Ltd.,2026-04-16 11:22:49.000136,Shiva Shree Hydropower Ltd
2026041604002621,SSHL,6,1,20,233.0,4660.0,2026-04-16,186556916,2907,Agrawal Securities (PVT) Ltd.,Kumari Securities Private Limited,2026-04-16 11:23:40.500429,Shiva Shree Hydropower Ltd
2026041604002622,SSHL,21,1,80,233.0,18640.0,2026-04-16,186556917,2907,Midas Stock Broking Company Private Limited,Kumari Securities Private Limited,2026-04-16 11:23:40.500880,Shiva Shree Hydropower Ltd
2026041604002628,SSHL,49,47,754,234.0,176436.0,2026-04-16,186556993,2907,Online Securities Pvt. Ltd.,Neev Securities Pvt. Ltd.,2026-04-16 11:23:45.701214,Shiva Shree Hydropower Ltd
2026041604002629,SSHL,49,6,15,234.0,3510.0,2026-04-16,186556995,2907,Online Securities Pvt. Ltd.,Agrawal Securities (PVT) Ltd.,2026-04-16 11:23:45.701667,Shiva Shree Hydropower Ltd
2026041604002630,SSHL,49,32,231,234.0,54054.0,2026-04-16,186556998,2907,Online Securities Pvt. Ltd.,Premier Securities Company Ltd.,2026-04-16 11:23:45.701972,Shiva Shree Hydropower Ltd
2026041604002716,SSHL,21,32,269,233.0,62677.0,2026-04-16,186557737,2907,Midas Stock Broking Company Private Limited,Premier Securities Company Ltd.,2026-04-16 11:24:25.109553,Shiva Shree Hydropower Ltd
2026041604002720,SSHL,21,5,21,233.0,4893.0,2026-04-16,186557750,2907,Midas Stock Broking Company Private Limited,Market Securities & Exchange (PVT) Ltd.,2026-04-16 11:24:25.635749,Shiva Shree Hydropower Ltd
2026041604002721,SSHL,13,5,300,233.0,69900.0,2026-04-16,186557752,2907,Thrive Brokerage House Pvt. Ltd,Market Securities & Exchange (PVT) Ltd.,2026-04-16 11:24:25.636193,Shiva Shree Hydropower Ltd
2026041604002722,SSHL,34,5,130,233.0,30290.0,2026-04-16,186557786,2907,Vision Securities Pvt. Ltd,Market Securities & Exchange (PVT) Ltd.,2026-04-16 11:24:27.658249,Shiva Shree Hydropower Ltd
2026041604002805,SSHL,44,5,49,233.0,11417.0,2026-04-16,186558519,2907,Dynamic Money Managers Securities Pvt. Ltd.,Market Securities & Exchange (PVT) Ltd.,2026-04-16 11:25:00.283980,Shiva Shree Hydropower Ltd
2026041604002829,SSHL,44,45,200,233.0,46600.0,2026-04-16,186558655,2907,Dynamic Money Managers Securities Pvt. Ltd.,Imperial Securities Company Pvt. Ltd.,2026-04-16 11:25:10.980764,Shiva Shree Hydropower Ltd
2026041604002896,SSHL,44,58,30,233.8,7014.0,2026-04-16,186559184,2907,Dynamic Money Managers Securities Pvt. Ltd.,Naasa Securities Co. Ltd.,2026-04-16 11:25:47.423837,Shiva Shree Hydropower Ltd
2026041604003005,SSHL,38,58,20,233.8,4676.0,2026-04-16,186560133,2907,Dipshikha Dhitopatra Karobar Co. Pvt Ltd.,Naasa Securities Co. Ltd.,2026-04-16 11:26:47.748559,Shiva Shree Hydropower Ltd
2026041604003006,SSHL,38,32,30,233.8,7014.0,2026-04-16,186560136,2907,Dipshikha Dhitopatra Karobar Co. Pvt Ltd.,Premier Securities Company Ltd.,2026-04-16 11:26:47.748831,Shiva Shree Hydropower Ltd
2026041604003115,SSHL,13,52,100,233.5,23350.0,2026-04-16,186561357,2907,Thrive Brokerage House Pvt. Ltd,Sundhara Securities Limited,2026-04-16 11:28:17.005087,Shiva Shree Hydropower Ltd
2026041604003143,SSHL,13,68,100,233.5,23350.0,2026-04-16,186561660,2907,Thrive Brokerage House Pvt. Ltd,Elite Stock House Limited,2026-04-16 11:28:35.417330,Shiva Shree Hydropower Ltd
2026041604003209,SSHL,44,52,2500,233.0,582500.0,2026-04-16,186562077,2907,Dynamic Money Managers Securities Pvt. Ltd.,Sundhara Securities Limited,2026-04-16 11:29:03.114291,Shiva Shree Hydropower Ltd
2026041604003213,SSHL,44,57,500,233.0,116500.0,2026-04-16,186562091,2907,Dynamic Money Managers Securities Pvt. Ltd.,Aryatara Investment & Securities,2026-04-16 11:29:03.740032,Shiva Shree Hydropower Ltd
2026041604003235,SSHL,34,42,4,228.7,914.8,2026-04-16,186562283,2907,Vision Securities Pvt. Ltd,Sani Securities Company Ltd.,2026-04-16 11:29:11.466373,Shiva Shree Hydropower Ltd
2026041604003241,SSHL,44,45,880,233.0,205040.0,2026-04-16,186562329,2907,Dynamic Money Managers Securities Pvt. Ltd.,Imperial Securities Company Pvt. Ltd.,2026-04-16 11:29:16.925302,Shiva Shree Hydropower Ltd
2026041604003320,SSHL,41,68,64,233.5,14944.0,2026-04-16,186562859,2907,Linch Stock Market Ltd.,Elite Stock House Limited,2026-04-16 11:29:48.135561,Shiva Shree Hydropower Ltd
2026041604003335,SSHL,34,45,3,232.0,696.0,2026-04-16,186562927,2907,Vision Securities Pvt. Ltd,Imperial Securities Company Pvt. Ltd.,2026-04-16 11:29:54.999065,Shiva Shree Hydropower Ltd
2026041604003358,SSHL,41,3,36,233.5,8406.0,2026-04-16,186563186,2907,Linch Stock Market Ltd.,Arun Securities (PVT) Ltd.,2026-04-16 11:30:07.781928,Shiva Shree Hydropower Ltd
2026041604003359,SSHL,44,3,4964,233.0,1156612.0,2026-04-16,186563187,2907,Dynamic Money Managers Securities Pvt. Ltd.,Arun Securities (PVT) Ltd.,2026-04-16 11:30:07.782231,Shiva Shree Hydropower Ltd
2026041604003416,SSHL,44,53,907,233.0,211331.0,2026-04-16,186563680,2907,Dynamic Money Managers Securities Pvt. Ltd.,Investment Management Nepal Pvt. Ltd.,2026-04-16 11:30:37.283905,Shiva Shree Hydropower Ltd
2026041604003417,SSHL,41,53,50,233.0,11650.0,2026-04-16,186563682,2907,Linch Stock Market Ltd.,Investment Management Nepal Pvt. Ltd.,2026-04-16 11:30:37.284469,Shiva Shree Hydropower Ltd
2026041604003473,SSHL,69,58,10,232.5,2325.0,2026-04-16,186564249,2907,INDEX SECURITIES LIMITED,Naasa Securities Co. Ltd.,2026-04-16 11:31:04.540625,Shiva Shree Hydropower Ltd
2026041604003585,SSHL,42,53,43,233.0,10019.0,2026-04-16,186565130,2907,Sani Securities Company Ltd.,Investment Management Nepal Pvt. Ltd.,2026-04-16 11:31:52.061442,Shiva Shree Hydropower Ltd
2026041604003629,SSHL,17,49,40,232.6,9304.0,2026-04-16,186565844,2907,ABC Securities Private Limited,Online Securities Pvt. Ltd.,2026-04-16 11:32:21.607545,Shiva Shree Hydropower Ltd
2026041604003630,SSHL,69,49,490,232.5,113925.0,2026-04-16,186565846,2907,INDEX SECURITIES LIMITED,Online Securities Pvt. Ltd.,2026-04-16 11:32:21.607815,Shiva Shree Hydropower Ltd
2026041604003631,SSHL,54,49,470,232.2,109134.0,2026-04-16,186565847,2907,Sewa Securities Pvt. Ltd.,Online Securities Pvt. Ltd.,2026-04-16 11:32:21.607933,Shiva Shree Hydropower Ltd
2026041604003697,SSHL,54,14,30,232.2,6966.0,2026-04-16,186566208,2907,Sewa Securities Pvt. Ltd.,Nepal Stock House (PVT) Ltd.,2026-04-16 11:32:44.139398,Shiva Shree Hydropower Ltd
2026041604003698,SSHL,32,14,90,232.1,20889.0,2026-04-16,186566210,2907,Premier Securities Company Ltd.,Nepal Stock House (PVT) Ltd.,2026-04-16 11:32:44.139916,Shiva Shree Hydropower Ltd
2026041604003699,SSHL,35,14,880,232.1,204248.0,2026-04-16,186566211,2907,Kohinoor Investment & Securities Pvt. Ltd.,Nepal Stock House (PVT) Ltd.,2026-04-16 11:32:44.140363,Shiva Shree Hydropower Ltd
2026041604003735,SSHL,35,1,1000,232.1,232100.0,2026-04-16,186566415,2907,Kohinoor Investment & Securities Pvt. Ltd.,Kumari Securities Private Limited,2026-04-16 11:32:57.115951,Shiva Shree Hydropower Ltd
2026041604003783,SSHL,35,48,220,232.1,51062.0,2026-04-16,186566984,2907,Kohinoor Investment & Securities Pvt. Ltd.,Trishakti Securities Public Limited,2026-04-16 11:33:18.696082,Shiva Shree Hydropower Ltd
2026041604003784,SSHL,25,48,58,232.0,13456.0,2026-04-16,186566986,2907,Sweta Securities Private Limited,Trishakti Securities Public Limited,2026-04-16 11:33:18.696681,Shiva Shree Hydropower Ltd
2026041604003785,SSHL,46,48,47,232.0,10904.0,2026-04-16,186566988,2907,Kalika Securities Pvt. Ltd.,Trishakti Securities Public Limited,2026-04-16 11:33:18.697057,Shiva Shree Hydropower Ltd
2026041604003786,SSHL,32,48,200,232.0,46400.0,2026-04-16,186566990,2907,Premier Securities Company Ltd.,Trishakti Securities Public Limited,2026-04-16 11:33:18.697430,Shiva Shree Hydropower Ltd
2026041604003787,SSHL,44,48,325,232.0,75400.0,2026-04-16,186566991,2907,Dynamic Money Managers Securities Pvt. Ltd.,Trishakti Securities Public Limited,2026-04-16 11:33:18.697795,Shiva Shree Hydropower Ltd
2026041604003823,SSHL,44,8,175,232.0,40600.0,2026-04-16,186567276,2907,Dynamic Money Managers Securities Pvt. Ltd.,Brilliant Securities Pvt. Ltd.,2026-04-16 11:33:30.785653,Shiva Shree Hydropower Ltd
2026041604003824,SSHL,39,8,50,232.0,11600.0,2026-04-16,186567278,2907,Sumeru Securities Pvt. Ltd.,Brilliant Securities Pvt. Ltd.,2026-04-16 11:33:30.786200,Shiva Shree Hydropower Ltd
2026041604003825,SSHL,32,8,200,232.0,46400.0,2026-04-16,186567280,2907,Premier Securities Company Ltd.,Brilliant Securities Pvt. Ltd.,2026-04-16 11:33:30.786576,Shiva Shree Hydropower Ltd
2026041604003826,SSHL,35,8,75,232.0,17400.0,2026-04-16,186567281,2907,Kohinoor Investment & Securities Pvt. Ltd.,Brilliant Securities Pvt. Ltd.,2026-04-16 11:33:30.786905,Shiva Shree Hydropower Ltd
2026041604003857,SSHL,35,58,10,232.0,2320.0,2026-04-16,186567425,2907,Kohinoor Investment & Securities Pvt. Ltd.,Naasa Securities Co. Ltd.,2026-04-16 11:33:36.036272,Shiva Shree Hydropower Ltd
2026041604003858,SSHL,35,53,70,232.0,16240.0,2026-04-16,186567430,2907,Kohinoor Investment & Securities Pvt. Ltd.,Investment Management Nepal Pvt. Ltd.,2026-04-16 11:33:36.255919,Shiva Shree Hydropower Ltd
2026041604003859,SSHL,49,53,800,232.0,185600.0,2026-04-16,186567432,2907,Online Securities Pvt. Ltd.,Investment Management Nepal Pvt. Ltd.,2026-04-16 11:33:36.256474,Shiva Shree Hydropower Ltd
2026041604003860,SSHL,58,53,100,232.0,23200.0,2026-04-16,186567434,2907,Naasa Securities Co. Ltd.,Investment Management Nepal Pvt. Ltd.,2026-04-16 11:33:36.256929,Shiva Shree Hydropower Ltd
2026041604003861,SSHL,42,53,30,232.0,6960.0,2026-04-16,186567435,2907,Sani Securities Company Ltd.,Investment Management Nepal Pvt. Ltd.,2026-04-16 11:33:36.257486,Shiva Shree Hydropower Ltd
2026041604003906,SSHL,42,53,670,232.0,155440.0,2026-04-16,186567848,2907,Sani Securities Company Ltd.,Investment Management Nepal Pvt. Ltd.,2026-04-16 11:33:52.807903,Shiva Shree Hydropower Ltd
2026041604003907,SSHL,57,53,120,232.0,27840.0,2026-04-16,186567850,2907,Aryatara Investment & Securities,Investment Management Nepal Pvt. Ltd.,2026-04-16 11:33:52.808212,Shiva Shree Hydropower Ltd
2026041604003908,SSHL,19,53,50,232.0,11600.0,2026-04-16,186567852,2907,Nepal Investment And Securities Trading Private Limited,Investment Management Nepal Pvt. Ltd.,2026-04-16 11:33:52.808353,Shiva Shree Hydropower Ltd
2026041604003909,SSHL,47,53,160,232.0,37120.0,2026-04-16,186567853,2907,Neev Securities Pvt. Ltd.,Investment Management Nepal Pvt. Ltd.,2026-04-16 11:33:52.808478,Shiva Shree Hydropower Ltd
2026041604003918,SSHL,47,57,140,232.0,32480.0,2026-04-16,186567920,2907,Neev Securities Pvt. Ltd.,Aryatara Investment & Securities,2026-04-16 11:33:56.002308,Shiva Shree Hydropower Ltd
2026041604003919,SSHL,22,57,100,232.0,23200.0,2026-04-16,186567922,2907,Siprabi Securities Pvt. Ltd.,Aryatara Investment & Securities,2026-04-16 11:33:56.002868,Shiva Shree Hydropower Ltd
2026041604003920,SSHL,38,57,200,232.0,46400.0,2026-04-16,186567924,2907,Dipshikha Dhitopatra Karobar Co. Pvt Ltd.,Aryatara Investment & Securities,2026-04-16 11:33:56.003200,Shiva Shree Hydropower Ltd
2026041604003921,SSHL,38,57,60,232.0,13920.0,2026-04-16,186567925,2907,Dipshikha Dhitopatra Karobar Co. Pvt Ltd.,Aryatara Investment & Securities,2026-04-16 11:33:56.003534,Shiva Shree Hydropower Ltd
2026041604003931,SSHL,38,8,140,232.0,32480.0,2026-04-16,186568122,2907,Dipshikha Dhitopatra Karobar Co. Pvt Ltd.,Brilliant Securities Pvt. Ltd.,2026-04-16 11:34:02.670674,Shiva Shree Hydropower Ltd
2026041604003932,SSHL,8,8,100,232.0,23200.0,2026-04-16,186568124,2907,Brilliant Securities Pvt. Ltd.,Brilliant Securities Pvt. Ltd.,2026-04-16 11:34:02.671062,Shiva Shree Hydropower Ltd
2026041604003933,SSHL,38,8,100,232.0,23200.0,2026-04-16,186568126,2907,Dipshikha Dhitopatra Karobar Co. Pvt Ltd.,Brilliant Securities Pvt. Ltd.,2026-04-16 11:34:02.671219,Shiva Shree Hydropower Ltd
2026041604003934,SSHL,56,8,50,232.0,11600.0,2026-04-16,186568128,2907,Sri Hari Securities Pvt. Ltd.,Brilliant Securities Pvt. Ltd.,2026-04-16 11:34:02.671370,Shiva Shree Hydropower Ltd
2026041604003935,SSHL,42,8,110,232.0,25520.0,2026-04-16,186568129,2907,Sani Securities Company Ltd.,Brilliant Securities Pvt. Ltd.,2026-04-16 11:34:02.671483,Shiva Shree Hydropower Ltd
2026041604003974,SSHL,42,33,390,232.0,90480.0,2026-04-16,186568308,2907,Sani Securities Company Ltd.,Dakshinkali Investment & Securities Pvt. Ltd.,2026-04-16 11:34:12.998210,Shiva Shree Hydropower Ltd
2026041604004050,SSHL,65,54,100,231.6,23160.0,2026-04-16,186568881,2907,Sharepro Securities Private Limited,Sewa Securities Pvt. Ltd.,2026-04-16 11:34:55.946593,Shiva Shree Hydropower Ltd
2026041604004105,SSHL,65,38,50,231.6,11580.0,2026-04-16,186569320,2907,Sharepro Securities Private Limited,Dipshikha Dhitopatra Karobar Co. Pvt Ltd.,2026-04-16 11:35:19.234363,Shiva Shree Hydropower Ltd
2026041604004106,SSHL,32,38,150,231.6,34740.0,2026-04-16,186569321,2907,Premier Securities Company Ltd.,Dipshikha Dhitopatra Karobar Co. Pvt Ltd.,2026-04-16 11:35:19.234928,Shiva Shree Hydropower Ltd
2026041604004126,SSHL,32,34,50,231.6,11580.0,2026-04-16,186569424,2907,Premier Securities Company Ltd.,Vision Securities Pvt. Ltd,2026-04-16 11:35:24.706500,Shiva Shree Hydropower Ltd
2026041604004127,SSHL,39,34,120,231.5,27780.0,2026-04-16,186569426,2907,Sumeru Securities Pvt. Ltd.,Vision Securities Pvt. Ltd,2026-04-16 11:35:24.706785,Shiva Shree Hydropower Ltd
2026041604004128,SSHL,41,34,30,231.5,6945.0,2026-04-16,186569428,2907,Linch Stock Market Ltd.,Vision Securities Pvt. Ltd,2026-04-16 11:35:24.706906,Shiva Shree Hydropower Ltd
2026041604004129,SSHL,14,34,100,231.5,23150.0,2026-04-16,186569430,2907,Nepal Stock House (PVT) Ltd.,Vision Securities Pvt. Ltd,2026-04-16 11:35:24.707020,Shiva Shree Hydropower Ltd
2026041604004130,SSHL,32,34,200,231.4,46280.0,2026-04-16,186569431,2907,Premier Securities Company Ltd.,Vision Securities Pvt. Ltd,2026-04-16 11:35:24.707131,Shiva Shree Hydropower Ltd
2026041604004137,SSHL,67,75,29,231.4,6710.6,2026-04-16,186569456,2907,Property Wiard Limited,N.I.M.B. Stock Markets Limited,2026-04-16 11:35:26.492500,Shiva Shree Hydropower Ltd
2026041604004138,SSHL,6,75,500,231.3,115650.0,2026-04-16,186569458,2907,Agrawal Securities (PVT) Ltd.,N.I.M.B. Stock Markets Limited,2026-04-16 11:35:26.492607,Shiva Shree Hydropower Ltd
2026041604004139,SSHL,69,75,471,231.2,108895.2,2026-04-16,186569459,2907,INDEX SECURITIES LIMITED,N.I.M.B. Stock Markets Limited,2026-04-16 11:35:26.492693,Shiva Shree Hydropower Ltd
2026041604004151,SSHL,69,71,129,231.2,29824.8,2026-04-16,186569548,2907,INDEX SECURITIES LIMITED,SHUBHAKAMANA SECURITIES PVT. LTD,2026-04-16 11:35:31.498751,Shiva Shree Hydropower Ltd
2026041604004152,SSHL,28,71,500,231.0,115500.0,2026-04-16,186569550,2907,Shree Krishna Securities Ltd.,SHUBHAKAMANA SECURITIES PVT. LTD,2026-04-16 11:35:31.499027,Shiva Shree Hydropower Ltd
2026041604004153,SSHL,22,71,100,231.0,23100.0,2026-04-16,186569552,2907,Siprabi Securities Pvt. Ltd.,SHUBHAKAMANA SECURITIES PVT. LTD,2026-04-16 11:35:31.499165,Shiva Shree Hydropower Ltd
2026041604004154,SSHL,40,71,100,231.0,23100.0,2026-04-16,186569554,2907,Creative Securities Pvt Ltd,SHUBHAKAMANA SECURITIES PVT. LTD,2026-04-16 11:35:31.499331,Shiva Shree Hydropower Ltd
2026041604004155,SSHL,7,71,1750,231.0,404250.0,2026-04-16,186569556,2907,J.F. Securites (PVT) Ltd.,SHUBHAKAMANA SECURITIES PVT. LTD,2026-04-16 11:35:31.499449,Shiva Shree Hydropower Ltd
2026041604004156,SSHL,40,71,521,231.0,120351.0,2026-04-16,186569557,2907,Creative Securities Pvt Ltd,SHUBHAKAMANA SECURITIES PVT. LTD,2026-04-16 11:35:31.499554,Shiva Shree Hydropower Ltd
2026041604004179,SSHL,40,41,250,231.0,57750.0,2026-04-16,186569689,2907,Creative Securities Pvt Ltd,Linch Stock Market Ltd.,2026-04-16 11:35:40.227801,Shiva Shree Hydropower Ltd
2026041604004200,SSHL,40,45,229,231.0,52899.0,2026-04-16,186569916,2907,Creative Securities Pvt Ltd,Imperial Securities Company Pvt. Ltd.,2026-04-16 11:35:49.951779,Shiva Shree Hydropower Ltd
2026041604004201,SSHL,1,45,105,231.0,24255.0,2026-04-16,186569918,2907,Kumari Securities Private Limited,Imperial Securities Company Pvt. Ltd.,2026-04-16 11:35:49.952286,Shiva Shree Hydropower Ltd
2026041604004202,SSHL,59,45,1000,231.0,231000.0,2026-04-16,186569920,2907,Deevyaa Securities & Stock House Pvt. Ltd,Imperial Securities Company Pvt. Ltd.,2026-04-16 11:35:49.952658,Shiva Shree Hydropower Ltd
2026041604004203,SSHL,16,45,500,231.0,115500.0,2026-04-16,186569922,2907,Primo Securities (PVT) Ltd.,Imperial Securities Company Pvt. Ltd.,2026-04-16 11:35:49.952992,Shiva Shree Hydropower Ltd
2026041604004204,SSHL,34,45,166,231.0,38346.0,2026-04-16,186569923,2907,Vision Securities Pvt. Ltd,Imperial Securities Company Pvt. Ltd.,2026-04-16 11:35:49.953328,Shiva Shree Hydropower Ltd
2026041604004272,SSHL,34,34,34,231.0,7854.0,2026-04-16,186570260,2907,Vision Securities Pvt. Ltd,Vision Securities Pvt. Ltd,2026-04-16 11:36:05.366646,Shiva Shree Hydropower Ltd
2026041604004273,SSHL,58,34,40,231.0,9240.0,2026-04-16,186570262,2907,Naasa Securities Co. Ltd.,Vision Securities Pvt. Ltd,2026-04-16 11:36:05.367178,Shiva Shree Hydropower Ltd
2026041604004274,SSHL,57,34,26,231.0,6006.0,2026-04-16,186570263,2907,Aryatara Investment & Securities,Vision Securities Pvt. Ltd,2026-04-16 11:36:05.367531,Shiva Shree Hydropower Ltd
2026041604004289,SSHL,57,91,474,231.0,109494.0,2026-04-16,186570376,2907,Aryatara Investment & Securities,Citizens Share Broker Limited,2026-04-16 11:36:12.631475,Shiva Shree Hydropower Ltd
2026041604004290,SSHL,49,91,111,231.0,25641.0,2026-04-16,186570378,2907,Online Securities Pvt. Ltd.,Citizens Share Broker Limited,2026-04-16 11:36:12.631732,Shiva Shree Hydropower Ltd
2026041604004291,SSHL,57,91,100,231.0,23100.0,2026-04-16,186570380,2907,Aryatara Investment & Securities,Citizens Share Broker Limited,2026-04-16 11:36:12.631849,Shiva Shree Hydropower Ltd
2026041604004292,SSHL,34,91,200,231.0,46200.0,2026-04-16,186570382,2907,Vision Securities Pvt. Ltd,Citizens Share Broker Limited,2026-04-16 11:36:12.631954,Shiva Shree Hydropower Ltd
2026041604004293,SSHL,58,91,1315,231.0,303765.0,2026-04-16,186570383,2907,Naasa Securities Co. Ltd.,Citizens Share Broker Limited,2026-04-16 11:36:12.632063,Shiva Shree Hydropower Ltd
2026041604004301,SSHL,58,42,685,231.0,158235.0,2026-04-16,186570464,2907,Naasa Securities Co. Ltd.,Sani Securities Company Ltd.,2026-04-16 11:36:18.632989,Shiva Shree Hydropower Ltd
2026041604004337,SSHL,58,29,100,230.6,23060.0,2026-04-16,186570750,2907,Naasa Securities Co. Ltd.,Trisul Securities & Invt. Ltd.,2026-04-16 11:36:33.467552,Shiva Shree Hydropower Ltd
2026041604004338,SSHL,77,29,1900,230.6,438140.0,2026-04-16,186570751,2907,Nabil Stock Dealer Ltd.,Trisul Securities & Invt. Ltd.,2026-04-16 11:36:33.467801,Shiva Shree Hydropower Ltd
2026041604004348,SSHL,77,44,100,230.6,23060.0,2026-04-16,186570786,2907,Nabil Stock Dealer Ltd.,Dynamic Money Managers Securities Pvt. Ltd.,2026-04-16 11:36:36.484547,Shiva Shree Hydropower Ltd
2026041604004349,SSHL,57,44,200,230.6,46120.0,2026-04-16,186570788,2907,Aryatara Investment & Securities,Dynamic Money Managers Securities Pvt. Ltd.,2026-04-16 11:36:36.485047,Shiva Shree Hydropower Ltd
2026041604004362,SSHL,36,44,120,230.6,27672.0,2026-04-16,186570896,2907,Secured Securities Ltd.,Dynamic Money Managers Securities Pvt. Ltd.,2026-04-16 11:36:42.722960,Shiva Shree Hydropower Ltd
2026041604004366,SSHL,35,75,1000,230.5,230500.0,2026-04-16,186571005,2907,Kohinoor Investment & Securities Pvt. Ltd.,N.I.M.B. Stock Markets Limited,2026-04-16 11:36:48.327196,Shiva Shree Hydropower Ltd
2026041604004389,SSHL,22,44,80,230.6,18448.0,2026-04-16,186571173,2907,Siprabi Securities Pvt. Ltd.,Dynamic Money Managers Securities Pvt. Ltd.,2026-04-16 11:36:59.047938,Shiva Shree Hydropower Ltd
2026041604004427,SSHL,41,57,100,230.5,23050.0,2026-04-16,186571471,2907,Linch Stock Market Ltd.,Aryatara Investment & Securities,2026-04-16 11:37:20.635971,Shiva Shree Hydropower Ltd
2026041604004444,SSHL,45,42,100,231.0,23100.0,2026-04-16,186571568,2907,Imperial Securities Company Pvt. Ltd.,Sani Securities Company Ltd.,2026-04-16 11:37:28.557730,Shiva Shree Hydropower Ltd
2026041604004470,SSHL,80,42,400,231.0,92400.0,2026-04-16,186571722,2907,Indira securities pvt. ltd,Sani Securities Company Ltd.,2026-04-16 11:37:39.816087,Shiva Shree Hydropower Ltd
2026041604004506,SSHL,42,42,395,231.0,91245.0,2026-04-16,186571927,2907,Sani Securities Company Ltd.,Sani Securities Company Ltd.,2026-04-16 11:37:54.927372,Shiva Shree Hydropower Ltd
2026041604004507,SSHL,42,35,105,231.0,24255.0,2026-04-16,186571930,2907,Sani Securities Company Ltd.,Kohinoor Investment & Securities Pvt. Ltd.,2026-04-16 11:37:54.927858,Shiva Shree Hydropower Ltd
2026041604004633,SSHL,34,57,1000,231.0,231000.0,2026-04-16,186572920,2907,Vision Securities Pvt. Ltd,Aryatara Investment & Securities,2026-04-16 11:38:46.824846,Shiva Shree Hydropower Ltd
2026041604004635,SSHL,41,29,100,230.5,23050.0,2026-04-16,186572930,2907,Linch Stock Market Ltd.,Trisul Securities & Invt. Ltd.,2026-04-16 11:38:47.540068,Shiva Shree Hydropower Ltd
2026041604004636,SSHL,32,29,400,230.5,92200.0,2026-04-16,186572932,2907,Premier Securities Company Ltd.,Trisul Securities & Invt. Ltd.,2026-04-16 11:38:47.540356,Shiva Shree Hydropower Ltd
2026041604004637,SSHL,58,29,500,230.5,115250.0,2026-04-16,186572933,2907,Naasa Securities Co. Ltd.,Trisul Securities & Invt. Ltd.,2026-04-16 11:38:47.540472,Shiva Shree Hydropower Ltd
2026041604004658,SSHL,58,35,500,230.5,115250.0,2026-04-16,186573202,2907,Naasa Securities Co. Ltd.,Kohinoor Investment & Securities Pvt. Ltd.,2026-04-16 11:39:05.217876,Shiva Shree Hydropower Ltd
2026041604004688,SSHL,57,35,100,230.5,23050.0,2026-04-16,186573446,2907,Aryatara Investment & Securities,Kohinoor Investment & Securities Pvt. Ltd.,2026-04-16 11:39:22.506124,Shiva Shree Hydropower Ltd
2026041604004693,SSHL,41,6,50,230.3,11515.0,2026-04-16,186573556,2907,Linch Stock Market Ltd.,Agrawal Securities (PVT) Ltd.,2026-04-16 11:39:27.981407,Shiva Shree Hydropower Ltd
2026041604004694,SSHL,77,6,950,230.3,218785.0,2026-04-16,186573557,2907,Nabil Stock Dealer Ltd.,Agrawal Securities (PVT) Ltd.,2026-04-16 11:39:27.981678,Shiva Shree Hydropower Ltd
2026041604004699,SSHL,77,58,50,230.3,11515.0,2026-04-16,186573604,2907,Nabil Stock Dealer Ltd.,Naasa Securities Co. Ltd.,2026-04-16 11:39:31.438080,Shiva Shree Hydropower Ltd
2026041604004700,SSHL,75,58,453,230.1,104235.3,2026-04-16,186573605,2907,N.I.M.B. Stock Markets Limited,Naasa Securities Co. Ltd.,2026-04-16 11:39:31.438358,Shiva Shree Hydropower Ltd
2026041604004716,SSHL,75,44,47,230.1,10814.7,2026-04-16,186573924,2907,N.I.M.B. Stock Markets Limited,Dynamic Money Managers Securities Pvt. Ltd.,2026-04-16 11:39:48.719220,Shiva Shree Hydropower Ltd
2026041604004717,SSHL,34,44,453,230.1,104235.3,2026-04-16,186573925,2907,Vision Securities Pvt. Ltd,Dynamic Money Managers Securities Pvt. Ltd.,2026-04-16 11:39:48.719764,Shiva Shree Hydropower Ltd
2026041604004724,SSHL,58,35,50,230.5,11525.0,2026-04-16,186574060,2907,Naasa Securities Co. Ltd.,Kohinoor Investment & Securities Pvt. Ltd.,2026-04-16 11:39:59.081836,Shiva Shree Hydropower Ltd
2026041604004738,SSHL,34,50,500,230.1,115050.0,2026-04-16,186574231,2907,Vision Securities Pvt. Ltd,Cristal Kanchanjanga Securites Pvt. Ltd.,2026-04-16 11:40:08.175406,Shiva Shree Hydropower Ltd
2026041604004740,SSHL,34,36,16,230.1,3681.6,2026-04-16,186574235,2907,Vision Securities Pvt. Ltd,Secured Securities Ltd.,2026-04-16 11:40:08.810487,Shiva Shree Hydropower Ltd
2026041604004761,SSHL,11,21,500,230.2,115100.0,2026-04-16,186574451,2907,Malla & Malla Stock Broking Company Pvt. Limited,Midas Stock Broking Company Private Limited,2026-04-16 11:40:21.934758,Shiva Shree Hydropower Ltd
2026041604004767,SSHL,38,35,350,230.5,80675.0,2026-04-16,186574512,2907,Dipshikha Dhitopatra Karobar Co. Pvt Ltd.,Kohinoor Investment & Securities Pvt. Ltd.,2026-04-16 11:40:26.881289,Shiva Shree Hydropower Ltd
2026041604004768,SSHL,34,34,31,231.0,7161.0,2026-04-16,186574514,2907,Vision Securities Pvt. Ltd,Vision Securities Pvt. Ltd,2026-04-16 11:40:26.971386,Shiva Shree Hydropower Ltd
2026041604005026,SSHL,49,34,69,230.5,15904.5,2026-04-16,186577255,2907,Online Securities Pvt. Ltd.,Vision Securities Pvt. Ltd,2026-04-16 11:42:41.733959,Shiva Shree Hydropower Ltd
2026041604005078,SSHL,49,1,31,230.5,7145.5,2026-04-16,186577590,2907,Online Securities Pvt. Ltd.,Kumari Securities Private Limited,2026-04-16 11:43:00.597337,Shiva Shree Hydropower Ltd
2026041604005079,SSHL,11,1,500,230.2,115100.0,2026-04-16,186577592,2907,Malla & Malla Stock Broking Company Pvt. Limited,Kumari Securities Private Limited,2026-04-16 11:43:00.597620,Shiva Shree Hydropower Ltd
2026041604005080,SSHL,17,1,20,230.2,4604.0,2026-04-16,186577594,2907,ABC Securities Private Limited,Kumari Securities Private Limited,2026-04-16 11:43:00.597759,Shiva Shree Hydropower Ltd
2026041604005128,SSHL,14,1,100,230.2,23020.0,2026-04-16,186578080,2907,Nepal Stock House (PVT) Ltd.,Kumari Securities Private Limited,2026-04-16 11:43:27.520345,Shiva Shree Hydropower Ltd
2026041604005218,SSHL,41,1,15,230.2,3453.0,2026-04-16,186579126,2907,Linch Stock Market Ltd.,Kumari Securities Private Limited,2026-04-16 11:44:30.296354,Shiva Shree Hydropower Ltd
2026041604005250,SSHL,94,26,100,230.1,23010.0,2026-04-16,186579482,2907,K.B.L. Securities Limited ,Asian Securities Private Ltd.,2026-04-16 11:44:55.258801,Shiva Shree Hydropower Ltd
2026041604005251,SSHL,17,26,20,230.1,4602.0,2026-04-16,186579484,2907,ABC Securities Private Limited,Asian Securities Private Ltd.,2026-04-16 11:44:55.259415,Shiva Shree Hydropower Ltd
2026041604005252,SSHL,13,26,100,230.0,23000.0,2026-04-16,186579486,2907,Thrive Brokerage House Pvt. Ltd,Asian Securities Private Ltd.,2026-04-16 11:44:55.259812,Shiva Shree Hydropower Ltd
2026041604005253,SSHL,53,26,500,230.0,115000.0,2026-04-16,186579488,2907,Investment Management Nepal Pvt. Ltd.,Asian Securities Private Ltd.,2026-04-16 11:44:55.260190,Shiva Shree Hydropower Ltd
2026041604005254,SSHL,26,26,1308,230.0,300840.0,2026-04-16,186579490,2907,Asian Securities Private Ltd.,Asian Securities Private Ltd.,2026-04-16 11:44:55.260590,Shiva Shree Hydropower Ltd
2026041604005255,SSHL,34,26,10,230.0,2300.0,2026-04-16,186579492,2907,Vision Securities Pvt. Ltd,Asian Securities Private Ltd.,2026-04-16 11:44:55.260938,Shiva Shree Hydropower Ltd
2026041604005256,SSHL,7,26,20,230.0,4600.0,2026-04-16,186579494,2907,J.F. Securites (PVT) Ltd.,Asian Securities Private Ltd.,2026-04-16 11:44:55.261285,Shiva Shree Hydropower Ltd
2026041604005257,SSHL,35,26,100,230.0,23000.0,2026-04-16,186579496,2907,Kohinoor Investment & Securities Pvt. Ltd.,Asian Securities Private Ltd.,2026-04-16 11:44:55.261649,Shiva Shree Hydropower Ltd
2026041604005258,SSHL,81,26,400,230.0,92000.0,2026-04-16,186579498,2907,Aakashbhairab Securities Ltd.,Asian Securities Private Ltd.,2026-04-16 11:44:55.261991,Shiva Shree Hydropower Ltd
2026041604005259,SSHL,33,26,250,230.0,57500.0,2026-04-16,186579500,2907,Dakshinkali Investment & Securities Pvt. Ltd.,Asian Securities Private Ltd.,2026-04-16 11:44:55.262341,Shiva Shree Hydropower Ltd
2026041604005260,SSHL,54,26,250,230.0,57500.0,2026-04-16,186579502,2907,Sewa Securities Pvt. Ltd.,Asian Securities Private Ltd.,2026-04-16 11:44:55.262686,Shiva Shree Hydropower Ltd
2026041604005261,SSHL,5,26,20,230.0,4600.0,2026-04-16,186579504,2907,Market Securities & Exchange (PVT) Ltd.,Asian Securities Private Ltd.,2026-04-16 11:44:55.263040,Shiva Shree Hydropower Ltd
2026041604005262,SSHL,43,26,150,230.0,34500.0,2026-04-16,186579506,2907,South Asian Bulls Pvt. Ltd.,Asian Securities Private Ltd.,2026-04-16 11:44:55.263384,Shiva Shree Hydropower Ltd
2026041604005263,SSHL,32,26,50,230.0,11500.0,2026-04-16,186579508,2907,Premier Securities Company Ltd.,Asian Securities Private Ltd.,2026-04-16 11:44:55.263722,Shiva Shree Hydropower Ltd
2026041604005264,SSHL,42,26,500,230.0,115000.0,2026-04-16,186579510,2907,Sani Securities Company Ltd.,Asian Securities Private Ltd.,2026-04-16 11:44:55.264050,Shiva Shree Hydropower Ltd
2026041604005265,SSHL,66,26,722,230.0,166060.0,2026-04-16,186579511,2907,Miyo Securities Pvt Ltd,Asian Securities Private Ltd.,2026-04-16 11:44:55.264404,Shiva Shree Hydropower Ltd
2026041604005267,SSHL,66,16,278,230.0,63940.0,2026-04-16,186579540,2907,Miyo Securities Pvt Ltd,Primo Securities (PVT) Ltd.,2026-04-16 11:44:57.522513,Shiva Shree Hydropower Ltd
2026041604005268,SSHL,58,16,100,230.0,23000.0,2026-04-16,186579542,2907,Naasa Securities Co. Ltd.,Primo Securities (PVT) Ltd.,2026-04-16 11:44:57.523036,Shiva Shree Hydropower Ltd
2026041604005269,SSHL,7,16,122,230.0,28060.0,2026-04-16,186579543,2907,J.F. Securites (PVT) Ltd.,Primo Securities (PVT) Ltd.,2026-04-16 11:44:57.523510,Shiva Shree Hydropower Ltd
2026041604005273,SSHL,7,60,58,230.0,13340.0,2026-04-16,186579584,2907,J.F. Securites (PVT) Ltd.,Nagarik Stock Dealer ,2026-04-16 11:45:01.061535,Shiva Shree Hydropower Ltd
2026041604005274,SSHL,22,60,442,230.0,101660.0,2026-04-16,186579585,2907,Siprabi Securities Pvt. Ltd.,Nagarik Stock Dealer ,2026-04-16 11:45:01.062133,Shiva Shree Hydropower Ltd
2026041604005280,SSHL,36,1,50,230.2,11510.0,2026-04-16,186579634,2907,Secured Securities Ltd.,Kumari Securities Private Limited,2026-04-16 11:45:04.781992,Shiva Shree Hydropower Ltd
2026041604005337,SSHL,22,13,58,230.0,13340.0,2026-04-16,186579902,2907,Siprabi Securities Pvt. Ltd.,Thrive Brokerage House Pvt. Ltd,2026-04-16 11:45:19.903189,Shiva Shree Hydropower Ltd
2026041604005338,SSHL,22,13,100,230.0,23000.0,2026-04-16,186579904,2907,Siprabi Securities Pvt. Ltd.,Thrive Brokerage House Pvt. Ltd,2026-04-16 11:45:19.903734,Shiva Shree Hydropower Ltd
2026041604005339,SSHL,58,13,92,230.0,21160.0,2026-04-16,186579905,2907,Naasa Securities Co. Ltd.,Thrive Brokerage House Pvt. Ltd,2026-04-16 11:45:19.904139,Shiva Shree Hydropower Ltd
2026041604005352,SSHL,58,38,333,230.0,76590.0,2026-04-16,186580044,2907,Naasa Securities Co. Ltd.,Dipshikha Dhitopatra Karobar Co. Pvt Ltd.,2026-04-16 11:45:31.081827,Shiva Shree Hydropower Ltd
2026041604005353,SSHL,22,38,100,230.0,23000.0,2026-04-16,186580046,2907,Siprabi Securities Pvt. Ltd.,Dipshikha Dhitopatra Karobar Co. Pvt Ltd.,2026-04-16 11:45:31.082332,Shiva Shree Hydropower Ltd
2026041604005354,SSHL,47,38,50,230.0,11500.0,2026-04-16,186580048,2907,Neev Securities Pvt. Ltd.,Dipshikha Dhitopatra Karobar Co. Pvt Ltd.,2026-04-16 11:45:31.082672,Shiva Shree Hydropower Ltd
2026041604005355,SSHL,51,38,17,230.0,3910.0,2026-04-16,186580049,2907,Oxford Securities Pvt. Ltd.,Dipshikha Dhitopatra Karobar Co. Pvt Ltd.,2026-04-16 11:45:31.082976,Shiva Shree Hydropower Ltd
2026041604005381,SSHL,38,1,284,230.2,65376.8,2026-04-16,186580252,2907,Dipshikha Dhitopatra Karobar Co. Pvt Ltd.,Kumari Securities Private Limited,2026-04-16 11:45:50.018025,Shiva Shree Hydropower Ltd
2026041604005406,SSHL,34,45,1000,230.5,230500.0,2026-04-16,186580560,2907,Vision Securities Pvt. Ltd,Imperial Securities Company Pvt. Ltd.,2026-04-16 11:46:10.769116,Shiva Shree Hydropower Ltd
2026041604005410,SSHL,38,45,221,230.5,50940.5,2026-04-16,186580610,2907,Dipshikha Dhitopatra Karobar Co. Pvt Ltd.,Imperial Securities Company Pvt. Ltd.,2026-04-16 11:46:15.343885,Shiva Shree Hydropower Ltd
2026041604005427,SSHL,25,45,200,230.5,46100.0,2026-04-16,186580690,2907,Sweta Securities Private Limited,Imperial Securities Company Pvt. Ltd.,2026-04-16 11:46:19.174067,Shiva Shree Hydropower Ltd
2026041604005432,SSHL,22,14,100,230.3,23030.0,2026-04-16,186580818,2907,Siprabi Securities Pvt. Ltd.,Nepal Stock House (PVT) Ltd.,2026-04-16 11:46:26.483184,Shiva Shree Hydropower Ltd
2026041604005433,SSHL,50,14,220,230.2,50644.0,2026-04-16,186580819,2907,Cristal Kanchanjanga Securites Pvt. Ltd.,Nepal Stock House (PVT) Ltd.,2026-04-16 11:46:26.483709,Shiva Shree Hydropower Ltd
2026041604005456,SSHL,67,45,29,230.5,6684.5,2026-04-16,186580956,2907,Property Wiard Limited,Imperial Securities Company Pvt. Ltd.,2026-04-16 11:46:32.930288,Shiva Shree Hydropower Ltd
2026041604005473,SSHL,50,68,129,230.2,29695.8,2026-04-16,186581204,2907,Cristal Kanchanjanga Securites Pvt. Ltd.,Elite Stock House Limited,2026-04-16 11:46:45.959240,Shiva Shree Hydropower Ltd
2026041604005474,SSHL,1,68,230,230.2,52946.0,2026-04-16,186581206,2907,Kumari Securities Private Limited,Elite Stock House Limited,2026-04-16 11:46:45.959318,Shiva Shree Hydropower Ltd
2026041604005475,SSHL,51,68,33,230.0,7590.0,2026-04-16,186581208,2907,Oxford Securities Pvt. Ltd.,Elite Stock House Limited,2026-04-16 11:46:45.959362,Shiva Shree Hydropower Ltd
2026041604005476,SSHL,22,68,100,230.0,23000.0,2026-04-16,186581210,2907,Siprabi Securities Pvt. Ltd.,Elite Stock House Limited,2026-04-16 11:46:45.959387,Shiva Shree Hydropower Ltd
2026041604005477,SSHL,32,68,100,230.0,23000.0,2026-04-16,186581212,2907,Premier Securities Company Ltd.,Elite Stock House Limited,2026-04-16 11:46:45.959412,Shiva Shree Hydropower Ltd
2026041604005478,SSHL,51,68,220,230.0,50600.0,2026-04-16,186581214,2907,Oxford Securities Pvt. Ltd.,Elite Stock House Limited,2026-04-16 11:46:45.959433,Shiva Shree Hydropower Ltd
2026041604005479,SSHL,40,68,188,230.0,43240.0,2026-04-16,186581215,2907,Creative Securities Pvt Ltd,Elite Stock House Limited,2026-04-16 11:46:45.959455,Shiva Shree Hydropower Ltd
2026041604005513,SSHL,40,49,812,230.0,186760.0,2026-04-16,186581644,2907,Creative Securities Pvt Ltd,Online Securities Pvt. Ltd.,2026-04-16 11:47:06.835680,Shiva Shree Hydropower Ltd
2026041604005514,SSHL,49,49,300,230.0,69000.0,2026-04-16,186581646,2907,Online Securities Pvt. Ltd.,Online Securities Pvt. Ltd.,2026-04-16 11:47:06.835931,Shiva Shree Hydropower Ltd
2026041604005515,SSHL,54,49,100,230.0,23000.0,2026-04-16,186581648,2907,Sewa Securities Pvt. Ltd.,Online Securities Pvt. Ltd.,2026-04-16 11:47:06.836045,Shiva Shree Hydropower Ltd
2026041604005516,SSHL,22,49,20,230.0,4600.0,2026-04-16,186581650,2907,Siprabi Securities Pvt. Ltd.,Online Securities Pvt. Ltd.,2026-04-16 11:47:06.836155,Shiva Shree Hydropower Ltd
2026041604005517,SSHL,45,49,20,230.0,4600.0,2026-04-16,186581652,2907,Imperial Securities Company Pvt. Ltd.,Online Securities Pvt. Ltd.,2026-04-16 11:47:06.836300,Shiva Shree Hydropower Ltd
2026041604005518,SSHL,42,49,500,230.0,115000.0,2026-04-16,186581654,2907,Sani Securities Company Ltd.,Online Securities Pvt. Ltd.,2026-04-16 11:47:06.836419,Shiva Shree Hydropower Ltd
2026041604005519,SSHL,10,49,1398,230.0,321540.0,2026-04-16,186581655,2907,Pragyan Securities (PVT) Ltd.,Online Securities Pvt. Ltd.,2026-04-16 11:47:06.836528,Shiva Shree Hydropower Ltd
2026041604005534,SSHL,10,58,10,230.0,2300.0,2026-04-16,186581931,2907,Pragyan Securities (PVT) Ltd.,Naasa Securities Co. Ltd.,2026-04-16 11:47:27.115631,Shiva Shree Hydropower Ltd
2026041604005605,SSHL,32,42,1500,230.2,345300.0,2026-04-16,186582673,2907,Premier Securities Company Ltd.,Sani Securities Company Ltd.,2026-04-16 11:48:33.077949,Shiva Shree Hydropower Ltd
2026041604005624,SSHL,62,45,771,230.5,177715.5,2026-04-16,186582863,2907,Capital Max Securities Ltd,Imperial Securities Company Pvt. Ltd.,2026-04-16 11:48:45.247140,Shiva Shree Hydropower Ltd
2026041604005625,SSHL,62,35,229,230.5,52784.5,2026-04-16,186582866,2907,Capital Max Securities Ltd,Kohinoor Investment & Securities Pvt. Ltd.,2026-04-16 11:48:45.247488,Shiva Shree Hydropower Ltd
2026041604005662,SSHL,48,35,10,230.5,2305.0,2026-04-16,186583283,2907,Trishakti Securities Public Limited,Kohinoor Investment & Securities Pvt. Ltd.,2026-04-16 11:49:16.053219,Shiva Shree Hydropower Ltd
2026041604005782,SSHL,42,45,150,231.0,34650.0,2026-04-16,186584466,2907,Sani Securities Company Ltd.,Imperial Securities Company Pvt. Ltd.,2026-04-16 11:50:47.379563,Shiva Shree Hydropower Ltd
2026041604005783,SSHL,52,45,250,231.0,57750.0,2026-04-16,186584469,2907,Sundhara Securities Limited,Imperial Securities Company Pvt. Ltd.,2026-04-16 11:50:47.820339,Shiva Shree Hydropower Ltd
2026041604005911,SSHL,57,49,15,231.8,3477.0,2026-04-16,186586327,2907,Aryatara Investment & Securities,Online Securities Pvt. Ltd.,2026-04-16 11:52:25.567267,Shiva Shree Hydropower Ltd
2026041604005912,SSHL,57,40,500,231.9,115950.0,2026-04-16,186586329,2907,Aryatara Investment & Securities,Creative Securities Pvt Ltd,2026-04-16 11:52:25.567610,Shiva Shree Hydropower Ltd
2026041604005913,SSHL,57,33,610,232.0,141520.0,2026-04-16,186586331,2907,Aryatara Investment & Securities,Dakshinkali Investment & Securities Pvt. Ltd.,2026-04-16 11:52:25.567769,Shiva Shree Hydropower Ltd
2026041604005914,SSHL,57,39,300,232.0,69600.0,2026-04-16,186586333,2907,Aryatara Investment & Securities,Sumeru Securities Pvt. Ltd.,2026-04-16 11:52:25.567902,Shiva Shree Hydropower Ltd
2026041604005915,SSHL,57,58,724,232.0,167968.0,2026-04-16,186586335,2907,Aryatara Investment & Securities,Naasa Securities Co. Ltd.,2026-04-16 11:52:25.568032,Shiva Shree Hydropower Ltd
2026041604005981,SSHL,57,58,17,232.0,3944.0,2026-04-16,186587097,2907,Aryatara Investment & Securities,Naasa Securities Co. Ltd.,2026-04-16 11:53:05.993887,Shiva Shree Hydropower Ltd
2026041604006026,SSHL,48,45,500,232.9,116450.0,2026-04-16,186587622,2907,Trishakti Securities Public Limited,Imperial Securities Company Pvt. Ltd.,2026-04-16 11:53:40.547213,Shiva Shree Hydropower Ltd
2026041604006051,SSHL,57,45,500,232.9,116450.0,2026-04-16,186587821,2907,Aryatara Investment & Securities,Imperial Securities Company Pvt. Ltd.,2026-04-16 11:53:54.984478,Shiva Shree Hydropower Ltd
2026041604006052,SSHL,57,41,10,232.9,2329.0,2026-04-16,186587823,2907,Aryatara Investment & Securities,Linch Stock Market Ltd.,2026-04-16 11:53:54.984750,Shiva Shree Hydropower Ltd
2026041604006072,SSHL,57,41,300,232.9,69870.0,2026-04-16,186588075,2907,Aryatara Investment & Securities,Linch Stock Market Ltd.,2026-04-16 11:54:14.476234,Shiva Shree Hydropower Ltd
2026041604006211,SSHL,57,52,190,232.9,44251.0,2026-04-16,186589478,2907,Aryatara Investment & Securities,Sundhara Securities Limited,2026-04-16 11:55:50.667915,Shiva Shree Hydropower Ltd
2026041604006212,SSHL,4,52,30,232.9,6987.0,2026-04-16,186589480,2907,Opal Securities Investment (PVT) Ltd.,Sundhara Securities Limited,2026-04-16 11:55:50.668532,Shiva Shree Hydropower Ltd
2026041604006262,SSHL,32,58,130,232.2,30186.0,2026-04-16,186589791,2907,Premier Securities Company Ltd.,Naasa Securities Co. Ltd.,2026-04-16 11:56:14.930611,Shiva Shree Hydropower Ltd
2026041604006331,SSHL,48,52,280,232.9,65212.0,2026-04-16,186590372,2907,Trishakti Securities Public Limited,Sundhara Securities Limited,2026-04-16 11:56:54.556998,Shiva Shree Hydropower Ltd
2026041604006332,SSHL,63,34,10,233.0,2330.0,2026-04-16,186590373,2907,Himalayan Brokerage Company Limited,Vision Securities Pvt. Ltd,2026-04-16 11:56:54.602885,Shiva Shree Hydropower Ltd
2026041604006333,SSHL,63,99,34,233.0,7922.0,2026-04-16,186590376,2907,Himalayan Brokerage Company Limited,Prabhu Stock Market Limited,2026-04-16 11:56:54.603145,Shiva Shree Hydropower Ltd
2026041604006374,SSHL,60,47,10,232.9,2329.0,2026-04-16,186590748,2907,Nagarik Stock Dealer ,Neev Securities Pvt. Ltd.,2026-04-16 11:57:23.610437,Shiva Shree Hydropower Ltd
2026041604006406,SSHL,14,45,1000,233.0,233000.0,2026-04-16,186591254,2907,Nepal Stock House (PVT) Ltd.,Imperial Securities Company Pvt. Ltd.,2026-04-16 11:57:51.182359,Shiva Shree Hydropower Ltd
2026041604006417,SSHL,60,45,90,233.0,20970.0,2026-04-16,186591348,2907,Nagarik Stock Dealer ,Imperial Securities Company Pvt. Ltd.,2026-04-16 11:57:55.910077,Shiva Shree Hydropower Ltd
2026041604006431,SSHL,36,6,100,232.5,23250.0,2026-04-16,186591655,2907,Secured Securities Ltd.,Agrawal Securities (PVT) Ltd.,2026-04-16 11:58:13.354472,Shiva Shree Hydropower Ltd
2026041604006470,SSHL,49,42,1000,232.9,232900.0,2026-04-16,186591930,2907,Online Securities Pvt. Ltd.,Sani Securities Company Ltd.,2026-04-16 11:58:33.277084,Shiva Shree Hydropower Ltd
2026041604006490,SSHL,32,42,200,232.9,46580.0,2026-04-16,186592139,2907,Premier Securities Company Ltd.,Sani Securities Company Ltd.,2026-04-16 11:58:54.204382,Shiva Shree Hydropower Ltd
2026041604006513,SSHL,57,45,3000,233.0,699000.0,2026-04-16,186592334,2907,Aryatara Investment & Securities,Imperial Securities Company Pvt. Ltd.,2026-04-16 11:59:08.433572,Shiva Shree Hydropower Ltd
2026041604006521,SSHL,48,45,200,233.0,46600.0,2026-04-16,186592470,2907,Trishakti Securities Public Limited,Imperial Securities Company Pvt. Ltd.,2026-04-16 11:59:18.538390,Shiva Shree Hydropower Ltd
2026041604006543,SSHL,48,58,43,233.0,10019.0,2026-04-16,186592853,2907,Trishakti Securities Public Limited,Naasa Securities Co. Ltd.,2026-04-16 11:59:35.751475,Shiva Shree Hydropower Ltd
2026041604006544,SSHL,48,46,10,233.6,2336.0,2026-04-16,186592855,2907,Trishakti Securities Public Limited,Kalika Securities Pvt. Ltd.,2026-04-16 11:59:35.751521,Shiva Shree Hydropower Ltd
2026041604006545,SSHL,48,51,87,233.8,20340.6,2026-04-16,186592858,2907,Trishakti Securities Public Limited,Oxford Securities Pvt. Ltd.,2026-04-16 11:59:35.751578,Shiva Shree Hydropower Ltd
2026041604006558,SSHL,36,58,20,233.0,4660.0,2026-04-16,186593049,2907,Secured Securities Ltd.,Naasa Securities Co. Ltd.,2026-04-16 11:59:50.214683,Shiva Shree Hydropower Ltd
2026041604006582,SSHL,52,51,13,233.8,3039.4,2026-04-16,186593219,2907,Sundhara Securities Limited,Oxford Securities Pvt. Ltd.,2026-04-16 12:00:06.356346,Shiva Shree Hydropower Ltd
2026041604006583,SSHL,52,89,40,233.8,9352.0,2026-04-16,186593221,2907,Sundhara Securities Limited,Global IME Securities Limited,2026-04-16 12:00:06.356678,Shiva Shree Hydropower Ltd
2026041604006592,SSHL,21,28,100,234.0,23400.0,2026-04-16,186593313,2907,Midas Stock Broking Company Private Limited,Shree Krishna Securities Ltd.,2026-04-16 12:00:16.072346,Shiva Shree Hydropower Ltd
2026041604006593,SSHL,21,14,150,234.0,35100.0,2026-04-16,186593315,2907,Midas Stock Broking Company Private Limited,Nepal Stock House (PVT) Ltd.,2026-04-16 12:00:16.072695,Shiva Shree Hydropower Ltd
2026041604006594,SSHL,21,32,50,234.0,11700.0,2026-04-16,186593317,2907,Midas Stock Broking Company Private Limited,Premier Securities Company Ltd.,2026-04-16 12:00:16.072835,Shiva Shree Hydropower Ltd
2026041604006595,SSHL,21,39,100,234.0,23400.0,2026-04-16,186593319,2907,Midas Stock Broking Company Private Limited,Sumeru Securities Pvt. Ltd.,2026-04-16 12:00:16.073026,Shiva Shree Hydropower Ltd
2026041604006596,SSHL,21,58,161,234.0,37674.0,2026-04-16,186593321,2907,Midas Stock Broking Company Private Limited,Naasa Securities Co. Ltd.,2026-04-16 12:00:16.073225,Shiva Shree Hydropower Ltd
2026041604006597,SSHL,21,58,25,234.0,5850.0,2026-04-16,186593323,2907,Midas Stock Broking Company Private Limited,Naasa Securities Co. Ltd.,2026-04-16 12:00:16.073408,Shiva Shree Hydropower Ltd
2026041604006598,SSHL,21,25,100,234.0,23400.0,2026-04-16,186593325,2907,Midas Stock Broking Company Private Limited,Sweta Securities Private Limited,2026-04-16 12:00:16.073573,Shiva Shree Hydropower Ltd
2026041604006599,SSHL,21,7,314,234.0,73476.0,2026-04-16,186593328,2907,Midas Stock Broking Company Private Limited,J.F. Securites (PVT) Ltd.,2026-04-16 12:00:16.073768,Shiva Shree Hydropower Ltd
2026041604006626,SSHL,56,7,36,234.0,8424.0,2026-04-16,186593635,2907,Sri Hari Securities Pvt. Ltd.,J.F. Securites (PVT) Ltd.,2026-04-16 12:00:39.776676,Shiva Shree Hydropower Ltd
2026041604006627,SSHL,56,6,200,234.0,46800.0,2026-04-16,186593639,2907,Sri Hari Securities Pvt. Ltd.,Agrawal Securities (PVT) Ltd.,2026-04-16 12:00:39.777152,Shiva Shree Hydropower Ltd
2026041604006666,SSHL,56,38,764,234.0,178776.0,2026-04-16,186594154,2907,Sri Hari Securities Pvt. Ltd.,Dipshikha Dhitopatra Karobar Co. Pvt Ltd.,2026-04-16 12:01:17.800338,Shiva Shree Hydropower Ltd
2026041604006667,SSHL,34,38,500,234.0,117000.0,2026-04-16,186594156,2907,Vision Securities Pvt. Ltd,Dipshikha Dhitopatra Karobar Co. Pvt Ltd.,2026-04-16 12:01:17.800970,Shiva Shree Hydropower Ltd
2026041604006786,SSHL,36,4,29,233.9,6783.1,2026-04-16,186594888,2907,Secured Securities Ltd.,Opal Securities Investment (PVT) Ltd.,2026-04-16 12:02:17.477217,Shiva Shree Hydropower Ltd
2026041604006803,SSHL,56,4,50,233.9,11695.0,2026-04-16,186595190,2907,Sri Hari Securities Pvt. Ltd.,Opal Securities Investment (PVT) Ltd.,2026-04-16 12:02:33.169411,Shiva Shree Hydropower Ltd
2026041604006839,SSHL,52,42,147,233.8,34368.6,2026-04-16,186595380,2907,Sundhara Securities Limited,Sani Securities Company Ltd.,2026-04-16 12:02:52.419703,Shiva Shree Hydropower Ltd
2026041604006840,SSHL,36,42,1830,233.0,426390.0,2026-04-16,186595382,2907,Secured Securities Ltd.,Sani Securities Company Ltd.,2026-04-16 12:02:52.420081,Shiva Shree Hydropower Ltd
2026041604006841,SSHL,45,42,100,233.0,23300.0,2026-04-16,186595384,2907,Imperial Securities Company Pvt. Ltd.,Sani Securities Company Ltd.,2026-04-16 12:02:52.420260,Shiva Shree Hydropower Ltd
2026041604006842,SSHL,66,42,500,233.0,116500.0,2026-04-16,186595386,2907,Miyo Securities Pvt Ltd,Sani Securities Company Ltd.,2026-04-16 12:02:52.420473,Shiva Shree Hydropower Ltd
2026041604006843,SSHL,45,42,200,233.0,46600.0,2026-04-16,186595388,2907,Imperial Securities Company Pvt. Ltd.,Sani Securities Company Ltd.,2026-04-16 12:02:52.420646,Shiva Shree Hydropower Ltd
2026041604006844,SSHL,36,42,153,233.0,35649.0,2026-04-16,186595389,2907,Secured Securities Ltd.,Sani Securities Company Ltd.,2026-04-16 12:02:52.420826,Shiva Shree Hydropower Ltd
2026041604006854,SSHL,14,4,50,233.9,11695.0,2026-04-16,186595508,2907,Nepal Stock House (PVT) Ltd.,Opal Securities Investment (PVT) Ltd.,2026-04-16 12:03:01.660592,Shiva Shree Hydropower Ltd
2026041604006862,SSHL,48,4,220,233.9,51458.0,2026-04-16,186595585,2907,Trishakti Securities Public Limited,Opal Securities Investment (PVT) Ltd.,2026-04-16 12:03:09.736359,Shiva Shree Hydropower Ltd
2026041604006901,SSHL,48,58,20,233.9,4678.0,2026-04-16,186595951,2907,Trishakti Securities Public Limited,Naasa Securities Co. Ltd.,2026-04-16 12:03:45.738372,Shiva Shree Hydropower Ltd
2026041604006932,SSHL,48,44,60,233.9,14034.0,2026-04-16,186596222,2907,Trishakti Securities Public Limited,Dynamic Money Managers Securities Pvt. Ltd.,2026-04-16 12:04:13.244517,Shiva Shree Hydropower Ltd
2026041604006933,SSHL,41,44,970,233.1,226107.0,2026-04-16,186596224,2907,Linch Stock Market Ltd.,Dynamic Money Managers Securities Pvt. Ltd.,2026-04-16 12:04:13.244860,Shiva Shree Hydropower Ltd
2026041604006966,SSHL,14,43,50,233.9,11695.0,2026-04-16,186596600,2907,Nepal Stock House (PVT) Ltd.,South Asian Bulls Pvt. Ltd.,2026-04-16 12:04:44.998326,Shiva Shree Hydropower Ltd
2026041604006996,SSHL,41,45,30,233.1,6993.0,2026-04-16,186596888,2907,Linch Stock Market Ltd.,Imperial Securities Company Pvt. Ltd.,2026-04-16 12:05:10.466206,Shiva Shree Hydropower Ltd
2026041604006997,SSHL,36,45,347,233.0,80851.0,2026-04-16,186596890,2907,Secured Securities Ltd.,Imperial Securities Company Pvt. Ltd.,2026-04-16 12:05:10.466893,Shiva Shree Hydropower Ltd
2026041604006998,SSHL,42,45,10,233.0,2330.0,2026-04-16,186596892,2907,Sani Securities Company Ltd.,Imperial Securities Company Pvt. Ltd.,2026-04-16 12:05:10.467432,Shiva Shree Hydropower Ltd
2026041604006999,SSHL,41,45,50,233.0,11650.0,2026-04-16,186596894,2907,Linch Stock Market Ltd.,Imperial Securities Company Pvt. Ltd.,2026-04-16 12:05:10.467885,Shiva Shree Hydropower Ltd
2026041604007059,SSHL,32,51,600,232.9,139740.0,2026-04-16,186597276,2907,Premier Securities Company Ltd.,Oxford Securities Pvt. Ltd.,2026-04-16 12:05:49.086030,Shiva Shree Hydropower Ltd
2026041604007060,SSHL,34,51,400,232.7,93080.0,2026-04-16,186597277,2907,Vision Securities Pvt. Ltd,Oxford Securities Pvt. Ltd.,2026-04-16 12:05:49.086333,Shiva Shree Hydropower Ltd
2026041604007085,SSHL,34,51,100,232.7,23270.0,2026-04-16,186597558,2907,Vision Securities Pvt. Ltd,Oxford Securities Pvt. Ltd.,2026-04-16 12:06:14.621618,Shiva Shree Hydropower Ltd
2026041604007086,SSHL,47,51,400,232.6,93040.0,2026-04-16,186597559,2907,Neev Securities Pvt. Ltd.,Oxford Securities Pvt. Ltd.,2026-04-16 12:06:14.621986,Shiva Shree Hydropower Ltd
2026041604007098,SSHL,47,58,50,232.6,11630.0,2026-04-16,186597713,2907,Neev Securities Pvt. Ltd.,Naasa Securities Co. Ltd.,2026-04-16 12:06:26.711971,Shiva Shree Hydropower Ltd
2026041604007111,SSHL,47,57,1950,232.6,453570.0,2026-04-16,186597802,2907,Neev Securities Pvt. Ltd.,Aryatara Investment & Securities,2026-04-16 12:06:32.256226,Shiva Shree Hydropower Ltd
2026041604007123,SSHL,36,34,150,232.5,34875.0,2026-04-16,186597858,2907,Secured Securities Ltd.,Vision Securities Pvt. Ltd,2026-04-16 12:06:35.982442,Shiva Shree Hydropower Ltd
2026041604007124,SSHL,44,34,350,232.5,81375.0,2026-04-16,186597859,2907,Dynamic Money Managers Securities Pvt. Ltd.,Vision Securities Pvt. Ltd,2026-04-16 12:06:35.982765,Shiva Shree Hydropower Ltd
2026041604007181,SSHL,44,16,150,232.5,34875.0,2026-04-16,186598224,2907,Dynamic Money Managers Securities Pvt. Ltd.,Primo Securities (PVT) Ltd.,2026-04-16 12:07:02.645074,Shiva Shree Hydropower Ltd
2026041604007182,SSHL,32,16,850,232.2,197370.0,2026-04-16,186598225,2907,Premier Securities Company Ltd.,Primo Securities (PVT) Ltd.,2026-04-16 12:07:02.645385,Shiva Shree Hydropower Ltd
2026041604007211,SSHL,32,57,20,232.2,4644.0,2026-04-16,186598438,2907,Premier Securities Company Ltd.,Aryatara Investment & Securities,2026-04-16 12:07:19.907097,Shiva Shree Hydropower Ltd
2026041604007212,SSHL,52,57,380,232.2,88236.0,2026-04-16,186598439,2907,Sundhara Securities Limited,Aryatara Investment & Securities,2026-04-16 12:07:19.907446,Shiva Shree Hydropower Ltd
2026041604007216,SSHL,52,45,50,232.2,11610.0,2026-04-16,186598448,2907,Sundhara Securities Limited,Imperial Securities Company Pvt. Ltd.,2026-04-16 12:07:20.042206,Shiva Shree Hydropower Ltd
2026041604007217,SSHL,48,45,400,232.0,92800.0,2026-04-16,186598450,2907,Trishakti Securities Public Limited,Imperial Securities Company Pvt. Ltd.,2026-04-16 12:07:20.042509,Shiva Shree Hydropower Ltd
2026041604007218,SSHL,48,45,1000,232.0,232000.0,2026-04-16,186598452,2907,Trishakti Securities Public Limited,Imperial Securities Company Pvt. Ltd.,2026-04-16 12:07:20.042647,Shiva Shree Hydropower Ltd
2026041604007219,SSHL,50,45,1000,232.0,232000.0,2026-04-16,186598454,2907,Cristal Kanchanjanga Securites Pvt. Ltd.,Imperial Securities Company Pvt. Ltd.,2026-04-16 12:07:20.042787,Shiva Shree Hydropower Ltd
2026041604007220,SSHL,44,45,20,232.0,4640.0,2026-04-16,186598456,2907,Dynamic Money Managers Securities Pvt. Ltd.,Imperial Securities Company Pvt. Ltd.,2026-04-16 12:07:20.042924,Shiva Shree Hydropower Ltd
2026041604007221,SSHL,57,45,400,232.0,92800.0,2026-04-16,186598458,2907,Aryatara Investment & Securities,Imperial Securities Company Pvt. Ltd.,2026-04-16 12:07:20.043058,Shiva Shree Hydropower Ltd
2026041604007222,SSHL,35,45,193,232.0,44776.0,2026-04-16,186598459,2907,Kohinoor Investment & Securities Pvt. Ltd.,Imperial Securities Company Pvt. Ltd.,2026-04-16 12:07:20.043204,Shiva Shree Hydropower Ltd
2026041604007244,SSHL,35,25,101,232.0,23432.0,2026-04-16,186598759,2907,Kohinoor Investment & Securities Pvt. Ltd.,Sweta Securities Private Limited,2026-04-16 12:07:39.777827,Shiva Shree Hydropower Ltd
2026041604007266,SSHL,35,22,206,232.0,47792.0,2026-04-16,186598926,2907,Kohinoor Investment & Securities Pvt. Ltd.,Siprabi Securities Pvt. Ltd.,2026-04-16 12:07:54.758173,Shiva Shree Hydropower Ltd
2026041604007267,SSHL,34,22,20,232.0,4640.0,2026-04-16,186598928,2907,Vision Securities Pvt. Ltd,Siprabi Securities Pvt. Ltd.,2026-04-16 12:07:54.758816,Shiva Shree Hydropower Ltd
2026041604007339,SSHL,91,48,850,231.9,197115.0,2026-04-16,186599566,2907,Citizens Share Broker Limited,Trishakti Securities Public Limited,2026-04-16 12:08:31.846489,Shiva Shree Hydropower Ltd
2026041604007340,SSHL,34,48,20,231.8,4636.0,2026-04-16,186599568,2907,Vision Securities Pvt. Ltd,Trishakti Securities Public Limited,2026-04-16 12:08:31.846555,Shiva Shree Hydropower Ltd
2026041604007341,SSHL,34,48,20,231.6,4632.0,2026-04-16,186599570,2907,Vision Securities Pvt. Ltd,Trishakti Securities Public Limited,2026-04-16 12:08:31.846582,Shiva Shree Hydropower Ltd
2026041604007342,SSHL,39,48,100,231.2,23120.0,2026-04-16,186599572,2907,Sumeru Securities Pvt. Ltd.,Trishakti Securities Public Limited,2026-04-16 12:08:31.846610,Shiva Shree Hydropower Ltd
2026041604007343,SSHL,72,48,10,231.1,2311.0,2026-04-16,186599573,2907,Hatemalo Financial Services Private Limited,Trishakti Securities Public Limited,2026-04-16 12:08:31.846635,Shiva Shree Hydropower Ltd
2026041604007379,SSHL,58,22,10,232.0,2320.0,2026-04-16,186599898,2907,Naasa Securities Co. Ltd.,Siprabi Securities Pvt. Ltd.,2026-04-16 12:08:53.561712,Shiva Shree Hydropower Ltd
2026041604007382,SSHL,72,59,400,231.1,92440.0,2026-04-16,186599911,2907,Hatemalo Financial Services Private Limited,Deevyaa Securities & Stock House Pvt. Ltd,2026-04-16 12:08:55.441348,Shiva Shree Hydropower Ltd
2026041604007396,SSHL,72,48,90,231.1,20799.0,2026-04-16,186599990,2907,Hatemalo Financial Services Private Limited,Trishakti Securities Public Limited,2026-04-16 12:09:00.828855,Shiva Shree Hydropower Ltd
2026041604007397,SSHL,52,48,150,231.0,34650.0,2026-04-16,186599992,2907,Sundhara Securities Limited,Trishakti Securities Public Limited,2026-04-16 12:09:00.828894,Shiva Shree Hydropower Ltd
2026041604007398,SSHL,52,48,1000,231.0,231000.0,2026-04-16,186599994,2907,Sundhara Securities Limited,Trishakti Securities Public Limited,2026-04-16 12:09:00.828921,Shiva Shree Hydropower Ltd
2026041604007399,SSHL,42,48,50,231.0,11550.0,2026-04-16,186599996,2907,Sani Securities Company Ltd.,Trishakti Securities Public Limited,2026-04-16 12:09:00.828945,Shiva Shree Hydropower Ltd
2026041604007400,SSHL,17,48,500,231.0,115500.0,2026-04-16,186599998,2907,ABC Securities Private Limited,Trishakti Securities Public Limited,2026-04-16 12:09:00.828976,Shiva Shree Hydropower Ltd
2026041604007401,SSHL,19,48,500,231.0,115500.0,2026-04-16,186600000,2907,Nepal Investment And Securities Trading Private Limited,Trishakti Securities Public Limited,2026-04-16 12:09:00.828997,Shiva Shree Hydropower Ltd
2026041604007402,SSHL,51,48,150,231.0,34650.0,2026-04-16,186600002,2907,Oxford Securities Pvt. Ltd.,Trishakti Securities Public Limited,2026-04-16 12:09:00.829028,Shiva Shree Hydropower Ltd
2026041604007403,SSHL,29,48,1500,231.0,346500.0,2026-04-16,186600004,2907,Trisul Securities & Invt. Ltd.,Trishakti Securities Public Limited,2026-04-16 12:09:00.829052,Shiva Shree Hydropower Ltd
2026041604007404,SSHL,42,48,191,231.0,44121.0,2026-04-16,186600006,2907,Sani Securities Company Ltd.,Trishakti Securities Public Limited,2026-04-16 12:09:00.829075,Shiva Shree Hydropower Ltd
2026041604007405,SSHL,6,48,279,230.7,64365.3,2026-04-16,186600007,2907,Agrawal Securities (PVT) Ltd.,Trishakti Securities Public Limited,2026-04-16 12:09:00.829099,Shiva Shree Hydropower Ltd
2026041604007413,SSHL,25,22,264,232.0,61248.0,2026-04-16,186600087,2907,Sweta Securities Private Limited,Siprabi Securities Pvt. Ltd.,2026-04-16 12:09:02.945997,Shiva Shree Hydropower Ltd
2026041604007414,SSHL,25,41,10,232.0,2320.0,2026-04-16,186600090,2907,Sweta Securities Private Limited,Linch Stock Market Ltd.,2026-04-16 12:09:02.946309,Shiva Shree Hydropower Ltd
2026041604007437,SSHL,11,41,427,232.0,99064.0,2026-04-16,186600270,2907,Malla & Malla Stock Broking Company Pvt. Limited,Linch Stock Market Ltd.,2026-04-16 12:09:14.139437,Shiva Shree Hydropower Ltd
2026041604007477,SSHL,35,41,200,232.0,46400.0,2026-04-16,186600572,2907,Kohinoor Investment & Securities Pvt. Ltd.,Linch Stock Market Ltd.,2026-04-16 12:09:36.396637,Shiva Shree Hydropower Ltd
2026041604007513,SSHL,42,47,20,231.1,4622.0,2026-04-16,186600778,2907,Sani Securities Company Ltd.,Neev Securities Pvt. Ltd.,2026-04-16 12:09:52.165464,Shiva Shree Hydropower Ltd
2026041604007597,SSHL,35,41,300,231.0,69300.0,2026-04-16,186601858,2907,Kohinoor Investment & Securities Pvt. Ltd.,Linch Stock Market Ltd.,2026-04-16 12:11:02.148037,Shiva Shree Hydropower Ltd
2026041604007662,SSHL,94,41,100,231.0,23100.0,2026-04-16,186602430,2907,K.B.L. Securities Limited ,Linch Stock Market Ltd.,2026-04-16 12:11:45.014550,Shiva Shree Hydropower Ltd
2026041604007725,SSHL,25,41,226,231.0,52206.0,2026-04-16,186602844,2907,Sweta Securities Private Limited,Linch Stock Market Ltd.,2026-04-16 12:12:22.786460,Shiva Shree Hydropower Ltd
2026041604007758,SSHL,74,89,228,230.8,52622.4,2026-04-16,186603073,2907,KALASH STOCK MARKET PVT. LTD.,Global IME Securities Limited,2026-04-16 12:12:42.789634,Shiva Shree Hydropower Ltd
2026041604007766,SSHL,44,41,20,231.0,4620.0,2026-04-16,186603118,2907,Dynamic Money Managers Securities Pvt. Ltd.,Linch Stock Market Ltd.,2026-04-16 12:12:45.029368,Shiva Shree Hydropower Ltd
2026041604007791,SSHL,74,16,37,230.8,8539.6,2026-04-16,186603228,2907,KALASH STOCK MARKET PVT. LTD.,Primo Securities (PVT) Ltd.,2026-04-16 12:12:53.987007,Shiva Shree Hydropower Ltd
2026041604007792,SSHL,6,16,221,230.7,50984.7,2026-04-16,186603230,2907,Agrawal Securities (PVT) Ltd.,Primo Securities (PVT) Ltd.,2026-04-16 12:12:53.987672,Shiva Shree Hydropower Ltd
2026041604007793,SSHL,48,16,90,230.5,20745.0,2026-04-16,186603232,2907,Trishakti Securities Public Limited,Primo Securities (PVT) Ltd.,2026-04-16 12:12:53.988096,Shiva Shree Hydropower Ltd
2026041604007794,SSHL,19,16,500,230.4,115200.0,2026-04-16,186603234,2907,Nepal Investment And Securities Trading Private Limited,Primo Securities (PVT) Ltd.,2026-04-16 12:12:53.988539,Shiva Shree Hydropower Ltd
2026041604007801,SSHL,21,16,120,230.4,27648.0,2026-04-16,186603342,2907,Midas Stock Broking Company Private Limited,Primo Securities (PVT) Ltd.,2026-04-16 12:13:03.781947,Shiva Shree Hydropower Ltd
2026041604007837,SSHL,29,16,32,230.3,7369.6,2026-04-16,186603649,2907,Trisul Securities & Invt. Ltd.,Primo Securities (PVT) Ltd.,2026-04-16 12:13:18.355231,Shiva Shree Hydropower Ltd
2026041604007840,SSHL,29,57,70,230.3,16121.0,2026-04-16,186603663,2907,Trisul Securities & Invt. Ltd.,Aryatara Investment & Securities,2026-04-16 12:13:19.254011,Shiva Shree Hydropower Ltd
2026041604007862,SSHL,29,58,50,230.3,11515.0,2026-04-16,186603865,2907,Trisul Securities & Invt. Ltd.,Naasa Securities Co. Ltd.,2026-04-16 12:13:43.240301,Shiva Shree Hydropower Ltd
2026041604007872,SSHL,25,41,300,231.0,69300.0,2026-04-16,186603928,2907,Sweta Securities Private Limited,Linch Stock Market Ltd.,2026-04-16 12:13:49.008432,Shiva Shree Hydropower Ltd
2026041604007873,SSHL,1,42,500,230.4,115200.0,2026-04-16,186603932,2907,Kumari Securities Private Limited,Sani Securities Company Ltd.,2026-04-16 12:13:49.919499,Shiva Shree Hydropower Ltd
2026041604007874,SSHL,29,42,100,230.3,23030.0,2026-04-16,186603933,2907,Trisul Securities & Invt. Ltd.,Sani Securities Company Ltd.,2026-04-16 12:13:49.919866,Shiva Shree Hydropower Ltd
2026041604007875,SSHL,38,41,54,231.0,12474.0,2026-04-16,186603959,2907,Dipshikha Dhitopatra Karobar Co. Pvt Ltd.,Linch Stock Market Ltd.,2026-04-16 12:13:54.071881,Shiva Shree Hydropower Ltd
2026041604007995,SSHL,38,52,500,231.0,115500.0,2026-04-16,186605485,2907,Dipshikha Dhitopatra Karobar Co. Pvt Ltd.,Sundhara Securities Limited,2026-04-16 12:16:22.134899,Shiva Shree Hydropower Ltd
2026041604007996,SSHL,38,47,180,231.1,41598.0,2026-04-16,186605487,2907,Dipshikha Dhitopatra Karobar Co. Pvt Ltd.,Neev Securities Pvt. Ltd.,2026-04-16 12:16:22.135006,Shiva Shree Hydropower Ltd
2026041604007997,SSHL,38,43,820,231.9,190158.0,2026-04-16,186605490,2907,Dipshikha Dhitopatra Karobar Co. Pvt Ltd.,South Asian Bulls Pvt. Ltd.,2026-04-16 12:16:22.135085,Shiva Shree Hydropower Ltd
2026041604008027,SSHL,38,43,180,231.9,41742.0,2026-04-16,186605897,2907,Dipshikha Dhitopatra Karobar Co. Pvt Ltd.,South Asian Bulls Pvt. Ltd.,2026-04-16 12:16:58.456926,Shiva Shree Hydropower Ltd
2026041604008028,SSHL,38,41,363,232.0,84216.0,2026-04-16,186605899,2907,Dipshikha Dhitopatra Karobar Co. Pvt Ltd.,Linch Stock Market Ltd.,2026-04-16 12:16:58.457005,Shiva Shree Hydropower Ltd
2026041604008029,SSHL,38,58,300,232.0,69600.0,2026-04-16,186605901,2907,Dipshikha Dhitopatra Karobar Co. Pvt Ltd.,Naasa Securities Co. Ltd.,2026-04-16 12:16:58.457034,Shiva Shree Hydropower Ltd
2026041604008030,SSHL,38,33,157,232.0,36424.0,2026-04-16,186605904,2907,Dipshikha Dhitopatra Karobar Co. Pvt Ltd.,Dakshinkali Investment & Securities Pvt. Ltd.,2026-04-16 12:16:58.457054,Shiva Shree Hydropower Ltd
2026041604008242,SSHL,48,25,20,231.8,4636.0,2026-04-16,186607880,2907,Trishakti Securities Public Limited,Sweta Securities Private Limited,2026-04-16 12:19:30.489052,Shiva Shree Hydropower Ltd
2026041604008299,SSHL,42,42,10,231.5,2315.0,2026-04-16,186608392,2907,Sani Securities Company Ltd.,Sani Securities Company Ltd.,2026-04-16 12:20:21.077290,Shiva Shree Hydropower Ltd
2026041604008300,SSHL,57,42,100,231.0,23100.0,2026-04-16,186608394,2907,Aryatara Investment & Securities,Sani Securities Company Ltd.,2026-04-16 12:20:21.077668,Shiva Shree Hydropower Ltd
2026041604008301,SSHL,10,42,592,231.0,136752.0,2026-04-16,186608396,2907,Pragyan Securities (PVT) Ltd.,Sani Securities Company Ltd.,2026-04-16 12:20:21.077823,Shiva Shree Hydropower Ltd
2026041604008326,SSHL,57,47,300,230.7,69210.0,2026-04-16,186608727,2907,Aryatara Investment & Securities,Neev Securities Pvt. Ltd.,2026-04-16 12:20:51.271138,Shiva Shree Hydropower Ltd
2026041604008338,SSHL,57,45,1000,230.7,230700.0,2026-04-16,186608893,2907,Aryatara Investment & Securities,Imperial Securities Company Pvt. Ltd.,2026-04-16 12:21:04.942944,Shiva Shree Hydropower Ltd
2026041604008348,SSHL,57,45,100,230.7,23070.0,2026-04-16,186609029,2907,Aryatara Investment & Securities,Imperial Securities Company Pvt. Ltd.,2026-04-16 12:21:16.621894,Shiva Shree Hydropower Ltd
2026041604008384,SSHL,57,46,100,230.6,23060.0,2026-04-16,186609466,2907,Aryatara Investment & Securities,Kalika Securities Pvt. Ltd.,2026-04-16 12:21:54.149137,Shiva Shree Hydropower Ltd
2026041604008385,SSHL,57,46,210,230.6,48426.0,2026-04-16,186609467,2907,Aryatara Investment & Securities,Kalika Securities Pvt. Ltd.,2026-04-16 12:21:54.149524,Shiva Shree Hydropower Ltd
2026041604008479,SSHL,57,32,200,230.6,46120.0,2026-04-16,186610529,2907,Aryatara Investment & Securities,Premier Securities Company Ltd.,2026-04-16 12:23:12.448376,Shiva Shree Hydropower Ltd
2026041604008649,SSHL,57,21,190,230.6,43814.0,2026-04-16,186612232,2907,Aryatara Investment & Securities,Midas Stock Broking Company Private Limited,2026-04-16 12:25:08.608600,Shiva Shree Hydropower Ltd
2026041604008650,SSHL,34,21,500,230.6,115300.0,2026-04-16,186612234,2907,Vision Securities Pvt. Ltd,Midas Stock Broking Company Private Limited,2026-04-16 12:25:08.609266,Shiva Shree Hydropower Ltd
2026041604008651,SSHL,100,21,1810,230.5,417205.0,2026-04-16,186612235,2907,Sunrise Securities Limited,Midas Stock Broking Company Private Limited,2026-04-16 12:25:08.609750,Shiva Shree Hydropower Ltd
2026041604008662,SSHL,100,33,190,230.5,43795.0,2026-04-16,186612358,2907,Sunrise Securities Limited,Dakshinkali Investment & Securities Pvt. Ltd.,2026-04-16 12:25:18.924289,Shiva Shree Hydropower Ltd
2026041604008663,SSHL,49,33,100,230.5,23050.0,2026-04-16,186612360,2907,Online Securities Pvt. Ltd.,Dakshinkali Investment & Securities Pvt. Ltd.,2026-04-16 12:25:18.924676,Shiva Shree Hydropower Ltd
2026041604008664,SSHL,57,33,100,230.5,23050.0,2026-04-16,186612362,2907,Aryatara Investment & Securities,Dakshinkali Investment & Securities Pvt. Ltd.,2026-04-16 12:25:18.924830,Shiva Shree Hydropower Ltd
2026041604008665,SSHL,59,33,110,230.5,25355.0,2026-04-16,186612363,2907,Deevyaa Securities & Stock House Pvt. Ltd,Dakshinkali Investment & Securities Pvt. Ltd.,2026-04-16 12:25:18.924978,Shiva Shree Hydropower Ltd
2026041604008669,SSHL,59,7,190,230.5,43795.0,2026-04-16,186612416,2907,Deevyaa Securities & Stock House Pvt. Ltd,J.F. Securites (PVT) Ltd.,2026-04-16 12:25:21.831766,Shiva Shree Hydropower Ltd
2026041604008670,SSHL,74,7,40,230.5,9220.0,2026-04-16,186612418,2907,KALASH STOCK MARKET PVT. LTD.,J.F. Securites (PVT) Ltd.,2026-04-16 12:25:21.832453,Shiva Shree Hydropower Ltd
2026041604008732,SSHL,45,94,100,230.4,23040.0,2026-04-16,186612799,2907,Imperial Securities Company Pvt. Ltd.,K.B.L. Securities Limited ,2026-04-16 12:25:48.096888,Shiva Shree Hydropower Ltd
2026041604008823,SSHL,58,25,30,230.5,6915.0,2026-04-16,186613338,2907,Naasa Securities Co. Ltd.,Sweta Securities Private Limited,2026-04-16 12:26:23.589367,Shiva Shree Hydropower Ltd
