Date,S.N.,contract_id,symbol,buyer_broker,seller_broker,volume,price,amount,transaction_time
2025-08-14,76511,2025081405000016,CHDC,Himalayan Brokerage Company Limited,Aakashbhairab Securities Ltd.,10,2710.9,27109.0,2025-08-14 10:46:00.033778
2025-08-14,76452,2025081405000048,CHDC,Himalayan Brokerage Company Limited,Sumeru Securities Pvt. Ltd.,10,2695.0,26950.0,2025-08-14 11:00:29.857818
2025-08-14,76451,2025081405000049,CHDC,Himalayan Brokerage Company Limited,Sumeru Securities Pvt. Ltd.,10,2690.0,26900.0,2025-08-14 11:00:29.857912
2025-08-14,76437,2025081405000057,CHDC,Trisul Securities & Invt. Ltd.,Sumeru Securities Pvt. Ltd.,50,2700.0,135000.0,2025-08-14 11:00:39.436714
2025-08-14,76436,2025081405000058,CHDC,Trisul Securities & Invt. Ltd.,Aakashbhairab Securities Ltd.,90,2709.0,243810.0,2025-08-14 11:00:39.436763
2025-08-14,76435,2025081405000059,CHDC,Trisul Securities & Invt. Ltd.,Asian Securities Private Ltd.,10,2710.0,27100.0,2025-08-14 11:00:39.436799
2025-08-14,76210,2025081405000178,CHDC,Siprabi Securities Pvt. Ltd.,Sumeru Securities Pvt. Ltd.,50,2680.0,134000.0,2025-08-14 11:01:54.530641
2025-08-14,75962,2025081405000275,CHDC,Trisul Securities & Invt. Ltd.,Kalika Securities Pvt. Ltd.,12,2651.0,31812.0,2025-08-14 11:03:32.274703
2025-08-14,75918,2025081405000293,CHDC,Trishakti Securities Public Limited,Kohinoor Investment & Securities Pvt. Ltd.,10,2680.0,26800.0,2025-08-14 11:03:52.859124
2025-08-14,75782,2025081405000360,CHDC,Vision Securities Pvt. Ltd,Naasa Securities Co. Ltd.,2,2630.0,5260.0,2025-08-14 11:04:43.427181
2025-08-14,75720,2025081405000385,CHDC,Online Securities Pvt. Ltd.,Dipshikha Dhitopatra Karobar Co. Pvt Ltd.,2,2627.0,5254.0,2025-08-14 11:05:03.425520
2025-08-14,75719,2025081405000386,CHDC,Trisul Securities & Invt. Ltd.,Agrawal Securities (PVT) Ltd.,12,2651.0,31812.0,2025-08-14 11:05:03.700116
2025-08-14,75687,2025081405000405,CHDC,Trisul Securities & Invt. Ltd.,Himalayan Brokerage Company Limited,20,2651.0,53020.0,2025-08-14 11:05:11.401442
2025-08-14,75660,2025081405000414,CHDC,Trisul Securities & Invt. Ltd.,Deevyaa Securities & Stock House Pvt. Ltd,106,2651.0,281006.0,2025-08-14 11:05:23.006519
2025-08-14,75659,2025081405000415,CHDC,Cristal Kanchanjanga Securites Pvt. Ltd.,Deevyaa Securities & Stock House Pvt. Ltd,2000,2651.0,5302000.0,2025-08-14 11:05:23.006618
2025-08-14,75525,2025081405000474,CHDC,Naasa Securities Co. Ltd.,Sumeru Securities Pvt. Ltd.,35,2650.0,92750.0,2025-08-14 11:06:06.223889
2025-08-14,75524,2025081405000475,CHDC,Vision Securities Pvt. Ltd,Sumeru Securities Pvt. Ltd.,50,2650.0,132500.0,2025-08-14 11:06:06.224030
2025-08-14,75523,2025081405000476,CHDC,Himalayan Brokerage Company Limited,Sumeru Securities Pvt. Ltd.,700,2650.0,1855000.0,2025-08-14 11:06:06.224145
2025-08-14,75474,2025081405000494,CHDC,J.F. Securites (PVT) Ltd.,Deevyaa Securities & Stock House Pvt. Ltd,45,2651.0,119295.0,2025-08-14 11:06:22.914648
2025-08-14,75446,2025081405000504,CHDC,Midas Stock Broking Company Private Limited,Naasa Securities Co. Ltd.,50,2651.0,132550.0,2025-08-14 11:06:34.816275
2025-08-14,75445,2025081405000505,CHDC,Aakashbhairab Securities Ltd.,Naasa Securities Co. Ltd.,100,2650.1,265010.0,2025-08-14 11:06:34.816452
2025-08-14,75420,2025081405000517,CHDC,Sani Securities Company Ltd.,Nepal Stock House (PVT) Ltd.,12,2640.0,31680.0,2025-08-14 11:06:46.063413
2025-08-14,75226,2025081405000616,CHDC,Aakashbhairab Securities Ltd.,Naasa Securities Co. Ltd.,1350,2650.0,3577500.0,2025-08-14 11:07:38.958977
2025-08-14,75225,2025081405000617,CHDC,Aakashbhairab Securities Ltd.,Thrive Brokerage House Pvt. Ltd,405,2650.0,1073250.0,2025-08-14 11:07:38.959164
2025-08-14,75135,2025081405000669,CHDC,Trishakti Securities Public Limited,Deevyaa Securities & Stock House Pvt. Ltd,10,2678.0,26780.0,2025-08-14 11:07:54.169150
2025-08-14,74897,2025081405000813,CHDC,Naasa Securities Co. Ltd.,Sumeru Securities Pvt. Ltd.,100,2650.0,265000.0,2025-08-14 11:08:32.812941
2025-08-14,74634,2025081405000942,CHDC,Cristal Kanchanjanga Securites Pvt. Ltd.,Naasa Securities Co. Ltd.,12,2643.0,31716.0,2025-08-14 11:09:42.441975
2025-08-14,74625,2025081405000947,CHDC,Cristal Kanchanjanga Securites Pvt. Ltd.,Sumeru Securities Pvt. Ltd.,188,2643.0,496884.0,2025-08-14 11:09:47.186242
2025-08-14,74573,2025081405000998,CHDC,Nepal Stock House (PVT) Ltd.,Sumeru Securities Pvt. Ltd.,10,2643.0,26430.0,2025-08-14 11:09:49.894462
2025-08-14,74527,2025081405001025,CHDC,Agrawal Securities (PVT) Ltd.,Sumeru Securities Pvt. Ltd.,90,2642.1,237789.0,2025-08-14 11:10:00.246932
2025-08-14,74526,2025081405001026,CHDC,J.F. Securites (PVT) Ltd.,Sumeru Securities Pvt. Ltd.,55,2642.0,145310.0,2025-08-14 11:10:00.247044
2025-08-14,74525,2025081405001027,CHDC,Deevyaa Securities & Stock House Pvt. Ltd,Sumeru Securities Pvt. Ltd.,55,2641.1,145260.5,2025-08-14 11:10:00.247116
2025-08-14,74453,2025081405001067,CHDC,Thrive Brokerage House Pvt. Ltd,Sumeru Securities Pvt. Ltd.,225,2650.0,596250.0,2025-08-14 11:10:10.301874
2025-08-14,73997,2025081405001274,CHDC,INDEX SECURITIES LIMITED,Asian Securities Private Ltd.,10,2674.0,26740.0,2025-08-14 11:12:03.449053
2025-08-14,73655,2025081405001498,CHDC,Naasa Securities Co. Ltd.,Online Securities Pvt. Ltd.,12,2650.0,31800.0,2025-08-14 11:13:04.103498
2025-08-14,73344,2025081405001710,CHDC,Naasa Securities Co. Ltd.,Shree Krishna Securities Ltd.,12,2650.0,31800.0,2025-08-14 11:14:01.867806
2025-08-14,73034,2025081405001850,CHDC,Naasa Securities Co. Ltd.,Cristal Kanchanjanga Securites Pvt. Ltd.,26,2650.0,68900.0,2025-08-14 11:15:19.435644
2025-08-14,73033,2025081405001851,CHDC,J.F. Securites (PVT) Ltd.,Cristal Kanchanjanga Securites Pvt. Ltd.,20,2650.0,53000.0,2025-08-14 11:15:19.435773
2025-08-14,72409,2025081405002155,CHDC,Trisul Securities & Invt. Ltd.,Sewa Securities Pvt. Ltd.,12,2642.0,31704.0,2025-08-14 11:17:33.614965
2025-08-14,72300,2025081405002212,CHDC,Linch Stock Market Ltd.,Cristal Kanchanjanga Securites Pvt. Ltd.,48,2650.0,127200.0,2025-08-14 11:17:57.172604
2025-08-14,72234,2025081405002244,CHDC,S.P.S.A. Securities Limited,Thrive Brokerage House Pvt. Ltd,12,2660.0,31920.0,2025-08-14 11:18:10.876052
2025-08-14,71967,2025081405002367,CHDC,S.P.S.A. Securities Limited,Sumeru Securities Pvt. Ltd.,15,2650.0,39750.0,2025-08-14 11:19:26.677752
2025-08-14,71966,2025081405002368,CHDC,Sumeru Securities Pvt. Ltd.,Sumeru Securities Pvt. Ltd.,10,2640.0,26400.0,2025-08-14 11:19:26.677916
2025-08-14,71965,2025081405002369,CHDC,Agrawal Securities (PVT) Ltd.,Sumeru Securities Pvt. Ltd.,30,2640.0,79200.0,2025-08-14 11:19:26.677965
2025-08-14,71964,2025081405002370,CHDC,Himalayan Brokerage Company Limited,Sumeru Securities Pvt. Ltd.,10,2640.0,26400.0,2025-08-14 11:19:26.678015
2025-08-14,71963,2025081405002371,CHDC,Trisul Securities & Invt. Ltd.,Sumeru Securities Pvt. Ltd.,48,2640.0,126720.0,2025-08-14 11:19:26.678067
2025-08-14,71962,2025081405002372,CHDC,Imperial Securities Company Pvt. Ltd.,Sumeru Securities Pvt. Ltd.,100,2640.0,264000.0,2025-08-14 11:19:26.678114
2025-08-14,71669,2025081405002518,CHDC,Hatemalo Financial Services Private Limited,Linch Stock Market Ltd.,10,2641.1,26411.0,2025-08-14 11:20:40.087387
2025-08-14,71346,2025081405002630,CHDC,Trishakti Securities Public Limited,Asian Securities Private Ltd.,10,2660.0,26600.0,2025-08-14 11:21:52.708219
2025-08-14,70171,2025081405003191,CHDC,Bhrikuti Stock Broking Co. Pvt. Ltd.,Asian Securities Private Ltd.,190,2660.0,505400.0,2025-08-14 11:26:31.135762
2025-08-14,70170,2025081405003192,CHDC,Bhrikuti Stock Broking Co. Pvt. Ltd.,Naasa Securities Co. Ltd.,10,2660.0,26600.0,2025-08-14 11:26:31.135901
2025-08-14,69234,2025081405003887,CHDC,Bhrikuti Stock Broking Co. Pvt. Ltd.,Sumeru Securities Pvt. Ltd.,100,2650.0,265000.0,2025-08-14 11:28:03.506382
2025-08-14,69054,2025081405003995,CHDC,Imperial Securities Company Pvt. Ltd.,Sumeru Securities Pvt. Ltd.,50,2659.0,132950.0,2025-08-14 11:28:32.070145
2025-08-14,68736,2025081405004156,CHDC,S.P.S.A. Securities Limited,Sumeru Securities Pvt. Ltd.,10,2643.5,26435.0,2025-08-14 11:29:46.956869
2025-08-14,68735,2025081405004157,CHDC,Linch Stock Market Ltd.,Sumeru Securities Pvt. Ltd.,25,2643.5,66087.5,2025-08-14 11:29:46.956973
2025-08-14,68734,2025081405004158,CHDC,Bhrikuti Stock Broking Co. Pvt. Ltd.,Sumeru Securities Pvt. Ltd.,100,2643.4,264340.0,2025-08-14 11:29:46.957026
2025-08-14,68733,2025081405004159,CHDC,Linch Stock Market Ltd.,Sumeru Securities Pvt. Ltd.,20,2643.2,52864.0,2025-08-14 11:29:46.957076
2025-08-14,68732,2025081405004160,CHDC,Dipshikha Dhitopatra Karobar Co. Pvt Ltd.,Sumeru Securities Pvt. Ltd.,100,2643.1,264310.0,2025-08-14 11:29:46.957128
2025-08-14,68647,2025081405004189,CHDC,Trishakti Securities Public Limited,Sumeru Securities Pvt. Ltd.,10,2643.0,26430.0,2025-08-14 11:30:13.110247
2025-08-14,68271,2025081405004344,CHDC,Vision Securities Pvt. Ltd,Trishakti Securities Public Limited,1,2630.0,2630.0,2025-08-14 11:31:48.017609
2025-08-14,68262,2025081405004352,CHDC,Imperial Securities Company Pvt. Ltd.,Miyo Securities Pvt Ltd,10,2645.0,26450.0,2025-08-14 11:31:49.318022
2025-08-14,68047,2025081405004441,CHDC,Imperial Securities Company Pvt. Ltd.,Property Wiard Limited,12,2645.0,31740.0,2025-08-14 11:32:50.794420
2025-08-14,67843,2025081405004529,CHDC,Himalayan Brokerage Company Limited,Miyo Securities Pvt Ltd,27,2647.0,71469.0,2025-08-14 11:33:51.756894
2025-08-14,67786,2025081405004554,CHDC,Himalayan Brokerage Company Limited,Sumeru Securities Pvt. Ltd.,73,2647.0,193231.0,2025-08-14 11:34:19.990801
2025-08-14,67785,2025081405004555,CHDC,Imperial Securities Company Pvt. Ltd.,Sumeru Securities Pvt. Ltd.,28,2645.0,74060.0,2025-08-14 11:34:19.990952
2025-08-14,67784,2025081405004556,CHDC,Premier Securities Company Ltd.,Sumeru Securities Pvt. Ltd.,99,2645.0,261855.0,2025-08-14 11:34:19.991021
2025-08-14,67264,2025081405004789,CHDC,Bhrikuti Stock Broking Co. Pvt. Ltd.,Sumeru Securities Pvt. Ltd.,10,2645.0,26450.0,2025-08-14 11:36:56.467586
2025-08-14,67263,2025081405004790,CHDC,Primo Securities (PVT) Ltd.,Sumeru Securities Pvt. Ltd.,30,2641.3,79239.0,2025-08-14 11:36:56.467685
2025-08-14,67262,2025081405004791,CHDC,Primo Securities (PVT) Ltd.,Sumeru Securities Pvt. Ltd.,20,2641.3,52826.0,2025-08-14 11:36:56.467761
2025-08-14,67261,2025081405004792,CHDC,Linch Stock Market Ltd.,Sumeru Securities Pvt. Ltd.,20,2641.2,52824.0,2025-08-14 11:36:56.467827
2025-08-14,67260,2025081405004793,CHDC,Hatemalo Financial Services Private Limited,Sumeru Securities Pvt. Ltd.,90,2641.1,237699.0,2025-08-14 11:36:56.467903
2025-08-14,67259,2025081405004794,CHDC,Imperial Securities Company Pvt. Ltd.,Sumeru Securities Pvt. Ltd.,20,2641.1,52822.0,2025-08-14 11:36:56.467976
2025-08-14,67258,2025081405004795,CHDC,Premier Securities Company Ltd.,Sumeru Securities Pvt. Ltd.,10,2641.0,26410.0,2025-08-14 11:36:56.468051
2025-08-14,67222,2025081405004811,CHDC,Premier Securities Company Ltd.,Sumeru Securities Pvt. Ltd.,20,2641.0,52820.0,2025-08-14 11:37:09.506021
2025-08-14,67221,2025081405004812,CHDC,Nepal Stock House (PVT) Ltd.,Sumeru Securities Pvt. Ltd.,10,2640.0,26400.0,2025-08-14 11:37:09.506102
2025-08-14,67220,2025081405004813,CHDC,Secured Securities Ltd.,Sumeru Securities Pvt. Ltd.,20,2640.0,52800.0,2025-08-14 11:37:09.506131
2025-08-14,67219,2025081405004814,CHDC,Premier Securities Company Ltd.,Sumeru Securities Pvt. Ltd.,100,2640.0,264000.0,2025-08-14 11:37:09.506156
2025-08-14,67218,2025081405004815,CHDC,Bhrikuti Stock Broking Co. Pvt. Ltd.,Sumeru Securities Pvt. Ltd.,100,2640.0,264000.0,2025-08-14 11:37:09.506180
2025-08-14,67217,2025081405004816,CHDC,Naasa Securities Co. Ltd.,Sumeru Securities Pvt. Ltd.,114,2640.0,300960.0,2025-08-14 11:37:09.506203
2025-08-14,67216,2025081405004817,CHDC,Cristal Kanchanjanga Securites Pvt. Ltd.,Sumeru Securities Pvt. Ltd.,10,2640.0,26400.0,2025-08-14 11:37:09.506225
2025-08-14,67215,2025081405004818,CHDC,Dakshinkali Investment & Securities Pvt. Ltd.,Sumeru Securities Pvt. Ltd.,100,2640.0,264000.0,2025-08-14 11:37:09.506249
2025-08-14,67214,2025081405004819,CHDC,Himalayan Brokerage Company Limited,Sumeru Securities Pvt. Ltd.,10,2635.0,26350.0,2025-08-14 11:37:09.506277
2025-08-14,67213,2025081405004820,CHDC,Dipshikha Dhitopatra Karobar Co. Pvt Ltd.,Sumeru Securities Pvt. Ltd.,16,2635.0,42160.0,2025-08-14 11:37:09.506306
2025-08-14,65972,2025081405005285,CHDC,Himalayan Brokerage Company Limited,Deevyaa Securities & Stock House Pvt. Ltd,127,2640.0,335280.0,2025-08-14 11:42:57.527044
2025-08-14,65931,2025081405005308,CHDC,Kohinoor Investment & Securities Pvt. Ltd.,Deevyaa Securities & Stock House Pvt. Ltd,30,2640.0,79200.0,2025-08-14 11:43:09.970856
2025-08-14,65910,2025081405005313,CHDC,Sharepro Securities Private Limited,Deevyaa Securities & Stock House Pvt. Ltd,33,2640.0,87120.0,2025-08-14 11:43:14.594591
2025-08-14,65266,2025081405005567,CHDC,Sharepro Securities Private Limited,Deevyaa Securities & Stock House Pvt. Ltd,1,2641.0,2641.0,2025-08-14 11:46:00.296140
2025-08-14,65190,2025081405005591,CHDC,Sharepro Securities Private Limited,Sumeru Securities Pvt. Ltd.,2,2643.0,5286.0,2025-08-14 11:46:13.330634
2025-08-14,64948,2025081405005704,CHDC,Agrawal Securities (PVT) Ltd.,Ashutosh Brokerage & Securities (PVT) Ltd.,100,2642.0,264200.0,2025-08-14 11:47:10.970759
2025-08-14,64947,2025081405005705,CHDC,R.B.B. Securities Company Ltd,Ashutosh Brokerage & Securities (PVT) Ltd.,100,2641.1,264110.0,2025-08-14 11:47:10.971049
2025-08-14,64437,2025081405005881,CHDC,Trishakti Securities Public Limited,Dipshikha Dhitopatra Karobar Co. Pvt Ltd.,10,2654.0,26540.0,2025-08-14 11:49:16.869931
2025-08-14,64381,2025081405005913,CHDC,R.B.B. Securities Company Ltd,Vision Securities Pvt. Ltd,12,2641.1,31693.2,2025-08-14 11:49:39.020406
2025-08-14,63944,2025081405006102,CHDC,K.B.L. Securities Limited ,Asian Securities Private Ltd.,500,2651.0,1325500.0,2025-08-14 11:51:50.295042
2025-08-14,63609,2025081405006249,CHDC,Kumari Securities Private Limited,K.B.L. Securities Limited ,100,2651.0,265100.0,2025-08-14 11:53:42.812928
2025-08-14,62960,2025081405006639,CHDC,Kumari Securities Private Limited,Naasa Securities Co. Ltd.,15,2655.0,39825.0,2025-08-14 11:55:52.341995
2025-08-14,62959,2025081405006640,CHDC,Kumari Securities Private Limited,Deevyaa Securities & Stock House Pvt. Ltd,100,2655.0,265500.0,2025-08-14 11:55:52.342164
2025-08-14,62958,2025081405006641,CHDC,Kumari Securities Private Limited,Miyo Securities Pvt Ltd,20,2655.0,53100.0,2025-08-14 11:55:52.342236
2025-08-14,62957,2025081405006642,CHDC,Kumari Securities Private Limited,Miyo Securities Pvt Ltd,15,2655.0,39825.0,2025-08-14 11:55:52.342338
2025-08-14,62903,2025081405006651,CHDC,Nagarik Stock Dealer ,Bhrikuti Stock Broking Co. Pvt. Ltd.,12,2655.0,31860.0,2025-08-14 11:56:07.220838
2025-08-14,62531,2025081405006798,CHDC,Sharepro Securities Private Limited,Naasa Securities Co. Ltd.,2,2650.0,5300.0,2025-08-14 11:57:49.806136
2025-08-14,62502,2025081405006810,CHDC,Sharepro Securities Private Limited,Linch Stock Market Ltd.,1,2650.0,2650.0,2025-08-14 11:58:02.258003
2025-08-14,62466,2025081405006826,CHDC,Sharepro Securities Private Limited,Deevyaa Securities & Stock House Pvt. Ltd,1,2650.0,2650.0,2025-08-14 11:58:13.288866
2025-08-14,62342,2025081405006877,CHDC,Nagarik Stock Dealer ,Premier Securities Company Ltd.,12,2658.0,31896.0,2025-08-14 11:58:45.873775
2025-08-14,62341,2025081405006878,CHDC,Nagarik Stock Dealer ,Deevyaa Securities & Stock House Pvt. Ltd,100,2658.0,265800.0,2025-08-14 11:58:45.873946
2025-08-14,62274,2025081405006897,CHDC,Sharepro Securities Private Limited,Sumeru Securities Pvt. Ltd.,50,2659.0,132950.0,2025-08-14 11:59:04.466603
2025-08-14,62273,2025081405006898,CHDC,Sharepro Securities Private Limited,Deevyaa Securities & Stock House Pvt. Ltd,50,2659.0,132950.0,2025-08-14 11:59:04.466945
2025-08-14,61955,2025081405007044,CHDC,Kumari Securities Private Limited,Deevyaa Securities & Stock House Pvt. Ltd,50,2659.0,132950.0,2025-08-14 12:00:27.058965
2025-08-14,61954,2025081405007045,CHDC,Kumari Securities Private Limited,Naasa Securities Co. Ltd.,90,2659.0,239310.0,2025-08-14 12:00:27.059309
2025-08-14,61953,2025081405007046,CHDC,Kumari Securities Private Limited,South Asian Bulls Pvt. Ltd.,60,2660.0,159600.0,2025-08-14 12:00:27.059539
2025-08-14,61925,2025081405007060,CHDC,Miyo Securities Pvt Ltd,South Asian Bulls Pvt. Ltd.,140,2660.0,372400.0,2025-08-14 12:00:33.798583
2025-08-14,61924,2025081405007061,CHDC,Miyo Securities Pvt Ltd,KALASH STOCK MARKET PVT. LTD.,15,2660.0,39900.0,2025-08-14 12:00:33.798906
2025-08-14,61922,2025081405007062,CHDC,Vision Securities Pvt. Ltd,Nabil Stock Dealer Ltd.,2,2630.0,5260.0,2025-08-14 12:00:34.132949
2025-08-14,61410,2025081405007338,CHDC,Kumari Securities Private Limited,KALASH STOCK MARKET PVT. LTD.,85,2660.0,226100.0,2025-08-14 12:02:51.545524
2025-08-14,61409,2025081405007339,CHDC,Kumari Securities Private Limited,Premier Securities Company Ltd.,15,2660.0,39900.0,2025-08-14 12:02:51.545712
2025-08-14,61023,2025081405007535,CHDC,Kumari Securities Private Limited,BHOLE GANESH SECURITIES LTD,50,2665.0,133250.0,2025-08-14 12:04:18.012335
2025-08-14,60832,2025081405007633,CHDC,Vision Securities Pvt. Ltd,Trisul Securities & Invt. Ltd.,1,2620.0,2620.0,2025-08-14 12:05:05.756732
2025-08-14,60449,2025081405007823,CHDC,Himalayan Securities Limited,BHOLE GANESH SECURITIES LTD,40,2665.0,106600.0,2025-08-14 12:06:34.960195
2025-08-14,60448,2025081405007824,CHDC,Himalayan Securities Limited,Asian Securities Private Ltd.,200,2665.0,533000.0,2025-08-14 12:06:34.960531
2025-08-14,60053,2025081405007970,CHDC,Sewa Securities Pvt. Ltd.,Sewa Securities Pvt. Ltd.,20,2668.0,53360.0,2025-08-14 12:08:15.539797
2025-08-14,59609,2025081405008149,CHDC,Premier Securities Company Ltd.,Midas Stock Broking Company Private Limited,1,2645.0,2645.0,2025-08-14 12:10:22.575411
2025-08-14,59448,2025081405008208,CHDC,Aryatara Investment & Securities,Sewa Securities Pvt. Ltd.,10,2668.0,26680.0,2025-08-14 12:11:06.179572
2025-08-14,59359,2025081405008226,CHDC,Aryatara Investment & Securities,Sewa Securities Pvt. Ltd.,20,2668.0,53360.0,2025-08-14 12:11:23.354852
2025-08-14,59358,2025081405008227,CHDC,Aryatara Investment & Securities,Asian Securities Private Ltd.,120,2668.0,320160.0,2025-08-14 12:11:23.355172
2025-08-14,58527,2025081405008541,CHDC,Sweta Securities Private Limited,Capital Max Securities Ltd,12,2665.1,31981.2,2025-08-14 12:14:24.050102
2025-08-14,57688,2025081405008937,CHDC,Sweta Securities Private Limited,Nabil Stock Dealer Ltd.,10,2665.1,26651.0,2025-08-14 12:17:06.382795
2025-08-14,57634,2025081405008959,CHDC,Sweta Securities Private Limited,Sumeru Securities Pvt. Ltd.,38,2665.1,101273.8,2025-08-14 12:17:19.892037
2025-08-14,57633,2025081405008960,CHDC,ABC Securities Private Limited,Sumeru Securities Pvt. Ltd.,50,2665.0,133250.0,2025-08-14 12:17:19.892260
2025-08-14,56741,2025081405009326,CHDC,Machhapuchchhre Securities Limited,Asian Securities Private Ltd.,10,2668.0,26680.0,2025-08-14 12:20:06.901189
2025-08-14,56380,2025081405009458,CHDC,Premier Securities Company Ltd.,Naasa Securities Co. Ltd.,12,2652.1,31825.2,2025-08-14 12:21:11.255970
2025-08-14,56044,2025081405009592,CHDC,Vision Securities Pvt. Ltd,Trishakti Securities Public Limited,2,2600.0,5200.0,2025-08-14 12:22:20.825488
2025-08-14,55841,2025081405009671,CHDC,Premier Securities Company Ltd.,Vision Securities Pvt. Ltd,12,2652.1,31825.2,2025-08-14 12:22:54.852256
2025-08-14,55796,2025081405009691,CHDC,Premier Securities Company Ltd.,Sumeru Securities Pvt. Ltd.,17,2652.1,45085.7,2025-08-14 12:23:02.440149
2025-08-14,55697,2025081405009717,CHDC,Premier Securities Company Ltd.,Machhapuchchhre Securities Limited,199,2652.1,527767.9,2025-08-14 12:23:19.356145
2025-08-14,55696,2025081405009718,CHDC,Creative Securities Pvt Ltd,Machhapuchchhre Securities Limited,100,2652.0,265200.0,2025-08-14 12:23:19.356520
2025-08-14,55695,2025081405009719,CHDC,Midas Stock Broking Company Private Limited,Machhapuchchhre Securities Limited,10,2651.5,26515.0,2025-08-14 12:23:19.356727
2025-08-14,55694,2025081405009720,CHDC,Agrawal Securities (PVT) Ltd.,Machhapuchchhre Securities Limited,50,2651.2,132560.0,2025-08-14 12:23:19.356946
2025-08-14,55693,2025081405009721,CHDC,Bhrikuti Stock Broking Co. Pvt. Ltd.,Machhapuchchhre Securities Limited,200,2651.1,530220.0,2025-08-14 12:23:19.357138
2025-08-14,55692,2025081405009722,CHDC,Miyo Securities Pvt Ltd,Machhapuchchhre Securities Limited,20,2651.0,53020.0,2025-08-14 12:23:19.357357
2025-08-14,55691,2025081405009723,CHDC,Trishakti Securities Public Limited,Machhapuchchhre Securities Limited,50,2651.0,132550.0,2025-08-14 12:23:19.357541
2025-08-14,55690,2025081405009724,CHDC,Investment Management Nepal Pvt. Ltd.,Machhapuchchhre Securities Limited,400,2651.0,1060400.0,2025-08-14 12:23:19.357742
2025-08-14,55689,2025081405009725,CHDC,Nagarik Stock Dealer ,Machhapuchchhre Securities Limited,76,2650.0,201400.0,2025-08-14 12:23:19.357956
2025-08-14,55688,2025081405009726,CHDC,Sumeru Securities Pvt. Ltd.,Machhapuchchhre Securities Limited,20,2650.0,53000.0,2025-08-14 12:23:19.358159
2025-08-14,55687,2025081405009727,CHDC,Sundhara Securities Limited,Machhapuchchhre Securities Limited,10,2650.0,26500.0,2025-08-14 12:23:19.358359
2025-08-14,55686,2025081405009728,CHDC,Imperial Securities Company Pvt. Ltd.,Machhapuchchhre Securities Limited,50,2650.0,132500.0,2025-08-14 12:23:19.358553
2025-08-14,55685,2025081405009729,CHDC,Capital Max Securities Ltd,Machhapuchchhre Securities Limited,15,2648.0,39720.0,2025-08-14 12:23:19.358756
2025-08-14,55684,2025081405009730,CHDC,Agrawal Securities (PVT) Ltd.,Machhapuchchhre Securities Limited,200,2644.0,528800.0,2025-08-14 12:23:19.358971
2025-08-14,55683,2025081405009731,CHDC,Himalayan Securities Limited,Machhapuchchhre Securities Limited,290,2642.0,766180.0,2025-08-14 12:23:19.359179
2025-08-14,55682,2025081405009732,CHDC,Deevyaa Securities & Stock House Pvt. Ltd,Machhapuchchhre Securities Limited,45,2641.1,118849.5,2025-08-14 12:23:19.359378
2025-08-14,55681,2025081405009733,CHDC,Imperial Securities Company Pvt. Ltd.,Machhapuchchhre Securities Limited,200,2641.0,528200.0,2025-08-14 12:23:19.359556
2025-08-14,55680,2025081405009734,CHDC,R.B.B. Securities Company Ltd,Machhapuchchhre Securities Limited,88,2640.1,232328.8,2025-08-14 12:23:19.359739
2025-08-14,55679,2025081405009735,CHDC,Premier Securities Company Ltd.,Machhapuchchhre Securities Limited,100,2640.0,264000.0,2025-08-14 12:23:19.359924
2025-08-14,55678,2025081405009736,CHDC,Sumeru Securities Pvt. Ltd.,Machhapuchchhre Securities Limited,15,2640.0,39600.0,2025-08-14 12:23:19.360105
2025-08-14,55677,2025081405009737,CHDC,Vision Securities Pvt. Ltd,Machhapuchchhre Securities Limited,1000,2640.0,2640000.0,2025-08-14 12:23:19.360282
2025-08-14,55676,2025081405009738,CHDC,Sri Hari Securities Pvt. Ltd.,Machhapuchchhre Securities Limited,50,2640.0,132000.0,2025-08-14 12:23:19.360478
2025-08-14,55614,2025081405009763,CHDC,Aryatara Investment & Securities,Machhapuchchhre Securities Limited,100,2640.0,264000.0,2025-08-14 12:23:30.833896
2025-08-14,55153,2025081405009946,CHDC,Machhapuchchhre Securities Limited,Sweta Securities Private Limited,10,2667.0,26670.0,2025-08-14 12:24:55.629732
2025-08-14,54308,2025081405010267,CHDC,ABC Securities Private Limited,Machhapuchchhre Securities Limited,100,2645.0,264500.0,2025-08-14 12:28:58.257296
2025-08-14,54307,2025081405010268,CHDC,Vision Securities Pvt. Ltd,Machhapuchchhre Securities Limited,10,2640.0,26400.0,2025-08-14 12:28:58.257647
2025-08-14,54306,2025081405010269,CHDC,Nagarik Stock Dealer ,Machhapuchchhre Securities Limited,76,2640.0,200640.0,2025-08-14 12:28:58.257852
2025-08-14,54305,2025081405010270,CHDC,Himalayan Securities Limited,Machhapuchchhre Securities Limited,50,2640.0,132000.0,2025-08-14 12:28:58.258056
2025-08-14,54304,2025081405010271,CHDC,Bhrikuti Stock Broking Co. Pvt. Ltd.,Machhapuchchhre Securities Limited,100,2640.0,264000.0,2025-08-14 12:28:58.258288
2025-08-14,54060,2025081405010370,CHDC,Dipshikha Dhitopatra Karobar Co. Pvt Ltd.,Machhapuchchhre Securities Limited,84,2640.0,221760.0,2025-08-14 12:29:57.339296
2025-08-14,53887,2025081405010479,CHDC,Aakashbhairab Securities Ltd.,Machhapuchchhre Securities Limited,580,2640.0,1531200.0,2025-08-14 12:30:22.463751
2025-08-14,53794,2025081405010553,CHDC,Sharepro Securities Private Limited,Imperial Securities Company Pvt. Ltd.,1,2643.0,2643.0,2025-08-14 12:30:32.804657
2025-08-14,53701,2025081405010602,CHDC,Machhapuchchhre Securities Limited,Asian Securities Private Ltd.,10,2665.0,26650.0,2025-08-14 12:30:59.568098
2025-08-14,51384,2025081405011627,CHDC,Sharepro Securities Private Limited,Kalika Securities Pvt. Ltd.,1,2645.0,2645.0,2025-08-14 12:40:52.043077
2025-08-14,49651,2025081405012440,CHDC,ABC Securities Private Limited,Asian Securities Private Ltd.,200,2660.0,532000.0,2025-08-14 12:47:30.806886
2025-08-14,49650,2025081405012441,CHDC,ABC Securities Private Limited,Sweta Securities Private Limited,290,2660.0,771400.0,2025-08-14 12:47:30.807093
2025-08-14,49496,2025081405012504,CHDC,Sri Hari Securities Pvt. Ltd.,SUN SECURITIES PVT LTD,68,2661.0,180948.0,2025-08-14 12:48:09.896091
2025-08-14,49361,2025081405012545,CHDC,Sri Hari Securities Pvt. Ltd.,Vision Securities Pvt. Ltd,12,2651.1,31813.2,2025-08-14 12:48:43.934608
2025-08-14,49141,2025081405012641,CHDC,ABC Securities Private Limited,Online Securities Pvt. Ltd.,10,2661.0,26610.0,2025-08-14 12:49:44.875239
2025-08-14,48501,2025081405012918,CHDC,INDEX SECURITIES LIMITED,Aryatara Investment & Securities,12,2652.0,31824.0,2025-08-14 12:51:52.485801
2025-08-14,48500,2025081405012919,CHDC,INDEX SECURITIES LIMITED,Naasa Securities Co. Ltd.,12,2652.0,31824.0,2025-08-14 12:51:52.485841
2025-08-14,48499,2025081405012920,CHDC,INDEX SECURITIES LIMITED,Aryatara Investment & Securities,10,2663.9,26639.0,2025-08-14 12:51:52.485867
2025-08-14,48498,2025081405012921,CHDC,INDEX SECURITIES LIMITED,J.F. Securites (PVT) Ltd.,66,2663.9,175817.4,2025-08-14 12:51:52.485910
2025-08-14,48230,2025081405013053,CHDC,Vision Securities Pvt. Ltd,Aakashbhairab Securities Ltd.,1,2630.0,2630.0,2025-08-14 12:52:35.055211
2025-08-14,48210,2025081405013062,CHDC,Sri Hari Securities Pvt. Ltd.,Asian Securities Private Ltd.,28,2651.1,74230.8,2025-08-14 12:52:40.627563
2025-08-14,48209,2025081405013063,CHDC,Sundhara Securities Limited,Asian Securities Private Ltd.,20,2651.0,53020.0,2025-08-14 12:52:40.627888
2025-08-14,48135,2025081405013105,CHDC,Bhrikuti Stock Broking Co. Pvt. Ltd.,Asian Securities Private Ltd.,12,2650.1,31801.2,2025-08-14 12:52:55.701095
2025-08-14,48022,2025081405013153,CHDC,Bhrikuti Stock Broking Co. Pvt. Ltd.,Asian Securities Private Ltd.,88,2650.1,233208.8,2025-08-14 12:53:17.018182
2025-08-14,48021,2025081405013154,CHDC,Sri Hari Securities Pvt. Ltd.,Asian Securities Private Ltd.,200,2650.0,530000.0,2025-08-14 12:53:17.018380
2025-08-14,47800,2025081405013233,CHDC,Sri Hari Securities Pvt. Ltd.,Asian Securities Private Ltd.,35,2645.2,92582.0,2025-08-14 12:54:09.329706
2025-08-14,47799,2025081405013234,CHDC,Naasa Securities Co. Ltd.,Asian Securities Private Ltd.,100,2645.1,264510.0,2025-08-14 12:54:09.330183
2025-08-14,47798,2025081405013235,CHDC,Premier Securities Company Ltd.,Asian Securities Private Ltd.,500,2645.0,1322500.0,2025-08-14 12:54:09.330543
2025-08-14,47797,2025081405013236,CHDC,Linch Stock Market Ltd.,Asian Securities Private Ltd.,65,2645.0,171925.0,2025-08-14 12:54:09.330819
2025-08-14,46261,2025081405013805,CHDC,Kohinoor Investment & Securities Pvt. Ltd.,South Asian Bulls Pvt. Ltd.,12,2642.0,31704.0,2025-08-14 12:59:52.500255
2025-08-14,45954,2025081405013994,CHDC,Linch Stock Market Ltd.,Naasa Securities Co. Ltd.,12,2643.0,31716.0,2025-08-14 13:01:03.254023
2025-08-14,45933,2025081405013999,CHDC,Sharepro Securities Private Limited,South Asian Bulls Pvt. Ltd.,1,2640.0,2640.0,2025-08-14 13:01:07.408810
2025-08-14,45901,2025081405014014,CHDC,Linch Stock Market Ltd.,Asian Securities Private Ltd.,12,2650.0,31800.0,2025-08-14 13:01:15.350655
2025-08-14,45900,2025081405014015,CHDC,Linch Stock Market Ltd.,Miyo Securities Pvt Ltd,40,2650.0,106000.0,2025-08-14 13:01:15.350845
2025-08-14,44735,2025081405014440,CHDC,Sharepro Securities Private Limited,Online Securities Pvt. Ltd.,2,2641.6,5283.2,2025-08-14 13:05:45.644670
2025-08-14,43283,2025081405014973,CHDC,Vision Securities Pvt. Ltd,Vision Securities Pvt. Ltd,1,2630.0,2630.0,2025-08-14 13:11:54.422182
2025-08-14,43122,2025081405015043,CHDC,Magnet Securities and Investment Company Private Limited,BHOLE GANESH SECURITIES LTD,10,2650.0,26500.0,2025-08-14 13:12:43.643221
2025-08-14,42649,2025081405015213,CHDC,Sharepro Securities Private Limited,Online Securities Pvt. Ltd.,1,2640.0,2640.0,2025-08-14 13:14:47.700043
2025-08-14,42286,2025081405015351,CHDC,Shree Krishna Securities Ltd.,Oxford Securities Pvt. Ltd.,12,2643.2,31718.4,2025-08-14 13:15:43.598980
2025-08-14,41829,2025081405015505,CHDC,Sri Hari Securities Pvt. Ltd.,Thrive Brokerage House Pvt. Ltd,12,2642.1,31705.2,2025-08-14 13:17:20.072722
2025-08-14,41787,2025081405015522,CHDC,Sri Hari Securities Pvt. Ltd.,Miyo Securities Pvt Ltd,18,2642.1,47557.8,2025-08-14 13:17:28.537919
2025-08-14,41594,2025081405015565,CHDC,Online Securities Pvt. Ltd.,BHOLE GANESH SECURITIES LTD,175,2650.0,463750.0,2025-08-14 13:18:17.133511
2025-08-14,41593,2025081405015566,CHDC,Online Securities Pvt. Ltd.,Kohinoor Investment & Securities Pvt. Ltd.,12,2650.0,31800.0,2025-08-14 13:18:17.133929
2025-08-14,41592,2025081405015567,CHDC,Online Securities Pvt. Ltd.,Miyo Securities Pvt Ltd,32,2659.0,85088.0,2025-08-14 13:18:17.134179
2025-08-14,41591,2025081405015568,CHDC,Online Securities Pvt. Ltd.,Sumeru Securities Pvt. Ltd.,100,2659.0,265900.0,2025-08-14 13:18:17.134422
2025-08-14,41590,2025081405015569,CHDC,Online Securities Pvt. Ltd.,KALASH STOCK MARKET PVT. LTD.,100,2660.0,266000.0,2025-08-14 13:18:17.134670
2025-08-14,41589,2025081405015570,CHDC,Online Securities Pvt. Ltd.,Deevyaa Securities & Stock House Pvt. Ltd,200,2660.0,532000.0,2025-08-14 13:18:17.134924
2025-08-14,41588,2025081405015571,CHDC,Online Securities Pvt. Ltd.,Kohinoor Investment & Securities Pvt. Ltd.,12,2663.0,31956.0,2025-08-14 13:18:17.135155
2025-08-14,41587,2025081405015572,CHDC,Online Securities Pvt. Ltd.,INDEX SECURITIES LIMITED,200,2663.0,532600.0,2025-08-14 13:18:17.135401
2025-08-14,41586,2025081405015573,CHDC,Online Securities Pvt. Ltd.,INDEX SECURITIES LIMITED,60,2663.0,159780.0,2025-08-14 13:18:17.135630
2025-08-14,41585,2025081405015574,CHDC,Online Securities Pvt. Ltd.,J.F. Securites (PVT) Ltd.,909,2663.9,2421485.1,2025-08-14 13:18:17.135861
2025-08-14,40832,2025081405015813,CHDC,Online Securities Pvt. Ltd.,Citizens Share Broker Limited,198,2660.0,526680.0,2025-08-14 13:21:45.986165
2025-08-14,40831,2025081405015814,CHDC,Online Securities Pvt. Ltd.,Deevyaa Securities & Stock House Pvt. Ltd,200,2662.0,532400.0,2025-08-14 13:21:45.986408
2025-08-14,40830,2025081405015815,CHDC,Online Securities Pvt. Ltd.,J.F. Securites (PVT) Ltd.,25,2663.9,66597.5,2025-08-14 13:21:45.986494
2025-08-14,40829,2025081405015816,CHDC,Online Securities Pvt. Ltd.,Kalika Securities Pvt. Ltd.,25,2664.0,66600.0,2025-08-14 13:21:45.986577
2025-08-14,40828,2025081405015817,CHDC,Online Securities Pvt. Ltd.,Sani Securities Company Ltd.,352,2664.0,937728.0,2025-08-14 13:21:45.986656
2025-08-14,40217,2025081405016037,CHDC,Bhrikuti Stock Broking Co. Pvt. Ltd.,Kalika Securities Pvt. Ltd.,12,2649.0,31788.0,2025-08-14 13:24:21.610910
2025-08-14,40178,2025081405016052,CHDC,Citizens Share Broker Limited,Nepal Investment And Securities Trading Private Limited,11,2645.0,29095.0,2025-08-14 13:24:29.713430
2025-08-14,40066,2025081405016104,CHDC,Online Securities Pvt. Ltd.,SUN SECURITIES PVT LTD,12,2662.0,31944.0,2025-08-14 13:24:51.168918
2025-08-14,40065,2025081405016105,CHDC,Online Securities Pvt. Ltd.,Asian Securities Private Ltd.,22,2663.0,58586.0,2025-08-14 13:24:51.169186
2025-08-14,39606,2025081405016314,CHDC,Vision Securities Pvt. Ltd,Dipshikha Dhitopatra Karobar Co. Pvt Ltd.,1,2630.0,2630.0,2025-08-14 13:26:27.128561
2025-08-14,36859,2025081405017453,CHDC,Sharepro Securities Private Limited,Online Securities Pvt. Ltd.,1,2645.0,2645.0,2025-08-14 13:37:13.641243
2025-08-14,35276,2025081405018041,CHDC,Bhrikuti Stock Broking Co. Pvt. Ltd.,Online Securities Pvt. Ltd.,10,2650.0,26500.0,2025-08-14 13:43:28.969201
2025-08-14,35086,2025081405018079,CHDC,Dipshikha Dhitopatra Karobar Co. Pvt Ltd.,Naasa Securities Co. Ltd.,15,2648.0,39720.0,2025-08-14 13:43:56.674852
2025-08-14,35013,2025081405018097,CHDC,Bhrikuti Stock Broking Co. Pvt. Ltd.,Naasa Securities Co. Ltd.,13,2647.1,34412.3,2025-08-14 13:44:08.493190
2025-08-14,34921,2025081405018124,CHDC,Online Securities Pvt. Ltd.,Naasa Securities Co. Ltd.,72,2647.0,190584.0,2025-08-14 13:44:22.960062
2025-08-14,34547,2025081405018235,CHDC,Online Securities Pvt. Ltd.,Naasa Securities Co. Ltd.,28,2647.0,74116.0,2025-08-14 13:45:28.000712
2025-08-14,34502,2025081405018253,CHDC,Sani Securities Company Ltd.,Miyo Securities Pvt Ltd,50,2646.0,132300.0,2025-08-14 13:45:35.068686
2025-08-14,34501,2025081405018254,CHDC,Sri Hari Securities Pvt. Ltd.,Miyo Securities Pvt Ltd,20,2645.1,52902.0,2025-08-14 13:45:35.068941
2025-08-14,34500,2025081405018255,CHDC,Imperial Securities Company Pvt. Ltd.,Miyo Securities Pvt Ltd,30,2645.1,79353.0,2025-08-14 13:45:35.069041
2025-08-14,34499,2025081405018256,CHDC,Citizens Share Broker Limited,Miyo Securities Pvt Ltd,89,2645.0,235405.0,2025-08-14 13:45:35.069129
2025-08-14,34498,2025081405018257,CHDC,Nagarik Stock Dealer ,Miyo Securities Pvt Ltd,24,2645.0,63480.0,2025-08-14 13:45:35.069213
2025-08-14,34392,2025081405018326,CHDC,Sri Hari Securities Pvt. Ltd.,Asian Securities Private Ltd.,60,2643.2,158592.0,2025-08-14 13:45:48.488685
2025-08-14,34391,2025081405018327,CHDC,Kalika Securities Pvt. Ltd.,Asian Securities Private Ltd.,40,2643.1,105724.0,2025-08-14 13:45:48.489080
2025-08-14,34362,2025081405018341,CHDC,Kalika Securities Pvt. Ltd.,Naasa Securities Co. Ltd.,45,2643.1,118939.5,2025-08-14 13:45:55.021474
2025-08-14,34361,2025081405018342,CHDC,Thrive Brokerage House Pvt. Ltd,Naasa Securities Co. Ltd.,127,2643.0,335661.0,2025-08-14 13:45:55.021682
2025-08-14,34308,2025081405018362,CHDC,Thrive Brokerage House Pvt. Ltd,Asian Securities Private Ltd.,123,2643.0,325089.0,2025-08-14 13:46:03.582297
2025-08-14,34307,2025081405018363,CHDC,Dynamic Money Managers Securities Pvt. Ltd.,Asian Securities Private Ltd.,10,2643.0,26430.0,2025-08-14 13:46:03.582513
2025-08-14,33843,2025081405018549,CHDC,Kohinoor Investment & Securities Pvt. Ltd.,Asian Securities Private Ltd.,18,2642.0,47556.0,2025-08-14 13:47:30.243375
2025-08-14,33842,2025081405018550,CHDC,Nagarik Stock Dealer ,Asian Securities Private Ltd.,10,2641.6,26416.0,2025-08-14 13:47:30.243595
2025-08-14,33841,2025081405018551,CHDC,Shree Krishna Securities Ltd.,Asian Securities Private Ltd.,17,2641.5,44905.5,2025-08-14 13:47:30.243681
2025-08-14,33762,2025081405018571,CHDC,Shree Krishna Securities Ltd.,Kumari Securities Private Limited,25,2641.5,66037.5,2025-08-14 13:47:42.148534
2025-08-14,33104,2025081405018826,CHDC,Garima Securities Limited,Asian Securities Private Ltd.,450,2641.6,1188720.0,2025-08-14 13:49:39.194614
2025-08-14,32965,2025081405018881,CHDC,Garima Securities Limited,Naasa Securities Co. Ltd.,50,2641.6,132080.0,2025-08-14 13:50:00.317322
2025-08-14,32903,2025081405018901,CHDC,Shree Krishna Securities Ltd.,Ashutosh Brokerage & Securities (PVT) Ltd.,12,2641.5,31698.0,2025-08-14 13:50:08.876986
2025-08-14,32857,2025081405018921,CHDC,Shree Krishna Securities Ltd.,Naasa Securities Co. Ltd.,46,2641.5,121509.0,2025-08-14 13:50:13.572405
2025-08-14,32818,2025081405018932,CHDC,Premier Securities Company Ltd.,Asian Securities Private Ltd.,19,2641.0,50179.0,2025-08-14 13:50:23.492979
2025-08-14,32764,2025081405018939,CHDC,Premier Securities Company Ltd.,Sri Hari Securities Pvt. Ltd.,50,2641.0,132050.0,2025-08-14 13:50:32.894252
2025-08-14,32759,2025081405018941,CHDC,Premier Securities Company Ltd.,Naasa Securities Co. Ltd.,31,2641.0,81871.0,2025-08-14 13:50:34.796981
2025-08-14,32740,2025081405018946,CHDC,Bhrikuti Stock Broking Co. Pvt. Ltd.,Naasa Securities Co. Ltd.,73,2641.0,192793.0,2025-08-14 13:50:38.638615
2025-08-14,32114,2025081405019155,CHDC,Bhrikuti Stock Broking Co. Pvt. Ltd.,Deevyaa Securities & Stock House Pvt. Ltd,27,2641.5,71320.5,2025-08-14 13:52:14.071262
2025-08-14,32113,2025081405019156,CHDC,Bhrikuti Stock Broking Co. Pvt. Ltd.,Deevyaa Securities & Stock House Pvt. Ltd,73,2640.2,192734.6,2025-08-14 13:52:14.071529
2025-08-14,32029,2025081405019182,CHDC,Bhrikuti Stock Broking Co. Pvt. Ltd.,Naasa Securities Co. Ltd.,27,2640.2,71285.4,2025-08-14 13:52:21.974441
2025-08-14,32028,2025081405019183,CHDC,Linch Stock Market Ltd.,Naasa Securities Co. Ltd.,10,2640.1,26401.0,2025-08-14 13:52:21.974681
2025-08-14,32027,2025081405019184,CHDC,Premier Securities Company Ltd.,Naasa Securities Co. Ltd.,363,2640.1,958356.3,2025-08-14 13:52:21.974763
2025-08-14,32003,2025081405019193,CHDC,Vision Securities Pvt. Ltd,Naasa Securities Co. Ltd.,1,2630.0,2630.0,2025-08-14 13:52:26.049281
2025-08-14,31739,2025081405019263,CHDC,Premier Securities Company Ltd.,Deevyaa Securities & Stock House Pvt. Ltd,137,2640.1,361693.7,2025-08-14 13:53:02.263954
2025-08-14,31738,2025081405019264,CHDC,Bhrikuti Stock Broking Co. Pvt. Ltd.,Deevyaa Securities & Stock House Pvt. Ltd,29,2640.1,76562.9,2025-08-14 13:53:02.264227
2025-08-14,31392,2025081405019375,CHDC,Sharepro Securities Private Limited,Aryatara Investment & Securities,1,2650.0,2650.0,2025-08-14 13:53:58.630611
2025-08-14,31283,2025081405019428,CHDC,Secured Securities Ltd.,SHUBHAKAMANA SECURITIES PVT. LTD,20,2641.0,52820.0,2025-08-14 13:54:16.797512
2025-08-14,31282,2025081405019429,CHDC,Opal Securities Investment (PVT) Ltd.,SHUBHAKAMANA SECURITIES PVT. LTD,35,2640.3,92410.5,2025-08-14 13:54:16.797636
2025-08-14,31281,2025081405019430,CHDC,Imperial Securities Company Pvt. Ltd.,SHUBHAKAMANA SECURITIES PVT. LTD,25,2640.2,66005.0,2025-08-14 13:54:16.797666
2025-08-14,31280,2025081405019431,CHDC,Shree Krishna Securities Ltd.,SHUBHAKAMANA SECURITIES PVT. LTD,100,2640.2,264020.0,2025-08-14 13:54:16.797689
2025-08-14,31279,2025081405019432,CHDC,Bhrikuti Stock Broking Co. Pvt. Ltd.,SHUBHAKAMANA SECURITIES PVT. LTD,171,2640.1,451457.1,2025-08-14 13:54:16.797713
2025-08-14,31278,2025081405019433,CHDC,Linch Stock Market Ltd.,SHUBHAKAMANA SECURITIES PVT. LTD,30,2640.1,79203.0,2025-08-14 13:54:16.797736
2025-08-14,31277,2025081405019434,CHDC,Bhrikuti Stock Broking Co. Pvt. Ltd.,SHUBHAKAMANA SECURITIES PVT. LTD,93,2640.0,245520.0,2025-08-14 13:54:16.797760
2025-08-14,30900,2025081405019590,CHDC,Sundhara Securities Limited,Deevyaa Securities & Stock House Pvt. Ltd,30,2640.2,79206.0,2025-08-14 13:55:31.838248
2025-08-14,30899,2025081405019591,CHDC,Bhrikuti Stock Broking Co. Pvt. Ltd.,Deevyaa Securities & Stock House Pvt. Ltd,170,2640.0,448800.0,2025-08-14 13:55:31.838521
2025-08-14,30369,2025081405019883,CHDC,Bhrikuti Stock Broking Co. Pvt. Ltd.,Prabhu Stock Market Limited,60,2640.0,158400.0,2025-08-14 13:56:39.517373
2025-08-14,30272,2025081405019924,CHDC,Bhrikuti Stock Broking Co. Pvt. Ltd.,Linch Stock Market Ltd.,12,2640.0,31680.0,2025-08-14 13:57:03.868739
2025-08-14,28956,2025081405020415,CHDC,Imperial Securities Company Pvt. Ltd.,BHOLE GANESH SECURITIES LTD,10,2650.0,26500.0,2025-08-14 14:01:58.744213
2025-08-14,28889,2025081405020430,CHDC,Vision Securities Pvt. Ltd,Imperial Securities Company Pvt. Ltd.,1,2630.0,2630.0,2025-08-14 14:02:17.320248
2025-08-14,27786,2025081405020894,CHDC,Vision Securities Pvt. Ltd,Nepal Stock House (PVT) Ltd.,1,2630.0,2630.0,2025-08-14 14:06:41.055293
2025-08-14,27286,2025081405021071,CHDC,Vision Securities Pvt. Ltd,Ashutosh Brokerage & Securities (PVT) Ltd.,1,2630.0,2630.0,2025-08-14 14:08:33.625693
2025-08-14,26755,2025081405021268,CHDC,Cristal Kanchanjanga Securites Pvt. Ltd.,Miyo Securities Pvt Ltd,10,2641.6,26416.0,2025-08-14 14:10:30.356289
2025-08-14,26367,2025081405021409,CHDC,Kohinoor Investment & Securities Pvt. Ltd.,Miyo Securities Pvt Ltd,25,2642.0,66050.0,2025-08-14 14:11:50.715320
2025-08-14,26223,2025081405021493,CHDC,Kohinoor Investment & Securities Pvt. Ltd.,Citizens Share Broker Limited,65,2642.0,171730.0,2025-08-14 14:12:17.917293
2025-08-14,25550,2025081405021828,CHDC,INDEX SECURITIES LIMITED,BHOLE GANESH SECURITIES LTD,80,2650.0,212000.0,2025-08-14 14:14:13.021445
2025-08-14,25501,2025081405021851,CHDC,Kohinoor Investment & Securities Pvt. Ltd.,BHOLE GANESH SECURITIES LTD,10,2650.0,26500.0,2025-08-14 14:14:22.877045
2025-08-14,25500,2025081405021852,CHDC,Kohinoor Investment & Securities Pvt. Ltd.,Sweta Securities Private Limited,12,2650.0,31800.0,2025-08-14 14:14:22.877497
2025-08-14,25499,2025081405021853,CHDC,Kohinoor Investment & Securities Pvt. Ltd.,Linch Stock Market Ltd.,78,2651.0,206778.0,2025-08-14 14:14:22.877801
2025-08-14,25180,2025081405022001,CHDC,Bhrikuti Stock Broking Co. Pvt. Ltd.,Linch Stock Market Ltd.,15,2651.0,39765.0,2025-08-14 14:15:17.508937
2025-08-14,23101,2025081405022825,CHDC,Sharepro Securities Private Limited,Naasa Securities Co. Ltd.,1,2640.0,2640.0,2025-08-14 14:22:12.671955
2025-08-14,22912,2025081405022897,CHDC,Sani Securities Company Ltd.,Miyo Securities Pvt Ltd,12,2643.0,31716.0,2025-08-14 14:22:49.368626
2025-08-14,22766,2025081405022969,CHDC,Sharepro Securities Private Limited,Miyo Securities Pvt Ltd,1,2641.6,2641.6,2025-08-14 14:23:09.897448
2025-08-14,22352,2025081405023143,CHDC,Sani Securities Company Ltd.,Capital Hub P. Ltd,138,2643.0,364734.0,2025-08-14 14:24:30.487854
2025-08-14,22351,2025081405023144,CHDC,Sipla Securities Private Limited,Capital Hub P. Ltd,13,2643.0,34359.0,2025-08-14 14:24:30.488263
2025-08-14,22350,2025081405023145,CHDC,Investment Management Nepal Pvt. Ltd.,Capital Hub P. Ltd,300,2642.5,792750.0,2025-08-14 14:24:30.488559
2025-08-14,22349,2025081405023146,CHDC,Kohinoor Investment & Securities Pvt. Ltd.,Capital Hub P. Ltd,100,2642.3,264230.0,2025-08-14 14:24:30.488805
2025-08-14,22348,2025081405023147,CHDC,Linch Stock Market Ltd.,Capital Hub P. Ltd,50,2642.2,132110.0,2025-08-14 14:24:30.489055
2025-08-14,22347,2025081405023148,CHDC,INDEX SECURITIES LIMITED,Capital Hub P. Ltd,100,2642.1,264210.0,2025-08-14 14:24:30.489281
2025-08-14,22346,2025081405023149,CHDC,Kohinoor Investment & Securities Pvt. Ltd.,Capital Hub P. Ltd,110,2642.0,290620.0,2025-08-14 14:24:30.489551
2025-08-14,22345,2025081405023150,CHDC,Sipla Securities Private Limited,Capital Hub P. Ltd,13,2642.0,34346.0,2025-08-14 14:24:30.489807
2025-08-14,22344,2025081405023151,CHDC,Linch Stock Market Ltd.,Capital Hub P. Ltd,35,2641.2,92442.0,2025-08-14 14:24:30.490065
2025-08-14,22343,2025081405023152,CHDC,Shree Krishna Securities Ltd.,Capital Hub P. Ltd,100,2640.2,264020.0,2025-08-14 14:24:30.490364
2025-08-14,22342,2025081405023153,CHDC,Market Securities & Exchange (PVT) Ltd.,Capital Hub P. Ltd,100,2640.1,264010.0,2025-08-14 14:24:30.490600
2025-08-14,22341,2025081405023154,CHDC,Bhrikuti Stock Broking Co. Pvt. Ltd.,Capital Hub P. Ltd,1165,2640.0,3075600.0,2025-08-14 14:24:30.490832
2025-08-14,22340,2025081405023155,CHDC,Nabil Stock Dealer Ltd.,Capital Hub P. Ltd,10,2640.0,26400.0,2025-08-14 14:24:30.491071
2025-08-14,22339,2025081405023156,CHDC,Dipshikha Dhitopatra Karobar Co. Pvt Ltd.,Capital Hub P. Ltd,100,2640.0,264000.0,2025-08-14 14:24:30.491302
2025-08-14,22338,2025081405023157,CHDC,Nepal Stock House (PVT) Ltd.,Capital Hub P. Ltd,10,2640.0,26400.0,2025-08-14 14:24:30.491551
2025-08-14,22337,2025081405023158,CHDC,Sweta Securities Private Limited,Capital Hub P. Ltd,11,2640.0,29040.0,2025-08-14 14:24:30.491783
2025-08-14,21767,2025081405023390,CHDC,Miyo Securities Pvt Ltd,Secured Securities Ltd.,12,2639.1,31669.2,2025-08-14 14:26:11.440547
2025-08-14,21766,2025081405023391,CHDC,Kohinoor Investment & Securities Pvt. Ltd.,Secured Securities Ltd.,25,2638.1,65952.5,2025-08-14 14:26:11.440803
2025-08-14,21765,2025081405023392,CHDC,Capital Hub P. Ltd,Secured Securities Ltd.,40,2638.0,105520.0,2025-08-14 14:26:11.440906
2025-08-14,21764,2025081405023393,CHDC,Deevyaa Securities & Stock House Pvt. Ltd,Secured Securities Ltd.,100,2636.4,263640.0,2025-08-14 14:26:11.440988
2025-08-14,21763,2025081405023394,CHDC,Linch Stock Market Ltd.,Secured Securities Ltd.,20,2636.2,52724.0,2025-08-14 14:26:11.441076
2025-08-14,21762,2025081405023395,CHDC,Miyo Securities Pvt Ltd,Secured Securities Ltd.,20,2636.2,52724.0,2025-08-14 14:26:11.441160
2025-08-14,21761,2025081405023396,CHDC,Sagarmatha Securities Private Limited,Secured Securities Ltd.,150,2636.1,395415.0,2025-08-14 14:26:11.441243
2025-08-14,21760,2025081405023397,CHDC,Kumari Securities Private Limited,Secured Securities Ltd.,50,2636.0,131800.0,2025-08-14 14:26:11.441344
2025-08-14,21759,2025081405023398,CHDC,Online Securities Pvt. Ltd.,Secured Securities Ltd.,70,2636.0,184520.0,2025-08-14 14:26:11.441451
2025-08-14,21758,2025081405023399,CHDC,Linch Stock Market Ltd.,Secured Securities Ltd.,30,2635.1,79053.0,2025-08-14 14:26:11.441534
2025-08-14,21757,2025081405023400,CHDC,Agrawal Securities (PVT) Ltd.,Secured Securities Ltd.,10,2635.0,26350.0,2025-08-14 14:26:11.441628
2025-08-14,21756,2025081405023401,CHDC,Premier Securities Company Ltd.,Secured Securities Ltd.,100,2635.0,263500.0,2025-08-14 14:26:11.441717
2025-08-14,21755,2025081405023402,CHDC,Imperial Securities Company Pvt. Ltd.,Secured Securities Ltd.,20,2635.0,52700.0,2025-08-14 14:26:11.441813
2025-08-14,21754,2025081405023403,CHDC,Sharepro Securities Private Limited,Secured Securities Ltd.,67,2635.0,176545.0,2025-08-14 14:26:11.441904
2025-08-14,21753,2025081405023404,CHDC,Imperial Securities Company Pvt. Ltd.,Secured Securities Ltd.,50,2635.0,131750.0,2025-08-14 14:26:11.441985
2025-08-14,21752,2025081405023405,CHDC,Sani Securities Company Ltd.,Secured Securities Ltd.,38,2635.0,100130.0,2025-08-14 14:26:11.442074
2025-08-14,21751,2025081405023406,CHDC,Imperial Securities Company Pvt. Ltd.,Secured Securities Ltd.,50,2635.0,131750.0,2025-08-14 14:26:11.442156
2025-08-14,21750,2025081405023407,CHDC,Shree Krishna Securities Ltd.,Secured Securities Ltd.,100,2635.0,263500.0,2025-08-14 14:26:11.442245
2025-08-14,21749,2025081405023408,CHDC,Bhrikuti Stock Broking Co. Pvt. Ltd.,Secured Securities Ltd.,300,2635.0,790500.0,2025-08-14 14:26:11.442356
2025-08-14,21748,2025081405023409,CHDC,Sagarmatha Securities Private Limited,Secured Securities Ltd.,200,2635.0,527000.0,2025-08-14 14:26:11.442449
2025-08-14,21408,2025081405023561,CHDC,Sundhara Securities Limited,Premier Securities Company Ltd.,10,2633.0,26330.0,2025-08-14 14:27:20.016355
2025-08-14,20180,2025081405023994,CHDC,Sharepro Securities Private Limited,Agrawal Securities (PVT) Ltd.,1,2635.0,2635.0,2025-08-14 14:30:48.528738
2025-08-14,20096,2025081405024030,CHDC,Sharepro Securities Private Limited,Sani Securities Company Ltd.,1,2639.1,2639.1,2025-08-14 14:31:06.593217
2025-08-14,20088,2025081405024031,CHDC,Kumari Securities Private Limited,Miyo Securities Pvt Ltd,15,2634.0,39510.0,2025-08-14 14:31:07.335692
2025-08-14,19974,2025081405024065,CHDC,Sharepro Securities Private Limited,Malla & Malla Stock Broking Company Pvt. Limited,1,2641.0,2641.0,2025-08-14 14:31:27.666828
2025-08-14,19176,2025081405024328,CHDC,Citizens Share Broker Limited,Sumeru Securities Pvt. Ltd.,15,2634.1,39511.5,2025-08-14 14:33:36.513612
2025-08-14,19131,2025081405024341,CHDC,Citizens Share Broker Limited,ABC Securities Private Limited,12,2634.1,31609.2,2025-08-14 14:33:48.166691
2025-08-14,18620,2025081405024465,CHDC,Aryatara Investment & Securities,Sumeru Securities Pvt. Ltd.,10,2635.1,26351.0,2025-08-14 14:35:00.925026
2025-08-14,18207,2025081405024621,CHDC,Kumari Securities Private Limited,Pragyan Securities (PVT) Ltd.,100,2641.0,264100.0,2025-08-14 14:36:06.178178
2025-08-14,18206,2025081405024622,CHDC,Kumari Securities Private Limited,ABC Securities Private Limited,85,2642.0,224570.0,2025-08-14 14:36:06.178395
2025-08-14,17939,2025081405024697,CHDC,R.B.B. Securities Company Ltd,ABC Securities Private Limited,115,2642.0,303830.0,2025-08-14 14:36:43.688104
2025-08-14,17938,2025081405024698,CHDC,R.B.B. Securities Company Ltd,Dynamic Money Managers Securities Pvt. Ltd.,35,2643.0,92505.0,2025-08-14 14:36:43.688539
2025-08-14,17709,2025081405024778,CHDC,Sharepro Securities Private Limited,Sani Securities Company Ltd.,2,2650.0,5300.0,2025-08-14 14:37:22.972600
2025-08-14,17596,2025081405024812,CHDC,Sharepro Securities Private Limited,ABC Securities Private Limited,1,2650.0,2650.0,2025-08-14 14:37:46.066003
2025-08-14,17505,2025081405024845,CHDC,Sharepro Securities Private Limited,Trishakti Securities Public Limited,1,2650.0,2650.0,2025-08-14 14:37:58.107653
2025-08-14,17210,2025081405024983,CHDC,Sharepro Securities Private Limited,Vision Securities Pvt. Ltd,1,2635.0,2635.0,2025-08-14 14:38:36.230855
2025-08-14,16698,2025081405025159,CHDC,Sharepro Securities Private Limited,Linch Stock Market Ltd.,7,2651.0,18557.0,2025-08-14 14:40:04.505737
2025-08-14,16477,2025081405025232,CHDC,Aryatara Investment & Securities,Sumeru Securities Pvt. Ltd.,12,2635.4,31624.8,2025-08-14 14:40:39.544618
2025-08-14,16281,2025081405025341,CHDC,Online Securities Pvt. Ltd.,Vision Securities Pvt. Ltd,30,2636.0,79080.0,2025-08-14 14:41:03.111748
2025-08-14,16280,2025081405025342,CHDC,Citizens Share Broker Limited,Vision Securities Pvt. Ltd,70,2635.5,184485.0,2025-08-14 14:41:03.111980
2025-08-14,16195,2025081405025362,CHDC,Trisul Securities & Invt. Ltd.,Vision Securities Pvt. Ltd,10,2635.3,26353.0,2025-08-14 14:41:17.294377
2025-08-14,16194,2025081405025363,CHDC,Thrive Brokerage House Pvt. Ltd,Vision Securities Pvt. Ltd,20,2635.2,52704.0,2025-08-14 14:41:17.294623
2025-08-14,16193,2025081405025364,CHDC,Sri Hari Securities Pvt. Ltd.,Vision Securities Pvt. Ltd,170,2635.0,447950.0,2025-08-14 14:41:17.294707
2025-08-14,16050,2025081405025444,CHDC,Sri Hari Securities Pvt. Ltd.,Sumeru Securities Pvt. Ltd.,10,2635.0,26350.0,2025-08-14 14:41:32.799910
2025-08-14,15891,2025081405025506,CHDC,Oxford Securities Pvt. Ltd.,Capital Max Securities Ltd,6,2663.9,15983.4,2025-08-14 14:41:52.022183
2025-08-14,15755,2025081405025580,CHDC,Linch Stock Market Ltd.,Vision Securities Pvt. Ltd,12,2636.0,31632.0,2025-08-14 14:42:09.861468
2025-08-14,15736,2025081405025585,CHDC,Sri Hari Securities Pvt. Ltd.,Kohinoor Investment & Securities Pvt. Ltd.,12,2635.0,31620.0,2025-08-14 14:42:11.986086
2025-08-14,15636,2025081405025624,CHDC,Capital Max Securities Ltd,Sumeru Securities Pvt. Ltd.,10,2634.1,26341.0,2025-08-14 14:42:26.107869
2025-08-14,15462,2025081405025675,CHDC,Kohinoor Investment & Securities Pvt. Ltd.,Nabil Stock Dealer Ltd.,28,2634.2,73757.6,2025-08-14 14:42:49.479250
2025-08-14,15461,2025081405025676,CHDC,Bhrikuti Stock Broking Co. Pvt. Ltd.,Nabil Stock Dealer Ltd.,33,2634.0,86922.0,2025-08-14 14:42:49.479489
2025-08-14,15460,2025081405025677,CHDC,Linch Stock Market Ltd.,Nabil Stock Dealer Ltd.,40,2633.1,105324.0,2025-08-14 14:42:49.479570
2025-08-14,15459,2025081405025678,CHDC,Sundhara Securities Limited,Nabil Stock Dealer Ltd.,240,2633.0,631920.0,2025-08-14 14:42:49.479650
2025-08-14,15458,2025081405025679,CHDC,Aakashbhairab Securities Ltd.,Nabil Stock Dealer Ltd.,200,2631.5,526300.0,2025-08-14 14:42:49.479728
2025-08-14,15457,2025081405025680,CHDC,Primo Securities (PVT) Ltd.,Nabil Stock Dealer Ltd.,20,2631.0,52620.0,2025-08-14 14:42:49.479809
2025-08-14,15456,2025081405025681,CHDC,Investment Management Nepal Pvt. Ltd.,Nabil Stock Dealer Ltd.,300,2630.2,789060.0,2025-08-14 14:42:49.479891
2025-08-14,15455,2025081405025682,CHDC,Secured Securities Ltd.,Nabil Stock Dealer Ltd.,30,2630.1,78903.0,2025-08-14 14:42:49.479985
2025-08-14,15454,2025081405025683,CHDC,Market Securities & Exchange (PVT) Ltd.,Nabil Stock Dealer Ltd.,20,2630.0,52600.0,2025-08-14 14:42:49.480062
2025-08-14,15453,2025081405025684,CHDC,Cristal Kanchanjanga Securites Pvt. Ltd.,Nabil Stock Dealer Ltd.,10,2630.0,26300.0,2025-08-14 14:42:49.480139
2025-08-14,15452,2025081405025685,CHDC,Online Securities Pvt. Ltd.,Nabil Stock Dealer Ltd.,79,2630.0,207770.0,2025-08-14 14:42:49.480226
2025-08-14,15356,2025081405025710,CHDC,Online Securities Pvt. Ltd.,Nabil Stock Dealer Ltd.,21,2630.0,55230.0,2025-08-14 14:43:01.518726
2025-08-14,15355,2025081405025711,CHDC,Kumari Securities Private Limited,Nabil Stock Dealer Ltd.,50,2630.0,131500.0,2025-08-14 14:43:01.518943
2025-08-14,15354,2025081405025712,CHDC,Premier Securities Company Ltd.,Nabil Stock Dealer Ltd.,500,2630.0,1315000.0,2025-08-14 14:43:01.519035
2025-08-14,15353,2025081405025713,CHDC,Sumeru Securities Pvt. Ltd.,Nabil Stock Dealer Ltd.,20,2630.0,52600.0,2025-08-14 14:43:01.519119
2025-08-14,15352,2025081405025714,CHDC,J.F. Securites (PVT) Ltd.,Nabil Stock Dealer Ltd.,20,2630.0,52600.0,2025-08-14 14:43:01.519206
2025-08-14,15351,2025081405025715,CHDC,Premier Securities Company Ltd.,Nabil Stock Dealer Ltd.,20,2630.0,52600.0,2025-08-14 14:43:01.519300
2025-08-14,15350,2025081405025716,CHDC,Sweta Securities Private Limited,Nabil Stock Dealer Ltd.,10,2630.0,26300.0,2025-08-14 14:43:01.519413
2025-08-14,15349,2025081405025717,CHDC,Premier Securities Company Ltd.,Nabil Stock Dealer Ltd.,100,2630.0,263000.0,2025-08-14 14:43:01.519484
2025-08-14,15348,2025081405025718,CHDC,Premier Securities Company Ltd.,Nabil Stock Dealer Ltd.,100,2630.0,263000.0,2025-08-14 14:43:01.519558
2025-08-14,15347,2025081405025719,CHDC,Naasa Securities Co. Ltd.,Nabil Stock Dealer Ltd.,10,2630.0,26300.0,2025-08-14 14:43:01.519631
2025-08-14,15046,2025081405025817,CHDC,Kumari Securities Private Limited,Vision Securities Pvt. Ltd,20,2627.1,52542.0,2025-08-14 14:43:40.073492
2025-08-14,15045,2025081405025818,CHDC,Agrawal Securities (PVT) Ltd.,Vision Securities Pvt. Ltd,80,2625.0,210000.0,2025-08-14 14:43:40.073684
2025-08-14,15027,2025081405025835,CHDC,Sharepro Securities Private Limited,Naasa Securities Co. Ltd.,1,2634.0,2634.0,2025-08-14 14:43:41.321994
2025-08-14,14858,2025081405025893,CHDC,Agrawal Securities (PVT) Ltd.,Sumeru Securities Pvt. Ltd.,10,2625.0,26250.0,2025-08-14 14:44:02.382474
2025-08-14,14543,2025081405025979,CHDC,Sewa Securities Pvt. Ltd.,Nabil Stock Dealer Ltd.,10,2625.2,26252.0,2025-08-14 14:44:39.851139
2025-08-14,14542,2025081405025980,CHDC,Capital Max Securities Ltd,Nabil Stock Dealer Ltd.,10,2625.1,26251.0,2025-08-14 14:44:39.851342
2025-08-14,14541,2025081405025981,CHDC,Secured Securities Ltd.,Nabil Stock Dealer Ltd.,20,2625.1,52502.0,2025-08-14 14:44:39.851453
2025-08-14,14540,2025081405025982,CHDC,Agrawal Securities (PVT) Ltd.,Nabil Stock Dealer Ltd.,410,2625.0,1076250.0,2025-08-14 14:44:39.851537
2025-08-14,14539,2025081405025983,CHDC,Arun Securities (PVT) Ltd.,Nabil Stock Dealer Ltd.,10,2625.0,26250.0,2025-08-14 14:44:39.851616
2025-08-14,14538,2025081405025984,CHDC,Imperial Securities Company Pvt. Ltd.,Nabil Stock Dealer Ltd.,50,2625.0,131250.0,2025-08-14 14:44:39.851694
2025-08-14,14537,2025081405025985,CHDC,Primo Securities (PVT) Ltd.,Nabil Stock Dealer Ltd.,20,2625.0,52500.0,2025-08-14 14:44:39.851768
2025-08-14,14536,2025081405025986,CHDC,Linch Stock Market Ltd.,Nabil Stock Dealer Ltd.,100,2625.0,262500.0,2025-08-14 14:44:39.851850
2025-08-14,14535,2025081405025987,CHDC,Shree Krishna Securities Ltd.,Nabil Stock Dealer Ltd.,19,2625.0,49875.0,2025-08-14 14:44:39.851921
2025-08-14,13875,2025081405026101,CHDC,Online Securities Pvt. Ltd.,Sumeru Securities Pvt. Ltd.,10,2625.1,26251.0,2025-08-14 14:45:25.908768
2025-08-14,12860,2025081405026415,CHDC,Naasa Securities Co. Ltd.,Agrawal Securities (PVT) Ltd.,30,2627.1,78813.0,2025-08-14 14:47:09.577804
2025-08-14,12859,2025081405026416,CHDC,K.B.L. Securities Limited ,Agrawal Securities (PVT) Ltd.,100,2627.0,262700.0,2025-08-14 14:47:09.578039
2025-08-14,12858,2025081405026417,CHDC,Kumari Securities Private Limited,Agrawal Securities (PVT) Ltd.,25,2626.6,65665.0,2025-08-14 14:47:09.578153
2025-08-14,12857,2025081405026418,CHDC,Naasa Securities Co. Ltd.,Agrawal Securities (PVT) Ltd.,10,2625.3,26253.0,2025-08-14 14:47:09.578238
2025-08-14,12856,2025081405026419,CHDC,Vision Securities Pvt. Ltd,Agrawal Securities (PVT) Ltd.,835,2625.2,2192042.0,2025-08-14 14:47:09.578339
2025-08-14,12819,2025081405026430,CHDC,Sri Hari Securities Pvt. Ltd.,Deevyaa Securities & Stock House Pvt. Ltd,42,2639.0,110838.0,2025-08-14 14:47:15.434665
2025-08-14,12350,2025081405026588,CHDC,Vision Securities Pvt. Ltd,Sani Securities Company Ltd.,1,2600.0,2600.0,2025-08-14 14:48:05.274427
2025-08-14,11034,2025081405027071,CHDC,Arun Securities (PVT) Ltd.,Dipshikha Dhitopatra Karobar Co. Pvt Ltd.,25,2629.0,65725.0,2025-08-14 14:49:52.163338
2025-08-14,10882,2025081405027108,CHDC,Sipla Securities Private Limited,Dipshikha Dhitopatra Karobar Co. Pvt Ltd.,16,2629.0,42064.0,2025-08-14 14:50:10.278976
2025-08-14,10164,2025081405027352,CHDC,Shree Krishna Securities Ltd.,Nagarik Stock Dealer ,11,2627.0,28897.0,2025-08-14 14:51:06.224247
2025-08-14,9831,2025081405027470,CHDC,Stoxkarts Securities Limited,J.F. Securites (PVT) Ltd.,200,2628.0,525600.0,2025-08-14 14:51:35.594563
2025-08-14,9735,2025081405027500,CHDC,Shree Krishna Securities Ltd.,Ashutosh Brokerage & Securities (PVT) Ltd.,70,2627.0,183890.0,2025-08-14 14:51:45.485075
2025-08-14,9734,2025081405027501,CHDC,Kohinoor Investment & Securities Pvt. Ltd.,Ashutosh Brokerage & Securities (PVT) Ltd.,30,2626.0,78780.0,2025-08-14 14:51:45.485185
2025-08-14,9593,2025081405027541,CHDC,Kohinoor Investment & Securities Pvt. Ltd.,J.F. Securites (PVT) Ltd.,45,2626.0,118170.0,2025-08-14 14:51:55.759465
2025-08-14,9592,2025081405027542,CHDC,K.B.L. Securities Limited ,J.F. Securites (PVT) Ltd.,100,2626.0,262600.0,2025-08-14 14:51:55.759664
2025-08-14,9591,2025081405027543,CHDC,Kumari Securities Private Limited,J.F. Securites (PVT) Ltd.,10,2625.4,26254.0,2025-08-14 14:51:55.759744
2025-08-14,9590,2025081405027544,CHDC,Sharepro Securities Private Limited,J.F. Securites (PVT) Ltd.,100,2625.4,262540.0,2025-08-14 14:51:55.759819
2025-08-14,9589,2025081405027545,CHDC,Premier Securities Company Ltd.,J.F. Securites (PVT) Ltd.,100,2625.4,262540.0,2025-08-14 14:51:55.759894
2025-08-14,9588,2025081405027546,CHDC,Sipla Securities Private Limited,J.F. Securites (PVT) Ltd.,100,2625.4,262540.0,2025-08-14 14:51:55.759967
2025-08-14,9587,2025081405027547,CHDC,Vision Securities Pvt. Ltd,J.F. Securites (PVT) Ltd.,45,2625.2,118134.0,2025-08-14 14:51:55.760051
2025-08-14,9532,2025081405027578,CHDC,Vision Securities Pvt. Ltd,Nabil Stock Dealer Ltd.,120,2625.2,315024.0,2025-08-14 14:51:58.643390
2025-08-14,9531,2025081405027579,CHDC,Secured Securities Ltd.,Nabil Stock Dealer Ltd.,20,2625.1,52502.0,2025-08-14 14:51:58.643611
2025-08-14,9530,2025081405027580,CHDC,Nepal Stock House (PVT) Ltd.,Nabil Stock Dealer Ltd.,100,2625.0,262500.0,2025-08-14 14:51:58.643707
2025-08-14,9355,2025081405027634,CHDC,Premier Securities Company Ltd.,Nabil Stock Dealer Ltd.,20,2621.0,52420.0,2025-08-14 14:52:12.692153
2025-08-14,9354,2025081405027635,CHDC,Shree Krishna Securities Ltd.,Nabil Stock Dealer Ltd.,100,2621.0,262100.0,2025-08-14 14:52:12.692623
2025-08-14,9353,2025081405027636,CHDC,Kumari Securities Private Limited,Nabil Stock Dealer Ltd.,10,2620.1,26201.0,2025-08-14 14:52:12.692948
2025-08-14,9352,2025081405027637,CHDC,Premier Securities Company Ltd.,Nabil Stock Dealer Ltd.,44,2620.0,115280.0,2025-08-14 14:52:12.693288
2025-08-14,9301,2025081405027657,CHDC,Nepal Stock House (PVT) Ltd.,J.F. Securites (PVT) Ltd.,10,2620.0,26200.0,2025-08-14 14:52:16.923376
2025-08-14,9300,2025081405027658,CHDC,Nabil Stock Dealer Ltd.,J.F. Securites (PVT) Ltd.,250,2620.0,655000.0,2025-08-14 14:52:16.923594
2025-08-14,9299,2025081405027659,CHDC,Dipshikha Dhitopatra Karobar Co. Pvt Ltd.,J.F. Securites (PVT) Ltd.,30,2620.0,78600.0,2025-08-14 14:52:16.923677
2025-08-14,9298,2025081405027660,CHDC,Malla & Malla Stock Broking Company Pvt. Limited,J.F. Securites (PVT) Ltd.,10,2620.0,26200.0,2025-08-14 14:52:16.923758
2025-08-14,8705,2025081405027878,CHDC,Naasa Securities Co. Ltd.,Miyo Securities Pvt Ltd,10,2621.0,26210.0,2025-08-14 14:52:59.494234
2025-08-14,8485,2025081405027933,CHDC,Naasa Securities Co. Ltd.,Neev Securities Pvt. Ltd.,12,2625.0,31500.0,2025-08-14 14:53:18.561785
2025-08-14,7824,2025081405028138,CHDC,Midas Stock Broking Company Private Limited,Nagarik Stock Dealer ,50,2626.0,131300.0,2025-08-14 14:54:03.318085
2025-08-14,7823,2025081405028139,CHDC,Naasa Securities Co. Ltd.,Nagarik Stock Dealer ,20,2625.0,52500.0,2025-08-14 14:54:03.318288
2025-08-14,7329,2025081405028328,CHDC,Malla & Malla Stock Broking Company Pvt. Limited,Sumeru Securities Pvt. Ltd.,10,2634.0,26340.0,2025-08-14 14:54:38.197078
2025-08-14,7064,2025081405028427,CHDC,Secured Securities Ltd.,Sumeru Securities Pvt. Ltd.,10,2626.0,26260.0,2025-08-14 14:54:56.561862
2025-08-14,6874,2025081405028491,CHDC,Secured Securities Ltd.,Thrive Brokerage House Pvt. Ltd,60,2626.0,157560.0,2025-08-14 14:55:09.826048
2025-08-14,6812,2025081405028521,CHDC,Secured Securities Ltd.,Premier Securities Company Ltd.,30,2626.0,78780.0,2025-08-14 14:55:15.285465
2025-08-14,6811,2025081405028522,CHDC,Nepal Stock House (PVT) Ltd.,Premier Securities Company Ltd.,10,2625.0,26250.0,2025-08-14 14:55:15.285652
2025-08-14,6810,2025081405028523,CHDC,Premier Securities Company Ltd.,Premier Securities Company Ltd.,315,2625.0,826875.0,2025-08-14 14:55:15.285734
2025-08-14,5621,2025081405028923,CHDC,Malla & Malla Stock Broking Company Pvt. Limited,Investment Management Nepal Pvt. Ltd.,10,2635.0,26350.0,2025-08-14 14:56:36.315414
2025-08-14,5520,2025081405028956,CHDC,J.F. Securites (PVT) Ltd.,Sundhara Securities Limited,10,2630.1,26301.0,2025-08-14 14:56:41.272349
2025-08-14,5146,2025081405029108,CHDC,Trishakti Securities Public Limited,Sani Securities Company Ltd.,75,2631.0,197325.0,2025-08-14 14:56:58.601743
2025-08-14,5145,2025081405029109,CHDC,J.F. Securites (PVT) Ltd.,Sani Securities Company Ltd.,490,2630.1,1288749.0,2025-08-14 14:56:58.601975
2025-08-14,5144,2025081405029110,CHDC,Aryatara Investment & Securities,Sani Securities Company Ltd.,190,2630.0,499700.0,2025-08-14 14:56:58.602063
2025-08-14,5143,2025081405029111,CHDC,Premier Securities Company Ltd.,Sani Securities Company Ltd.,100,2630.0,263000.0,2025-08-14 14:56:58.602141
2025-08-14,5142,2025081405029112,CHDC,Premier Securities Company Ltd.,Sani Securities Company Ltd.,185,2625.0,485625.0,2025-08-14 14:56:58.602216
2025-08-14,5141,2025081405029113,CHDC,Naasa Securities Co. Ltd.,Sani Securities Company Ltd.,10,2625.0,26250.0,2025-08-14 14:56:58.602291
2025-08-14,5140,2025081405029114,CHDC,Premier Securities Company Ltd.,Sani Securities Company Ltd.,100,2625.0,262500.0,2025-08-14 14:56:58.602376
2025-08-14,5139,2025081405029115,CHDC,Imperial Securities Company Pvt. Ltd.,Sani Securities Company Ltd.,50,2625.0,131250.0,2025-08-14 14:56:58.602450
2025-08-14,5138,2025081405029116,CHDC,Capital Max Securities Ltd,Sani Securities Company Ltd.,10,2621.0,26210.0,2025-08-14 14:56:58.602536
2025-08-14,5137,2025081405029117,CHDC,Dakshinkali Investment & Securities Pvt. Ltd.,Sani Securities Company Ltd.,10,2620.0,26200.0,2025-08-14 14:56:58.602614
2025-08-14,5136,2025081405029118,CHDC,Premier Securities Company Ltd.,Sani Securities Company Ltd.,20,2620.0,52400.0,2025-08-14 14:56:58.602692
2025-08-14,4477,2025081405029343,CHDC,ABC Securities Private Limited,Sani Securities Company Ltd.,10,2620.0,26200.0,2025-08-14 14:57:33.463347
2025-08-14,4354,2025081405029385,CHDC,Cristal Kanchanjanga Securites Pvt. Ltd.,Sani Securities Company Ltd.,198,2620.0,518760.0,2025-08-14 14:57:39.753579
2025-08-14,4165,2025081405029443,CHDC,Cristal Kanchanjanga Securites Pvt. Ltd.,Imperial Securities Company Pvt. Ltd.,100,2620.0,262000.0,2025-08-14 14:57:49.628657
2025-08-14,3116,2025081405029800,CHDC,Online Securities Pvt. Ltd.,Roadshow securities limited,1,2568.0,2568.0,2025-08-14 14:58:33.459288
2025-08-14,1838,2025081405030175,CHDC,Dakshinkali Investment & Securities Pvt. Ltd.,Sumeru Securities Pvt. Ltd.,10,2627.0,26270.0,2025-08-14 14:59:19.389531
2025-08-14,1423,2025081405030314,CHDC,Shree Krishna Securities Ltd.,Imperial Securities Company Pvt. Ltd.,60,2630.0,157800.0,2025-08-14 14:59:30.605415
2025-08-14,973,2025081405030442,CHDC,Dakshinkali Investment & Securities Pvt. Ltd.,NIMB Stock Markets Limited,100,2638.0,263800.0,2025-08-14 14:59:39.252165
2025-08-14,972,2025081405030443,CHDC,Dakshinkali Investment & Securities Pvt. Ltd.,Deevyaa Securities & Stock House Pvt. Ltd,90,2639.0,237510.0,2025-08-14 14:59:39.252368
2025-08-14,288,2025081405030635,CHDC,Dipshikha Dhitopatra Karobar Co. Pvt Ltd.,Deevyaa Securities & Stock House Pvt. Ltd,10,2639.0,26390.0,2025-08-14 14:59:55.629607
2025-08-14,223,2025081405030656,CHDC,Malla & Malla Stock Broking Company Pvt. Limited,Deevyaa Securities & Stock House Pvt. Ltd,10,2639.0,26390.0,2025-08-14 14:59:56.955033
