Date,S.N.,Contract ID,Symbol,Buyer Broker,Seller Broker,volume,rate,amount,transaction_time
2025-08-14,76179,2025081404000064,LEC,Naasa Securities Co. Ltd.,Opal Securities Investment (PVT) Ltd.,50,230.0,11500.0,2025-08-14 11:02:02.372145
2025-08-14,76178,2025081404000065,LEC,Trishakti Securities Public Limited,Opal Securities Investment (PVT) Ltd.,44,230.0,10120.0,2025-08-14 11:02:02.372205
2025-08-14,75898,2025081404000128,LEC,South Asian Bulls Pvt. Ltd.,Kalika Securities Pvt. Ltd.,10,230.0,2300.0,2025-08-14 11:04:01.961063
2025-08-14,74455,2025081404000330,LEC,SUN SECURITIES PVT LTD,Sani Securities Company Ltd.,100,233.5,23350.0,2025-08-14 11:10:10.205908
2025-08-14,74107,2025081404000372,LEC,SUN SECURITIES PVT LTD,Dynamic Money Managers Securities Pvt. Ltd.,150,233.0,34950.0,2025-08-14 11:11:32.448709
2025-08-14,74100,2025081404000374,LEC,Sani Securities Company Ltd.,Dynamic Money Managers Securities Pvt. Ltd.,20,233.0,4660.0,2025-08-14 11:11:35.636181
2025-08-14,73614,2025081404000429,LEC,Sani Securities Company Ltd.,Citizens Share Broker Limited,1000,232.0,232000.0,2025-08-14 11:13:13.160925
2025-08-14,73181,2025081404000479,LEC,Sani Securities Company Ltd.,Trishakti Securities Public Limited,200,232.0,46400.0,2025-08-14 11:14:50.501180
2025-08-14,73097,2025081404000486,LEC,Sani Securities Company Ltd.,Neev Securities Pvt. Ltd.,25,232.0,5800.0,2025-08-14 11:15:07.791381
2025-08-14,73036,2025081404000503,LEC,Sani Securities Company Ltd.,Naasa Securities Co. Ltd.,76,232.0,17632.0,2025-08-14 11:15:19.233801
2025-08-14,72852,2025081404000535,LEC,Sani Securities Company Ltd.,Ashutosh Brokerage & Securities (PVT) Ltd.,70,232.0,16240.0,2025-08-14 11:16:03.368206
2025-08-14,72710,2025081404000549,LEC,Vision Securities Pvt. Ltd,Dynamic Money Managers Securities Pvt. Ltd.,50,233.0,11650.0,2025-08-14 11:16:11.053254
2025-08-14,72709,2025081404000550,LEC,Sani Securities Company Ltd.,Dipshikha Dhitopatra Karobar Co. Pvt Ltd.,300,232.0,69600.0,2025-08-14 11:16:11.069221
2025-08-14,72535,2025081404000585,LEC,Sani Securities Company Ltd.,Naasa Securities Co. Ltd.,100,232.0,23200.0,2025-08-14 11:16:56.025161
2025-08-14,72063,2025081404000657,LEC,Secured Securities Ltd.,Kohinoor Investment & Securities Pvt. Ltd.,500,232.9,116450.0,2025-08-14 11:19:08.294575
2025-08-14,72062,2025081404000658,LEC,Secured Securities Ltd.,Dynamic Money Managers Securities Pvt. Ltd.,3335,233.0,777055.0,2025-08-14 11:19:08.294722
2025-08-14,71969,2025081404000663,LEC,Dipshikha Dhitopatra Karobar Co. Pvt Ltd.,Trishakti Securities Public Limited,500,233.6,116800.0,2025-08-14 11:19:25.632299
2025-08-14,71321,2025081404000810,LEC,Naasa Securities Co. Ltd.,Linch Stock Market Ltd.,10,234.9,2349.0,2025-08-14 11:21:57.783041
2025-08-14,71137,2025081404000841,LEC,Primo Securities (PVT) Ltd.,Opal Securities Investment (PVT) Ltd.,115,232.6,26749.0,2025-08-14 11:22:52.759277
2025-08-14,71136,2025081404000842,LEC,Vision Securities Pvt. Ltd,Opal Securities Investment (PVT) Ltd.,100,232.5,23250.0,2025-08-14 11:22:52.759504
2025-08-14,71135,2025081404000843,LEC,Secured Securities Ltd.,Opal Securities Investment (PVT) Ltd.,285,232.2,66177.0,2025-08-14 11:22:52.759570
2025-08-14,70185,2025081404000991,LEC,Premier Securities Company Ltd.,Opal Securities Investment (PVT) Ltd.,20,234.0,4680.0,2025-08-14 11:26:25.523361
2025-08-14,70064,2025081404001009,LEC,Premier Securities Company Ltd.,KALASH STOCK MARKET PVT. LTD.,80,234.0,18720.0,2025-08-14 11:26:54.167248
2025-08-14,70063,2025081404001010,LEC,Aryatara Investment & Securities,KALASH STOCK MARKET PVT. LTD.,50,232.5,11625.0,2025-08-14 11:26:54.167303
2025-08-14,70062,2025081404001011,LEC,Deevyaa Securities & Stock House Pvt. Ltd,KALASH STOCK MARKET PVT. LTD.,400,232.4,92960.0,2025-08-14 11:26:54.167334
2025-08-14,70061,2025081404001012,LEC,Secured Securities Ltd.,KALASH STOCK MARKET PVT. LTD.,715,232.2,166023.0,2025-08-14 11:26:54.167356
2025-08-14,70060,2025081404001013,LEC,Secured Securities Ltd.,KALASH STOCK MARKET PVT. LTD.,165,232.1,38296.5,2025-08-14 11:26:54.167381
2025-08-14,70059,2025081404001014,LEC,Secured Securities Ltd.,KALASH STOCK MARKET PVT. LTD.,1000,232.1,232100.0,2025-08-14 11:26:54.167403
2025-08-14,70058,2025081404001015,LEC,Naasa Securities Co. Ltd.,KALASH STOCK MARKET PVT. LTD.,2152,232.1,499479.2,2025-08-14 11:26:54.167422
2025-08-14,69906,2025081404001020,LEC,Kalika Securities Pvt. Ltd.,Linch Stock Market Ltd.,80,234.9,18792.0,2025-08-14 11:27:07.826808
2025-08-14,68431,2025081404001229,LEC,Swarna Laxmi Securities Pvt. Ltd.,Dipshikha Dhitopatra Karobar Co. Pvt Ltd.,300,232.4,69720.0,2025-08-14 11:31:02.068856
2025-08-14,68100,2025081404001262,LEC,Naasa Securities Co. Ltd.,Imperial Securities Company Pvt. Ltd.,15,234.0,3510.0,2025-08-14 11:32:40.693724
2025-08-14,66799,2025081404001469,LEC,Miyo Securities Pvt Ltd,Aryatara Investment & Securities,100,232.5,23250.0,2025-08-14 11:39:14.312442
2025-08-14,66398,2025081404001542,LEC,Naasa Securities Co. Ltd.,Sani Securities Company Ltd.,100,232.5,23250.0,2025-08-14 11:40:50.337755
2025-08-14,66112,2025081404001588,LEC,Nepal Investment And Securities Trading Private Limited,Naasa Securities Co. Ltd.,1000,233.0,233000.0,2025-08-14 11:42:13.793992
2025-08-14,65936,2025081404001620,LEC,Swarna Laxmi Securities Pvt. Ltd.,K.B.L. Securities Limited ,200,233.0,46600.0,2025-08-14 11:43:08.144431
2025-08-14,65776,2025081404001647,LEC,Naasa Securities Co. Ltd.,Nagarik Stock Dealer ,10,234.0,2340.0,2025-08-14 11:44:01.581018
2025-08-14,63736,2025081404001995,LEC,Asian Securities Private Ltd.,Online Securities Pvt. Ltd.,322,233.8,75283.6,2025-08-14 11:53:07.434936
2025-08-14,63735,2025081404001996,LEC,Asian Securities Private Ltd.,Thrive Brokerage House Pvt. Ltd,678,233.9,158584.2,2025-08-14 11:53:07.434981
2025-08-14,63572,2025081404002018,LEC,Agrawal Securities (PVT) Ltd.,Thrive Brokerage House Pvt. Ltd,322,233.9,75315.8,2025-08-14 11:54:01.204470
2025-08-14,63311,2025081404002028,LEC,Agrawal Securities (PVT) Ltd.,Naasa Securities Co. Ltd.,178,233.9,41634.2,2025-08-14 11:54:39.900782
2025-08-14,63310,2025081404002029,LEC,Naasa Securities Co. Ltd.,Naasa Securities Co. Ltd.,10,233.9,2339.0,2025-08-14 11:54:39.901023
2025-08-14,63309,2025081404002030,LEC,Naasa Securities Co. Ltd.,Naasa Securities Co. Ltd.,500,233.0,116500.0,2025-08-14 11:54:39.901103
2025-08-14,63308,2025081404002031,LEC,Naasa Securities Co. Ltd.,Naasa Securities Co. Ltd.,812,233.0,189196.0,2025-08-14 11:54:39.901188
2025-08-14,63065,2025081404002060,LEC,Bhrikuti Stock Broking Co. Pvt. Ltd.,Capital Max Securities Ltd,30,233.0,6990.0,2025-08-14 11:55:22.503077
2025-08-14,63064,2025081404002061,LEC,Vision Securities Pvt. Ltd,Capital Max Securities Ltd,370,233.0,86210.0,2025-08-14 11:55:22.503495
2025-08-14,62549,2025081404002159,LEC,Dipshikha Dhitopatra Karobar Co. Pvt Ltd.,Dipshikha Dhitopatra Karobar Co. Pvt Ltd.,200,233.2,46640.0,2025-08-14 11:57:45.737606
2025-08-14,62548,2025081404002160,LEC,Naasa Securities Co. Ltd.,Dipshikha Dhitopatra Karobar Co. Pvt Ltd.,95,233.1,22144.5,2025-08-14 11:57:45.737852
2025-08-14,62198,2025081404002248,LEC,Siprabi Securities Pvt. Ltd.,Vision Securities Pvt. Ltd,200,233.1,46620.0,2025-08-14 11:59:16.570033
2025-08-14,62197,2025081404002249,LEC,Naasa Securities Co. Ltd.,Vision Securities Pvt. Ltd,40,233.0,9320.0,2025-08-14 11:59:16.570230
2025-08-14,62036,2025081404002280,LEC,Vision Securities Pvt. Ltd,Linch Stock Market Ltd.,1000,233.0,233000.0,2025-08-14 11:59:58.978817
2025-08-14,62029,2025081404002281,LEC,Vision Securities Pvt. Ltd,Naasa Securities Co. Ltd.,240,233.0,55920.0,2025-08-14 12:00:03.313993
2025-08-14,61501,2025081404002327,LEC,Linch Stock Market Ltd.,Nagarik Stock Dealer ,35,234.0,8190.0,2025-08-14 12:02:17.711388
2025-08-14,61494,2025081404002331,LEC,Naasa Securities Co. Ltd.,Prabhu Stock Market Limited,15,234.0,3510.0,2025-08-14 12:02:21.727676
2025-08-14,61493,2025081404002332,LEC,Naasa Securities Co. Ltd.,Aryatara Investment & Securities,100,234.0,23400.0,2025-08-14 12:02:21.727789
2025-08-14,61492,2025081404002333,LEC,Naasa Securities Co. Ltd.,Aryatara Investment & Securities,402,234.0,94068.0,2025-08-14 12:02:21.727865
2025-08-14,61491,2025081404002334,LEC,Naasa Securities Co. Ltd.,Imperial Securities Company Pvt. Ltd.,483,234.0,113022.0,2025-08-14 12:02:21.727955
2025-08-14,61474,2025081404002336,LEC,Naasa Securities Co. Ltd.,Neev Securities Pvt. Ltd.,500,233.1,116550.0,2025-08-14 12:02:29.917046
2025-08-14,61473,2025081404002337,LEC,Vision Securities Pvt. Ltd,Neev Securities Pvt. Ltd.,290,233.0,67570.0,2025-08-14 12:02:29.917302
2025-08-14,61472,2025081404002338,LEC,Dipshikha Dhitopatra Karobar Co. Pvt Ltd.,Neev Securities Pvt. Ltd.,100,233.0,23300.0,2025-08-14 12:02:29.917461
2025-08-14,61471,2025081404002339,LEC,Naasa Securities Co. Ltd.,Neev Securities Pvt. Ltd.,1160,233.0,270280.0,2025-08-14 12:02:29.917544
2025-08-14,61379,2025081404002350,LEC,Ashutosh Brokerage & Securities (PVT) Ltd.,Premier Securities Company Ltd.,10,233.9,2339.0,2025-08-14 12:02:54.536695
2025-08-14,61185,2025081404002395,LEC,Naasa Securities Co. Ltd.,Deevyaa Securities & Stock House Pvt. Ltd,200,233.0,46600.0,2025-08-14 12:03:40.959785
2025-08-14,61159,2025081404002402,LEC,Naasa Securities Co. Ltd.,Nagarik Stock Dealer ,55,233.8,12859.0,2025-08-14 12:03:47.497921
2025-08-14,61158,2025081404002403,LEC,Naasa Securities Co. Ltd.,Premier Securities Company Ltd.,995,233.9,232730.5,2025-08-14 12:03:47.498033
2025-08-14,61157,2025081404002404,LEC,Naasa Securities Co. Ltd.,Imperial Securities Company Pvt. Ltd.,1517,234.0,354978.0,2025-08-14 12:03:47.498110
2025-08-14,61156,2025081404002405,LEC,Naasa Securities Co. Ltd.,Thrive Brokerage House Pvt. Ltd,500,234.0,117000.0,2025-08-14 12:03:47.498181
2025-08-14,61155,2025081404002406,LEC,Naasa Securities Co. Ltd.,Nagarik Stock Dealer ,33,234.7,7745.1,2025-08-14 12:03:47.498258
2025-08-14,60664,2025081404002488,LEC,Dakshinkali Investment & Securities Pvt. Ltd.,South Asian Bulls Pvt. Ltd.,20,234.0,4680.0,2025-08-14 12:05:44.932677
2025-08-14,60663,2025081404002489,LEC,Naasa Securities Co. Ltd.,South Asian Bulls Pvt. Ltd.,212,234.0,49608.0,2025-08-14 12:05:44.932871
2025-08-14,60580,2025081404002494,LEC,Naasa Securities Co. Ltd.,Dipshikha Dhitopatra Karobar Co. Pvt Ltd.,15,234.0,3510.0,2025-08-14 12:06:01.349064
2025-08-14,60482,2025081404002526,LEC,Citizens Share Broker Limited,Nagarik Stock Dealer ,17,234.7,3989.9,2025-08-14 12:06:26.530513
2025-08-14,60481,2025081404002527,LEC,Citizens Share Broker Limited,Nepal Investment And Securities Trading Private Limited,250,234.7,58675.0,2025-08-14 12:06:26.530894
2025-08-14,60480,2025081404002528,LEC,Citizens Share Broker Limited,Linch Stock Market Ltd.,10,234.9,2349.0,2025-08-14 12:06:26.531196
2025-08-14,60479,2025081404002529,LEC,Citizens Share Broker Limited,Sharepro Securities Private Limited,500,234.9,117450.0,2025-08-14 12:06:26.531351
2025-08-14,60478,2025081404002530,LEC,Citizens Share Broker Limited,South Asian Bulls Pvt. Ltd.,500,234.9,117450.0,2025-08-14 12:06:26.531435
2025-08-14,60209,2025081404002586,LEC,Naasa Securities Co. Ltd.,Thrive Brokerage House Pvt. Ltd,1000,235.0,235000.0,2025-08-14 12:07:44.997735
2025-08-14,60208,2025081404002587,LEC,Naasa Securities Co. Ltd.,Prabhu Stock Market Limited,100,235.0,23500.0,2025-08-14 12:07:44.997832
2025-08-14,60207,2025081404002588,LEC,Naasa Securities Co. Ltd.,Naasa Securities Co. Ltd.,193,235.0,45355.0,2025-08-14 12:07:44.997923
2025-08-14,60206,2025081404002589,LEC,Naasa Securities Co. Ltd.,Midas Stock Broking Company Private Limited,240,235.0,56400.0,2025-08-14 12:07:44.997992
2025-08-14,60205,2025081404002590,LEC,Naasa Securities Co. Ltd.,Nepal Stock House (PVT) Ltd.,15,235.0,3525.0,2025-08-14 12:07:44.998078
2025-08-14,60204,2025081404002591,LEC,Naasa Securities Co. Ltd.,Imperial Securities Company Pvt. Ltd.,10,235.0,2350.0,2025-08-14 12:07:44.998153
2025-08-14,60203,2025081404002592,LEC,Naasa Securities Co. Ltd.,Sundhara Securities Limited,300,235.0,70500.0,2025-08-14 12:07:44.998224
2025-08-14,60202,2025081404002593,LEC,Naasa Securities Co. Ltd.,Midas Stock Broking Company Private Limited,54,235.8,12733.2,2025-08-14 12:07:44.998352
2025-08-14,60201,2025081404002594,LEC,Naasa Securities Co. Ltd.,Nagarik Stock Dealer ,88,235.8,20750.4,2025-08-14 12:07:44.998449
2025-08-14,59997,2025081404002668,LEC,Trishakti Securities Public Limited,Nagarik Stock Dealer ,912,235.8,215049.6,2025-08-14 12:08:30.411724
2025-08-14,59957,2025081404002679,LEC,Citizens Share Broker Limited,Trishakti Securities Public Limited,223,235.9,52605.7,2025-08-14 12:08:43.905756
2025-08-14,59955,2025081404002680,LEC,Trishakti Securities Public Limited,Nagarik Stock Dealer ,50,235.8,11790.0,2025-08-14 12:08:44.613627
2025-08-14,59801,2025081404002699,LEC,Opal Securities Investment (PVT) Ltd.,Dipshikha Dhitopatra Karobar Co. Pvt Ltd.,100,235.0,23500.0,2025-08-14 12:09:28.259363
2025-08-14,59774,2025081404002702,LEC,Oxford Securities Pvt. Ltd.,Secured Securities Ltd.,15,234.1,3511.5,2025-08-14 12:09:36.741178
2025-08-14,59552,2025081404002749,LEC,Siprabi Securities Pvt. Ltd.,Market Securities & Exchange (PVT) Ltd.,50,234.2,11710.0,2025-08-14 12:10:36.305640
2025-08-14,59551,2025081404002750,LEC,Oxford Securities Pvt. Ltd.,Market Securities & Exchange (PVT) Ltd.,89,234.1,20834.9,2025-08-14 12:10:36.306028
2025-08-14,59351,2025081404002791,LEC,Naasa Securities Co. Ltd.,Kohinoor Investment & Securities Pvt. Ltd.,100,235.0,23500.0,2025-08-14 12:11:25.135388
2025-08-14,59350,2025081404002792,LEC,Naasa Securities Co. Ltd.,South Asian Bulls Pvt. Ltd.,10,235.8,2358.0,2025-08-14 12:11:25.135476
2025-08-14,58798,2025081404002907,LEC,Agrawal Securities (PVT) Ltd.,Sumeru Securities Pvt. Ltd.,230,234.3,53889.0,2025-08-14 12:13:32.982025
2025-08-14,58665,2025081404002923,LEC,Naasa Securities Co. Ltd.,South Asian Bulls Pvt. Ltd.,10,235.8,2358.0,2025-08-14 12:13:53.564869
2025-08-14,58554,2025081404002940,LEC,Agrawal Securities (PVT) Ltd.,Thrive Brokerage House Pvt. Ltd,20,234.3,4686.0,2025-08-14 12:14:14.714380
2025-08-14,58547,2025081404002942,LEC,Agrawal Securities (PVT) Ltd.,Sumeru Securities Pvt. Ltd.,20,234.3,4686.0,2025-08-14 12:14:17.134946
2025-08-14,58354,2025081404002973,LEC,Agrawal Securities (PVT) Ltd.,Dipshikha Dhitopatra Karobar Co. Pvt Ltd.,190,234.3,44517.0,2025-08-14 12:15:04.309631
2025-08-14,58245,2025081404002994,LEC,Agrawal Securities (PVT) Ltd.,Vision Securities Pvt. Ltd,250,234.3,58575.0,2025-08-14 12:15:17.011264
2025-08-14,58182,2025081404003011,LEC,Naasa Securities Co. Ltd.,Secured Securities Ltd.,10,235.7,2357.0,2025-08-14 12:15:31.822440
2025-08-14,57585,2025081404003151,LEC,Naasa Securities Co. Ltd.,Secured Securities Ltd.,490,235.6,115444.0,2025-08-14 12:17:32.097454
2025-08-14,57584,2025081404003152,LEC,Naasa Securities Co. Ltd.,KALASH STOCK MARKET PVT. LTD.,500,235.7,117850.0,2025-08-14 12:17:32.097499
2025-08-14,57583,2025081404003153,LEC,Naasa Securities Co. Ltd.,South Asian Bulls Pvt. Ltd.,30,235.8,7074.0,2025-08-14 12:17:32.097528
2025-08-14,57582,2025081404003154,LEC,Naasa Securities Co. Ltd.,Nagarik Stock Dealer ,50,235.8,11790.0,2025-08-14 12:17:32.097553
2025-08-14,57581,2025081404003155,LEC,Naasa Securities Co. Ltd.,South Asian Bulls Pvt. Ltd.,250,235.8,58950.0,2025-08-14 12:17:32.097583
2025-08-14,57580,2025081404003156,LEC,Naasa Securities Co. Ltd.,Trishakti Securities Public Limited,180,235.9,42462.0,2025-08-14 12:17:32.097611
2025-08-14,57207,2025081404003215,LEC,Dakshinkali Investment & Securities Pvt. Ltd.,Trishakti Securities Public Limited,85,235.9,20051.5,2025-08-14 12:18:40.537439
2025-08-14,56784,2025081404003310,LEC,Naasa Securities Co. Ltd.,Nagarik Stock Dealer ,50,235.8,11790.0,2025-08-14 12:20:01.551809
2025-08-14,56783,2025081404003311,LEC,Naasa Securities Co. Ltd.,Trishakti Securities Public Limited,10,235.9,2359.0,2025-08-14 12:20:01.551933
2025-08-14,56767,2025081404003320,LEC,Investment Management Nepal Pvt. Ltd.,Primo Securities (PVT) Ltd.,300,234.6,70380.0,2025-08-14 12:20:03.388219
2025-08-14,56719,2025081404003327,LEC,Naasa Securities Co. Ltd.,Trishakti Securities Public Limited,10,235.9,2359.0,2025-08-14 12:20:15.675169
2025-08-14,56472,2025081404003419,LEC,Naasa Securities Co. Ltd.,Trishakti Securities Public Limited,592,235.9,139652.8,2025-08-14 12:20:55.044041
2025-08-14,56471,2025081404003420,LEC,Naasa Securities Co. Ltd.,South Asian Bulls Pvt. Ltd.,250,235.9,58975.0,2025-08-14 12:20:55.044146
2025-08-14,56470,2025081404003421,LEC,Naasa Securities Co. Ltd.,Bhrikuti Stock Broking Co. Pvt. Ltd.,58,236.0,13688.0,2025-08-14 12:20:55.044227
2025-08-14,56069,2025081404003528,LEC,Investment Management Nepal Pvt. Ltd.,Bhrikuti Stock Broking Co. Pvt. Ltd.,242,236.0,57112.0,2025-08-14 12:22:16.948458
2025-08-14,56068,2025081404003529,LEC,Investment Management Nepal Pvt. Ltd.,Vision Securities Pvt. Ltd,300,236.0,70800.0,2025-08-14 12:22:16.948919
2025-08-14,56067,2025081404003530,LEC,Investment Management Nepal Pvt. Ltd.,Sundhara Securities Limited,50,236.0,11800.0,2025-08-14 12:22:16.949280
2025-08-14,56066,2025081404003531,LEC,Investment Management Nepal Pvt. Ltd.,Aryatara Investment & Securities,505,236.0,119180.0,2025-08-14 12:22:16.949599
2025-08-14,56065,2025081404003532,LEC,Investment Management Nepal Pvt. Ltd.,Online Securities Pvt. Ltd.,213,236.0,50268.0,2025-08-14 12:22:16.949868
2025-08-14,56064,2025081404003533,LEC,Investment Management Nepal Pvt. Ltd.,Online Securities Pvt. Ltd.,15,236.0,3540.0,2025-08-14 12:22:16.950137
2025-08-14,56063,2025081404003534,LEC,Investment Management Nepal Pvt. Ltd.,Neev Securities Pvt. Ltd.,675,236.0,159300.0,2025-08-14 12:22:16.950441
2025-08-14,56062,2025081404003535,LEC,Nepal Investment And Securities Trading Private Limited,Neev Securities Pvt. Ltd.,125,236.0,29500.0,2025-08-14 12:22:17.266151
2025-08-14,56061,2025081404003536,LEC,Nepal Investment And Securities Trading Private Limited,Naasa Securities Co. Ltd.,200,236.0,47200.0,2025-08-14 12:22:17.266359
2025-08-14,56060,2025081404003537,LEC,Nepal Investment And Securities Trading Private Limited,Naasa Securities Co. Ltd.,10,236.0,2360.0,2025-08-14 12:22:17.266446
2025-08-14,56059,2025081404003538,LEC,Nepal Investment And Securities Trading Private Limited,Imperial Securities Company Pvt. Ltd.,10,236.0,2360.0,2025-08-14 12:22:17.266529
2025-08-14,56058,2025081404003539,LEC,Nepal Investment And Securities Trading Private Limited,Kohinoor Investment & Securities Pvt. Ltd.,100,236.0,23600.0,2025-08-14 12:22:17.266610
2025-08-14,56057,2025081404003540,LEC,Nepal Investment And Securities Trading Private Limited,Swarna Laxmi Securities Pvt. Ltd.,55,236.0,12980.0,2025-08-14 12:22:17.266692
2025-08-14,55964,2025081404003557,LEC,Naasa Securities Co. Ltd.,Swarna Laxmi Securities Pvt. Ltd.,45,236.0,10620.0,2025-08-14 12:22:37.084142
2025-08-14,55963,2025081404003558,LEC,Naasa Securities Co. Ltd.,Dynamic Money Managers Securities Pvt. Ltd.,10,236.5,2365.0,2025-08-14 12:22:37.084183
2025-08-14,55785,2025081404003600,LEC,Vision Securities Pvt. Ltd,Naasa Securities Co. Ltd.,500,236.0,118000.0,2025-08-14 12:23:03.306158
2025-08-14,55640,2025081404003627,LEC,Naasa Securities Co. Ltd.,Nagarik Stock Dealer ,10,236.4,2364.0,2025-08-14 12:23:26.548556
2025-08-14,55487,2025081404003661,LEC,Naasa Securities Co. Ltd.,Thrive Brokerage House Pvt. Ltd,20,235.1,4702.0,2025-08-14 12:23:53.154510
2025-08-14,55323,2025081404003703,LEC,Naasa Securities Co. Ltd.,Naasa Securities Co. Ltd.,180,235.1,42318.0,2025-08-14 12:24:23.943653
2025-08-14,55322,2025081404003704,LEC,Investment Management Nepal Pvt. Ltd.,Naasa Securities Co. Ltd.,368,235.1,86516.8,2025-08-14 12:24:23.943859
2025-08-14,55321,2025081404003705,LEC,Ashutosh Brokerage & Securities (PVT) Ltd.,Naasa Securities Co. Ltd.,5000,235.0,1175000.0,2025-08-14 12:24:23.943943
2025-08-14,55320,2025081404003706,LEC,Creative Securities Pvt Ltd,Naasa Securities Co. Ltd.,152,235.0,35720.0,2025-08-14 12:24:23.944029
2025-08-14,55192,2025081404003730,LEC,Creative Securities Pvt Ltd,Naasa Securities Co. Ltd.,48,235.0,11280.0,2025-08-14 12:24:48.172152
2025-08-14,55191,2025081404003731,LEC,SHUBHAKAMANA SECURITIES PVT. LTD,Naasa Securities Co. Ltd.,1000,234.8,234800.0,2025-08-14 12:24:48.172590
2025-08-14,55060,2025081404003756,LEC,Sanima Securities Limited,Agrawal Securities (PVT) Ltd.,15,234.8,3522.0,2025-08-14 12:25:16.157469
2025-08-14,54926,2025081404003771,LEC,Agrawal Securities (PVT) Ltd.,Naasa Securities Co. Ltd.,290,234.3,67947.0,2025-08-14 12:25:51.710554
2025-08-14,53547,2025081404004043,LEC,Shree Krishna Securities Ltd.,Premier Securities Company Ltd.,100,234.0,23400.0,2025-08-14 12:31:38.868778
2025-08-14,53289,2025081404004084,LEC,SUN SECURITIES PVT LTD,Opal Securities Investment (PVT) Ltd.,100,233.2,23320.0,2025-08-14 12:32:30.271857
2025-08-14,53288,2025081404004085,LEC,Naasa Securities Co. Ltd.,Opal Securities Investment (PVT) Ltd.,30,233.1,6993.0,2025-08-14 12:32:30.272099
2025-08-14,53287,2025081404004086,LEC,Sani Securities Company Ltd.,Opal Securities Investment (PVT) Ltd.,247,233.0,57551.0,2025-08-14 12:32:30.272189
2025-08-14,53279,2025081404004087,LEC,Sani Securities Company Ltd.,Imperial Securities Company Pvt. Ltd.,353,233.0,82249.0,2025-08-14 12:32:32.949938
2025-08-14,53278,2025081404004088,LEC,Naasa Securities Co. Ltd.,Imperial Securities Company Pvt. Ltd.,147,233.0,34251.0,2025-08-14 12:32:32.950184
2025-08-14,53107,2025081404004127,LEC,Vision Securities Pvt. Ltd,Imperial Securities Company Pvt. Ltd.,40,233.1,9324.0,2025-08-14 12:33:14.321152
2025-08-14,53087,2025081404004128,LEC,Linch Stock Market Ltd.,Imperial Securities Company Pvt. Ltd.,50,233.0,11650.0,2025-08-14 12:33:18.722474
2025-08-14,53043,2025081404004139,LEC,Naasa Securities Co. Ltd.,Imperial Securities Company Pvt. Ltd.,400,232.5,93000.0,2025-08-14 12:33:25.416066
2025-08-14,53042,2025081404004140,LEC,Sweta Securities Private Limited,Imperial Securities Company Pvt. Ltd.,44,232.5,10230.0,2025-08-14 12:33:25.416276
2025-08-14,53041,2025081404004141,LEC,Naasa Securities Co. Ltd.,Imperial Securities Company Pvt. Ltd.,466,232.5,108345.0,2025-08-14 12:33:25.416382
2025-08-14,52867,2025081404004181,LEC,Naasa Securities Co. Ltd.,Premier Securities Company Ltd.,10,234.0,2340.0,2025-08-14 12:34:13.033767
2025-08-14,51344,2025081404004414,LEC,Premier Securities Company Ltd.,Premier Securities Company Ltd.,290,234.0,67860.0,2025-08-14 12:41:04.518793
2025-08-14,51314,2025081404004417,LEC,Premier Securities Company Ltd.,Premier Securities Company Ltd.,100,234.0,23400.0,2025-08-14 12:41:17.583309
2025-08-14,51313,2025081404004418,LEC,Premier Securities Company Ltd.,Trishakti Securities Public Limited,100,234.0,23400.0,2025-08-14 12:41:17.583562
2025-08-14,51247,2025081404004420,LEC,Naasa Securities Co. Ltd.,K.B.L. Securities Limited ,1000,233.1,233100.0,2025-08-14 12:41:29.672610
2025-08-14,51148,2025081404004432,LEC,Naasa Securities Co. Ltd.,Naasa Securities Co. Ltd.,12,233.1,2797.2,2025-08-14 12:41:57.622883
2025-08-14,51082,2025081404004459,LEC,Naasa Securities Co. Ltd.,Aryatara Investment & Securities,50,233.1,11655.0,2025-08-14 12:42:18.245396
2025-08-14,50948,2025081404004498,LEC,Naasa Securities Co. Ltd.,Siprabi Securities Pvt. Ltd.,45,233.1,10489.5,2025-08-14 12:43:01.101029
2025-08-14,50947,2025081404004499,LEC,Online Securities Pvt. Ltd.,Siprabi Securities Pvt. Ltd.,295,233.1,68764.5,2025-08-14 12:43:01.101264
2025-08-14,50212,2025081404004634,LEC,Thrive Brokerage House Pvt. Ltd,ABC Securities Private Limited,300,233.2,69960.0,2025-08-14 12:45:21.844814
2025-08-14,50211,2025081404004635,LEC,Online Securities Pvt. Ltd.,ABC Securities Private Limited,200,233.1,46620.0,2025-08-14 12:45:21.845263
2025-08-14,50055,2025081404004653,LEC,Naasa Securities Co. Ltd.,Trishakti Securities Public Limited,100,234.0,23400.0,2025-08-14 12:45:59.695113
2025-08-14,50012,2025081404004674,LEC,NIMB Stock Markets Limited,Sani Securities Company Ltd.,1135,233.1,264568.5,2025-08-14 12:46:08.551415
2025-08-14,49684,2025081404004729,LEC,Neev Securities Pvt. Ltd.,Trishakti Securities Public Limited,50,234.0,11700.0,2025-08-14 12:47:19.538714
2025-08-14,49169,2025081404004845,LEC,Sri Hari Securities Pvt. Ltd.,Primo Securities (PVT) Ltd.,100,233.3,23330.0,2025-08-14 12:49:35.441166
2025-08-14,49132,2025081404004849,LEC,Siprabi Securities Pvt. Ltd.,Trishakti Securities Public Limited,1280,234.0,299520.0,2025-08-14 12:49:48.520571
2025-08-14,49068,2025081404004870,LEC,Sri Hari Securities Pvt. Ltd.,Online Securities Pvt. Ltd.,150,233.3,34995.0,2025-08-14 12:50:02.813483
2025-08-14,48372,2025081404005030,LEC,Naasa Securities Co. Ltd.,Trishakti Securities Public Limited,200,234.0,46800.0,2025-08-14 12:52:13.097844
2025-08-14,48360,2025081404005031,LEC,Online Securities Pvt. Ltd.,Trishakti Securities Public Limited,50,234.0,11700.0,2025-08-14 12:52:14.860344
2025-08-14,48351,2025081404005033,LEC,Sri Hari Securities Pvt. Ltd.,Trishakti Securities Public Limited,250,234.0,58500.0,2025-08-14 12:52:17.911474
2025-08-14,47637,2025081404005200,LEC,Miyo Securities Pvt Ltd,Opal Securities Investment (PVT) Ltd.,205,233.7,47908.5,2025-08-14 12:54:39.906727
2025-08-14,47458,2025081404005250,LEC,Nepal Investment And Securities Trading Private Limited,Nepal Stock House (PVT) Ltd.,500,233.5,116750.0,2025-08-14 12:55:21.234849
2025-08-14,47457,2025081404005251,LEC,Aryatara Investment & Securities,Nepal Stock House (PVT) Ltd.,40,233.3,9332.0,2025-08-14 12:55:21.235089
2025-08-14,47456,2025081404005252,LEC,NIMB Stock Markets Limited,Nepal Stock House (PVT) Ltd.,460,233.1,107226.0,2025-08-14 12:55:21.235192
2025-08-14,47436,2025081404005256,LEC,Naasa Securities Co. Ltd.,Opal Securities Investment (PVT) Ltd.,300,233.9,70170.0,2025-08-14 12:55:28.027542
2025-08-14,47435,2025081404005257,LEC,Naasa Securities Co. Ltd.,Vision Securities Pvt. Ltd,90,233.9,21051.0,2025-08-14 12:55:28.027590
2025-08-14,47434,2025081404005258,LEC,Naasa Securities Co. Ltd.,Trishakti Securities Public Limited,2610,234.0,610740.0,2025-08-14 12:55:28.027623
2025-08-14,47014,2025081404005352,LEC,Naasa Securities Co. Ltd.,Trishakti Securities Public Limited,200,234.0,46800.0,2025-08-14 12:57:08.519551
2025-08-14,46957,2025081404005361,LEC,Naasa Securities Co. Ltd.,Trishakti Securities Public Limited,80,234.0,18720.0,2025-08-14 12:57:23.646230
2025-08-14,46954,2025081404005363,LEC,Naasa Securities Co. Ltd.,Trishakti Securities Public Limited,50,234.0,11700.0,2025-08-14 12:57:25.675089
2025-08-14,46884,2025081404005373,LEC,Market Securities & Exchange (PVT) Ltd.,Trishakti Securities Public Limited,500,234.0,117000.0,2025-08-14 12:57:39.468790
2025-08-14,46642,2025081404005467,LEC,Naasa Securities Co. Ltd.,Trishakti Securities Public Limited,200,234.0,46800.0,2025-08-14 12:58:23.044776
2025-08-14,46200,2025081404005554,LEC,Sani Securities Company Ltd.,Trishakti Securities Public Limited,200,234.0,46800.0,2025-08-14 13:00:12.210170
2025-08-14,45852,2025081404005605,LEC,Opal Securities Investment (PVT) Ltd.,Trishakti Securities Public Limited,500,234.0,117000.0,2025-08-14 13:01:22.072281
2025-08-14,44606,2025081404005907,LEC,Thrive Brokerage House Pvt. Ltd,Aryatara Investment & Securities,30,233.3,6999.0,2025-08-14 13:06:19.275882
2025-08-14,44412,2025081404005948,LEC,Nabil Stock Dealer Ltd.,Trishakti Securities Public Limited,15,234.0,3510.0,2025-08-14 13:07:05.675285
2025-08-14,44403,2025081404005950,LEC,Pragyan Securities (PVT) Ltd.,Trishakti Securities Public Limited,200,234.0,46800.0,2025-08-14 13:07:08.423613
2025-08-14,43712,2025081404006071,LEC,Thrive Brokerage House Pvt. Ltd,Aryatara Investment & Securities,80,233.3,18664.0,2025-08-14 13:09:57.181593
2025-08-14,42812,2025081404006245,LEC,Thrive Brokerage House Pvt. Ltd,Nepal Stock House (PVT) Ltd.,40,233.3,9332.0,2025-08-14 13:13:56.727432
2025-08-14,42780,2025081404006259,LEC,Thrive Brokerage House Pvt. Ltd,Siprabi Securities Pvt. Ltd.,180,233.3,41994.0,2025-08-14 13:14:06.742683
2025-08-14,42631,2025081404006302,LEC,Naasa Securities Co. Ltd.,Thrive Brokerage House Pvt. Ltd,1000,233.9,233900.0,2025-08-14 13:14:53.942336
2025-08-14,42630,2025081404006303,LEC,Naasa Securities Co. Ltd.,Dipshikha Dhitopatra Karobar Co. Pvt Ltd.,30,233.9,7017.0,2025-08-14 13:14:53.942400
2025-08-14,42629,2025081404006304,LEC,Naasa Securities Co. Ltd.,Trishakti Securities Public Limited,70,234.0,16380.0,2025-08-14 13:14:53.942430
2025-08-14,42547,2025081404006353,LEC,J.F. Securites (PVT) Ltd.,Trishakti Securities Public Limited,100,234.0,23400.0,2025-08-14 13:15:09.125340
2025-08-14,42523,2025081404006357,LEC,Thrive Brokerage House Pvt. Ltd,Linch Stock Market Ltd.,170,233.3,39661.0,2025-08-14 13:15:11.787476
2025-08-14,42522,2025081404006358,LEC,NIMB Stock Markets Limited,Linch Stock Market Ltd.,390,233.1,90909.0,2025-08-14 13:15:11.787934
2025-08-14,42521,2025081404006359,LEC,Sri Hari Securities Pvt. Ltd.,Linch Stock Market Ltd.,100,233.1,23310.0,2025-08-14 13:15:11.788254
2025-08-14,42520,2025081404006360,LEC,Naasa Securities Co. Ltd.,Linch Stock Market Ltd.,338,233.1,78787.8,2025-08-14 13:15:11.788588
2025-08-14,41738,2025081404006605,LEC,Primo Securities (PVT) Ltd.,Arun Securities (PVT) Ltd.,25,233.5,5837.5,2025-08-14 13:17:36.521026
2025-08-14,41737,2025081404006606,LEC,Nepal Stock House (PVT) Ltd.,Arun Securities (PVT) Ltd.,75,233.1,17482.5,2025-08-14 13:17:36.521324
2025-08-14,41490,2025081404006717,LEC,Naasa Securities Co. Ltd.,Naasa Securities Co. Ltd.,30,233.9,7017.0,2025-08-14 13:18:53.366577
2025-08-14,41489,2025081404006718,LEC,Naasa Securities Co. Ltd.,Trishakti Securities Public Limited,10,234.0,2340.0,2025-08-14 13:18:53.366659
2025-08-14,41001,2025081404006883,LEC,Aryatara Investment & Securities,Sanima Securities Limited,15,233.3,3499.5,2025-08-14 13:21:03.357101
2025-08-14,40892,2025081404006912,LEC,Naasa Securities Co. Ltd.,ABC Securities Private Limited,100,233.9,23390.0,2025-08-14 13:21:36.924998
2025-08-14,40891,2025081404006913,LEC,Naasa Securities Co. Ltd.,Trishakti Securities Public Limited,1235,234.0,288990.0,2025-08-14 13:21:36.925072
2025-08-14,40890,2025081404006914,LEC,Naasa Securities Co. Ltd.,Oxford Securities Pvt. Ltd.,100,234.0,23400.0,2025-08-14 13:21:36.925110
2025-08-14,40889,2025081404006915,LEC,Naasa Securities Co. Ltd.,Naasa Securities Co. Ltd.,1000,234.0,234000.0,2025-08-14 13:21:36.925166
2025-08-14,40888,2025081404006916,LEC,Naasa Securities Co. Ltd.,Dynamic Money Managers Securities Pvt. Ltd.,1000,234.0,234000.0,2025-08-14 13:21:36.925196
2025-08-14,40887,2025081404006917,LEC,Naasa Securities Co. Ltd.,Sri Hari Securities Pvt. Ltd.,50,234.0,11700.0,2025-08-14 13:21:36.925252
2025-08-14,40886,2025081404006918,LEC,Naasa Securities Co. Ltd.,Linch Stock Market Ltd.,60,234.0,14040.0,2025-08-14 13:21:36.925283
2025-08-14,40885,2025081404006919,LEC,Naasa Securities Co. Ltd.,Linch Stock Market Ltd.,60,234.0,14040.0,2025-08-14 13:21:36.925319
2025-08-14,40884,2025081404006920,LEC,Naasa Securities Co. Ltd.,Sundhara Securities Limited,266,234.0,62244.0,2025-08-14 13:21:36.925343
2025-08-14,40883,2025081404006921,LEC,Naasa Securities Co. Ltd.,Linch Stock Market Ltd.,60,234.0,14040.0,2025-08-14 13:21:36.925368
2025-08-14,40882,2025081404006922,LEC,Naasa Securities Co. Ltd.,Siprabi Securities Pvt. Ltd.,200,234.0,46800.0,2025-08-14 13:21:36.925391
2025-08-14,40881,2025081404006923,LEC,Naasa Securities Co. Ltd.,Imperial Securities Company Pvt. Ltd.,19,234.9,4463.1,2025-08-14 13:21:36.925412
2025-08-14,40716,2025081404006977,LEC,Naasa Securities Co. Ltd.,Imperial Securities Company Pvt. Ltd.,31,234.9,7281.9,2025-08-14 13:22:16.199901
2025-08-14,40715,2025081404006978,LEC,Naasa Securities Co. Ltd.,Vision Securities Pvt. Ltd,69,234.9,16208.1,2025-08-14 13:22:16.200002
2025-08-14,40593,2025081404007010,LEC,Naasa Securities Co. Ltd.,Linch Stock Market Ltd.,200,233.9,46780.0,2025-08-14 13:22:53.127540
2025-08-14,40463,2025081404007031,LEC,Secured Securities Ltd.,Vision Securities Pvt. Ltd,31,234.9,7281.9,2025-08-14 13:23:28.679400
2025-08-14,40462,2025081404007032,LEC,Secured Securities Ltd.,Investment Management Nepal Pvt. Ltd.,1860,234.9,436914.0,2025-08-14 13:23:28.679985
2025-08-14,40461,2025081404007033,LEC,Secured Securities Ltd.,Midas Stock Broking Company Private Limited,800,235.0,188000.0,2025-08-14 13:23:28.680462
2025-08-14,40460,2025081404007034,LEC,Secured Securities Ltd.,Sumeru Securities Pvt. Ltd.,100,235.0,23500.0,2025-08-14 13:23:28.680834
2025-08-14,40459,2025081404007035,LEC,Secured Securities Ltd.,Vision Securities Pvt. Ltd,209,235.0,49115.0,2025-08-14 13:23:28.681190
2025-08-14,40376,2025081404007059,LEC,Secured Securities Ltd.,Vision Securities Pvt. Ltd,291,235.0,68385.0,2025-08-14 13:23:51.720505
2025-08-14,40375,2025081404007060,LEC,Secured Securities Ltd.,Naasa Securities Co. Ltd.,15,235.0,3525.0,2025-08-14 13:23:51.721014
2025-08-14,40374,2025081404007061,LEC,Secured Securities Ltd.,Dipshikha Dhitopatra Karobar Co. Pvt Ltd.,100,235.0,23500.0,2025-08-14 13:23:51.721404
2025-08-14,40373,2025081404007062,LEC,Secured Securities Ltd.,Dipshikha Dhitopatra Karobar Co. Pvt Ltd.,15,235.0,3525.0,2025-08-14 13:23:51.721738
2025-08-14,40372,2025081404007063,LEC,Secured Securities Ltd.,Sani Securities Company Ltd.,579,235.0,136065.0,2025-08-14 13:23:51.722075
2025-08-14,40175,2025081404007094,LEC,Sani Securities Company Ltd.,Sani Securities Company Ltd.,161,235.0,37835.0,2025-08-14 13:24:30.937870
2025-08-14,40174,2025081404007095,LEC,Sani Securities Company Ltd.,Nepal Investment And Securities Trading Private Limited,100,235.0,23500.0,2025-08-14 13:24:30.938128
2025-08-14,40173,2025081404007096,LEC,Sani Securities Company Ltd.,Bhrikuti Stock Broking Co. Pvt. Ltd.,30,235.0,7050.0,2025-08-14 13:24:30.938236
2025-08-14,40086,2025081404007118,LEC,Sani Securities Company Ltd.,Siprabi Securities Pvt. Ltd.,1050,235.0,246750.0,2025-08-14 13:24:46.262770
2025-08-14,40035,2025081404007127,LEC,Secured Securities Ltd.,South Asian Bulls Pvt. Ltd.,50,235.4,11770.0,2025-08-14 13:24:59.870243
2025-08-14,40034,2025081404007128,LEC,Secured Securities Ltd.,Sundhara Securities Limited,25,235.4,5885.0,2025-08-14 13:24:59.870520
2025-08-14,40033,2025081404007129,LEC,Secured Securities Ltd.,Thrive Brokerage House Pvt. Ltd,1000,235.4,235400.0,2025-08-14 13:24:59.870629
2025-08-14,40032,2025081404007130,LEC,Secured Securities Ltd.,Aryatara Investment & Securities,725,235.5,170737.5,2025-08-14 13:24:59.870740
2025-08-14,39494,2025081404007270,LEC,J.F. Securites (PVT) Ltd.,Agrawal Securities (PVT) Ltd.,500,235.2,117600.0,2025-08-14 13:26:59.632118
2025-08-14,39469,2025081404007275,LEC,Dynamic Money Managers Securities Pvt. Ltd.,J.F. Securites (PVT) Ltd.,100,235.1,23510.0,2025-08-14 13:27:06.630688
2025-08-14,39331,2025081404007312,LEC,Oxford Securities Pvt. Ltd.,Aryatara Investment & Securities,275,235.5,64762.5,2025-08-14 13:27:44.911887
2025-08-14,39330,2025081404007313,LEC,Oxford Securities Pvt. Ltd.,Online Securities Pvt. Ltd.,125,235.5,29437.5,2025-08-14 13:27:44.912186
2025-08-14,39319,2025081404007314,LEC,Dynamic Money Managers Securities Pvt. Ltd.,Aryatara Investment & Securities,200,235.1,47020.0,2025-08-14 13:27:47.152835
2025-08-14,39132,2025081404007350,LEC,Secured Securities Ltd.,Imperial Securities Company Pvt. Ltd.,12,235.2,2822.4,2025-08-14 13:28:38.371868
2025-08-14,38955,2025081404007378,LEC,Naasa Securities Co. Ltd.,Online Securities Pvt. Ltd.,175,235.5,41212.5,2025-08-14 13:29:29.988961
2025-08-14,38954,2025081404007379,LEC,Naasa Securities Co. Ltd.,Sweta Securities Private Limited,10,235.5,2355.0,2025-08-14 13:29:29.989051
2025-08-14,38953,2025081404007380,LEC,Naasa Securities Co. Ltd.,Imperial Securities Company Pvt. Ltd.,50,235.8,11790.0,2025-08-14 13:29:29.989128
2025-08-14,38952,2025081404007381,LEC,Naasa Securities Co. Ltd.,Sani Securities Company Ltd.,15,236.0,3540.0,2025-08-14 13:29:29.989202
2025-08-14,38811,2025081404007416,LEC,Secured Securities Ltd.,Siprabi Securities Pvt. Ltd.,195,235.2,45864.0,2025-08-14 13:30:06.896740
2025-08-14,38783,2025081404007418,LEC,APPLE SECURITIES PRIVATE LIMITED,Sani Securities Company Ltd.,1850,236.0,436600.0,2025-08-14 13:30:15.325877
2025-08-14,38370,2025081404007514,LEC,Sani Securities Company Ltd.,Sani Securities Company Ltd.,635,236.0,149860.0,2025-08-14 13:31:53.612976
2025-08-14,38369,2025081404007515,LEC,Sani Securities Company Ltd.,Online Securities Pvt. Ltd.,24,236.0,5664.0,2025-08-14 13:31:53.613274
2025-08-14,38351,2025081404007523,LEC,Secured Securities Ltd.,Agrawal Securities (PVT) Ltd.,383,235.2,90081.6,2025-08-14 13:31:58.212787
2025-08-14,38350,2025081404007524,LEC,Agrawal Securities (PVT) Ltd.,Agrawal Securities (PVT) Ltd.,400,235.2,94080.0,2025-08-14 13:31:58.213057
2025-08-14,38314,2025081404007530,LEC,Asian Securities Private Ltd.,Online Securities Pvt. Ltd.,200,236.0,47200.0,2025-08-14 13:32:06.921724
2025-08-14,36864,2025081404007850,LEC,Sri Hari Securities Pvt. Ltd.,South Asian Bulls Pvt. Ltd.,25,235.9,5897.5,2025-08-14 13:37:12.997469
2025-08-14,36450,2025081404007937,LEC,Naasa Securities Co. Ltd.,Dynamic Money Managers Securities Pvt. Ltd.,40,235.8,9432.0,2025-08-14 13:38:51.801586
2025-08-14,36449,2025081404007938,LEC,Naasa Securities Co. Ltd.,South Asian Bulls Pvt. Ltd.,25,235.9,5897.5,2025-08-14 13:38:51.801686
2025-08-14,36448,2025081404007939,LEC,Naasa Securities Co. Ltd.,Neev Securities Pvt. Ltd.,500,235.9,117950.0,2025-08-14 13:38:51.801778
2025-08-14,36447,2025081404007940,LEC,Naasa Securities Co. Ltd.,Online Securities Pvt. Ltd.,76,236.0,17936.0,2025-08-14 13:38:51.801856
2025-08-14,36446,2025081404007941,LEC,Naasa Securities Co. Ltd.,Dipshikha Dhitopatra Karobar Co. Pvt Ltd.,30,236.0,7080.0,2025-08-14 13:38:51.801934
2025-08-14,36445,2025081404007942,LEC,Naasa Securities Co. Ltd.,Naasa Securities Co. Ltd.,30,236.0,7080.0,2025-08-14 13:38:51.802009
2025-08-14,36444,2025081404007943,LEC,Naasa Securities Co. Ltd.,Agrawal Securities (PVT) Ltd.,1002,236.0,236472.0,2025-08-14 13:38:51.802110
2025-08-14,36443,2025081404007944,LEC,Naasa Securities Co. Ltd.,Nagarik Stock Dealer ,40,236.4,9456.0,2025-08-14 13:38:51.802185
2025-08-14,36442,2025081404007945,LEC,Naasa Securities Co. Ltd.,Aryatara Investment & Securities,100,236.4,23640.0,2025-08-14 13:38:51.802270
2025-08-14,36441,2025081404007946,LEC,Naasa Securities Co. Ltd.,Siprabi Securities Pvt. Ltd.,1965,236.4,464526.0,2025-08-14 13:38:51.802350
2025-08-14,36440,2025081404007947,LEC,Naasa Securities Co. Ltd.,Nepal Stock House (PVT) Ltd.,30,236.5,7095.0,2025-08-14 13:38:51.802437
2025-08-14,36439,2025081404007948,LEC,Naasa Securities Co. Ltd.,Pragyan Securities (PVT) Ltd.,162,236.9,38377.8,2025-08-14 13:38:51.802513
2025-08-14,36338,2025081404007967,LEC,Naasa Securities Co. Ltd.,Naasa Securities Co. Ltd.,10,237.0,2370.0,2025-08-14 13:39:23.096812
2025-08-14,36018,2025081404008046,LEC,Shree Krishna Securities Ltd.,South Asian Bulls Pvt. Ltd.,50,236.8,11840.0,2025-08-14 13:40:35.659974
2025-08-14,36017,2025081404008047,LEC,Shree Krishna Securities Ltd.,Thrive Brokerage House Pvt. Ltd,950,236.9,225055.0,2025-08-14 13:40:35.660552
2025-08-14,35883,2025081404008081,LEC,Sundhara Securities Limited,Capital Max Securities Ltd,100,236.0,23600.0,2025-08-14 13:41:07.554173
2025-08-14,35882,2025081404008082,LEC,Sweta Securities Private Limited,Capital Max Securities Ltd,200,236.0,47200.0,2025-08-14 13:41:07.554448
2025-08-14,35881,2025081404008083,LEC,Naasa Securities Co. Ltd.,Capital Max Securities Ltd,700,235.9,165130.0,2025-08-14 13:41:07.554557
2025-08-14,35852,2025081404008089,LEC,Sani Securities Company Ltd.,Thrive Brokerage House Pvt. Ltd,50,236.9,11845.0,2025-08-14 13:41:15.463375
2025-08-14,35818,2025081404008097,LEC,Sani Securities Company Ltd.,Naasa Securities Co. Ltd.,50,236.9,11845.0,2025-08-14 13:41:26.042562
2025-08-14,35807,2025081404008098,LEC,Naasa Securities Co. Ltd.,INDEX SECURITIES LIMITED,11,235.9,2594.9,2025-08-14 13:41:36.682694
2025-08-14,35624,2025081404008138,LEC,Naasa Securities Co. Ltd.,Ashutosh Brokerage & Securities (PVT) Ltd.,4000,235.9,943600.0,2025-08-14 13:42:16.340120
2025-08-14,35551,2025081404008156,LEC,Naasa Securities Co. Ltd.,INDEX SECURITIES LIMITED,10,236.9,2369.0,2025-08-14 13:42:33.625392
2025-08-14,35348,2025081404008232,LEC,Sani Securities Company Ltd.,ABC Securities Private Limited,50,236.9,11845.0,2025-08-14 13:43:18.696657
2025-08-14,35347,2025081404008233,LEC,Sani Securities Company Ltd.,Nagarik Stock Dealer ,50,236.9,11845.0,2025-08-14 13:43:18.696937
2025-08-14,35346,2025081404008234,LEC,Sani Securities Company Ltd.,Imperial Securities Company Pvt. Ltd.,100,236.9,23690.0,2025-08-14 13:43:18.697050
2025-08-14,35345,2025081404008235,LEC,Sani Securities Company Ltd.,Naasa Securities Co. Ltd.,700,237.0,165900.0,2025-08-14 13:43:18.697158
2025-08-14,35179,2025081404008275,LEC,Naasa Securities Co. Ltd.,Naasa Securities Co. Ltd.,100,237.0,23700.0,2025-08-14 13:43:42.177423
2025-08-14,34806,2025081404008387,LEC,Agrawal Securities (PVT) Ltd.,Vision Securities Pvt. Ltd,100,235.9,23590.0,2025-08-14 13:44:46.687763
2025-08-14,34747,2025081404008394,LEC,Aryatara Investment & Securities,Dipshikha Dhitopatra Karobar Co. Pvt Ltd.,85,235.2,19992.0,2025-08-14 13:44:54.142365
2025-08-14,34746,2025081404008395,LEC,Oxford Securities Pvt. Ltd.,Dipshikha Dhitopatra Karobar Co. Pvt Ltd.,115,235.2,27048.0,2025-08-14 13:44:54.142622
2025-08-14,34601,2025081404008420,LEC,Oxford Securities Pvt. Ltd.,Sumeru Securities Pvt. Ltd.,85,235.2,19992.0,2025-08-14 13:45:18.090742
2025-08-14,34600,2025081404008421,LEC,Dynamic Money Managers Securities Pvt. Ltd.,Sumeru Securities Pvt. Ltd.,1700,235.1,399670.0,2025-08-14 13:45:18.091245
2025-08-14,34599,2025081404008422,LEC,Arun Securities (PVT) Ltd.,Sumeru Securities Pvt. Ltd.,300,235.1,70530.0,2025-08-14 13:45:18.091697
2025-08-14,34598,2025081404008423,LEC,Naasa Securities Co. Ltd.,Sumeru Securities Pvt. Ltd.,2845,235.0,668575.0,2025-08-14 13:45:18.092014
2025-08-14,34541,2025081404008445,LEC,Naasa Securities Co. Ltd.,Sumeru Securities Pvt. Ltd.,2000,235.0,470000.0,2025-08-14 13:45:28.918612
2025-08-14,34469,2025081404008460,LEC,Naasa Securities Co. Ltd.,Naasa Securities Co. Ltd.,1000,235.0,235000.0,2025-08-14 13:45:40.897452
2025-08-14,34310,2025081404008483,LEC,Naasa Securities Co. Ltd.,Dipshikha Dhitopatra Karobar Co. Pvt Ltd.,100,236.0,23600.0,2025-08-14 13:46:03.447694
2025-08-14,34309,2025081404008484,LEC,Naasa Securities Co. Ltd.,Trishakti Securities Public Limited,10,236.9,2369.0,2025-08-14 13:46:03.447788
2025-08-14,33929,2025081404008557,LEC,Naasa Securities Co. Ltd.,Himalayan Securities Limited,20,235.0,4700.0,2025-08-14 13:47:09.152275
2025-08-14,33928,2025081404008558,LEC,Kohinoor Investment & Securities Pvt. Ltd.,Himalayan Securities Limited,55,234.0,12870.0,2025-08-14 13:47:09.152672
2025-08-14,33927,2025081404008559,LEC,South Asian Bulls Pvt. Ltd.,Himalayan Securities Limited,100,234.0,23400.0,2025-08-14 13:47:09.152792
2025-08-14,33926,2025081404008560,LEC,Naasa Securities Co. Ltd.,Himalayan Securities Limited,30825,234.0,7213050.0,2025-08-14 13:47:09.152907
2025-08-14,33767,2025081404008586,LEC,Naasa Securities Co. Ltd.,Sri Hari Securities Pvt. Ltd.,10,236.8,2368.0,2025-08-14 13:47:40.252480
2025-08-14,33560,2025081404008623,LEC,Capital Max Securities Ltd,Online Securities Pvt. Ltd.,200,236.0,47200.0,2025-08-14 13:48:13.435226
2025-08-14,33517,2025081404008628,LEC,Naasa Securities Co. Ltd.,Sumeru Securities Pvt. Ltd.,10,234.0,2340.0,2025-08-14 13:48:20.970391
2025-08-14,33494,2025081404008636,LEC,Naasa Securities Co. Ltd.,Ashutosh Brokerage & Securities (PVT) Ltd.,10,236.7,2367.0,2025-08-14 13:48:27.649682
2025-08-14,33493,2025081404008637,LEC,Naasa Securities Co. Ltd.,Sri Hari Securities Pvt. Ltd.,10,236.8,2368.0,2025-08-14 13:48:27.649726
2025-08-14,33211,2025081404008695,LEC,Capital Max Securities Ltd,Imperial Securities Company Pvt. Ltd.,60,236.0,14160.0,2025-08-14 13:49:22.755290
2025-08-14,33154,2025081404008700,LEC,Naasa Securities Co. Ltd.,Thrive Brokerage House Pvt. Ltd,2000,234.0,468000.0,2025-08-14 13:49:30.593835
2025-08-14,32831,2025081404008762,LEC,Capital Max Securities Ltd,Sewa Securities Pvt. Ltd.,500,236.0,118000.0,2025-08-14 13:50:19.038989
2025-08-14,32265,2025081404008928,LEC,Capital Max Securities Ltd,Dipshikha Dhitopatra Karobar Co. Pvt Ltd.,200,234.0,46800.0,2025-08-14 13:51:46.353270
2025-08-14,31723,2025081404009054,LEC,Trishakti Securities Public Limited,Secured Securities Ltd.,50,233.4,11670.0,2025-08-14 13:53:07.507426
2025-08-14,31645,2025081404009080,LEC,BHOLE GANESH SECURITIES LTD,Dipshikha Dhitopatra Karobar Co. Pvt Ltd.,100,234.0,23400.0,2025-08-14 13:53:20.789092
2025-08-14,31557,2025081404009110,LEC,Capital Max Securities Ltd,Dipshikha Dhitopatra Karobar Co. Pvt Ltd.,289,234.0,67626.0,2025-08-14 13:53:34.817366
2025-08-14,31322,2025081404009144,LEC,Trishakti Securities Public Limited,Siprabi Securities Pvt. Ltd.,35,233.4,8169.0,2025-08-14 13:54:11.048932
2025-08-14,30650,2025081404009276,LEC,Trishakti Securities Public Limited,Dipshikha Dhitopatra Karobar Co. Pvt Ltd.,415,233.4,96861.0,2025-08-14 13:55:53.005634
2025-08-14,30649,2025081404009277,LEC,Naasa Securities Co. Ltd.,Dipshikha Dhitopatra Karobar Co. Pvt Ltd.,85,233.4,19839.0,2025-08-14 13:55:53.005909
2025-08-14,30253,2025081404009404,LEC,Naasa Securities Co. Ltd.,Sani Securities Company Ltd.,10,233.4,2334.0,2025-08-14 13:57:08.575568
2025-08-14,30191,2025081404009423,LEC,Naasa Securities Co. Ltd.,Trisul Securities & Invt. Ltd.,328,233.4,76555.2,2025-08-14 13:57:24.091692
2025-08-14,30190,2025081404009424,LEC,Naasa Securities Co. Ltd.,Trisul Securities & Invt. Ltd.,1672,233.3,390077.6,2025-08-14 13:57:24.091811
2025-08-14,30164,2025081404009438,LEC,Naasa Securities Co. Ltd.,Naasa Securities Co. Ltd.,600,233.3,139980.0,2025-08-14 13:57:29.859460
2025-08-14,29988,2025081404009480,LEC,Naasa Securities Co. Ltd.,Thrive Brokerage House Pvt. Ltd,728,233.3,169842.4,2025-08-14 13:58:09.220054
2025-08-14,29987,2025081404009481,LEC,Naasa Securities Co. Ltd.,Thrive Brokerage House Pvt. Ltd,1000,233.3,233300.0,2025-08-14 13:58:09.220811
2025-08-14,29986,2025081404009482,LEC,Nepal Stock House (PVT) Ltd.,Thrive Brokerage House Pvt. Ltd,272,233.1,63403.2,2025-08-14 13:58:09.221309
2025-08-14,29926,2025081404009505,LEC,Himalayan Brokerage Company Limited,Naasa Securities Co. Ltd.,1000,233.6,233600.0,2025-08-14 13:58:24.358041
2025-08-14,29868,2025081404009511,LEC,Nepal Stock House (PVT) Ltd.,Aryatara Investment & Securities,653,233.1,152214.3,2025-08-14 13:58:47.907268
2025-08-14,29867,2025081404009512,LEC,Sumeru Securities Pvt. Ltd.,Aryatara Investment & Securities,300,233.0,69900.0,2025-08-14 13:58:47.907617
2025-08-14,29866,2025081404009513,LEC,Trisul Securities & Invt. Ltd.,Aryatara Investment & Securities,47,233.0,10951.0,2025-08-14 13:58:47.907744
2025-08-14,29386,2025081404009610,LEC,Trisul Securities & Invt. Ltd.,J.F. Securites (PVT) Ltd.,100,233.0,23300.0,2025-08-14 14:00:23.125032
2025-08-14,29117,2025081404009647,LEC,Trisul Securities & Invt. Ltd.,Kohinoor Investment & Securities Pvt. Ltd.,97,233.0,22601.0,2025-08-14 14:01:14.146439
2025-08-14,29116,2025081404009648,LEC,Naasa Securities Co. Ltd.,Kohinoor Investment & Securities Pvt. Ltd.,10,233.0,2330.0,2025-08-14 14:01:14.146981
2025-08-14,29115,2025081404009649,LEC,Siprabi Securities Pvt. Ltd.,Kohinoor Investment & Securities Pvt. Ltd.,50,233.0,11650.0,2025-08-14 14:01:14.147333
2025-08-14,29114,2025081404009650,LEC,Sweta Securities Private Limited,Kohinoor Investment & Securities Pvt. Ltd.,343,233.0,79919.0,2025-08-14 14:01:14.147674
2025-08-14,28794,2025081404009720,LEC,Naasa Securities Co. Ltd.,Aryatara Investment & Securities,50,233.9,11695.0,2025-08-14 14:02:41.040298
2025-08-14,28793,2025081404009721,LEC,Naasa Securities Co. Ltd.,Dipshikha Dhitopatra Karobar Co. Pvt Ltd.,10,234.0,2340.0,2025-08-14 14:02:41.040354
2025-08-14,28579,2025081404009752,LEC,Himalayan Brokerage Company Limited,Dipshikha Dhitopatra Karobar Co. Pvt Ltd.,43,234.0,10062.0,2025-08-14 14:03:38.510430
2025-08-14,28562,2025081404009753,LEC,Creative Securities Pvt Ltd,Dipshikha Dhitopatra Karobar Co. Pvt Ltd.,358,234.0,83772.0,2025-08-14 14:03:41.815063
2025-08-14,28561,2025081404009754,LEC,Creative Securities Pvt Ltd,Dipshikha Dhitopatra Karobar Co. Pvt Ltd.,92,234.0,21528.0,2025-08-14 14:03:41.815627
2025-08-14,27879,2025081404009897,LEC,Sweta Securities Private Limited,Deevyaa Securities & Stock House Pvt. Ltd,107,233.0,24931.0,2025-08-14 14:06:17.537981
2025-08-14,27878,2025081404009898,LEC,Vision Securities Pvt. Ltd,Deevyaa Securities & Stock House Pvt. Ltd,10,233.0,2330.0,2025-08-14 14:06:17.538268
2025-08-14,27877,2025081404009899,LEC,Dipshikha Dhitopatra Karobar Co. Pvt Ltd.,Deevyaa Securities & Stock House Pvt. Ltd,100,233.0,23300.0,2025-08-14 14:06:17.538391
2025-08-14,27876,2025081404009900,LEC,Online Securities Pvt. Ltd.,Deevyaa Securities & Stock House Pvt. Ltd,783,232.7,182204.1,2025-08-14 14:06:17.538511
2025-08-14,27841,2025081404009915,LEC,Online Securities Pvt. Ltd.,Deevyaa Securities & Stock House Pvt. Ltd,1000,232.7,232700.0,2025-08-14 14:06:24.570716
2025-08-14,27829,2025081404009920,LEC,Online Securities Pvt. Ltd.,Deevyaa Securities & Stock House Pvt. Ltd,217,232.7,50495.9,2025-08-14 14:06:30.596135
2025-08-14,27828,2025081404009921,LEC,Shree Krishna Securities Ltd.,Deevyaa Securities & Stock House Pvt. Ltd,783,232.6,182125.8,2025-08-14 14:06:30.596530
2025-08-14,27714,2025081404009940,LEC,Shree Krishna Securities Ltd.,Nepal Investment And Securities Trading Private Limited,100,232.6,23260.0,2025-08-14 14:06:56.137244
2025-08-14,27667,2025081404009954,LEC,Naasa Securities Co. Ltd.,Dipshikha Dhitopatra Karobar Co. Pvt Ltd.,148,234.0,34632.0,2025-08-14 14:07:05.521851
2025-08-14,27666,2025081404009955,LEC,Naasa Securities Co. Ltd.,Citizens Share Broker Limited,50,234.0,11700.0,2025-08-14 14:07:05.521943
2025-08-14,27665,2025081404009956,LEC,Naasa Securities Co. Ltd.,Thrive Brokerage House Pvt. Ltd,12,234.8,2817.6,2025-08-14 14:07:05.521974
2025-08-14,27226,2025081404010091,LEC,South Asian Bulls Pvt. Ltd.,Sweta Securities Private Limited,250,234.5,58625.0,2025-08-14 14:08:48.411247
2025-08-14,27198,2025081404010099,LEC,Shree Krishna Securities Ltd.,Sumeru Securities Pvt. Ltd.,117,232.9,27249.3,2025-08-14 14:08:56.673104
2025-08-14,27197,2025081404010100,LEC,Naasa Securities Co. Ltd.,Sumeru Securities Pvt. Ltd.,483,232.9,112490.7,2025-08-14 14:08:56.673638
2025-08-14,26783,2025081404010212,LEC,Naasa Securities Co. Ltd.,Thrive Brokerage House Pvt. Ltd,10,234.8,2348.0,2025-08-14 14:10:23.591657
2025-08-14,25994,2025081404010359,LEC,Aryatara Investment & Securities,Vision Securities Pvt. Ltd,35,233.1,8158.5,2025-08-14 14:12:52.587882
2025-08-14,25993,2025081404010360,LEC,Vision Securities Pvt. Ltd,Vision Securities Pvt. Ltd,100,233.0,23300.0,2025-08-14 14:12:52.587987
2025-08-14,25992,2025081404010361,LEC,Deevyaa Securities & Stock House Pvt. Ltd,Vision Securities Pvt. Ltd,65,233.0,15145.0,2025-08-14 14:12:52.588065
2025-08-14,25785,2025081404010419,LEC,Deevyaa Securities & Stock House Pvt. Ltd,Naasa Securities Co. Ltd.,935,233.0,217855.0,2025-08-14 14:13:26.652238
2025-08-14,25784,2025081404010420,LEC,Magnet Securities and Investment Company Private Limited,Naasa Securities Co. Ltd.,1000,233.0,233000.0,2025-08-14 14:13:26.652569
2025-08-14,25783,2025081404010421,LEC,Midas Stock Broking Company Private Limited,Naasa Securities Co. Ltd.,65,233.0,15145.0,2025-08-14 14:13:26.652690
2025-08-14,25702,2025081404010440,LEC,Midas Stock Broking Company Private Limited,Sundhara Securities Limited,135,233.0,31455.0,2025-08-14 14:13:46.858825
2025-08-14,25701,2025081404010441,LEC,Naasa Securities Co. Ltd.,Sundhara Securities Limited,365,233.0,85045.0,2025-08-14 14:13:46.859112
2025-08-14,25625,2025081404010459,LEC,Naasa Securities Co. Ltd.,Sweta Securities Private Limited,35,233.0,8155.0,2025-08-14 14:14:00.477450
2025-08-14,25624,2025081404010460,LEC,Kohinoor Investment & Securities Pvt. Ltd.,Sweta Securities Private Limited,465,233.0,108345.0,2025-08-14 14:14:00.477827
2025-08-14,25451,2025081404010501,LEC,Agrawal Securities (PVT) Ltd.,Sweta Securities Private Limited,200,233.1,46620.0,2025-08-14 14:14:29.624332
2025-08-14,25450,2025081404010502,LEC,Kohinoor Investment & Securities Pvt. Ltd.,Sweta Securities Private Limited,50,233.0,11650.0,2025-08-14 14:14:29.624930
2025-08-14,24998,2025081404010598,LEC,Naasa Securities Co. Ltd.,Trishakti Securities Public Limited,20,234.0,4680.0,2025-08-14 14:15:51.066653
2025-08-14,24997,2025081404010599,LEC,Naasa Securities Co. Ltd.,Thrive Brokerage House Pvt. Ltd,10,234.8,2348.0,2025-08-14 14:15:51.066728
2025-08-14,24688,2025081404010688,LEC,Imperial Securities Company Pvt. Ltd.,Thrive Brokerage House Pvt. Ltd,125,234.8,29350.0,2025-08-14 14:16:54.915102
2025-08-14,23640,2025081404010888,LEC,ABC Securities Private Limited,Aryatara Investment & Securities,405,233.1,94405.5,2025-08-14 14:20:12.890296
2025-08-14,23639,2025081404010889,LEC,Kohinoor Investment & Securities Pvt. Ltd.,Aryatara Investment & Securities,485,233.0,113005.0,2025-08-14 14:20:12.890602
2025-08-14,23638,2025081404010890,LEC,Kohinoor Investment & Securities Pvt. Ltd.,Aryatara Investment & Securities,75,233.0,17475.0,2025-08-14 14:20:12.890735
2025-08-14,23637,2025081404010891,LEC,Sri Hari Securities Pvt. Ltd.,Aryatara Investment & Securities,240,233.0,55920.0,2025-08-14 14:20:12.890879
2025-08-14,23636,2025081404010892,LEC,Sani Securities Company Ltd.,Aryatara Investment & Securities,195,233.0,45435.0,2025-08-14 14:20:12.890996
2025-08-14,23548,2025081404010910,LEC,Sani Securities Company Ltd.,Nabil Stock Dealer Ltd.,230,233.0,53590.0,2025-08-14 14:20:32.712447
2025-08-14,23547,2025081404010911,LEC,Cristal Kanchanjanga Securites Pvt. Ltd.,Nabil Stock Dealer Ltd.,500,232.8,116400.0,2025-08-14 14:20:32.712493
2025-08-14,23546,2025081404010912,LEC,Naasa Securities Co. Ltd.,Nabil Stock Dealer Ltd.,270,232.8,62856.0,2025-08-14 14:20:32.712519
2025-08-14,23504,2025081404010917,LEC,Naasa Securities Co. Ltd.,Asian Securities Private Ltd.,10,234.0,2340.0,2025-08-14 14:20:44.951106
2025-08-14,23139,2025081404010988,LEC,J.F. Securites (PVT) Ltd.,Naasa Securities Co. Ltd.,500,233.0,116500.0,2025-08-14 14:22:03.597224
2025-08-14,23077,2025081404010996,LEC,J.F. Securites (PVT) Ltd.,Linch Stock Market Ltd.,12,233.0,2796.0,2025-08-14 14:22:17.510293
2025-08-14,23055,2025081404011010,LEC,J.F. Securites (PVT) Ltd.,Bhrikuti Stock Broking Co. Pvt. Ltd.,88,233.0,20504.0,2025-08-14 14:22:20.627816
2025-08-14,23054,2025081404011011,LEC,J.F. Securites (PVT) Ltd.,Bhrikuti Stock Broking Co. Pvt. Ltd.,412,233.0,95996.0,2025-08-14 14:22:20.628130
2025-08-14,22681,2025081404011139,LEC,Naasa Securities Co. Ltd.,Asian Securities Private Ltd.,10,234.0,2340.0,2025-08-14 14:23:29.435236
2025-08-14,22673,2025081404011144,LEC,J.F. Securites (PVT) Ltd.,Dynamic Money Managers Securities Pvt. Ltd.,88,233.0,20504.0,2025-08-14 14:23:31.386647
2025-08-14,22672,2025081404011145,LEC,Vision Securities Pvt. Ltd,Dynamic Money Managers Securities Pvt. Ltd.,18,233.0,4194.0,2025-08-14 14:23:31.387213
2025-08-14,22469,2025081404011201,LEC,J.F. Securites (PVT) Ltd.,Naasa Securities Co. Ltd.,500,232.9,116450.0,2025-08-14 14:24:01.842130
2025-08-14,22468,2025081404011202,LEC,Naasa Securities Co. Ltd.,Naasa Securities Co. Ltd.,160,232.8,37248.0,2025-08-14 14:24:01.842426
2025-08-14,22467,2025081404011203,LEC,Ashutosh Brokerage & Securities (PVT) Ltd.,Naasa Securities Co. Ltd.,2000,232.7,465400.0,2025-08-14 14:24:01.842564
2025-08-14,22466,2025081404011204,LEC,Ashutosh Brokerage & Securities (PVT) Ltd.,Naasa Securities Co. Ltd.,510,232.7,118677.0,2025-08-14 14:24:01.842689
2025-08-14,22465,2025081404011205,LEC,Kumari Securities Private Limited,Naasa Securities Co. Ltd.,500,232.7,116350.0,2025-08-14 14:24:01.842812
2025-08-14,22464,2025081404011206,LEC,Ashutosh Brokerage & Securities (PVT) Ltd.,Naasa Securities Co. Ltd.,2000,232.6,465200.0,2025-08-14 14:24:01.842942
2025-08-14,22463,2025081404011207,LEC,Nagarik Stock Dealer ,Naasa Securities Co. Ltd.,330,232.6,76758.0,2025-08-14 14:24:01.843066
2025-08-14,21708,2025081404011366,LEC,Nagarik Stock Dealer ,Nepal Stock House (PVT) Ltd.,50,232.6,11630.0,2025-08-14 14:26:19.973832
2025-08-14,21460,2025081404011429,LEC,Nagarik Stock Dealer ,Kumari Securities Private Limited,150,232.6,34890.0,2025-08-14 14:27:13.660078
2025-08-14,20832,2025081404011579,LEC,Sumeru Securities Pvt. Ltd.,Imperial Securities Company Pvt. Ltd.,10,232.7,2327.0,2025-08-14 14:28:57.670399
2025-08-14,20831,2025081404011580,LEC,Nagarik Stock Dealer ,Imperial Securities Company Pvt. Ltd.,120,232.6,27912.0,2025-08-14 14:28:57.670961
2025-08-14,20830,2025081404011581,LEC,South Asian Bulls Pvt. Ltd.,Imperial Securities Company Pvt. Ltd.,20,232.5,4650.0,2025-08-14 14:28:57.671337
2025-08-14,20594,2025081404011669,LEC,South Asian Bulls Pvt. Ltd.,Nepal Stock House (PVT) Ltd.,90,232.5,20925.0,2025-08-14 14:29:32.113369
2025-08-14,20569,2025081404011674,LEC,South Asian Bulls Pvt. Ltd.,Sri Hari Securities Pvt. Ltd.,180,232.5,41850.0,2025-08-14 14:29:37.457464
2025-08-14,20389,2025081404011718,LEC,South Asian Bulls Pvt. Ltd.,Agrawal Securities (PVT) Ltd.,10,232.5,2325.0,2025-08-14 14:30:09.243676
2025-08-14,20388,2025081404011719,LEC,Online Securities Pvt. Ltd.,Agrawal Securities (PVT) Ltd.,490,232.5,113925.0,2025-08-14 14:30:09.244249
2025-08-14,20304,2025081404011749,LEC,Online Securities Pvt. Ltd.,Trishakti Securities Public Limited,500,232.5,116250.0,2025-08-14 14:30:23.954584
2025-08-14,20239,2025081404011760,LEC,Online Securities Pvt. Ltd.,Trishakti Securities Public Limited,10,232.5,2325.0,2025-08-14 14:30:37.016072
2025-08-14,20208,2025081404011767,LEC,Deevyaa Securities & Stock House Pvt. Ltd,Citizens Share Broker Limited,20,232.3,4646.0,2025-08-14 14:30:41.651524
2025-08-14,20207,2025081404011768,LEC,Naasa Securities Co. Ltd.,Citizens Share Broker Limited,200,232.3,46460.0,2025-08-14 14:30:41.651812
2025-08-14,20206,2025081404011769,LEC,Naasa Securities Co. Ltd.,Citizens Share Broker Limited,1280,232.3,297344.0,2025-08-14 14:30:41.651941
2025-08-14,20164,2025081404011782,LEC,Naasa Securities Co. Ltd.,Asian Securities Private Ltd.,415,232.3,96404.5,2025-08-14 14:30:52.366422
2025-08-14,20136,2025081404011795,LEC,Naasa Securities Co. Ltd.,Aryatara Investment & Securities,105,232.3,24391.5,2025-08-14 14:30:57.791525
2025-08-14,20135,2025081404011796,LEC,Sumeru Securities Pvt. Ltd.,Aryatara Investment & Securities,395,232.2,91719.0,2025-08-14 14:30:57.791580
2025-08-14,19735,2025081404011875,LEC,Midas Stock Broking Company Private Limited,Trishakti Securities Public Limited,990,232.5,230175.0,2025-08-14 14:32:07.669290
2025-08-14,19734,2025081404011876,LEC,Midas Stock Broking Company Private Limited,Vision Securities Pvt. Ltd,10,232.5,2325.0,2025-08-14 14:32:07.669879
2025-08-14,19115,2025081404012045,LEC,Naasa Securities Co. Ltd.,Naasa Securities Co. Ltd.,30,232.4,6972.0,2025-08-14 14:33:49.869038
2025-08-14,19000,2025081404012067,LEC,Sumeru Securities Pvt. Ltd.,Thrive Brokerage House Pvt. Ltd,405,232.2,94041.0,2025-08-14 14:34:06.837408
2025-08-14,18999,2025081404012068,LEC,Thrive Brokerage House Pvt. Ltd,Thrive Brokerage House Pvt. Ltd,1000,232.1,232100.0,2025-08-14 14:34:06.837997
2025-08-14,18998,2025081404012069,LEC,Sri Hari Securities Pvt. Ltd.,Thrive Brokerage House Pvt. Ltd,100,232.1,23210.0,2025-08-14 14:34:06.838360
2025-08-14,18997,2025081404012070,LEC,Dipshikha Dhitopatra Karobar Co. Pvt Ltd.,Thrive Brokerage House Pvt. Ltd,200,232.1,46420.0,2025-08-14 14:34:06.838731
2025-08-14,18996,2025081404012071,LEC,Sani Securities Company Ltd.,Thrive Brokerage House Pvt. Ltd,138,232.0,32016.0,2025-08-14 14:34:06.839089
2025-08-14,18667,2025081404012155,LEC,Naasa Securities Co. Ltd.,Vision Securities Pvt. Ltd,13,232.5,3022.5,2025-08-14 14:34:54.785558
2025-08-14,18634,2025081404012163,LEC,Sani Securities Company Ltd.,J.F. Securites (PVT) Ltd.,100,232.0,23200.0,2025-08-14 14:34:58.083805
2025-08-14,18623,2025081404012166,LEC,Sani Securities Company Ltd.,Capital Max Securities Ltd,500,232.0,116000.0,2025-08-14 14:34:59.066108
2025-08-14,18395,2025081404012201,LEC,Sani Securities Company Ltd.,Himalayan Brokerage Company Limited,300,232.0,69600.0,2025-08-14 14:35:37.248772
2025-08-14,18309,2025081404012232,LEC,Sani Securities Company Ltd.,Nepal Stock House (PVT) Ltd.,30,232.0,6960.0,2025-08-14 14:35:48.248792
2025-08-14,18044,2025081404012315,LEC,Sani Securities Company Ltd.,Investment Management Nepal Pvt. Ltd.,278,232.0,64496.0,2025-08-14 14:36:24.980978
2025-08-14,17923,2025081404012343,LEC,Midas Stock Broking Company Private Limited,Vision Securities Pvt. Ltd,300,232.5,69750.0,2025-08-14 14:36:47.233686
2025-08-14,17922,2025081404012344,LEC,Naasa Securities Co. Ltd.,Vision Securities Pvt. Ltd,1677,232.5,389902.5,2025-08-14 14:36:47.536866
2025-08-14,17355,2025081404012444,LEC,Sanima Securities Limited,Dynamic Money Managers Securities Pvt. Ltd.,50,233.0,11650.0,2025-08-14 14:38:19.071979
2025-08-14,16813,2025081404012556,LEC,Naasa Securities Co. Ltd.,Dynamic Money Managers Securities Pvt. Ltd.,100,233.0,23300.0,2025-08-14 14:39:43.513444
2025-08-14,16605,2025081404012609,LEC,Sani Securities Company Ltd.,Dynamic Money Managers Securities Pvt. Ltd.,370,233.0,86210.0,2025-08-14 14:40:22.181042
2025-08-14,16336,2025081404012666,LEC,Sani Securities Company Ltd.,Dynamic Money Managers Securities Pvt. Ltd.,220,233.0,51260.0,2025-08-14 14:40:59.761725
2025-08-14,16108,2025081404012708,LEC,Online Securities Pvt. Ltd.,Bhrikuti Stock Broking Co. Pvt. Ltd.,5,233.1,1165.5,2025-08-14 14:41:28.652670
2025-08-14,16085,2025081404012714,LEC,Kohinoor Investment & Securities Pvt. Ltd.,Dynamic Money Managers Securities Pvt. Ltd.,11,233.0,2563.0,2025-08-14 14:41:29.877160
2025-08-14,15747,2025081404012792,LEC,South Asian Bulls Pvt. Ltd.,Naasa Securities Co. Ltd.,10,232.7,2327.0,2025-08-14 14:42:10.884608
2025-08-14,15321,2025081404012894,LEC,Asian Securities Private Ltd.,Sumeru Securities Pvt. Ltd.,100,232.8,23280.0,2025-08-14 14:43:06.646817
2025-08-14,15144,2025081404012972,LEC,Naasa Securities Co. Ltd.,Bhrikuti Stock Broking Co. Pvt. Ltd.,1700,232.9,395930.0,2025-08-14 14:43:24.015003
2025-08-14,15143,2025081404012973,LEC,Naasa Securities Co. Ltd.,Dynamic Money Managers Securities Pvt. Ltd.,300,233.0,69900.0,2025-08-14 14:43:24.015054
2025-08-14,14783,2025081404013066,LEC,Asian Securities Private Ltd.,Naasa Securities Co. Ltd.,200,232.8,46560.0,2025-08-14 14:44:16.541338
2025-08-14,14782,2025081404013067,LEC,Naasa Securities Co. Ltd.,Naasa Securities Co. Ltd.,20,232.7,4654.0,2025-08-14 14:44:16.541388
2025-08-14,14781,2025081404013068,LEC,South Asian Bulls Pvt. Ltd.,Naasa Securities Co. Ltd.,50,232.6,11630.0,2025-08-14 14:44:16.541415
2025-08-14,14780,2025081404013069,LEC,Naasa Securities Co. Ltd.,Naasa Securities Co. Ltd.,23,232.5,5347.5,2025-08-14 14:44:16.541440
2025-08-14,14779,2025081404013070,LEC,Agrawal Securities (PVT) Ltd.,Naasa Securities Co. Ltd.,100,232.5,23250.0,2025-08-14 14:44:16.541466
2025-08-14,14778,2025081404013071,LEC,South Asian Bulls Pvt. Ltd.,Naasa Securities Co. Ltd.,50,232.3,11615.0,2025-08-14 14:44:16.541500
2025-08-14,14777,2025081404013072,LEC,Sumeru Securities Pvt. Ltd.,Naasa Securities Co. Ltd.,5000,232.3,1161500.0,2025-08-14 14:44:16.541533
2025-08-14,14776,2025081404013073,LEC,Nepal Stock House (PVT) Ltd.,Naasa Securities Co. Ltd.,500,232.1,116050.0,2025-08-14 14:44:16.541553
2025-08-14,14775,2025081404013074,LEC,Sani Securities Company Ltd.,Naasa Securities Co. Ltd.,1193,232.0,276776.0,2025-08-14 14:44:16.541573
2025-08-14,14774,2025081404013075,LEC,Naasa Securities Co. Ltd.,Naasa Securities Co. Ltd.,15,232.0,3480.0,2025-08-14 14:44:16.541601
2025-08-14,14773,2025081404013076,LEC,Malla & Malla Stock Broking Company Pvt. Limited,Naasa Securities Co. Ltd.,100,232.0,23200.0,2025-08-14 14:44:16.541629
2025-08-14,14772,2025081404013077,LEC,Sumeru Securities Pvt. Ltd.,Naasa Securities Co. Ltd.,100,232.0,23200.0,2025-08-14 14:44:16.541654
2025-08-14,14771,2025081404013078,LEC,Sweta Securities Private Limited,Naasa Securities Co. Ltd.,150,232.0,34800.0,2025-08-14 14:44:16.541681
2025-08-14,14770,2025081404013079,LEC,South Asian Bulls Pvt. Ltd.,Naasa Securities Co. Ltd.,2000,232.0,464000.0,2025-08-14 14:44:16.541709
2025-08-14,14769,2025081404013080,LEC,South Asian Bulls Pvt. Ltd.,Naasa Securities Co. Ltd.,499,232.0,115768.0,2025-08-14 14:44:16.541735
2025-08-14,14683,2025081404013100,LEC,Naasa Securities Co. Ltd.,Dynamic Money Managers Securities Pvt. Ltd.,4843,233.0,1128419.0,2025-08-14 14:44:25.644141
2025-08-14,14682,2025081404013101,LEC,Naasa Securities Co. Ltd.,Aryatara Investment & Securities,10,233.0,2330.0,2025-08-14 14:44:25.644754
2025-08-14,14681,2025081404013102,LEC,Naasa Securities Co. Ltd.,Naasa Securities Co. Ltd.,10,233.0,2330.0,2025-08-14 14:44:25.645124
2025-08-14,14680,2025081404013103,LEC,Naasa Securities Co. Ltd.,Trisul Securities & Invt. Ltd.,25,233.0,5825.0,2025-08-14 14:44:25.645538
2025-08-14,14679,2025081404013104,LEC,Naasa Securities Co. Ltd.,Linch Stock Market Ltd.,3579,233.0,833907.0,2025-08-14 14:44:25.645899
2025-08-14,14678,2025081404013105,LEC,Naasa Securities Co. Ltd.,Naasa Securities Co. Ltd.,50,233.0,11650.0,2025-08-14 14:44:25.646249
2025-08-14,14677,2025081404013106,LEC,Naasa Securities Co. Ltd.,Trishakti Securities Public Limited,1000,233.0,233000.0,2025-08-14 14:44:25.646601
2025-08-14,14473,2025081404013179,LEC,J.F. Securites (PVT) Ltd.,Naasa Securities Co. Ltd.,40,233.0,9320.0,2025-08-14 14:44:49.955491
2025-08-14,14472,2025081404013180,LEC,South Asian Bulls Pvt. Ltd.,Naasa Securities Co. Ltd.,1501,232.0,348232.0,2025-08-14 14:44:49.955536
2025-08-14,14471,2025081404013181,LEC,South Asian Bulls Pvt. Ltd.,Naasa Securities Co. Ltd.,1000,232.0,232000.0,2025-08-14 14:44:49.955565
2025-08-14,14470,2025081404013182,LEC,Oxford Securities Pvt. Ltd.,Naasa Securities Co. Ltd.,1000,232.0,232000.0,2025-08-14 14:44:49.955592
2025-08-14,14469,2025081404013183,LEC,ABC Securities Private Limited,Naasa Securities Co. Ltd.,50,232.0,11600.0,2025-08-14 14:44:49.955629
2025-08-14,14468,2025081404013184,LEC,Aryatara Investment & Securities,Naasa Securities Co. Ltd.,1409,232.0,326888.0,2025-08-14 14:44:49.955652
2025-08-14,14122,2025081404013212,LEC,Naasa Securities Co. Ltd.,Vision Securities Pvt. Ltd,200,234.0,46800.0,2025-08-14 14:45:04.555936
2025-08-14,14121,2025081404013213,LEC,Naasa Securities Co. Ltd.,Online Securities Pvt. Ltd.,30,234.0,7020.0,2025-08-14 14:45:04.555996
2025-08-14,14120,2025081404013214,LEC,Naasa Securities Co. Ltd.,Opal Securities Investment (PVT) Ltd.,380,234.0,88920.0,2025-08-14 14:45:04.556053
2025-08-14,14119,2025081404013215,LEC,Naasa Securities Co. Ltd.,ABC Securities Private Limited,15,234.0,3510.0,2025-08-14 14:45:04.556080
2025-08-14,14118,2025081404013216,LEC,Naasa Securities Co. Ltd.,Midas Stock Broking Company Private Limited,200,234.0,46800.0,2025-08-14 14:45:04.556111
2025-08-14,14117,2025081404013217,LEC,Naasa Securities Co. Ltd.,Naasa Securities Co. Ltd.,470,234.5,110215.0,2025-08-14 14:45:04.556140
2025-08-14,14116,2025081404013218,LEC,Naasa Securities Co. Ltd.,Online Securities Pvt. Ltd.,1000,234.9,234900.0,2025-08-14 14:45:04.556168
2025-08-14,14115,2025081404013219,LEC,Naasa Securities Co. Ltd.,Imperial Securities Company Pvt. Ltd.,15,235.0,3525.0,2025-08-14 14:45:04.556212
2025-08-14,14114,2025081404013220,LEC,Naasa Securities Co. Ltd.,Bhrikuti Stock Broking Co. Pvt. Ltd.,100,235.0,23500.0,2025-08-14 14:45:04.556296
2025-08-14,14113,2025081404013221,LEC,Naasa Securities Co. Ltd.,Vision Securities Pvt. Ltd,1000,235.0,235000.0,2025-08-14 14:45:04.556392
2025-08-14,14112,2025081404013222,LEC,Naasa Securities Co. Ltd.,Kohinoor Investment & Securities Pvt. Ltd.,300,235.0,70500.0,2025-08-14 14:45:04.556461
2025-08-14,14111,2025081404013223,LEC,Naasa Securities Co. Ltd.,Elite Stock House Limited,300,235.0,70500.0,2025-08-14 14:45:04.556533
2025-08-14,14110,2025081404013224,LEC,Naasa Securities Co. Ltd.,Trishakti Securities Public Limited,2000,235.0,470000.0,2025-08-14 14:45:04.556606
2025-08-14,14109,2025081404013225,LEC,Naasa Securities Co. Ltd.,Sewa Securities Pvt. Ltd.,2000,235.0,470000.0,2025-08-14 14:45:04.556670
2025-08-14,14108,2025081404013226,LEC,Naasa Securities Co. Ltd.,Sri Hari Securities Pvt. Ltd.,500,235.9,117950.0,2025-08-14 14:45:04.556749
2025-08-14,14107,2025081404013227,LEC,Naasa Securities Co. Ltd.,ABC Securities Private Limited,50,235.9,11795.0,2025-08-14 14:45:04.556829
2025-08-14,14106,2025081404013228,LEC,Naasa Securities Co. Ltd.,Investment Management Nepal Pvt. Ltd.,1000,235.9,235900.0,2025-08-14 14:45:04.556895
2025-08-14,14105,2025081404013229,LEC,Naasa Securities Co. Ltd.,Deevyaa Securities & Stock House Pvt. Ltd,100,236.0,23600.0,2025-08-14 14:45:04.556973
2025-08-14,14104,2025081404013230,LEC,Naasa Securities Co. Ltd.,Aryatara Investment & Securities,200,236.0,47200.0,2025-08-14 14:45:04.557029
2025-08-14,14103,2025081404013231,LEC,Naasa Securities Co. Ltd.,BHOLE GANESH SECURITIES LTD,140,236.0,33040.0,2025-08-14 14:45:04.557104
2025-08-14,14013,2025081404013258,LEC,Naasa Securities Co. Ltd.,Capital Max Securities Ltd,111,234.4,26018.4,2025-08-14 14:45:14.768382
2025-08-14,14012,2025081404013259,LEC,Naasa Securities Co. Ltd.,BHOLE GANESH SECURITIES LTD,189,236.0,44604.0,2025-08-14 14:45:14.768441
2025-08-14,13493,2025081404013408,LEC,Imperial Securities Company Pvt. Ltd.,Miyo Securities Pvt Ltd,350,234.0,81900.0,2025-08-14 14:46:05.234352
2025-08-14,12926,2025081404013584,LEC,Naasa Securities Co. Ltd.,Linch Stock Market Ltd.,500,234.0,117000.0,2025-08-14 14:47:03.177321
2025-08-14,12925,2025081404013585,LEC,Naasa Securities Co. Ltd.,Bhrikuti Stock Broking Co. Pvt. Ltd.,100,235.7,23570.0,2025-08-14 14:47:03.177407
2025-08-14,12924,2025081404013586,LEC,Naasa Securities Co. Ltd.,INDEX SECURITIES LIMITED,15,235.8,3537.0,2025-08-14 14:47:03.177431
2025-08-14,12923,2025081404013587,LEC,Naasa Securities Co. Ltd.,Vision Securities Pvt. Ltd,100,235.8,23580.0,2025-08-14 14:47:03.177469
2025-08-14,12922,2025081404013588,LEC,Naasa Securities Co. Ltd.,Online Securities Pvt. Ltd.,1000,235.9,235900.0,2025-08-14 14:47:03.177499
2025-08-14,12921,2025081404013589,LEC,Naasa Securities Co. Ltd.,Trisul Securities & Invt. Ltd.,285,235.9,67231.5,2025-08-14 14:47:03.177534
2025-08-14,10372,2025081404014344,LEC,Kumari Securities Private Limited,Asian Securities Private Ltd.,500,234.0,117000.0,2025-08-14 14:50:44.369697
2025-08-14,10282,2025081404014367,LEC,Kohinoor Investment & Securities Pvt. Ltd.,Imperial Securities Company Pvt. Ltd.,950,233.0,221350.0,2025-08-14 14:50:53.478473
2025-08-14,9848,2025081404014476,LEC,Naasa Securities Co. Ltd.,Naasa Securities Co. Ltd.,5,232.0,1160.0,2025-08-14 14:51:33.300559
2025-08-14,8751,2025081404014806,LEC,Midas Stock Broking Company Private Limited,Aryatara Investment & Securities,100,233.2,23320.0,2025-08-14 14:52:56.629908
2025-08-14,6991,2025081404015236,LEC,Naasa Securities Co. Ltd.,NIMB Stock Markets Limited,600,233.3,139980.0,2025-08-14 14:55:00.592856
2025-08-14,6776,2025081404015297,LEC,Naasa Securities Co. Ltd.,Aryatara Investment & Securities,90,234.0,21060.0,2025-08-14 14:55:17.976419
2025-08-14,6775,2025081404015298,LEC,Naasa Securities Co. Ltd.,Aryatara Investment & Securities,100,234.5,23450.0,2025-08-14 14:55:17.976530
2025-08-14,6774,2025081404015299,LEC,Naasa Securities Co. Ltd.,Arun Securities (PVT) Ltd.,10,234.7,2347.0,2025-08-14 14:55:17.976613
2025-08-14,6773,2025081404015300,LEC,Naasa Securities Co. Ltd.,Creative Securities Pvt Ltd,10,234.8,2348.0,2025-08-14 14:55:17.976691
2025-08-14,6196,2025081404015466,LEC,Sani Securities Company Ltd.,Vision Securities Pvt. Ltd,200,233.4,46680.0,2025-08-14 14:55:56.154447
2025-08-14,6195,2025081404015467,LEC,Naasa Securities Co. Ltd.,Vision Securities Pvt. Ltd,250,233.3,58325.0,2025-08-14 14:55:56.154762
2025-08-14,6194,2025081404015468,LEC,Sundhara Securities Limited,Vision Securities Pvt. Ltd,200,233.3,46660.0,2025-08-14 14:55:56.154916
2025-08-14,6193,2025081404015469,LEC,Sumeru Securities Pvt. Ltd.,Vision Securities Pvt. Ltd,350,233.2,81620.0,2025-08-14 14:55:56.155050
2025-08-14,6092,2025081404015507,LEC,Sumeru Securities Pvt. Ltd.,Miyo Securities Pvt Ltd,350,233.2,81620.0,2025-08-14 14:56:04.799023
2025-08-14,6008,2025081404015547,LEC,Naasa Securities Co. Ltd.,N.M.B. SECURITIES LIMITED,50,233.9,11695.0,2025-08-14 14:56:09.783107
2025-08-14,5921,2025081404015565,LEC,Naasa Securities Co. Ltd.,Imperial Securities Company Pvt. Ltd.,150,234.0,35100.0,2025-08-14 14:56:18.897910
2025-08-14,5173,2025081404015739,LEC,Naasa Securities Co. Ltd.,Creative Securities Pvt Ltd,90,234.8,21132.0,2025-08-14 14:56:56.678409
2025-08-14,5172,2025081404015740,LEC,Naasa Securities Co. Ltd.,ABC Securities Private Limited,50,234.9,11745.0,2025-08-14 14:56:56.678465
2025-08-14,5171,2025081404015741,LEC,Naasa Securities Co. Ltd.,Nepal Stock House (PVT) Ltd.,10,235.0,2350.0,2025-08-14 14:56:56.678494
2025-08-14,4896,2025081404015808,LEC,Naasa Securities Co. Ltd.,Nepal Stock House (PVT) Ltd.,500,235.0,117500.0,2025-08-14 14:57:10.836930
2025-08-14,2703,2025081404016321,LEC,Naasa Securities Co. Ltd.,Oxford Securities Pvt. Ltd.,15,234.5,3517.5,2025-08-14 14:58:49.177300
2025-08-14,2474,2025081404016412,LEC,Dipshikha Dhitopatra Karobar Co. Pvt Ltd.,Sani Securities Company Ltd.,100,234.9,23490.0,2025-08-14 14:58:57.718843
2025-08-14,2473,2025081404016413,LEC,Dipshikha Dhitopatra Karobar Co. Pvt Ltd.,Sweta Securities Private Limited,150,234.9,35235.0,2025-08-14 14:58:57.719140
2025-08-14,2459,2025081404016414,LEC,Kohinoor Investment & Securities Pvt. Ltd.,Sweta Securities Private Limited,100,234.9,23490.0,2025-08-14 14:58:58.396765
2025-08-14,2458,2025081404016415,LEC,Kohinoor Investment & Securities Pvt. Ltd.,ABC Securities Private Limited,500,234.9,117450.0,2025-08-14 14:58:58.397386
2025-08-14,2457,2025081404016416,LEC,Kohinoor Investment & Securities Pvt. Ltd.,Nepal Stock House (PVT) Ltd.,15,235.0,3525.0,2025-08-14 14:58:58.397825
2025-08-14,2456,2025081404016417,LEC,Kohinoor Investment & Securities Pvt. Ltd.,Vision Securities Pvt. Ltd,300,235.0,70500.0,2025-08-14 14:58:58.398240
2025-08-14,2455,2025081404016418,LEC,Kohinoor Investment & Securities Pvt. Ltd.,Opal Securities Investment (PVT) Ltd.,15,235.0,3525.0,2025-08-14 14:58:58.398673
2025-08-14,2454,2025081404016419,LEC,Kohinoor Investment & Securities Pvt. Ltd.,Nepal Stock House (PVT) Ltd.,100,235.0,23500.0,2025-08-14 14:58:58.399082
2025-08-14,2453,2025081404016420,LEC,Kohinoor Investment & Securities Pvt. Ltd.,Opal Securities Investment (PVT) Ltd.,1970,235.0,462950.0,2025-08-14 14:58:58.399504
2025-08-14,2304,2025081404016456,LEC,Naasa Securities Co. Ltd.,Opal Securities Investment (PVT) Ltd.,600,235.0,141000.0,2025-08-14 14:59:03.837214
2025-08-14,2057,2025081404016517,LEC,Premier Securities Company Ltd.,Aryatara Investment & Securities,500,234.6,117300.0,2025-08-14 14:59:11.675560
2025-08-14,2056,2025081404016518,LEC,Naasa Securities Co. Ltd.,Aryatara Investment & Securities,165,234.5,38692.5,2025-08-14 14:59:11.675851
2025-08-14,2055,2025081404016519,LEC,Neev Securities Pvt. Ltd.,Aryatara Investment & Securities,185,233.8,43253.0,2025-08-14 14:59:11.675983
2025-08-14,1396,2025081404016676,LEC,Neev Securities Pvt. Ltd.,ABC Securities Private Limited,185,233.8,43253.0,2025-08-14 14:59:31.260608
2025-08-14,1224,2025081404016716,LEC,Sewa Securities Pvt. Ltd.,Aryatara Investment & Securities,200,234.0,46800.0,2025-08-14 14:59:35.161593
2025-08-14,1223,2025081404016717,LEC,Neev Securities Pvt. Ltd.,Aryatara Investment & Securities,230,233.8,53774.0,2025-08-14 14:59:35.161878
2025-08-14,1222,2025081404016718,LEC,Sri Hari Securities Pvt. Ltd.,Aryatara Investment & Securities,100,233.7,23370.0,2025-08-14 14:59:35.162011
2025-08-14,1221,2025081404016719,LEC,Naasa Securities Co. Ltd.,Aryatara Investment & Securities,500,233.7,116850.0,2025-08-14 14:59:35.162137
2025-08-14,1220,2025081404016720,LEC,Sani Securities Company Ltd.,Aryatara Investment & Securities,85,233.5,19847.5,2025-08-14 14:59:35.162272
2025-08-14,501,2025081404016882,LEC,South Asian Bulls Pvt. Ltd.,J.F. Securites (PVT) Ltd.,10,234.4,2344.0,2025-08-14 14:59:51.698211
2025-08-14,469,2025081404016891,LEC,Sumeru Securities Pvt. Ltd.,J.F. Securites (PVT) Ltd.,40,234.4,9376.0,2025-08-14 14:59:52.805178
2025-08-14,468,2025081404016892,LEC,Sumeru Securities Pvt. Ltd.,SHUBHAKAMANA SECURITIES PVT. LTD,1000,234.4,234400.0,2025-08-14 14:59:52.805457
2025-08-14,467,2025081404016893,LEC,Sumeru Securities Pvt. Ltd.,Aryatara Investment & Securities,225,234.4,52740.0,2025-08-14 14:59:52.805597
2025-08-14,466,2025081404016894,LEC,Sumeru Securities Pvt. Ltd.,Aryatara Investment & Securities,200,234.5,46900.0,2025-08-14 14:59:52.805729
2025-08-14,465,2025081404016895,LEC,Sumeru Securities Pvt. Ltd.,Trishakti Securities Public Limited,835,234.8,196058.0,2025-08-14 14:59:52.805864
2025-08-14,190,2025081404016972,LEC,Thrive Brokerage House Pvt. Ltd,J.F. Securites (PVT) Ltd.,25,234.0,5850.0,2025-08-14 14:59:57.532487
2025-08-14,189,2025081404016973,LEC,Dipshikha Dhitopatra Karobar Co. Pvt Ltd.,J.F. Securites (PVT) Ltd.,75,234.0,17550.0,2025-08-14 14:59:57.532741
