Date,S.N.,Contract ID,Symbol,Buyer Broker,Seller Broker,volume,rate,amount,transaction_time
2025-08-14,75987,2025081401000131,MBL,Trisul Securities & Invt. Ltd.,Sani Securities Company Ltd.,25,247.1,6177.5,2025-08-14 11:03:22.471362
2025-08-14,75625,2025081401000235,MBL,ABC Securities Private Limited,Sumeru Securities Pvt. Ltd.,100,248.0,24800.0,2025-08-14 11:05:33.029646
2025-08-14,75624,2025081401000236,MBL,Premier Securities Company Ltd.,Sumeru Securities Pvt. Ltd.,50,247.4,12370.0,2025-08-14 11:05:33.029769
2025-08-14,75623,2025081401000237,MBL,Trisul Securities & Invt. Ltd.,Sumeru Securities Pvt. Ltd.,319,247.3,78888.7,2025-08-14 11:05:33.029860
2025-08-14,75114,2025081401000373,MBL,Trisul Securities & Invt. Ltd.,Midas Stock Broking Company Private Limited,500,252.2,126100.0,2025-08-14 11:08:01.907717
2025-08-14,73923,2025081401000650,MBL,Linch Stock Market Ltd.,Asian Securities Private Ltd.,200,251.0,50200.0,2025-08-14 11:12:23.951804
2025-08-14,73760,2025081401000674,MBL,Linch Stock Market Ltd.,Sipla Securities Private Limited,500,251.0,125500.0,2025-08-14 11:12:41.379685
2025-08-14,73604,2025081401000706,MBL,Linch Stock Market Ltd.,Bhrikuti Stock Broking Co. Pvt. Ltd.,2390,251.0,599890.0,2025-08-14 11:13:14.840495
2025-08-14,73539,2025081401000721,MBL,Linch Stock Market Ltd.,Market Securities & Exchange (PVT) Ltd.,1000,251.0,251000.0,2025-08-14 11:13:30.492038
2025-08-14,73432,2025081401000737,MBL,Cristal Kanchanjanga Securites Pvt. Ltd.,South Asian Bulls Pvt. Ltd.,200,252.0,50400.0,2025-08-14 11:13:43.044953
2025-08-14,73295,2025081401000770,MBL,Linch Stock Market Ltd.,Sri Hari Securities Pvt. Ltd.,142,251.0,35642.0,2025-08-14 11:14:13.734703
2025-08-14,73139,2025081401000809,MBL,Trisul Securities & Invt. Ltd.,South Asian Bulls Pvt. Ltd.,300,252.0,75600.0,2025-08-14 11:15:01.184604
2025-08-14,73138,2025081401000810,MBL,Trisul Securities & Invt. Ltd.,South Asian Bulls Pvt. Ltd.,178,252.0,44856.0,2025-08-14 11:15:01.184709
2025-08-14,72892,2025081401000870,MBL,Linch Stock Market Ltd.,Online Securities Pvt. Ltd.,768,251.0,192768.0,2025-08-14 11:15:47.015398
2025-08-14,72891,2025081401000871,MBL,Malla & Malla Stock Broking Company Pvt. Limited,Online Securities Pvt. Ltd.,100,251.0,25100.0,2025-08-14 11:15:47.015477
2025-08-14,72719,2025081401000893,MBL,Trisul Securities & Invt. Ltd.,Online Securities Pvt. Ltd.,472,251.0,118472.0,2025-08-14 11:16:09.489811
2025-08-14,72688,2025081401000900,MBL,Sundhara Securities Limited,Online Securities Pvt. Ltd.,50,251.0,12550.0,2025-08-14 11:16:19.131923
2025-08-14,72496,2025081401000960,MBL,Trisul Securities & Invt. Ltd.,Online Securities Pvt. Ltd.,220,251.0,55220.0,2025-08-14 11:17:10.852157
2025-08-14,72495,2025081401000961,MBL,Trisul Securities & Invt. Ltd.,Nepal Investment And Securities Trading Private Limited,28,251.0,7028.0,2025-08-14 11:17:10.852232
2025-08-14,72117,2025081401001067,MBL,Thrive Brokerage House Pvt. Ltd,Trisul Securities & Invt. Ltd.,30,251.0,7530.0,2025-08-14 11:18:48.401880
2025-08-14,72116,2025081401001068,MBL,Cristal Kanchanjanga Securites Pvt. Ltd.,Trisul Securities & Invt. Ltd.,171,250.1,42767.1,2025-08-14 11:18:48.402065
2025-08-14,71443,2025081401001231,MBL,Cristal Kanchanjanga Securites Pvt. Ltd.,Sipla Securities Private Limited,29,250.1,7252.9,2025-08-14 11:21:37.753282
2025-08-14,71442,2025081401001232,MBL,Cristal Kanchanjanga Securites Pvt. Ltd.,Sipla Securities Private Limited,100,250.1,25010.0,2025-08-14 11:21:37.753362
2025-08-14,71277,2025081401001288,MBL,Online Securities Pvt. Ltd.,Sipla Securities Private Limited,371,250.1,92787.1,2025-08-14 11:22:06.432766
2025-08-14,71276,2025081401001289,MBL,Online Securities Pvt. Ltd.,Premier Securities Company Ltd.,10,250.1,2501.0,2025-08-14 11:22:06.432883
2025-08-14,70954,2025081401001361,MBL,Market Securities & Exchange (PVT) Ltd.,Creative Securities Pvt Ltd,100,250.0,25000.0,2025-08-14 11:23:45.114616
2025-08-14,70953,2025081401001362,MBL,Linch Stock Market Ltd.,Creative Securities Pvt Ltd,300,250.0,75000.0,2025-08-14 11:23:45.114710
2025-08-14,70952,2025081401001363,MBL,ABC Securities Private Limited,Creative Securities Pvt Ltd,15,250.0,3750.0,2025-08-14 11:23:45.114770
2025-08-14,70951,2025081401001364,MBL,Sundhara Securities Limited,Creative Securities Pvt Ltd,100,250.0,25000.0,2025-08-14 11:23:45.114813
2025-08-14,70950,2025081401001365,MBL,Primo Securities (PVT) Ltd.,Creative Securities Pvt Ltd,100,250.0,25000.0,2025-08-14 11:23:45.114893
2025-08-14,70770,2025081401001400,MBL,Investment Management Nepal Pvt. Ltd.,Imperial Securities Company Pvt. Ltd.,500,249.6,124800.0,2025-08-14 11:24:36.491526
2025-08-14,70769,2025081401001401,MBL,Investment Management Nepal Pvt. Ltd.,Imperial Securities Company Pvt. Ltd.,300,249.5,74850.0,2025-08-14 11:24:36.491708
2025-08-14,70768,2025081401001402,MBL,Thrive Brokerage House Pvt. Ltd,Imperial Securities Company Pvt. Ltd.,200,249.0,49800.0,2025-08-14 11:24:36.491831
2025-08-14,70374,2025081401001484,MBL,Deevyaa Securities & Stock House Pvt. Ltd,Creative Securities Pvt Ltd,385,250.0,96250.0,2025-08-14 11:25:50.795940
2025-08-14,69317,2025081401001626,MBL,Deevyaa Securities & Stock House Pvt. Ltd,South Asian Bulls Pvt. Ltd.,500,250.0,125000.0,2025-08-14 11:27:51.531686
2025-08-14,68430,2025081401001854,MBL,Kohinoor Investment & Securities Pvt. Ltd.,Trisul Securities & Invt. Ltd.,500,251.5,125750.0,2025-08-14 11:31:02.444132
2025-08-14,68429,2025081401001855,MBL,Kohinoor Investment & Securities Pvt. Ltd.,Sani Securities Company Ltd.,500,251.5,125750.0,2025-08-14 11:31:02.444338
2025-08-14,67192,2025081401002183,MBL,Trisul Securities & Invt. Ltd.,Market Securities & Exchange (PVT) Ltd.,500,250.1,125050.0,2025-08-14 11:37:16.730571
2025-08-14,67109,2025081401002219,MBL,Trisul Securities & Invt. Ltd.,Nepal Stock House (PVT) Ltd.,500,250.1,125050.0,2025-08-14 11:37:41.487625
2025-08-14,67108,2025081401002220,MBL,Deevyaa Securities & Stock House Pvt. Ltd,Nepal Stock House (PVT) Ltd.,615,250.0,153750.0,2025-08-14 11:37:41.487736
2025-08-14,67107,2025081401002221,MBL,Oxford Securities Pvt. Ltd.,Nepal Stock House (PVT) Ltd.,885,250.0,221250.0,2025-08-14 11:37:41.487783
2025-08-14,67045,2025081401002238,MBL,Oxford Securities Pvt. Ltd.,Kohinoor Investment & Securities Pvt. Ltd.,1000,251.7,251700.0,2025-08-14 11:38:01.412207
2025-08-14,66721,2025081401002307,MBL,Agrawal Securities (PVT) Ltd.,Market Securities & Exchange (PVT) Ltd.,115,250.5,28807.5,2025-08-14 11:39:37.556164
2025-08-14,66561,2025081401002366,MBL,Agrawal Securities (PVT) Ltd.,Market Securities & Exchange (PVT) Ltd.,185,250.5,46342.5,2025-08-14 11:40:22.836348
2025-08-14,66506,2025081401002384,MBL,Sharepro Securities Private Limited,Market Securities & Exchange (PVT) Ltd.,215,250.5,53857.5,2025-08-14 11:40:38.120125
2025-08-14,66505,2025081401002385,MBL,Sharepro Securities Private Limited,Midas Stock Broking Company Private Limited,500,251.8,125900.0,2025-08-14 11:40:38.120236
2025-08-14,66504,2025081401002386,MBL,Sharepro Securities Private Limited,Vision Securities Pvt. Ltd,161,252.0,40572.0,2025-08-14 11:40:38.120314
2025-08-14,66503,2025081401002387,MBL,Sharepro Securities Private Limited,Capital Hub P. Ltd,500,252.0,126000.0,2025-08-14 11:40:38.120384
2025-08-14,66502,2025081401002388,MBL,Sharepro Securities Private Limited,Sani Securities Company Ltd.,581,252.0,146412.0,2025-08-14 11:40:38.120453
2025-08-14,66501,2025081401002389,MBL,Sharepro Securities Private Limited,Cristal Kanchanjanga Securites Pvt. Ltd.,194,253.0,49082.0,2025-08-14 11:40:38.120522
2025-08-14,66500,2025081401002390,MBL,Sharepro Securities Private Limited,Imperial Securities Company Pvt. Ltd.,50,254.0,12700.0,2025-08-14 11:40:38.120595
2025-08-14,64808,2025081401002881,MBL,Naasa Securities Co. Ltd.,Imperial Securities Company Pvt. Ltd.,450,254.0,114300.0,2025-08-14 11:47:37.099606
2025-08-14,64807,2025081401002882,MBL,Naasa Securities Co. Ltd.,Nepal Stock House (PVT) Ltd.,500,254.0,127000.0,2025-08-14 11:47:37.099848
2025-08-14,64806,2025081401002883,MBL,Naasa Securities Co. Ltd.,Capital Hub P. Ltd,50,254.0,12700.0,2025-08-14 11:47:37.099988
2025-08-14,58884,2025081401004172,MBL,Sewa Securities Pvt. Ltd.,Nepal Stock House (PVT) Ltd.,11,252.0,2772.0,2025-08-14 12:13:15.804171
2025-08-14,57917,2025081401004389,MBL,Sewa Securities Pvt. Ltd.,Primo Securities (PVT) Ltd.,89,252.0,22428.0,2025-08-14 12:16:26.025439
2025-08-14,57838,2025081401004403,MBL,Imperial Securities Company Pvt. Ltd.,Primo Securities (PVT) Ltd.,200,252.0,50400.0,2025-08-14 12:16:43.649136
2025-08-14,56690,2025081401004616,MBL,Oxford Securities Pvt. Ltd.,Primo Securities (PVT) Ltd.,151,252.0,38052.0,2025-08-14 12:20:20.026867
2025-08-14,55573,2025081401004801,MBL,Oxford Securities Pvt. Ltd.,Infinity Securities Limited,4079,252.0,1027908.0,2025-08-14 12:23:37.506129
2025-08-14,55346,2025081401004843,MBL,Opal Securities Investment (PVT) Ltd.,Linch Stock Market Ltd.,10,253.0,2530.0,2025-08-14 12:24:18.890130
2025-08-14,53371,2025081401005243,MBL,ABC Securities Private Limited,Asian Securities Private Ltd.,10,253.0,2530.0,2025-08-14 12:32:07.836325
2025-08-14,53235,2025081401005283,MBL,Oxford Securities Pvt. Ltd.,Vision Securities Pvt. Ltd,770,252.0,194040.0,2025-08-14 12:32:45.189965
2025-08-14,53234,2025081401005284,MBL,Kumari Securities Private Limited,Vision Securities Pvt. Ltd,230,252.0,57960.0,2025-08-14 12:32:45.190143
2025-08-14,53133,2025081401005317,MBL,Kumari Securities Private Limited,Vision Securities Pvt. Ltd,770,252.0,194040.0,2025-08-14 12:33:08.370805
2025-08-14,52639,2025081401005479,MBL,Oxford Securities Pvt. Ltd.,Vision Securities Pvt. Ltd,30,252.0,7560.0,2025-08-14 12:35:12.681192
2025-08-14,52110,2025081401005604,MBL,Oxford Securities Pvt. Ltd.,Vision Securities Pvt. Ltd,1700,252.0,428400.0,2025-08-14 12:37:55.501716
2025-08-14,52034,2025081401005627,MBL,Oxford Securities Pvt. Ltd.,Vision Securities Pvt. Ltd,270,252.0,68040.0,2025-08-14 12:38:24.726077
2025-08-14,51337,2025081401005813,MBL,Oxford Securities Pvt. Ltd.,Vision Securities Pvt. Ltd,730,252.0,183960.0,2025-08-14 12:41:06.493532
2025-08-14,51052,2025081401005889,MBL,Oxford Securities Pvt. Ltd.,Imperial Securities Company Pvt. Ltd.,2000,252.0,504000.0,2025-08-14 12:42:29.249688
2025-08-14,50372,2025081401006017,MBL,Oxford Securities Pvt. Ltd.,Linch Stock Market Ltd.,83,252.0,20916.0,2025-08-14 12:44:49.835614
2025-08-14,49400,2025081401006205,MBL,Oxford Securities Pvt. Ltd.,Imperial Securities Company Pvt. Ltd.,187,252.0,47124.0,2025-08-14 12:48:37.925115
2025-08-14,49399,2025081401006206,MBL,J.F. Securites (PVT) Ltd.,Imperial Securities Company Pvt. Ltd.,200,252.0,50400.0,2025-08-14 12:48:37.925343
2025-08-14,49398,2025081401006207,MBL,Sani Securities Company Ltd.,Imperial Securities Company Pvt. Ltd.,113,251.2,28385.6,2025-08-14 12:48:37.925559
2025-08-14,49128,2025081401006263,MBL,Sharepro Securities Private Limited,Siprabi Securities Pvt. Ltd.,23,252.5,5807.5,2025-08-14 12:49:50.306571
2025-08-14,49127,2025081401006264,MBL,Sharepro Securities Private Limited,Asian Securities Private Ltd.,490,253.0,123970.0,2025-08-14 12:49:50.306650
2025-08-14,49126,2025081401006265,MBL,Sharepro Securities Private Limited,Bhrikuti Stock Broking Co. Pvt. Ltd.,2487,253.0,629211.0,2025-08-14 12:49:50.306688
2025-08-14,46175,2025081401006934,MBL,Deevyaa Securities & Stock House Pvt. Ltd,Beni Securities Pvt.Ltd.,10,251.6,2516.0,2025-08-14 13:00:20.132094
2025-08-14,45843,2025081401006993,MBL,Deevyaa Securities & Stock House Pvt. Ltd,Imperial Securities Company Pvt. Ltd.,10,251.6,2516.0,2025-08-14 13:01:26.455324
2025-08-14,45842,2025081401006994,MBL,Sewa Securities Pvt. Ltd.,Bhrikuti Stock Broking Co. Pvt. Ltd.,13,253.0,3289.0,2025-08-14 13:01:26.820157
2025-08-14,45666,2025081401007044,MBL,Deevyaa Securities & Stock House Pvt. Ltd,Dynamic Money Managers Securities Pvt. Ltd.,10,251.6,2516.0,2025-08-14 13:02:16.279187
2025-08-14,44762,2025081401007229,MBL,Kalika Securities Pvt. Ltd.,Creative Securities Pvt Ltd,50,252.0,12600.0,2025-08-14 13:05:40.962843
2025-08-14,44761,2025081401007230,MBL,Aryatara Investment & Securities,Creative Securities Pvt Ltd,950,251.7,239115.0,2025-08-14 13:05:40.963249
2025-08-14,44471,2025081401007323,MBL,Aryatara Investment & Securities,Siprabi Securities Pvt. Ltd.,187,251.7,47067.9,2025-08-14 13:06:51.864527
2025-08-14,44114,2025081401007419,MBL,Aryatara Investment & Securities,Neev Securities Pvt. Ltd.,363,251.7,91367.1,2025-08-14 13:08:21.156278
2025-08-14,44113,2025081401007420,MBL,Malla & Malla Stock Broking Company Pvt. Limited,Neev Securities Pvt. Ltd.,137,251.5,34455.5,2025-08-14 13:08:21.156507
2025-08-14,43948,2025081401007509,MBL,Malla & Malla Stock Broking Company Pvt. Limited,Swarna Laxmi Securities Pvt. Ltd.,200,251.5,50300.0,2025-08-14 13:08:54.965497
2025-08-14,43705,2025081401007564,MBL,Malla & Malla Stock Broking Company Pvt. Limited,Sumeru Securities Pvt. Ltd.,256,251.5,64384.0,2025-08-14 13:10:02.253892
2025-08-14,43140,2025081401007684,MBL,Sundhara Securities Limited,Sani Securities Company Ltd.,22,252.0,5544.0,2025-08-14 13:12:39.484301
2025-08-14,43139,2025081401007685,MBL,Sundhara Securities Limited,Midas Stock Broking Company Private Limited,150,252.9,37935.0,2025-08-14 13:12:39.484523
2025-08-14,43138,2025081401007686,MBL,Sundhara Securities Limited,Midas Stock Broking Company Private Limited,28,253.0,7084.0,2025-08-14 13:12:39.484627
2025-08-14,41946,2025081401007940,MBL,Malla & Malla Stock Broking Company Pvt. Limited,Arun Securities (PVT) Ltd.,37,251.5,9305.5,2025-08-14 13:16:53.492077
2025-08-14,41509,2025081401008008,MBL,Malla & Malla Stock Broking Company Pvt. Limited,KALASH STOCK MARKET PVT. LTD.,370,251.5,93055.0,2025-08-14 13:18:46.411660
2025-08-14,41486,2025081401008013,MBL,Sani Securities Company Ltd.,Machhapuchchhre Securities Limited,50,251.2,12560.0,2025-08-14 13:18:53.789321
2025-08-14,41221,2025081401008063,MBL,Sani Securities Company Ltd.,KALASH STOCK MARKET PVT. LTD.,127,251.2,31902.4,2025-08-14 13:19:57.619891
2025-08-14,41220,2025081401008064,MBL,Cristal Kanchanjanga Securites Pvt. Ltd.,KALASH STOCK MARKET PVT. LTD.,100,251.1,25110.0,2025-08-14 13:19:57.620281
2025-08-14,40809,2025081401008125,MBL,Vision Securities Pvt. Ltd,Machhapuchchhre Securities Limited,50,251.2,12560.0,2025-08-14 13:21:52.289862
2025-08-14,40358,2025081401008211,MBL,Vision Securities Pvt. Ltd,Vision Securities Pvt. Ltd,20,251.2,5024.0,2025-08-14 13:23:58.543846
2025-08-14,38914,2025081401008464,MBL,Vision Securities Pvt. Ltd,Thrive Brokerage House Pvt. Ltd,30,252.7,7581.0,2025-08-14 13:29:40.812018
2025-08-14,38426,2025081401008608,MBL,Online Securities Pvt. Ltd.,Opal Securities Investment (PVT) Ltd.,100,252.0,25200.0,2025-08-14 13:31:46.060706
2025-08-14,36793,2025081401008983,MBL,Garima Securities Limited,Nepal Stock House (PVT) Ltd.,100,252.2,25220.0,2025-08-14 13:37:28.870793
2025-08-14,36792,2025081401008984,MBL,South Asian Bulls Pvt. Ltd.,Nepal Stock House (PVT) Ltd.,2000,251.3,502600.0,2025-08-14 13:37:28.871167
2025-08-14,36791,2025081401008985,MBL,Deevyaa Securities & Stock House Pvt. Ltd,Nepal Stock House (PVT) Ltd.,470,251.2,118064.0,2025-08-14 13:37:28.871398
2025-08-14,36790,2025081401008986,MBL,Swarna Laxmi Securities Pvt. Ltd.,Nepal Stock House (PVT) Ltd.,624,251.1,156686.4,2025-08-14 13:37:28.871625
2025-08-14,36789,2025081401008987,MBL,Kohinoor Investment & Securities Pvt. Ltd.,Nepal Stock House (PVT) Ltd.,50,251.1,12555.0,2025-08-14 13:37:28.871835
2025-08-14,36788,2025081401008988,MBL,South Asian Bulls Pvt. Ltd.,Nepal Stock House (PVT) Ltd.,10,251.0,2510.0,2025-08-14 13:37:28.872062
2025-08-14,36787,2025081401008989,MBL,Arun Securities (PVT) Ltd.,Nepal Stock House (PVT) Ltd.,132,251.0,33132.0,2025-08-14 13:37:28.872275
2025-08-14,36233,2025081401009108,MBL,Oxford Securities Pvt. Ltd.,Neev Securities Pvt. Ltd.,30,252.4,7572.0,2025-08-14 13:39:46.834036
2025-08-14,35246,2025081401009300,MBL,Imperial Securities Company Pvt. Ltd.,Neev Securities Pvt. Ltd.,10,252.4,2524.0,2025-08-14 13:43:35.588862
2025-08-14,34914,2025081401009386,MBL,Cristal Kanchanjanga Securites Pvt. Ltd.,Kumari Securities Private Limited,100,251.2,25120.0,2025-08-14 13:44:24.420946
2025-08-14,34913,2025081401009387,MBL,South Asian Bulls Pvt. Ltd.,Kumari Securities Private Limited,13,251.1,3264.3,2025-08-14 13:44:24.421014
2025-08-14,34781,2025081401009439,MBL,South Asian Bulls Pvt. Ltd.,Sewa Securities Pvt. Ltd.,377,251.1,94664.7,2025-08-14 13:44:50.100651
2025-08-14,33846,2025081401009693,MBL,Sani Securities Company Ltd.,Market Securities & Exchange (PVT) Ltd.,58,251.2,14569.6,2025-08-14 13:47:30.024822
2025-08-14,33845,2025081401009694,MBL,South Asian Bulls Pvt. Ltd.,Market Securities & Exchange (PVT) Ltd.,942,251.1,236536.2,2025-08-14 13:47:30.025012
2025-08-14,33526,2025081401009792,MBL,Sharepro Securities Private Limited,Neev Securities Pvt. Ltd.,60,252.4,15144.0,2025-08-14 13:48:19.050131
2025-08-14,33525,2025081401009793,MBL,Sharepro Securities Private Limited,Imperial Securities Company Pvt. Ltd.,1000,252.4,252400.0,2025-08-14 13:48:19.050299
2025-08-14,33524,2025081401009794,MBL,Sharepro Securities Private Limited,Dynamic Money Managers Securities Pvt. Ltd.,300,252.5,75750.0,2025-08-14 13:48:19.050376
2025-08-14,33523,2025081401009795,MBL,Sharepro Securities Private Limited,Capital Max Securities Ltd,2640,252.5,666600.0,2025-08-14 13:48:19.050447
2025-08-14,33385,2025081401009820,MBL,South Asian Bulls Pvt. Ltd.,Imperial Securities Company Pvt. Ltd.,1668,251.1,418834.8,2025-08-14 13:48:46.469341
2025-08-14,33384,2025081401009821,MBL,Deevyaa Securities & Stock House Pvt. Ltd,Imperial Securities Company Pvt. Ltd.,180,251.1,45198.0,2025-08-14 13:48:46.469532
2025-08-14,33383,2025081401009822,MBL,Arun Securities (PVT) Ltd.,Imperial Securities Company Pvt. Ltd.,868,251.0,217868.0,2025-08-14 13:48:46.469609
2025-08-14,33382,2025081401009823,MBL,Linch Stock Market Ltd.,Imperial Securities Company Pvt. Ltd.,50,251.0,12550.0,2025-08-14 13:48:46.469680
2025-08-14,33381,2025081401009824,MBL,Dynamic Money Managers Securities Pvt. Ltd.,Imperial Securities Company Pvt. Ltd.,234,251.0,58734.0,2025-08-14 13:48:46.469752
2025-08-14,33304,2025081401009849,MBL,South Asian Bulls Pvt. Ltd.,Capital Hub P. Ltd,2000,251.1,502200.0,2025-08-14 13:49:04.856339
2025-08-14,33303,2025081401009850,MBL,Dynamic Money Managers Securities Pvt. Ltd.,Capital Hub P. Ltd,500,251.0,125500.0,2025-08-14 13:49:04.856447
2025-08-14,33170,2025081401009890,MBL,Dynamic Money Managers Securities Pvt. Ltd.,Agrawal Securities (PVT) Ltd.,59,251.0,14809.0,2025-08-14 13:49:29.697018
2025-08-14,32770,2025081401010004,MBL,South Asian Bulls Pvt. Ltd.,Dakshinkali Investment & Securities Pvt. Ltd.,500,251.1,125550.0,2025-08-14 13:50:30.514182
2025-08-14,32663,2025081401010018,MBL,South Asian Bulls Pvt. Ltd.,Malla & Malla Stock Broking Company Pvt. Limited,300,251.1,75330.0,2025-08-14 13:50:50.309875
2025-08-14,31327,2025081401010341,MBL,South Asian Bulls Pvt. Ltd.,Primo Securities (PVT) Ltd.,2200,251.1,552420.0,2025-08-14 13:54:10.322686
2025-08-14,31326,2025081401010342,MBL,Dynamic Money Managers Securities Pvt. Ltd.,Primo Securities (PVT) Ltd.,1733,251.0,434983.0,2025-08-14 13:54:10.323057
2025-08-14,31296,2025081401010345,MBL,Dynamic Money Managers Securities Pvt. Ltd.,Capital Hub P. Ltd,1000,251.0,251000.0,2025-08-14 13:54:12.671942
2025-08-14,31027,2025081401010390,MBL,Dynamic Money Managers Securities Pvt. Ltd.,Sweta Securities Private Limited,10,251.0,2510.0,2025-08-14 13:55:07.944150
2025-08-14,30091,2025081401010511,MBL,Deevyaa Securities & Stock House Pvt. Ltd,Vision Securities Pvt. Ltd,20,251.1,5022.0,2025-08-14 13:57:43.732789
2025-08-14,30090,2025081401010512,MBL,Dynamic Money Managers Securities Pvt. Ltd.,Vision Securities Pvt. Ltd,60,251.0,15060.0,2025-08-14 13:57:43.733020
2025-08-14,29982,2025081401010532,MBL,Naasa Securities Co. Ltd.,Midas Stock Broking Company Private Limited,50,252.0,12600.0,2025-08-14 13:58:13.240883
2025-08-14,29376,2025081401010649,MBL,Dynamic Money Managers Securities Pvt. Ltd.,Aryatara Investment & Securities,19,251.0,4769.0,2025-08-14 14:00:25.857412
2025-08-14,28783,2025081401010849,MBL,Dipshikha Dhitopatra Karobar Co. Pvt Ltd.,Neev Securities Pvt. Ltd.,50,251.9,12595.0,2025-08-14 14:02:43.905880
2025-08-14,28109,2025081401011005,MBL,Sharepro Securities Private Limited,Neev Securities Pvt. Ltd.,350,251.9,88165.0,2025-08-14 14:05:16.917038
2025-08-14,28108,2025081401011006,MBL,Sharepro Securities Private Limited,Midas Stock Broking Company Private Limited,12100,252.0,3049200.0,2025-08-14 14:05:16.917106
2025-08-14,27376,2025081401011141,MBL,Trisul Securities & Invt. Ltd.,Midas Stock Broking Company Private Limited,350,252.0,88200.0,2025-08-14 14:08:11.518683
2025-08-14,27375,2025081401011142,MBL,Trisul Securities & Invt. Ltd.,Imperial Securities Company Pvt. Ltd.,650,252.0,163800.0,2025-08-14 14:08:11.519078
2025-08-14,26945,2025081401011243,MBL,Kohinoor Investment & Securities Pvt. Ltd.,Imperial Securities Company Pvt. Ltd.,220,252.0,55440.0,2025-08-14 14:09:45.203599
2025-08-14,24931,2025081401011619,MBL,Oxford Securities Pvt. Ltd.,Sani Securities Company Ltd.,100,251.5,25150.0,2025-08-14 14:16:04.424208
2025-08-14,24854,2025081401011637,MBL,Online Securities Pvt. Ltd.,Imperial Securities Company Pvt. Ltd.,25,252.0,6300.0,2025-08-14 14:16:28.279438
2025-08-14,24644,2025081401011683,MBL,Aryatara Investment & Securities,Imperial Securities Company Pvt. Ltd.,305,252.0,76860.0,2025-08-14 14:17:04.671673
2025-08-14,24643,2025081401011684,MBL,Aryatara Investment & Securities,Trishakti Securities Public Limited,95,252.0,23940.0,2025-08-14 14:17:04.671904
2025-08-14,24533,2025081401011711,MBL,Kumari Securities Private Limited,Trishakti Securities Public Limited,205,252.0,51660.0,2025-08-14 14:17:33.323614
2025-08-14,24331,2025081401011765,MBL,Kumari Securities Private Limited,Sani Securities Company Ltd.,15,252.0,3780.0,2025-08-14 14:18:13.937310
2025-08-14,23850,2025081401011893,MBL,Kumari Securities Private Limited,Naasa Securities Co. Ltd.,40,252.0,10080.0,2025-08-14 14:19:46.750683
2025-08-14,23167,2025081401012040,MBL,Secured Securities Ltd.,Sumeru Securities Pvt. Ltd.,100,252.4,25240.0,2025-08-14 14:21:55.758385
2025-08-14,21628,2025081401012290,MBL,Kumari Securities Private Limited,Dynamic Money Managers Securities Pvt. Ltd.,40,252.0,10080.0,2025-08-14 14:26:36.774888
2025-08-14,21627,2025081401012291,MBL,Linch Stock Market Ltd.,Dynamic Money Managers Securities Pvt. Ltd.,250,252.0,63000.0,2025-08-14 14:26:36.775089
2025-08-14,21179,2025081401012368,MBL,Malla & Malla Stock Broking Company Pvt. Limited,Premier Securities Company Ltd.,50,251.5,12575.0,2025-08-14 14:28:01.270649
2025-08-14,20992,2025081401012398,MBL,Malla & Malla Stock Broking Company Pvt. Limited,South Asian Bulls Pvt. Ltd.,201,251.5,50551.5,2025-08-14 14:28:29.603172
2025-08-14,20946,2025081401012422,MBL,Midas Stock Broking Company Private Limited,Imperial Securities Company Pvt. Ltd.,22,252.3,5550.6,2025-08-14 14:28:35.587783
2025-08-14,18656,2025081401012930,MBL,Midas Stock Broking Company Private Limited,Malla & Malla Stock Broking Company Pvt. Limited,20,252.1,5042.0,2025-08-14 14:34:55.613925
2025-08-14,17260,2025081401013277,MBL,Midas Stock Broking Company Private Limited,Deevyaa Securities & Stock House Pvt. Ltd,40,252.0,10080.0,2025-08-14 14:38:29.792097
2025-08-14,16612,2025081401013433,MBL,Capital Max Securities Ltd,Linch Stock Market Ltd.,300,251.9,75570.0,2025-08-14 14:40:20.585444
2025-08-14,16511,2025081401013461,MBL,Malla & Malla Stock Broking Company Pvt. Limited,Kohinoor Investment & Securities Pvt. Ltd.,249,251.5,62623.5,2025-08-14 14:40:35.422559
2025-08-14,16510,2025081401013462,MBL,Aryatara Investment & Securities,Kohinoor Investment & Securities Pvt. Ltd.,89,251.1,22347.9,2025-08-14 14:40:35.422621
2025-08-14,16071,2025081401013554,MBL,Pragyan Securities (PVT) Ltd.,Linch Stock Market Ltd.,500,251.9,125950.0,2025-08-14 14:41:31.206875
2025-08-14,14150,2025081401013883,MBL,Nepal Stock House (PVT) Ltd.,Linch Stock Market Ltd.,50,251.9,12595.0,2025-08-14 14:45:01.151524
2025-08-14,14143,2025081401013889,MBL,Market Securities & Exchange (PVT) Ltd.,Linch Stock Market Ltd.,50,251.9,12595.0,2025-08-14 14:45:01.286988
2025-08-14,13910,2025081401013902,MBL,Midas Stock Broking Company Private Limited,Linch Stock Market Ltd.,100,251.9,25190.0,2025-08-14 14:45:20.240444
2025-08-14,13511,2025081401014000,MBL,Midas Stock Broking Company Private Limited,Nagarik Stock Dealer ,100,251.9,25190.0,2025-08-14 14:46:03.730359
2025-08-14,12316,2025081401014211,MBL,Naasa Securities Co. Ltd.,Nagarik Stock Dealer ,10,251.9,2519.0,2025-08-14 14:48:08.278657
2025-08-14,11844,2025081401014310,MBL,ABC Securities Private Limited,Linch Stock Market Ltd.,200,251.6,50320.0,2025-08-14 14:48:51.823371
2025-08-14,11249,2025081401014469,MBL,Premier Securities Company Ltd.,Midas Stock Broking Company Private Limited,500,251.5,125750.0,2025-08-14 14:49:38.751649
2025-08-14,11248,2025081401014470,MBL,Aryatara Investment & Securities,Midas Stock Broking Company Private Limited,300,251.2,75360.0,2025-08-14 14:49:38.751851
2025-08-14,11247,2025081401014471,MBL,Aryatara Investment & Securities,Midas Stock Broking Company Private Limited,300,251.2,75360.0,2025-08-14 14:49:38.751933
2025-08-14,10997,2025081401014526,MBL,Midas Stock Broking Company Private Limited,Nagarik Stock Dealer ,300,251.9,75570.0,2025-08-14 14:49:55.856336
2025-08-14,10813,2025081401014570,MBL,ABC Securities Private Limited,Nagarik Stock Dealer ,500,251.9,125950.0,2025-08-14 14:50:16.846131
2025-08-14,10189,2025081401014681,MBL,Vision Securities Pvt. Ltd,Nagarik Stock Dealer ,1000,251.9,251900.0,2025-08-14 14:51:02.194599
2025-08-14,8072,2025081401015088,MBL,Siprabi Securities Pvt. Ltd.,J.F. Securites (PVT) Ltd.,22,251.4,5530.8,2025-08-14 14:53:45.586628
2025-08-14,8071,2025081401015089,MBL,ABC Securities Private Limited,J.F. Securites (PVT) Ltd.,278,251.3,69861.4,2025-08-14 14:53:45.586827
2025-08-14,6825,2025081401015357,MBL,ABC Securities Private Limited,Naasa Securities Co. Ltd.,22,251.3,5528.6,2025-08-14 14:55:13.926535
2025-08-14,6824,2025081401015358,MBL,Aryatara Investment & Securities,Naasa Securities Co. Ltd.,68,251.2,17081.6,2025-08-14 14:55:13.926924
2025-08-14,6421,2025081401015424,MBL,Aryatara Investment & Securities,Vision Securities Pvt. Ltd,104,251.2,26124.8,2025-08-14 14:55:42.917332
2025-08-14,6317,2025081401015436,MBL,Aryatara Investment & Securities,Nagarik Stock Dealer ,128,251.2,32153.6,2025-08-14 14:55:49.792985
2025-08-14,6316,2025081401015437,MBL,Kalika Securities Pvt. Ltd.,Nagarik Stock Dealer ,300,251.2,75360.0,2025-08-14 14:55:49.793184
2025-08-14,5877,2025081401015565,MBL,Aryatara Investment & Securities,Nabil Stock Dealer Ltd.,10,251.1,2511.0,2025-08-14 14:56:21.492712
2025-08-14,5160,2025081401015728,MBL,Aryatara Investment & Securities,Nabil Stock Dealer Ltd.,10,251.1,2511.0,2025-08-14 14:56:57.630535
2025-08-14,5007,2025081401015754,MBL,ABC Securities Private Limited,Nagarik Stock Dealer ,500,251.2,125600.0,2025-08-14 14:57:06.145895
2025-08-14,3218,2025081401016139,MBL,Aryatara Investment & Securities,Deevyaa Securities & Stock House Pvt. Ltd,191,251.1,47960.1,2025-08-14 14:58:29.548319
2025-08-14,3217,2025081401016140,MBL,Premier Securities Company Ltd.,Deevyaa Securities & Stock House Pvt. Ltd,10,251.1,2511.0,2025-08-14 14:58:29.548501
2025-08-14,3216,2025081401016141,MBL,Dynamic Money Managers Securities Pvt. Ltd.,Deevyaa Securities & Stock House Pvt. Ltd,1459,251.0,366209.0,2025-08-14 14:58:29.548578
2025-08-14,2359,2025081401016362,MBL,Dynamic Money Managers Securities Pvt. Ltd.,Vision Securities Pvt. Ltd,126,251.0,31626.0,2025-08-14 14:59:02.115814
2025-08-14,1982,2025081401016430,MBL,South Asian Bulls Pvt. Ltd.,Nepal Stock House (PVT) Ltd.,200,251.2,50240.0,2025-08-14 14:59:14.091208
2025-08-14,1981,2025081401016431,MBL,South Asian Bulls Pvt. Ltd.,Imperial Securities Company Pvt. Ltd.,300,251.2,75360.0,2025-08-14 14:59:14.091392
2025-08-14,1740,2025081401016485,MBL,Sharepro Securities Private Limited,Imperial Securities Company Pvt. Ltd.,100,251.2,25120.0,2025-08-14 14:59:22.349944
2025-08-14,1739,2025081401016486,MBL,Sharepro Securities Private Limited,J.F. Securites (PVT) Ltd.,21,251.9,5289.9,2025-08-14 14:59:22.349986
2025-08-14,1738,2025081401016487,MBL,Sharepro Securities Private Limited,Premier Securities Company Ltd.,1000,251.9,251900.0,2025-08-14 14:59:22.350013
2025-08-14,1737,2025081401016488,MBL,Sharepro Securities Private Limited,Sundhara Securities Limited,83,251.9,20907.7,2025-08-14 14:59:22.350051
2025-08-14,1736,2025081401016489,MBL,Sharepro Securities Private Limited,Primo Securities (PVT) Ltd.,300,252.0,75600.0,2025-08-14 14:59:22.350084
2025-08-14,1735,2025081401016490,MBL,Sharepro Securities Private Limited,Imperial Securities Company Pvt. Ltd.,10,252.0,2520.0,2025-08-14 14:59:22.350119
2025-08-14,1734,2025081401016491,MBL,Sharepro Securities Private Limited,South Asian Bulls Pvt. Ltd.,200,252.0,50400.0,2025-08-14 14:59:22.350144
2025-08-14,1733,2025081401016492,MBL,Sharepro Securities Private Limited,Bhrikuti Stock Broking Co. Pvt. Ltd.,4286,252.0,1080072.0,2025-08-14 14:59:22.350168
2025-08-14,1203,2025081401016588,MBL,NIMB Stock Markets Limited,Imperial Securities Company Pvt. Ltd.,14,251.8,3525.2,2025-08-14 14:59:35.828536
2025-08-14,1202,2025081401016589,MBL,NIMB Stock Markets Limited,Bhrikuti Stock Broking Co. Pvt. Ltd.,714,252.0,179928.0,2025-08-14 14:59:35.828706
2025-08-14,944,2025081401016700,MBL,NIMB Stock Markets Limited,Premier Securities Company Ltd.,1000,252.0,252000.0,2025-08-14 14:59:40.267708
2025-08-14,689,2025081401016740,MBL,NIMB Stock Markets Limited,Naasa Securities Co. Ltd.,20,252.0,5040.0,2025-08-14 14:59:46.939567
2025-08-14,60,2025081401016856,MBL,NIMB Stock Markets Limited,Vision Securities Pvt. Ltd,5000,252.0,1260000.0,2025-08-14 14:59:59.775156
