Date,S.N.,Contract ID,Symbol,Buyer Broker,Seller Broker,quantity,rate,amount,transaction_time
2025-08-14,76513,2025081401000001,NBL,South Asian Bulls Pvt. Ltd.,Sundhara Securities Limited,100,282.0,28200.0,2025-08-14 10:46:00.031006
2025-08-14,76458,2025081401000004,NBL,South Asian Bulls Pvt. Ltd.,Sweta Securities Private Limited,100,281.0,28100.0,2025-08-14 11:00:28.406054
2025-08-14,76457,2025081401000005,NBL,South Asian Bulls Pvt. Ltd.,Sweta Securities Private Limited,100,280.0,28000.0,2025-08-14 11:00:28.406197
2025-08-14,76456,2025081401000006,NBL,South Asian Bulls Pvt. Ltd.,Sweta Securities Private Limited,100,280.0,28000.0,2025-08-14 11:00:28.406269
2025-08-14,76455,2025081401000007,NBL,Sundhara Securities Limited,Sweta Securities Private Limited,300,280.0,84000.0,2025-08-14 11:00:28.406335
2025-08-14,76454,2025081401000008,NBL,Naasa Securities Co. Ltd.,Sweta Securities Private Limited,100,280.0,28000.0,2025-08-14 11:00:28.406398
2025-08-14,76438,2025081401000010,NBL,South Asian Bulls Pvt. Ltd.,Premier Securities Company Ltd.,40,279.0,11160.0,2025-08-14 11:00:38.986698
2025-08-14,76429,2025081401000012,NBL,South Asian Bulls Pvt. Ltd.,South Asian Bulls Pvt. Ltd.,60,279.0,16740.0,2025-08-14 11:00:42.929194
2025-08-14,76387,2025081401000023,NBL,Imperial Securities Company Pvt. Ltd.,Primo Securities (PVT) Ltd.,10,278.0,2780.0,2025-08-14 11:00:59.826534
2025-08-14,76386,2025081401000024,NBL,Online Securities Pvt. Ltd.,Primo Securities (PVT) Ltd.,50,278.0,13900.0,2025-08-14 11:00:59.826612
2025-08-14,76385,2025081401000025,NBL,South Asian Bulls Pvt. Ltd.,Primo Securities (PVT) Ltd.,90,278.0,25020.0,2025-08-14 11:00:59.826642
2025-08-14,76384,2025081401000026,NBL,South Asian Bulls Pvt. Ltd.,Sundhara Securities Limited,10,278.0,2780.0,2025-08-14 11:01:00.101015
2025-08-14,76383,2025081401000027,NBL,Dakshinkali Investment & Securities Pvt. Ltd.,Sundhara Securities Limited,990,278.0,275220.0,2025-08-14 11:01:00.477182
2025-08-14,76382,2025081401000028,NBL,Dakshinkali Investment & Securities Pvt. Ltd.,South Asian Bulls Pvt. Ltd.,390,279.0,108810.0,2025-08-14 11:01:00.477231
2025-08-14,76381,2025081401000029,NBL,Dakshinkali Investment & Securities Pvt. Ltd.,Vision Securities Pvt. Ltd,500,279.0,139500.0,2025-08-14 11:01:00.477256
2025-08-14,76380,2025081401000030,NBL,Dakshinkali Investment & Securities Pvt. Ltd.,Sweta Securities Private Limited,500,279.0,139500.0,2025-08-14 11:01:00.477280
2025-08-14,76379,2025081401000031,NBL,Dakshinkali Investment & Securities Pvt. Ltd.,Sweta Securities Private Limited,1300,280.0,364000.0,2025-08-14 11:01:00.477318
2025-08-14,76378,2025081401000032,NBL,Dakshinkali Investment & Securities Pvt. Ltd.,Capital Max Securities Ltd,500,280.0,140000.0,2025-08-14 11:01:00.477340
2025-08-14,76373,2025081401000033,NBL,Dakshinkali Investment & Securities Pvt. Ltd.,Nepal Investment And Securities Trading Private Limited,100,280.0,28000.0,2025-08-14 11:01:01.452158
2025-08-14,76372,2025081401000034,NBL,Dakshinkali Investment & Securities Pvt. Ltd.,Nepal Investment And Securities Trading Private Limited,720,280.0,201600.0,2025-08-14 11:01:01.460149
2025-08-14,76371,2025081401000035,NBL,Aryatara Investment & Securities,Nepal Investment And Securities Trading Private Limited,100,277.5,27750.0,2025-08-14 11:01:01.460194
2025-08-14,76370,2025081401000036,NBL,Naasa Securities Co. Ltd.,Nepal Investment And Securities Trading Private Limited,1000,277.5,277500.0,2025-08-14 11:01:01.460220
2025-08-14,76369,2025081401000037,NBL,Thrive Brokerage House Pvt. Ltd,Nepal Investment And Securities Trading Private Limited,500,277.4,138700.0,2025-08-14 11:01:01.460245
2025-08-14,76368,2025081401000038,NBL,Imperial Securities Company Pvt. Ltd.,Nepal Investment And Securities Trading Private Limited,100,277.3,27730.0,2025-08-14 11:01:01.460290
2025-08-14,76367,2025081401000039,NBL,Shree Krishna Securities Ltd.,Nepal Investment And Securities Trading Private Limited,1000,277.3,277300.0,2025-08-14 11:01:01.460314
2025-08-14,76366,2025081401000040,NBL,Imperial Securities Company Pvt. Ltd.,Nepal Investment And Securities Trading Private Limited,400,277.3,110920.0,2025-08-14 11:01:01.460335
2025-08-14,76365,2025081401000041,NBL,Oxford Securities Pvt. Ltd.,Nepal Investment And Securities Trading Private Limited,10,277.3,2773.0,2025-08-14 11:01:01.460358
2025-08-14,76343,2025081401000046,NBL,Aakashbhairab Securities Ltd.,Kohinoor Investment & Securities Pvt. Ltd.,900,277.29,249561.0,2025-08-14 11:01:10.254874
2025-08-14,76324,2025081401000051,NBL,Aakashbhairab Securities Ltd.,Cristal Kanchanjanga Securites Pvt. Ltd.,100,277.29,27729.0,2025-08-14 11:01:16.407581
2025-08-14,76311,2025081401000055,NBL,Naasa Securities Co. Ltd.,Sweta Securities Private Limited,400,274.0,109600.0,2025-08-14 11:01:25.731432
2025-08-14,76310,2025081401000056,NBL,Primo Securities (PVT) Ltd.,Sweta Securities Private Limited,497,274.0,136178.0,2025-08-14 11:01:25.731477
2025-08-14,76273,2025081401000062,NBL,Primo Securities (PVT) Ltd.,Arun Securities (PVT) Ltd.,200,274.0,54800.0,2025-08-14 11:01:36.720981
2025-08-14,76270,2025081401000063,NBL,Primo Securities (PVT) Ltd.,Vision Securities Pvt. Ltd,1500,274.0,411000.0,2025-08-14 11:01:37.658345
2025-08-14,76260,2025081401000065,NBL,Primo Securities (PVT) Ltd.,Primo Securities (PVT) Ltd.,100,274.0,27400.0,2025-08-14 11:01:39.969525
2025-08-14,76181,2025081401000082,NBL,Neev Securities Pvt. Ltd.,Secured Securities Ltd.,735,274.2,201537.0,2025-08-14 11:02:01.795284
2025-08-14,76171,2025081401000085,NBL,Neev Securities Pvt. Ltd.,Deevyaa Securities & Stock House Pvt. Ltd,265,274.2,72663.0,2025-08-14 11:02:03.926817
2025-08-14,76170,2025081401000086,NBL,Kohinoor Investment & Securities Pvt. Ltd.,Deevyaa Securities & Stock House Pvt. Ltd,300,274.2,82260.0,2025-08-14 11:02:03.926862
2025-08-14,76169,2025081401000087,NBL,Himalayan Brokerage Company Limited,Deevyaa Securities & Stock House Pvt. Ltd,1000,274.1,274100.0,2025-08-14 11:02:03.926893
2025-08-14,76168,2025081401000088,NBL,Asian Securities Private Ltd.,Deevyaa Securities & Stock House Pvt. Ltd,500,274.1,137050.0,2025-08-14 11:02:03.926923
2025-08-14,76167,2025081401000089,NBL,Primo Securities (PVT) Ltd.,Deevyaa Securities & Stock House Pvt. Ltd,703,274.0,192622.0,2025-08-14 11:02:03.926985
2025-08-14,76166,2025081401000090,NBL,Kohinoor Investment & Securities Pvt. Ltd.,Deevyaa Securities & Stock House Pvt. Ltd,100,273.5,27350.0,2025-08-14 11:02:03.927008
2025-08-14,76165,2025081401000091,NBL,Dakshinkali Investment & Securities Pvt. Ltd.,Deevyaa Securities & Stock House Pvt. Ltd,5000,272.0,1360000.0,2025-08-14 11:02:03.927037
2025-08-14,76164,2025081401000092,NBL,South Asian Bulls Pvt. Ltd.,Deevyaa Securities & Stock House Pvt. Ltd,100,272.0,27200.0,2025-08-14 11:02:03.927060
2025-08-14,76159,2025081401000093,NBL,Vision Securities Pvt. Ltd,Deevyaa Securities & Stock House Pvt. Ltd,500,272.0,136000.0,2025-08-14 11:02:05.092752
2025-08-14,76136,2025081401000096,NBL,Vision Securities Pvt. Ltd,Deevyaa Securities & Stock House Pvt. Ltd,2000,270.1,540200.0,2025-08-14 11:02:20.025635
2025-08-14,76106,2025081401000099,NBL,Aryatara Investment & Securities,South Asian Bulls Pvt. Ltd.,25,271.0,6775.0,2025-08-14 11:02:33.347064
2025-08-14,76105,2025081401000100,NBL,Aryatara Investment & Securities,Deevyaa Securities & Stock House Pvt. Ltd,75,272.0,20400.0,2025-08-14 11:02:33.347231
2025-08-14,76097,2025081401000102,NBL,Dipshikha Dhitopatra Karobar Co. Pvt Ltd.,Deevyaa Securities & Stock House Pvt. Ltd,250,272.0,68000.0,2025-08-14 11:02:39.213089
2025-08-14,76088,2025081401000103,NBL,Vision Securities Pvt. Ltd,SUN SECURITIES PVT LTD,100,270.2,27020.0,2025-08-14 11:02:39.713627
2025-08-14,76079,2025081401000106,NBL,Primo Securities (PVT) Ltd.,Asian Securities Private Ltd.,500,270.1,135050.0,2025-08-14 11:02:41.160406
2025-08-14,76051,2025081401000113,NBL,Primo Securities (PVT) Ltd.,Online Securities Pvt. Ltd.,400,270.1,108040.0,2025-08-14 11:02:54.894693
2025-08-14,76045,2025081401000118,NBL,Primo Securities (PVT) Ltd.,SUN SECURITIES PVT LTD,100,270.1,27010.0,2025-08-14 11:02:56.774345
2025-08-14,76044,2025081401000119,NBL,South Asian Bulls Pvt. Ltd.,SUN SECURITIES PVT LTD,300,270.1,81030.0,2025-08-14 11:02:56.774484
2025-08-14,76042,2025081401000120,NBL,South Asian Bulls Pvt. Ltd.,Bhrikuti Stock Broking Co. Pvt. Ltd.,700,270.1,189070.0,2025-08-14 11:02:57.629623
2025-08-14,76041,2025081401000121,NBL,Neev Securities Pvt. Ltd.,Bhrikuti Stock Broking Co. Pvt. Ltd.,451,270.0,121770.0,2025-08-14 11:02:57.629680
2025-08-14,76027,2025081401000125,NBL,Trisul Securities & Invt. Ltd.,Imperial Securities Company Pvt. Ltd.,147,270.2,39719.4,2025-08-14 11:03:03.945718
2025-08-14,75988,2025081401000130,NBL,Dakshinkali Investment & Securities Pvt. Ltd.,Deevyaa Securities & Stock House Pvt. Ltd,1207,272.0,328304.0,2025-08-14 11:03:22.145814
2025-08-14,75986,2025081401000132,NBL,Dakshinkali Investment & Securities Pvt. Ltd.,Sundhara Securities Limited,110,272.0,29920.0,2025-08-14 11:03:22.717392
2025-08-14,75980,2025081401000136,NBL,Vision Securities Pvt. Ltd,Sundhara Securities Limited,15,272.0,4080.0,2025-08-14 11:03:23.823066
2025-08-14,75961,2025081401000139,NBL,Vision Securities Pvt. Ltd,Trishakti Securities Public Limited,300,271.2,81360.0,2025-08-14 11:03:32.757956
2025-08-14,75956,2025081401000143,NBL,Vision Securities Pvt. Ltd,Sundhara Securities Limited,1275,272.0,346800.0,2025-08-14 11:03:33.943947
2025-08-14,75934,2025081401000148,NBL,Vision Securities Pvt. Ltd,Siprabi Securities Pvt. Ltd.,200,272.1,54420.0,2025-08-14 11:03:48.073991
2025-08-14,75930,2025081401000149,NBL,Nepal Stock House (PVT) Ltd.,ABC Securities Private Limited,110,273.0,30030.0,2025-08-14 11:03:49.051659
2025-08-14,75897,2025081401000161,NBL,Garima Securities Limited,Imperial Securities Company Pvt. Ltd.,50,274.0,13700.0,2025-08-14 11:04:02.256857
2025-08-14,75884,2025081401000166,NBL,Nepal Stock House (PVT) Ltd.,Imperial Securities Company Pvt. Ltd.,50,273.0,13650.0,2025-08-14 11:04:06.350157
2025-08-14,75883,2025081401000167,NBL,Oxford Securities Pvt. Ltd.,Imperial Securities Company Pvt. Ltd.,450,273.0,122850.0,2025-08-14 11:04:06.350217
2025-08-14,75863,2025081401000169,NBL,Online Securities Pvt. Ltd.,Sewa Securities Pvt. Ltd.,100,274.1,27410.0,2025-08-14 11:04:13.807276
2025-08-14,75862,2025081401000170,NBL,Oxford Securities Pvt. Ltd.,Sewa Securities Pvt. Ltd.,50,273.0,13650.0,2025-08-14 11:04:13.807350
2025-08-14,75861,2025081401000171,NBL,Sani Securities Company Ltd.,Sewa Securities Pvt. Ltd.,50,273.0,13650.0,2025-08-14 11:04:13.807396
2025-08-14,75853,2025081401000173,NBL,Agrawal Securities (PVT) Ltd.,Asian Securities Private Ltd.,50,273.1,13655.0,2025-08-14 11:04:19.764663
2025-08-14,75824,2025081401000181,NBL,Dynamic Money Managers Securities Pvt. Ltd.,Imperial Securities Company Pvt. Ltd.,147,274.1,40292.7,2025-08-14 11:04:26.537169
2025-08-14,75798,2025081401000187,NBL,Dynamic Money Managers Securities Pvt. Ltd.,Imperial Securities Company Pvt. Ltd.,250,274.1,68525.0,2025-08-14 11:04:39.717584
2025-08-14,75770,2025081401000193,NBL,Dynamic Money Managers Securities Pvt. Ltd.,Kumari Securities Private Limited,200,274.1,54820.0,2025-08-14 11:04:46.885759
2025-08-14,75761,2025081401000197,NBL,Dynamic Money Managers Securities Pvt. Ltd.,Sweta Securities Private Limited,40,274.1,10964.0,2025-08-14 11:04:50.925913
2025-08-14,75725,2025081401000208,NBL,Sundhara Securities Limited,Vision Securities Pvt. Ltd,50,274.2,13710.0,2025-08-14 11:04:59.522004
2025-08-14,75710,2025081401000213,NBL,Trisul Securities & Invt. Ltd.,Asian Securities Private Ltd.,50,274.9,13745.0,2025-08-14 11:05:07.071710
2025-08-14,75709,2025081401000214,NBL,Trisul Securities & Invt. Ltd.,Sani Securities Company Ltd.,80,275.0,22000.0,2025-08-14 11:05:07.071787
2025-08-14,75708,2025081401000215,NBL,Trisul Securities & Invt. Ltd.,Trishakti Securities Public Limited,23,275.0,6325.0,2025-08-14 11:05:07.071840
2025-08-14,75700,2025081401000216,NBL,Sumeru Securities Pvt. Ltd.,Trishakti Securities Public Limited,300,275.0,82500.0,2025-08-14 11:05:08.925267
2025-08-14,75696,2025081401000218,NBL,Citizens Share Broker Limited,Sewa Securities Pvt. Ltd.,30,274.2,8226.0,2025-08-14 11:05:10.183109
2025-08-14,75695,2025081401000219,NBL,Dynamic Money Managers Securities Pvt. Ltd.,Sewa Securities Pvt. Ltd.,50,274.1,13705.0,2025-08-14 11:05:10.183210
2025-08-14,75676,2025081401000225,NBL,Dynamic Money Managers Securities Pvt. Ltd.,Imperial Securities Company Pvt. Ltd.,313,274.1,85793.3,2025-08-14 11:05:18.260417
2025-08-14,75675,2025081401000226,NBL,Trishakti Securities Public Limited,Imperial Securities Company Pvt. Ltd.,500,274.1,137050.0,2025-08-14 11:05:18.260591
2025-08-14,75661,2025081401000228,NBL,Aryatara Investment & Securities,Imperial Securities Company Pvt. Ltd.,50,274.0,13700.0,2025-08-14 11:05:22.983184
2025-08-14,75608,2025081401000241,NBL,Dipshikha Dhitopatra Karobar Co. Pvt Ltd.,Imperial Securities Company Pvt. Ltd.,137,274.0,37538.0,2025-08-14 11:05:39.847512
2025-08-14,75607,2025081401000242,NBL,Dipshikha Dhitopatra Karobar Co. Pvt Ltd.,Cristal Kanchanjanga Securites Pvt. Ltd.,35,274.0,9590.0,2025-08-14 11:05:39.847691
2025-08-14,75571,2025081401000249,NBL,Sundhara Securities Limited,Online Securities Pvt. Ltd.,25,273.3,6832.5,2025-08-14 11:05:48.021602
2025-08-14,75570,2025081401000250,NBL,Sundhara Securities Limited,Online Securities Pvt. Ltd.,175,273.2,47810.0,2025-08-14 11:05:48.021732
2025-08-14,75565,2025081401000251,NBL,Kalika Securities Pvt. Ltd.,Cristal Kanchanjanga Securites Pvt. Ltd.,100,274.0,27400.0,2025-08-14 11:05:50.837002
2025-08-14,75548,2025081401000254,NBL,Sundhara Securities Limited,Sumeru Securities Pvt. Ltd.,100,273.2,27320.0,2025-08-14 11:05:56.136913
2025-08-14,75536,2025081401000256,NBL,Sundhara Securities Limited,Trishakti Securities Public Limited,200,273.2,54640.0,2025-08-14 11:06:01.549677
2025-08-14,75518,2025081401000262,NBL,Dakshinkali Investment & Securities Pvt. Ltd.,Siprabi Securities Pvt. Ltd.,200,273.5,54700.0,2025-08-14 11:06:09.123595
2025-08-14,75517,2025081401000263,NBL,Dakshinkali Investment & Securities Pvt. Ltd.,Cristal Kanchanjanga Securites Pvt. Ltd.,765,274.0,209610.0,2025-08-14 11:06:09.123710
2025-08-14,75516,2025081401000264,NBL,Dakshinkali Investment & Securities Pvt. Ltd.,Sani Securities Company Ltd.,1800,274.0,493200.0,2025-08-14 11:06:09.123753
2025-08-14,75492,2025081401000268,NBL,Sumeru Securities Pvt. Ltd.,Vision Securities Pvt. Ltd,40,273.9,10956.0,2025-08-14 11:06:16.276477
2025-08-14,75451,2025081401000284,NBL,Agrawal Securities (PVT) Ltd.,Linch Stock Market Ltd.,500,273.5,136750.0,2025-08-14 11:06:31.554935
2025-08-14,75430,2025081401000291,NBL,Aryatara Investment & Securities,Kalika Securities Pvt. Ltd.,100,273.5,27350.0,2025-08-14 11:06:38.514673
2025-08-14,75411,2025081401000299,NBL,Dynamic Money Managers Securities Pvt. Ltd.,Sani Securities Company Ltd.,400,273.5,109400.0,2025-08-14 11:06:49.643193
2025-08-14,75410,2025081401000300,NBL,Linch Stock Market Ltd.,Sani Securities Company Ltd.,400,273.5,109400.0,2025-08-14 11:06:49.643316
2025-08-14,75409,2025081401000301,NBL,Nepal Stock House (PVT) Ltd.,Sani Securities Company Ltd.,1000,273.3,273300.0,2025-08-14 11:06:49.643367
2025-08-14,75408,2025081401000302,NBL,Sundhara Securities Limited,Sani Securities Company Ltd.,25,273.2,6830.0,2025-08-14 11:06:49.643413
2025-08-14,75407,2025081401000303,NBL,Dakshinkali Investment & Securities Pvt. Ltd.,Sani Securities Company Ltd.,675,273.1,184342.5,2025-08-14 11:06:49.643456
2025-08-14,75369,2025081401000306,NBL,Siprabi Securities Pvt. Ltd.,Dakshinkali Investment & Securities Pvt. Ltd.,200,273.5,54700.0,2025-08-14 11:06:56.753697
2025-08-14,75368,2025081401000307,NBL,Agrawal Securities (PVT) Ltd.,Dakshinkali Investment & Securities Pvt. Ltd.,1000,273.5,273500.0,2025-08-14 11:06:57.004683
2025-08-14,75277,2025081401000330,NBL,Agrawal Securities (PVT) Ltd.,Opal Securities Investment (PVT) Ltd.,500,273.3,136650.0,2025-08-14 11:07:21.346726
2025-08-14,75276,2025081401000331,NBL,Agrawal Securities (PVT) Ltd.,Imperial Securities Company Pvt. Ltd.,500,273.3,136650.0,2025-08-14 11:07:21.346871
2025-08-14,75272,2025081401000333,NBL,Dakshinkali Investment & Securities Pvt. Ltd.,J.F. Securites (PVT) Ltd.,325,273.1,88757.5,2025-08-14 11:07:24.225272
2025-08-14,75262,2025081401000334,NBL,Asian Securities Private Ltd.,J.F. Securites (PVT) Ltd.,200,273.1,54620.0,2025-08-14 11:07:27.297531
2025-08-14,75246,2025081401000337,NBL,Thrive Brokerage House Pvt. Ltd,J.F. Securites (PVT) Ltd.,50,273.1,13655.0,2025-08-14 11:07:34.321882
2025-08-14,75245,2025081401000338,NBL,Naasa Securities Co. Ltd.,Online Securities Pvt. Ltd.,100,273.0,27300.0,2025-08-14 11:07:34.916357
2025-08-14,75240,2025081401000340,NBL,J.F. Securites (PVT) Ltd.,J.F. Securites (PVT) Ltd.,10,273.1,2731.0,2025-08-14 11:07:36.298014
2025-08-14,75234,2025081401000341,NBL,Aryatara Investment & Securities,J.F. Securites (PVT) Ltd.,200,273.1,54620.0,2025-08-14 11:07:37.982507
2025-08-14,75214,2025081401000342,NBL,Sundhara Securities Limited,J.F. Securites (PVT) Ltd.,15,273.1,4096.5,2025-08-14 11:07:45.940598
2025-08-14,75211,2025081401000343,NBL,Sundhara Securities Limited,Naasa Securities Co. Ltd.,385,273.1,105143.5,2025-08-14 11:07:46.542493
2025-08-14,75210,2025081401000344,NBL,Elite Stock House Limited,Naasa Securities Co. Ltd.,10,273.0,2730.0,2025-08-14 11:07:46.542589
2025-08-14,75209,2025081401000345,NBL,Premier Securities Company Ltd.,Naasa Securities Co. Ltd.,200,273.0,54600.0,2025-08-14 11:07:46.542642
2025-08-14,75208,2025081401000346,NBL,Linch Stock Market Ltd.,Naasa Securities Co. Ltd.,75,273.0,20475.0,2025-08-14 11:07:46.542684
2025-08-14,75207,2025081401000347,NBL,Aryatara Investment & Securities,Naasa Securities Co. Ltd.,100,273.0,27300.0,2025-08-14 11:07:46.542723
2025-08-14,75206,2025081401000348,NBL,Nepal Stock House (PVT) Ltd.,Naasa Securities Co. Ltd.,50,273.0,13650.0,2025-08-14 11:07:46.542765
2025-08-14,75134,2025081401000364,NBL,Naasa Securities Co. Ltd.,Trishakti Securities Public Limited,30,273.3,8199.0,2025-08-14 11:07:54.172155
2025-08-14,75133,2025081401000365,NBL,Nepal Stock House (PVT) Ltd.,Trishakti Securities Public Limited,50,273.0,13650.0,2025-08-14 11:07:54.172273
2025-08-14,75128,2025081401000366,NBL,Opal Securities Investment (PVT) Ltd.,Trisul Securities & Invt. Ltd.,650,272.5,177125.0,2025-08-14 11:07:56.889294
2025-08-14,75127,2025081401000367,NBL,Linch Stock Market Ltd.,Trisul Securities & Invt. Ltd.,500,272.4,136200.0,2025-08-14 11:07:56.889482
2025-08-14,75126,2025081401000368,NBL,Vision Securities Pvt. Ltd,Trisul Securities & Invt. Ltd.,500,272.3,136150.0,2025-08-14 11:07:56.889606
2025-08-14,75125,2025081401000369,NBL,Online Securities Pvt. Ltd.,Trisul Securities & Invt. Ltd.,40,272.2,10888.0,2025-08-14 11:07:56.889725
2025-08-14,75124,2025081401000370,NBL,Dakshinkali Investment & Securities Pvt. Ltd.,Trisul Securities & Invt. Ltd.,310,272.2,84382.0,2025-08-14 11:07:56.889841
2025-08-14,75115,2025081401000372,NBL,Sewa Securities Pvt. Ltd.,Trishakti Securities Public Limited,20,273.0,5460.0,2025-08-14 11:08:01.140763
2025-08-14,75071,2025081401000378,NBL,Sewa Securities Pvt. Ltd.,Sewa Securities Pvt. Ltd.,30,273.0,8190.0,2025-08-14 11:08:15.185707
2025-08-14,74971,2025081401000384,NBL,Vision Securities Pvt. Ltd,Kohinoor Investment & Securities Pvt. Ltd.,800,272.3,217840.0,2025-08-14 11:08:20.941339
2025-08-14,74957,2025081401000385,NBL,Vision Securities Pvt. Ltd,Naasa Securities Co. Ltd.,1200,272.3,326760.0,2025-08-14 11:08:22.661520
2025-08-14,74956,2025081401000386,NBL,Dakshinkali Investment & Securities Pvt. Ltd.,Naasa Securities Co. Ltd.,3800,272.2,1034360.0,2025-08-14 11:08:22.661620
2025-08-14,74844,2025081401000407,NBL,Sumeru Securities Pvt. Ltd.,Sewa Securities Pvt. Ltd.,100,272.5,27250.0,2025-08-14 11:08:45.440581
2025-08-14,74842,2025081401000408,NBL,Nepal Investment And Securities Trading Private Limited,Dipshikha Dhitopatra Karobar Co. Pvt Ltd.,1500,273.4,410100.0,2025-08-14 11:08:46.229552
2025-08-14,74829,2025081401000409,NBL,Sundhara Securities Limited,Primo Securities (PVT) Ltd.,102,273.0,27846.0,2025-08-14 11:08:49.264243
2025-08-14,74812,2025081401000412,NBL,Sundhara Securities Limited,Vision Securities Pvt. Ltd,98,273.0,26754.0,2025-08-14 11:08:57.740220
2025-08-14,74811,2025081401000413,NBL,Sumeru Securities Pvt. Ltd.,Vision Securities Pvt. Ltd,200,272.5,54500.0,2025-08-14 11:08:57.740425
2025-08-14,74810,2025081401000414,NBL,Siprabi Securities Pvt. Ltd.,Vision Securities Pvt. Ltd,500,272.3,136150.0,2025-08-14 11:08:57.740571
2025-08-14,74809,2025081401000415,NBL,Dakshinkali Investment & Securities Pvt. Ltd.,Vision Securities Pvt. Ltd,202,272.2,54984.4,2025-08-14 11:08:57.740711
2025-08-14,74771,2025081401000416,NBL,Trishakti Securities Public Limited,Agrawal Securities (PVT) Ltd.,400,273.0,109200.0,2025-08-14 11:09:01.540504
2025-08-14,74756,2025081401000424,NBL,Trishakti Securities Public Limited,Trisul Securities & Invt. Ltd.,98,273.0,26754.0,2025-08-14 11:09:06.303289
2025-08-14,74727,2025081401000428,NBL,Nepal Stock House (PVT) Ltd.,Aryatara Investment & Securities,1355,273.0,369915.0,2025-08-14 11:09:17.444615
2025-08-14,74712,2025081401000434,NBL,Kumari Securities Private Limited,Vision Securities Pvt. Ltd,20,272.4,5448.0,2025-08-14 11:09:23.946188
2025-08-14,74711,2025081401000435,NBL,Nepal Stock House (PVT) Ltd.,Vision Securities Pvt. Ltd,980,272.4,266952.0,2025-08-14 11:09:23.946296
2025-08-14,74690,2025081401000440,NBL,Nepal Stock House (PVT) Ltd.,Cristal Kanchanjanga Securites Pvt. Ltd.,500,272.4,136200.0,2025-08-14 11:09:27.818853
2025-08-14,74657,2025081401000453,NBL,South Asian Bulls Pvt. Ltd.,Aryatara Investment & Securities,50,273.0,13650.0,2025-08-14 11:09:34.843168
2025-08-14,74646,2025081401000457,NBL,Agrawal Securities (PVT) Ltd.,Trishakti Securities Public Limited,100,273.0,27300.0,2025-08-14 11:09:37.898881
2025-08-14,74645,2025081401000458,NBL,Agrawal Securities (PVT) Ltd.,Sewa Securities Pvt. Ltd.,200,273.0,54600.0,2025-08-14 11:09:37.899000
2025-08-14,74629,2025081401000462,NBL,Nepal Investment And Securities Trading Private Limited,Dakshinkali Investment & Securities Pvt. Ltd.,501,273.5,137023.5,2025-08-14 11:09:46.527138
2025-08-14,74627,2025081401000463,NBL,Nepal Investment And Securities Trading Private Limited,Kalika Securities Pvt. Ltd.,50,273.5,13675.0,2025-08-14 11:09:47.051905
2025-08-14,74521,2025081401000475,NBL,Linch Stock Market Ltd.,Cristal Kanchanjanga Securites Pvt. Ltd.,500,273.7,136850.0,2025-08-14 11:10:02.476107
2025-08-14,74515,2025081401000476,NBL,Nepal Investment And Securities Trading Private Limited,Vision Securities Pvt. Ltd,449,273.5,122801.5,2025-08-14 11:10:04.277072
2025-08-14,74514,2025081401000477,NBL,Agrawal Securities (PVT) Ltd.,Vision Securities Pvt. Ltd,200,273.0,54600.0,2025-08-14 11:10:04.277319
2025-08-14,74513,2025081401000478,NBL,Blue Chip Securities Ltd,Vision Securities Pvt. Ltd,100,273.0,27300.0,2025-08-14 11:10:04.277528
2025-08-14,74512,2025081401000479,NBL,Nepal Investment And Securities Trading Private Limited,Vision Securities Pvt. Ltd,251,272.5,68397.5,2025-08-14 11:10:04.277743
2025-08-14,74448,2025081401000488,NBL,Nepal Investment And Securities Trading Private Limited,Trishakti Securities Public Limited,149,272.5,40602.5,2025-08-14 11:10:12.959806
2025-08-14,74447,2025081401000489,NBL,Nepal Stock House (PVT) Ltd.,Trishakti Securities Public Limited,420,272.4,114408.0,2025-08-14 11:10:12.959916
2025-08-14,74446,2025081401000490,NBL,Dakshinkali Investment & Securities Pvt. Ltd.,Trishakti Securities Public Limited,108,272.2,29397.6,2025-08-14 11:10:12.959966
2025-08-14,74438,2025081401000493,NBL,Oxford Securities Pvt. Ltd.,Dipshikha Dhitopatra Karobar Co. Pvt Ltd.,500,273.5,136750.0,2025-08-14 11:10:15.086663
2025-08-14,74411,2025081401000503,NBL,Dakshinkali Investment & Securities Pvt. Ltd.,Vision Securities Pvt. Ltd,580,272.2,157876.0,2025-08-14 11:10:20.386314
2025-08-14,74410,2025081401000504,NBL,Online Securities Pvt. Ltd.,Vision Securities Pvt. Ltd,25,272.1,6802.5,2025-08-14 11:10:20.386523
2025-08-14,74409,2025081401000505,NBL,Dakshinkali Investment & Securities Pvt. Ltd.,Vision Securities Pvt. Ltd,395,272.0,107440.0,2025-08-14 11:10:20.386675
2025-08-14,74399,2025081401000506,NBL,Linch Stock Market Ltd.,Trishakti Securities Public Limited,200,272.1,54420.0,2025-08-14 11:10:23.064022
2025-08-14,74398,2025081401000507,NBL,Dakshinkali Investment & Securities Pvt. Ltd.,Trishakti Securities Public Limited,1605,272.0,436560.0,2025-08-14 11:10:23.064263
2025-08-14,74397,2025081401000508,NBL,Sundhara Securities Limited,Trishakti Securities Public Limited,50,272.0,13600.0,2025-08-14 11:10:23.064413
2025-08-14,74396,2025081401000509,NBL,Dipshikha Dhitopatra Karobar Co. Pvt Ltd.,Trishakti Securities Public Limited,500,272.0,136000.0,2025-08-14 11:10:23.064550
2025-08-14,74395,2025081401000510,NBL,Aryatara Investment & Securities,Trishakti Securities Public Limited,100,272.0,27200.0,2025-08-14 11:10:23.064685
2025-08-14,74394,2025081401000511,NBL,Premier Securities Company Ltd.,Trishakti Securities Public Limited,20,272.0,5440.0,2025-08-14 11:10:23.064824
2025-08-14,74393,2025081401000512,NBL,Sundhara Securities Limited,Trishakti Securities Public Limited,25,272.0,6800.0,2025-08-14 11:10:23.064955
2025-08-14,74392,2025081401000513,NBL,Imperial Securities Company Pvt. Ltd.,Trishakti Securities Public Limited,100,272.0,27200.0,2025-08-14 11:10:23.065097
2025-08-14,74391,2025081401000514,NBL,Online Securities Pvt. Ltd.,Trishakti Securities Public Limited,50,272.0,13600.0,2025-08-14 11:10:23.065235
2025-08-14,74390,2025081401000515,NBL,Dipshikha Dhitopatra Karobar Co. Pvt Ltd.,Trishakti Securities Public Limited,80,272.0,21760.0,2025-08-14 11:10:23.065365
2025-08-14,74389,2025081401000516,NBL,Dynamic Money Managers Securities Pvt. Ltd.,Trishakti Securities Public Limited,200,271.5,54300.0,2025-08-14 11:10:23.065491
2025-08-14,74388,2025081401000517,NBL,Vision Securities Pvt. Ltd,Trishakti Securities Public Limited,200,271.2,54240.0,2025-08-14 11:10:23.065627
2025-08-14,74387,2025081401000518,NBL,Dakshinkali Investment & Securities Pvt. Ltd.,Trishakti Securities Public Limited,2000,271.0,542000.0,2025-08-14 11:10:23.065756
2025-08-14,74386,2025081401000519,NBL,Sundhara Securities Limited,Trishakti Securities Public Limited,25,271.0,6775.0,2025-08-14 11:10:23.065906
2025-08-14,74385,2025081401000520,NBL,Sundhara Securities Limited,Trishakti Securities Public Limited,50,271.0,13550.0,2025-08-14 11:10:23.066035
2025-08-14,74384,2025081401000521,NBL,Dipshikha Dhitopatra Karobar Co. Pvt Ltd.,Trishakti Securities Public Limited,125,271.0,33875.0,2025-08-14 11:10:23.066169
2025-08-14,74383,2025081401000522,NBL,Sani Securities Company Ltd.,Trishakti Securities Public Limited,200,271.0,54200.0,2025-08-14 11:10:23.066297
2025-08-14,74382,2025081401000523,NBL,Premier Securities Company Ltd.,Trishakti Securities Public Limited,200,271.0,54200.0,2025-08-14 11:10:23.066444
2025-08-14,74381,2025081401000524,NBL,Online Securities Pvt. Ltd.,Trishakti Securities Public Limited,400,270.3,108120.0,2025-08-14 11:10:23.066566
2025-08-14,74380,2025081401000525,NBL,Dynamic Money Managers Securities Pvt. Ltd.,Trishakti Securities Public Limited,1000,270.3,270300.0,2025-08-14 11:10:23.066694
2025-08-14,74379,2025081401000526,NBL,Aryatara Investment & Securities,Trishakti Securities Public Limited,100,270.3,27030.0,2025-08-14 11:10:23.066817
2025-08-14,74378,2025081401000527,NBL,Vision Securities Pvt. Ltd,Trishakti Securities Public Limited,400,270.2,108080.0,2025-08-14 11:10:23.066945
2025-08-14,74377,2025081401000528,NBL,Neev Securities Pvt. Ltd.,Trishakti Securities Public Limited,1549,270.0,418230.0,2025-08-14 11:10:23.067082
2025-08-14,74376,2025081401000529,NBL,Blue Chip Securities Ltd,Trishakti Securities Public Limited,100,270.0,27000.0,2025-08-14 11:10:23.067205
2025-08-14,74375,2025081401000530,NBL,Sagarmatha Securities Private Limited,Trishakti Securities Public Limited,200,270.0,54000.0,2025-08-14 11:10:23.067317
2025-08-14,74374,2025081401000531,NBL,Elite Stock House Limited,Trishakti Securities Public Limited,20,270.0,5400.0,2025-08-14 11:10:23.067436
2025-08-14,74373,2025081401000532,NBL,Nepal Stock House (PVT) Ltd.,Trishakti Securities Public Limited,40,270.0,10800.0,2025-08-14 11:10:23.067540
2025-08-14,74372,2025081401000533,NBL,Malla & Malla Stock Broking Company Pvt. Limited,Trishakti Securities Public Limited,200,270.0,54000.0,2025-08-14 11:10:23.067662
2025-08-14,74371,2025081401000534,NBL,Kumari Securities Private Limited,Trishakti Securities Public Limited,1000,270.0,270000.0,2025-08-14 11:10:23.067771
2025-08-14,74370,2025081401000535,NBL,Kumari Securities Private Limited,Trishakti Securities Public Limited,1000,270.0,270000.0,2025-08-14 11:10:23.067880
2025-08-14,74369,2025081401000536,NBL,Naasa Securities Co. Ltd.,Trishakti Securities Public Limited,100,270.0,27000.0,2025-08-14 11:10:23.067985
2025-08-14,74368,2025081401000537,NBL,Imperial Securities Company Pvt. Ltd.,Trishakti Securities Public Limited,500,270.0,135000.0,2025-08-14 11:10:23.068118
2025-08-14,74367,2025081401000538,NBL,Nepal Stock House (PVT) Ltd.,Trishakti Securities Public Limited,500,270.0,135000.0,2025-08-14 11:10:23.068228
2025-08-14,74366,2025081401000539,NBL,Trisul Securities & Invt. Ltd.,Trishakti Securities Public Limited,500,270.0,135000.0,2025-08-14 11:10:23.068336
2025-08-14,74365,2025081401000540,NBL,Creative Securities Pvt Ltd,Trishakti Securities Public Limited,550,270.0,148500.0,2025-08-14 11:10:23.068426
2025-08-14,74364,2025081401000541,NBL,Asian Securities Private Ltd.,Trishakti Securities Public Limited,111,270.0,29970.0,2025-08-14 11:10:23.068528
2025-08-14,74242,2025081401000554,NBL,Asian Securities Private Ltd.,Kumari Securities Private Limited,100,273.0,27300.0,2025-08-14 11:10:51.713602
2025-08-14,74241,2025081401000555,NBL,Asian Securities Private Ltd.,Sewa Securities Pvt. Ltd.,135,273.0,36855.0,2025-08-14 11:10:51.713711
2025-08-14,74240,2025081401000556,NBL,Asian Securities Private Ltd.,Nepal Stock House (PVT) Ltd.,65,273.4,17771.0,2025-08-14 11:10:51.713755
2025-08-14,74204,2025081401000565,NBL,Premier Securities Company Ltd.,Trisul Securities & Invt. Ltd.,500,271.0,135500.0,2025-08-14 11:11:01.079567
2025-08-14,74203,2025081401000566,NBL,Online Securities Pvt. Ltd.,Trisul Securities & Invt. Ltd.,25,270.3,6757.5,2025-08-14 11:11:01.079649
2025-08-14,74202,2025081401000567,NBL,ABC Securities Private Limited,Trisul Securities & Invt. Ltd.,1000,270.2,270200.0,2025-08-14 11:11:01.079696
2025-08-14,74201,2025081401000568,NBL,Aryatara Investment & Securities,Trisul Securities & Invt. Ltd.,975,270.1,263347.5,2025-08-14 11:11:01.079739
2025-08-14,74150,2025081401000578,NBL,Sundhara Securities Limited,Kalika Securities Pvt. Ltd.,25,271.0,6775.0,2025-08-14 11:11:14.252115
2025-08-14,74122,2025081401000585,NBL,Sundhara Securities Limited,Kalika Securities Pvt. Ltd.,25,271.0,6775.0,2025-08-14 11:11:25.812601
2025-08-14,74090,2025081401000594,NBL,ABC Securities Private Limited,Imperial Securities Company Pvt. Ltd.,25,271.2,6780.0,2025-08-14 11:11:37.847528
2025-08-14,74083,2025081401000597,NBL,ABC Securities Private Limited,Secured Securities Ltd.,475,271.2,128820.0,2025-08-14 11:11:38.994228
2025-08-14,74082,2025081401000598,NBL,Aryatara Investment & Securities,Secured Securities Ltd.,1025,270.1,276852.5,2025-08-14 11:11:38.994449
2025-08-14,74081,2025081401000599,NBL,Neev Securities Pvt. Ltd.,Secured Securities Ltd.,1500,270.1,405150.0,2025-08-14 11:11:38.994589
2025-08-14,73985,2025081401000628,NBL,Nepal Stock House (PVT) Ltd.,Nepal Investment And Securities Trading Private Limited,10,271.0,2710.0,2025-08-14 11:12:08.477530
2025-08-14,73933,2025081401000645,NBL,ABC Securities Private Limited,Vision Securities Pvt. Ltd,200,271.2,54240.0,2025-08-14 11:12:21.406358
2025-08-14,73928,2025081401000647,NBL,ABC Securities Private Limited,Secured Securities Ltd.,300,271.2,81360.0,2025-08-14 11:12:22.676976
2025-08-14,73927,2025081401000648,NBL,Nepal Stock House (PVT) Ltd.,Secured Securities Ltd.,15,271.0,4065.0,2025-08-14 11:12:22.677122
2025-08-14,73926,2025081401000649,NBL,Agrawal Securities (PVT) Ltd.,Secured Securities Ltd.,185,271.0,50135.0,2025-08-14 11:12:22.677194
2025-08-14,73803,2025081401000658,NBL,Trishakti Securities Public Limited,Nepal Investment And Securities Trading Private Limited,10,271.1,2711.0,2025-08-14 11:12:29.583883
2025-08-14,73789,2025081401000660,NBL,Kohinoor Investment & Securities Pvt. Ltd.,Kalika Securities Pvt. Ltd.,50,271.2,13560.0,2025-08-14 11:12:32.635488
2025-08-14,73698,2025081401000682,NBL,Asian Securities Private Ltd.,Imperial Securities Company Pvt. Ltd.,100,271.5,27150.0,2025-08-14 11:12:55.840671
2025-08-14,73697,2025081401000683,NBL,Imperial Securities Company Pvt. Ltd.,Imperial Securities Company Pvt. Ltd.,50,271.3,13565.0,2025-08-14 11:12:55.840713
2025-08-14,73696,2025081401000684,NBL,Dakshinkali Investment & Securities Pvt. Ltd.,Imperial Securities Company Pvt. Ltd.,850,271.3,230605.0,2025-08-14 11:12:55.840740
2025-08-14,73684,2025081401000687,NBL,Secured Securities Ltd.,Kumari Securities Private Limited,100,272.0,27200.0,2025-08-14 11:12:58.511447
2025-08-14,73627,2025081401000702,NBL,Secured Securities Ltd.,Naasa Securities Co. Ltd.,200,272.0,54400.0,2025-08-14 11:13:10.121274
2025-08-14,73621,2025081401000703,NBL,Kohinoor Investment & Securities Pvt. Ltd.,Naasa Securities Co. Ltd.,188,272.0,51136.0,2025-08-14 11:13:11.326650
2025-08-14,73620,2025081401000704,NBL,Kohinoor Investment & Securities Pvt. Ltd.,Kumari Securities Private Limited,100,273.0,27300.0,2025-08-14 11:13:11.326769
2025-08-14,73619,2025081401000705,NBL,Kohinoor Investment & Securities Pvt. Ltd.,Opal Securities Investment (PVT) Ltd.,162,273.0,44226.0,2025-08-14 11:13:11.326822
2025-08-14,73597,2025081401000707,NBL,Vision Securities Pvt. Ltd,Opal Securities Investment (PVT) Ltd.,10,273.0,2730.0,2025-08-14 11:13:15.851594
2025-08-14,73554,2025081401000715,NBL,Online Securities Pvt. Ltd.,Opal Securities Investment (PVT) Ltd.,100,273.0,27300.0,2025-08-14 11:13:25.661128
2025-08-14,73543,2025081401000718,NBL,Vision Securities Pvt. Ltd,Opal Securities Investment (PVT) Ltd.,728,273.0,198744.0,2025-08-14 11:13:27.963784
2025-08-14,73542,2025081401000719,NBL,Vision Securities Pvt. Ltd,Nepal Investment And Securities Trading Private Limited,272,273.0,74256.0,2025-08-14 11:13:27.964091
2025-08-14,73400,2025081401000741,NBL,Asian Securities Private Ltd.,Imperial Securities Company Pvt. Ltd.,200,272.0,54400.0,2025-08-14 11:13:48.319701
2025-08-14,73399,2025081401000742,NBL,Sumeru Securities Pvt. Ltd.,Imperial Securities Company Pvt. Ltd.,200,271.4,54280.0,2025-08-14 11:13:48.319802
2025-08-14,73398,2025081401000743,NBL,Dakshinkali Investment & Securities Pvt. Ltd.,Imperial Securities Company Pvt. Ltd.,600,271.3,162780.0,2025-08-14 11:13:48.319874
2025-08-14,73297,2025081401000769,NBL,Sani Securities Company Ltd.,Vision Securities Pvt. Ltd,100,272.9,27290.0,2025-08-14 11:14:13.396809
2025-08-14,73241,2025081401000791,NBL,Asian Securities Private Ltd.,Online Securities Pvt. Ltd.,200,271.5,54300.0,2025-08-14 11:14:32.145011
2025-08-14,73240,2025081401000792,NBL,Trishakti Securities Public Limited,Online Securities Pvt. Ltd.,200,271.5,54300.0,2025-08-14 11:14:32.145205
2025-08-14,73239,2025081401000793,NBL,Linch Stock Market Ltd.,Online Securities Pvt. Ltd.,300,271.4,81420.0,2025-08-14 11:14:32.145289
2025-08-14,73238,2025081401000794,NBL,Dakshinkali Investment & Securities Pvt. Ltd.,Online Securities Pvt. Ltd.,150,271.3,40695.0,2025-08-14 11:14:32.145348
2025-08-14,73210,2025081401000798,NBL,Sajilo Broker Limited,Vision Securities Pvt. Ltd,232,272.9,63312.8,2025-08-14 11:14:38.708252
2025-08-14,73081,2025081401000825,NBL,Asian Securities Private Ltd.,MILKY WAY SHARE BROKER COMPANY LTD ,50,272.0,13600.0,2025-08-14 11:15:14.235848
2025-08-14,73080,2025081401000826,NBL,Kohinoor Investment & Securities Pvt. Ltd.,MILKY WAY SHARE BROKER COMPANY LTD ,200,272.0,54400.0,2025-08-14 11:15:14.236003
2025-08-14,73079,2025081401000827,NBL,Secured Securities Ltd.,MILKY WAY SHARE BROKER COMPANY LTD ,200,271.5,54300.0,2025-08-14 11:15:14.236082
2025-08-14,73078,2025081401000828,NBL,Agrawal Securities (PVT) Ltd.,MILKY WAY SHARE BROKER COMPANY LTD ,300,271.4,81420.0,2025-08-14 11:15:14.236145
2025-08-14,73077,2025081401000829,NBL,Dakshinkali Investment & Securities Pvt. Ltd.,MILKY WAY SHARE BROKER COMPANY LTD ,3400,271.3,922420.0,2025-08-14 11:15:14.236201
2025-08-14,73076,2025081401000830,NBL,Online Securities Pvt. Ltd.,MILKY WAY SHARE BROKER COMPANY LTD ,50,271.3,13565.0,2025-08-14 11:15:14.236260
2025-08-14,73075,2025081401000831,NBL,Trishakti Securities Public Limited,MILKY WAY SHARE BROKER COMPANY LTD ,190,271.1,51509.0,2025-08-14 11:15:14.236317
2025-08-14,73074,2025081401000832,NBL,Agrawal Securities (PVT) Ltd.,MILKY WAY SHARE BROKER COMPANY LTD ,315,271.0,85365.0,2025-08-14 11:15:14.236372
2025-08-14,73073,2025081401000833,NBL,South Asian Bulls Pvt. Ltd.,MILKY WAY SHARE BROKER COMPANY LTD ,295,271.0,79945.0,2025-08-14 11:15:14.236428
2025-08-14,73047,2025081401000838,NBL,Nepal Stock House (PVT) Ltd.,Vision Securities Pvt. Ltd,168,272.9,45847.2,2025-08-14 11:15:17.290047
2025-08-14,73046,2025081401000839,NBL,Nepal Stock House (PVT) Ltd.,Nepal Stock House (PVT) Ltd.,500,272.9,136450.0,2025-08-14 11:15:17.290332
2025-08-14,73045,2025081401000840,NBL,Nepal Stock House (PVT) Ltd.,Bhrikuti Stock Broking Co. Pvt. Ltd.,153,272.9,41753.7,2025-08-14 11:15:17.290504
2025-08-14,73044,2025081401000841,NBL,Nepal Stock House (PVT) Ltd.,Nepal Investment And Securities Trading Private Limited,1376,273.0,375648.0,2025-08-14 11:15:17.290665
2025-08-14,73043,2025081401000842,NBL,Nepal Stock House (PVT) Ltd.,Naasa Securities Co. Ltd.,803,273.0,219219.0,2025-08-14 11:15:17.290834
2025-08-14,72974,2025081401000855,NBL,Aryatara Investment & Securities,Sundhara Securities Limited,30,271.5,8145.0,2025-08-14 11:15:30.779707
2025-08-14,72879,2025081401000874,NBL,Nepal Stock House (PVT) Ltd.,Sundhara Securities Limited,20,271.5,5430.0,2025-08-14 11:15:52.089561
2025-08-14,72860,2025081401000879,NBL,Nepal Stock House (PVT) Ltd.,Trisul Securities & Invt. Ltd.,200,272.0,54400.0,2025-08-14 11:16:02.462951
2025-08-14,72697,2025081401000898,NBL,Nepal Stock House (PVT) Ltd.,Trisul Securities & Invt. Ltd.,100,272.0,27200.0,2025-08-14 11:16:15.566750
2025-08-14,72643,2025081401000910,NBL,Nepal Stock House (PVT) Ltd.,Sewa Securities Pvt. Ltd.,20,272.0,5440.0,2025-08-14 11:16:31.134833
2025-08-14,72530,2025081401000949,NBL,Agrawal Securities (PVT) Ltd.,Malla & Malla Stock Broking Company Pvt. Limited,184,272.1,50066.4,2025-08-14 11:16:57.622313
2025-08-14,72517,2025081401000951,NBL,Nepal Stock House (PVT) Ltd.,Naasa Securities Co. Ltd.,47,273.0,12831.0,2025-08-14 11:17:00.419157
2025-08-14,72516,2025081401000952,NBL,Nepal Stock House (PVT) Ltd.,Trisul Securities & Invt. Ltd.,23,273.0,6279.0,2025-08-14 11:17:00.419311
2025-08-14,72490,2025081401000963,NBL,Aryatara Investment & Securities,Trisul Securities & Invt. Ltd.,50,273.0,13650.0,2025-08-14 11:17:13.661609
2025-08-14,72437,2025081401000974,NBL,Dynamic Money Managers Securities Pvt. Ltd.,Sani Securities Company Ltd.,114,272.5,31065.0,2025-08-14 11:17:25.502288
2025-08-14,72436,2025081401000975,NBL,Dynamic Money Managers Securities Pvt. Ltd.,Trisul Securities & Invt. Ltd.,27,273.0,7371.0,2025-08-14 11:17:25.502437
2025-08-14,72435,2025081401000976,NBL,Dynamic Money Managers Securities Pvt. Ltd.,Naasa Securities Co. Ltd.,20,273.0,5460.0,2025-08-14 11:17:25.502509
2025-08-14,72434,2025081401000977,NBL,Dynamic Money Managers Securities Pvt. Ltd.,Trisul Securities & Invt. Ltd.,100,273.0,27300.0,2025-08-14 11:17:25.502575
2025-08-14,72400,2025081401000988,NBL,Dynamic Money Managers Securities Pvt. Ltd.,Trisul Securities & Invt. Ltd.,100,273.0,27300.0,2025-08-14 11:17:38.955545
2025-08-14,72367,2025081401000991,NBL,Kumari Securities Private Limited,Kalika Securities Pvt. Ltd.,500,273.3,136650.0,2025-08-14 11:17:43.417130
2025-08-14,72330,2025081401001003,NBL,Kumari Securities Private Limited,Naasa Securities Co. Ltd.,70,273.3,19131.0,2025-08-14 11:17:51.909622
2025-08-14,72325,2025081401001004,NBL,Kumari Securities Private Limited,Kohinoor Investment & Securities Pvt. Ltd.,430,273.3,117519.0,2025-08-14 11:17:52.671243
2025-08-14,72324,2025081401001005,NBL,J.F. Securites (PVT) Ltd.,Kohinoor Investment & Securities Pvt. Ltd.,1000,273.1,273100.0,2025-08-14 11:17:52.671483
2025-08-14,72323,2025081401001006,NBL,Dynamic Money Managers Securities Pvt. Ltd.,Kohinoor Investment & Securities Pvt. Ltd.,139,273.0,37947.0,2025-08-14 11:17:52.671617
2025-08-14,72268,2025081401001017,NBL,Thrive Brokerage House Pvt. Ltd,Kohinoor Investment & Securities Pvt. Ltd.,275,273.0,75075.0,2025-08-14 11:18:04.544628
2025-08-14,72252,2025081401001029,NBL,Blue Chip Securities Ltd,Bhrikuti Stock Broking Co. Pvt. Ltd.,3,270.0,810.0,2025-08-14 11:18:07.017399
2025-08-14,72236,2025081401001032,NBL,Thrive Brokerage House Pvt. Ltd,Dipshikha Dhitopatra Karobar Co. Pvt Ltd.,50,273.1,13655.0,2025-08-14 11:18:10.058183
2025-08-14,72217,2025081401001035,NBL,Aryatara Investment & Securities,Property Wiard Limited,100,273.3,27330.0,2025-08-14 11:18:17.498771
2025-08-14,72202,2025081401001036,NBL,Thrive Brokerage House Pvt. Ltd,Trisul Securities & Invt. Ltd.,175,273.1,47792.5,2025-08-14 11:18:24.173271
2025-08-14,72201,2025081401001037,NBL,Naasa Securities Co. Ltd.,Trisul Securities & Invt. Ltd.,35,273.0,9555.0,2025-08-14 11:18:24.173428
2025-08-14,72200,2025081401001038,NBL,Aryatara Investment & Securities,Trisul Securities & Invt. Ltd.,100,272.5,27250.0,2025-08-14 11:18:24.173500
2025-08-14,72199,2025081401001039,NBL,Sani Securities Company Ltd.,Trisul Securities & Invt. Ltd.,20,272.2,5444.0,2025-08-14 11:18:24.173566
2025-08-14,72198,2025081401001040,NBL,Asian Securities Private Ltd.,Trisul Securities & Invt. Ltd.,200,272.2,54440.0,2025-08-14 11:18:24.173631
2025-08-14,72197,2025081401001041,NBL,Agrawal Securities (PVT) Ltd.,Trisul Securities & Invt. Ltd.,316,272.1,85983.6,2025-08-14 11:18:24.173697
2025-08-14,72196,2025081401001042,NBL,Naasa Securities Co. Ltd.,Trisul Securities & Invt. Ltd.,198,272.1,53875.8,2025-08-14 11:18:24.173774
2025-08-14,72195,2025081401001043,NBL,Nepal Stock House (PVT) Ltd.,Trisul Securities & Invt. Ltd.,260,272.0,70720.0,2025-08-14 11:18:24.173839
2025-08-14,72194,2025081401001044,NBL,Vision Securities Pvt. Ltd,Trisul Securities & Invt. Ltd.,400,272.0,108800.0,2025-08-14 11:18:24.173904
2025-08-14,72193,2025081401001045,NBL,Deevyaa Securities & Stock House Pvt. Ltd,Trisul Securities & Invt. Ltd.,1000,272.0,272000.0,2025-08-14 11:18:24.173967
2025-08-14,72192,2025081401001046,NBL,Aakashbhairab Securities Ltd.,Trisul Securities & Invt. Ltd.,1000,272.0,272000.0,2025-08-14 11:18:24.174037
2025-08-14,72170,2025081401001055,NBL,Nepal Stock House (PVT) Ltd.,Trisul Securities & Invt. Ltd.,300,272.0,81600.0,2025-08-14 11:18:29.876863
2025-08-14,72140,2025081401001062,NBL,Naasa Securities Co. Ltd.,Trisul Securities & Invt. Ltd.,50,272.0,13600.0,2025-08-14 11:18:41.840561
2025-08-14,72099,2025081401001075,NBL,Neev Securities Pvt. Ltd.,Trisul Securities & Invt. Ltd.,500,272.0,136000.0,2025-08-14 11:18:56.753574
2025-08-14,72072,2025081401001079,NBL,Imperial Securities Company Pvt. Ltd.,Trisul Securities & Invt. Ltd.,20,272.0,5440.0,2025-08-14 11:19:06.485816
2025-08-14,72016,2025081401001090,NBL,Naasa Securities Co. Ltd.,Trisul Securities & Invt. Ltd.,50,272.0,13600.0,2025-08-14 11:19:18.124269
2025-08-14,72014,2025081401001092,NBL,Agrawal Securities (PVT) Ltd.,Naasa Securities Co. Ltd.,666,271.7,180952.2,2025-08-14 11:19:18.582868
2025-08-14,72013,2025081401001093,NBL,Nabil Stock Dealer Ltd.,Naasa Securities Co. Ltd.,200,271.6,54320.0,2025-08-14 11:19:18.582929
2025-08-14,72012,2025081401001094,NBL,Aryatara Investment & Securities,Naasa Securities Co. Ltd.,50,271.5,13575.0,2025-08-14 11:19:18.582957
2025-08-14,72011,2025081401001095,NBL,Nepal Stock House (PVT) Ltd.,Naasa Securities Co. Ltd.,20,271.5,5430.0,2025-08-14 11:19:18.582984
2025-08-14,72010,2025081401001096,NBL,Creative Securities Pvt Ltd,Naasa Securities Co. Ltd.,200,271.5,54300.0,2025-08-14 11:19:18.583007
2025-08-14,72009,2025081401001097,NBL,Neev Securities Pvt. Ltd.,Naasa Securities Co. Ltd.,100,271.4,27140.0,2025-08-14 11:19:18.583040
2025-08-14,72008,2025081401001098,NBL,South Asian Bulls Pvt. Ltd.,Naasa Securities Co. Ltd.,50,271.2,13560.0,2025-08-14 11:19:18.583068
2025-08-14,72007,2025081401001099,NBL,Vision Securities Pvt. Ltd,Naasa Securities Co. Ltd.,100,271.1,27110.0,2025-08-14 11:19:18.583122
2025-08-14,72006,2025081401001100,NBL,Asian Securities Private Ltd.,Naasa Securities Co. Ltd.,200,271.1,54220.0,2025-08-14 11:19:18.583163
2025-08-14,72005,2025081401001101,NBL,South Asian Bulls Pvt. Ltd.,Naasa Securities Co. Ltd.,205,271.0,55555.0,2025-08-14 11:19:18.583187
2025-08-14,72004,2025081401001102,NBL,Sundhara Securities Limited,Naasa Securities Co. Ltd.,25,271.0,6775.0,2025-08-14 11:19:18.583212
2025-08-14,72003,2025081401001103,NBL,Sundhara Securities Limited,Naasa Securities Co. Ltd.,25,271.0,6775.0,2025-08-14 11:19:18.583235
2025-08-14,72002,2025081401001104,NBL,Asian Securities Private Ltd.,Naasa Securities Co. Ltd.,100,271.0,27100.0,2025-08-14 11:19:18.583257
2025-08-14,72001,2025081401001105,NBL,Aryatara Investment & Securities,Naasa Securities Co. Ltd.,1000,271.0,271000.0,2025-08-14 11:19:18.583280
2025-08-14,72000,2025081401001106,NBL,Sundhara Securities Limited,Naasa Securities Co. Ltd.,25,270.5,6762.5,2025-08-14 11:19:18.583303
2025-08-14,71999,2025081401001107,NBL,Sundhara Securities Limited,Naasa Securities Co. Ltd.,25,270.5,6762.5,2025-08-14 11:19:18.583325
2025-08-14,71998,2025081401001108,NBL,Naasa Securities Co. Ltd.,Naasa Securities Co. Ltd.,150,270.4,40560.0,2025-08-14 11:19:18.583352
2025-08-14,71997,2025081401001109,NBL,Aryatara Investment & Securities,Naasa Securities Co. Ltd.,1000,270.3,270300.0,2025-08-14 11:19:18.583374
2025-08-14,71996,2025081401001110,NBL,Agrawal Securities (PVT) Ltd.,Naasa Securities Co. Ltd.,1000,270.3,270300.0,2025-08-14 11:19:18.583397
2025-08-14,71995,2025081401001111,NBL,Online Securities Pvt. Ltd.,Naasa Securities Co. Ltd.,25,270.2,6755.0,2025-08-14 11:19:18.583419
2025-08-14,71994,2025081401001112,NBL,Dakshinkali Investment & Securities Pvt. Ltd.,Naasa Securities Co. Ltd.,2058,270.2,556071.6,2025-08-14 11:19:18.583442
2025-08-14,71989,2025081401001113,NBL,Deevyaa Securities & Stock House Pvt. Ltd,Trisul Securities & Invt. Ltd.,74,272.0,20128.0,2025-08-14 11:19:19.715609
2025-08-14,71986,2025081401001114,NBL,Miyo Securities Pvt Ltd,Trisul Securities & Invt. Ltd.,302,272.0,82144.0,2025-08-14 11:19:20.375331
2025-08-14,71931,2025081401001126,NBL,Ashutosh Brokerage & Securities (PVT) Ltd.,Kumari Securities Private Limited,10,273.0,2730.0,2025-08-14 11:19:32.408702
2025-08-14,71824,2025081401001154,NBL,Imperial Securities Company Pvt. Ltd.,Kumari Securities Private Limited,10,273.0,2730.0,2025-08-14 11:19:57.055994
2025-08-14,71800,2025081401001161,NBL,Agrawal Securities (PVT) Ltd.,Kumari Securities Private Limited,15,273.0,4095.0,2025-08-14 11:20:04.147066
2025-08-14,71702,2025081401001184,NBL,Aryatara Investment & Securities,Kumari Securities Private Limited,465,273.0,126945.0,2025-08-14 11:20:28.595662
2025-08-14,71701,2025081401001185,NBL,Aryatara Investment & Securities,Aakashbhairab Securities Ltd.,35,273.0,9555.0,2025-08-14 11:20:28.595829
2025-08-14,71625,2025081401001198,NBL,Imperial Securities Company Pvt. Ltd.,Siprabi Securities Pvt. Ltd.,43,272.5,11717.5,2025-08-14 11:20:54.901582
2025-08-14,71610,2025081401001208,NBL,Asian Securities Private Ltd.,Aakashbhairab Securities Ltd.,300,273.0,81900.0,2025-08-14 11:21:00.931415
2025-08-14,71597,2025081401001211,NBL,Imperial Securities Company Pvt. Ltd.,Siprabi Securities Pvt. Ltd.,190,272.5,51775.0,2025-08-14 11:21:04.982815
2025-08-14,71410,2025081401001238,NBL,Imperial Securities Company Pvt. Ltd.,Linch Stock Market Ltd.,67,272.5,18257.5,2025-08-14 11:21:44.448221
2025-08-14,71406,2025081401001239,NBL,Asian Securities Private Ltd.,Deevyaa Securities & Stock House Pvt. Ltd,100,272.1,27210.0,2025-08-14 11:21:45.160345
2025-08-14,71405,2025081401001240,NBL,Miyo Securities Pvt Ltd,Deevyaa Securities & Stock House Pvt. Ltd,144,272.0,39168.0,2025-08-14 11:21:45.160492
2025-08-14,71404,2025081401001241,NBL,Asian Securities Private Ltd.,Deevyaa Securities & Stock House Pvt. Ltd,70,272.0,19040.0,2025-08-14 11:21:45.160564
2025-08-14,71342,2025081401001263,NBL,Sani Securities Company Ltd.,Vision Securities Pvt. Ltd,97,271.0,26287.0,2025-08-14 11:21:53.625430
2025-08-14,71264,2025081401001292,NBL,Sani Securities Company Ltd.,Opal Securities Investment (PVT) Ltd.,163,271.0,44173.0,2025-08-14 11:22:09.552054
2025-08-14,71249,2025081401001295,NBL,Agrawal Securities (PVT) Ltd.,Opal Securities Investment (PVT) Ltd.,126,271.0,34146.0,2025-08-14 11:22:12.644714
2025-08-14,71185,2025081401001309,NBL,Agrawal Securities (PVT) Ltd.,Naasa Securities Co. Ltd.,148,271.0,40108.0,2025-08-14 11:22:33.507709
2025-08-14,70964,2025081401001358,NBL,Agrawal Securities (PVT) Ltd.,Deevyaa Securities & Stock House Pvt. Ltd,26,271.0,7046.0,2025-08-14 11:23:41.821452
2025-08-14,70963,2025081401001359,NBL,Sweta Securities Private Limited,Deevyaa Securities & Stock House Pvt. Ltd,160,271.0,43360.0,2025-08-14 11:23:41.821612
2025-08-14,70959,2025081401001360,NBL,Naasa Securities Co. Ltd.,Linch Stock Market Ltd.,500,272.0,136000.0,2025-08-14 11:23:42.212122
2025-08-14,70772,2025081401001399,NBL,Creative Securities Pvt Ltd,Linch Stock Market Ltd.,400,272.0,108800.0,2025-08-14 11:24:36.425806
2025-08-14,70650,2025081401001429,NBL,Imperial Securities Company Pvt. Ltd.,Linch Stock Market Ltd.,20,272.0,5440.0,2025-08-14 11:24:56.689597
2025-08-14,70605,2025081401001446,NBL,Kalika Securities Pvt. Ltd.,Linch Stock Market Ltd.,952,272.0,258944.0,2025-08-14 11:25:05.177926
2025-08-14,70604,2025081401001447,NBL,Kalika Securities Pvt. Ltd.,Bhrikuti Stock Broking Co. Pvt. Ltd.,10,272.0,2720.0,2025-08-14 11:25:05.178286
2025-08-14,70603,2025081401001448,NBL,Kalika Securities Pvt. Ltd.,Opal Securities Investment (PVT) Ltd.,500,272.0,136000.0,2025-08-14 11:25:05.178520
2025-08-14,70602,2025081401001449,NBL,Kalika Securities Pvt. Ltd.,Sewa Securities Pvt. Ltd.,38,272.0,10336.0,2025-08-14 11:25:05.178736
2025-08-14,70583,2025081401001453,NBL,Imperial Securities Company Pvt. Ltd.,Agrawal Securities (PVT) Ltd.,100,271.1,27110.0,2025-08-14 11:25:11.684513
2025-08-14,70582,2025081401001454,NBL,Sweta Securities Private Limited,Agrawal Securities (PVT) Ltd.,53,271.0,14363.0,2025-08-14 11:25:11.684865
2025-08-14,70364,2025081401001490,NBL,Agrawal Securities (PVT) Ltd.,Secured Securities Ltd.,30,271.4,8142.0,2025-08-14 11:25:52.130852
2025-08-14,70363,2025081401001491,NBL,Sweta Securities Private Limited,Secured Securities Ltd.,610,271.0,165310.0,2025-08-14 11:25:52.131277
2025-08-14,70198,2025081401001547,NBL,Deevyaa Securities & Stock House Pvt. Ltd,Sumeru Securities Pvt. Ltd.,300,272.0,81600.0,2025-08-14 11:26:20.945377
2025-08-14,70146,2025081401001550,NBL,Naasa Securities Co. Ltd.,Sumeru Securities Pvt. Ltd.,400,272.0,108800.0,2025-08-14 11:26:37.259199
2025-08-14,70145,2025081401001551,NBL,Naasa Securities Co. Ltd.,Opal Securities Investment (PVT) Ltd.,100,272.0,27200.0,2025-08-14 11:26:37.259374
2025-08-14,70082,2025081401001561,NBL,Naasa Securities Co. Ltd.,Opal Securities Investment (PVT) Ltd.,200,272.0,54400.0,2025-08-14 11:26:49.041656
2025-08-14,70079,2025081401001563,NBL,South Asian Bulls Pvt. Ltd.,Premier Securities Company Ltd.,10,271.5,2715.0,2025-08-14 11:26:49.678638
2025-08-14,69975,2025081401001582,NBL,South Asian Bulls Pvt. Ltd.,Arun Securities (PVT) Ltd.,19,271.5,5158.5,2025-08-14 11:27:03.894379
2025-08-14,69517,2025081401001613,NBL,Agrawal Securities (PVT) Ltd.,Opal Securities Investment (PVT) Ltd.,30,272.0,8160.0,2025-08-14 11:27:36.163398
2025-08-14,69341,2025081401001617,NBL,South Asian Bulls Pvt. Ltd.,Naasa Securities Co. Ltd.,71,271.5,19276.5,2025-08-14 11:27:46.548387
2025-08-14,69329,2025081401001622,NBL,Siprabi Securities Pvt. Ltd.,Naasa Securities Co. Ltd.,229,271.5,62173.5,2025-08-14 11:27:49.644186
2025-08-14,69328,2025081401001623,NBL,Siprabi Securities Pvt. Ltd.,Opal Securities Investment (PVT) Ltd.,71,272.0,19312.0,2025-08-14 11:27:49.644376
2025-08-14,69231,2025081401001637,NBL,Sweta Securities Private Limited,Neev Securities Pvt. Ltd.,100,271.8,27180.0,2025-08-14 11:28:05.398963
2025-08-14,69230,2025081401001638,NBL,Sweta Securities Private Limited,Opal Securities Investment (PVT) Ltd.,99,272.0,26928.0,2025-08-14 11:28:05.399215
2025-08-14,69229,2025081401001639,NBL,Sweta Securities Private Limited,Linch Stock Market Ltd.,201,272.0,54672.0,2025-08-14 11:28:05.399323
2025-08-14,69165,2025081401001653,NBL,Sagarmatha Securities Private Limited,Midas Stock Broking Company Private Limited,50,271.5,13575.0,2025-08-14 11:28:22.386594
2025-08-14,69163,2025081401001655,NBL,Secured Securities Ltd.,Linch Stock Market Ltd.,199,272.0,54128.0,2025-08-14 11:28:22.802523
2025-08-14,69067,2025081401001661,NBL,J.F. Securites (PVT) Ltd.,Dipshikha Dhitopatra Karobar Co. Pvt Ltd.,200,272.0,54400.0,2025-08-14 11:28:27.699373
2025-08-14,69030,2025081401001666,NBL,Malla & Malla Stock Broking Company Pvt. Limited,Ashutosh Brokerage & Securities (PVT) Ltd.,54,271.6,14666.4,2025-08-14 11:28:35.792350
2025-08-14,69029,2025081401001667,NBL,Sweta Securities Private Limited,Ashutosh Brokerage & Securities (PVT) Ltd.,46,271.0,12466.0,2025-08-14 11:28:35.792404
2025-08-14,68957,2025081401001681,NBL,Sweta Securities Private Limited,Sewa Securities Pvt. Ltd.,131,271.0,35501.0,2025-08-14 11:28:51.117670
2025-08-14,68956,2025081401001682,NBL,Dynamic Money Managers Securities Pvt. Ltd.,Sewa Securities Pvt. Ltd.,32,271.0,8672.0,2025-08-14 11:28:51.118081
2025-08-14,68954,2025081401001683,NBL,Asian Securities Private Ltd.,Dipshikha Dhitopatra Karobar Co. Pvt Ltd.,500,272.0,136000.0,2025-08-14 11:28:51.966213
2025-08-14,68919,2025081401001689,NBL,Imperial Securities Company Pvt. Ltd.,Dipshikha Dhitopatra Karobar Co. Pvt Ltd.,50,272.0,13600.0,2025-08-14 11:29:01.502154
2025-08-14,68903,2025081401001696,NBL,Capital Max Securities Ltd,Dipshikha Dhitopatra Karobar Co. Pvt Ltd.,50,272.0,13600.0,2025-08-14 11:29:05.366976
2025-08-14,68902,2025081401001697,NBL,Capital Max Securities Ltd,Linch Stock Market Ltd.,530,272.0,144160.0,2025-08-14 11:29:05.367178
2025-08-14,68859,2025081401001710,NBL,Secured Securities Ltd.,Kalika Securities Pvt. Ltd.,630,272.3,171549.0,2025-08-14 11:29:22.157566
2025-08-14,68801,2025081401001726,NBL,Nepal Stock House (PVT) Ltd.,Kalika Securities Pvt. Ltd.,500,272.3,136150.0,2025-08-14 11:29:33.614959
2025-08-14,68695,2025081401001745,NBL,Sweta Securities Private Limited,Nepal Investment And Securities Trading Private Limited,181,272.1,49250.1,2025-08-14 11:29:52.984273
2025-08-14,68609,2025081401001778,NBL,Sweta Securities Private Limited,Sani Securities Company Ltd.,19,272.1,5169.9,2025-08-14 11:30:24.004945
2025-08-14,68608,2025081401001779,NBL,Capital Max Securities Ltd,Sani Securities Company Ltd.,550,272.0,149600.0,2025-08-14 11:30:24.005166
2025-08-14,68607,2025081401001780,NBL,South Asian Bulls Pvt. Ltd.,Sani Securities Company Ltd.,94,272.0,25568.0,2025-08-14 11:30:24.005263
2025-08-14,68606,2025081401001781,NBL,Malla & Malla Stock Broking Company Pvt. Limited,Sani Securities Company Ltd.,500,272.0,136000.0,2025-08-14 11:30:24.005355
2025-08-14,68605,2025081401001782,NBL,Asian Securities Private Ltd.,Sani Securities Company Ltd.,1000,271.1,271100.0,2025-08-14 11:30:24.005470
2025-08-14,68604,2025081401001783,NBL,Capital Max Securities Ltd,Sani Securities Company Ltd.,500,271.1,135550.0,2025-08-14 11:30:24.005580
2025-08-14,68603,2025081401001784,NBL,Dynamic Money Managers Securities Pvt. Ltd.,Sani Securities Company Ltd.,48,271.0,13008.0,2025-08-14 11:30:24.005672
2025-08-14,68602,2025081401001785,NBL,Sundhara Securities Limited,Sani Securities Company Ltd.,25,271.0,6775.0,2025-08-14 11:30:24.005760
2025-08-14,68601,2025081401001786,NBL,Aryatara Investment & Securities,Sani Securities Company Ltd.,75,271.0,20325.0,2025-08-14 11:30:24.005845
2025-08-14,68600,2025081401001787,NBL,Naasa Securities Co. Ltd.,Sani Securities Company Ltd.,500,271.0,135500.0,2025-08-14 11:30:24.005950
2025-08-14,68599,2025081401001788,NBL,Kalika Securities Pvt. Ltd.,Sani Securities Company Ltd.,38,271.0,10298.0,2025-08-14 11:30:24.006047
2025-08-14,68598,2025081401001789,NBL,Midas Stock Broking Company Private Limited,Sani Securities Company Ltd.,100,271.0,27100.0,2025-08-14 11:30:24.006135
2025-08-14,68597,2025081401001790,NBL,Trishakti Securities Public Limited,Sani Securities Company Ltd.,200,271.0,54200.0,2025-08-14 11:30:24.006220
2025-08-14,68596,2025081401001791,NBL,Nepal Investment And Securities Trading Private Limited,Sani Securities Company Ltd.,100,271.0,27100.0,2025-08-14 11:30:24.006305
2025-08-14,68595,2025081401001792,NBL,Dynamic Money Managers Securities Pvt. Ltd.,Sani Securities Company Ltd.,200,271.0,54200.0,2025-08-14 11:30:24.006392
2025-08-14,68594,2025081401001793,NBL,Kumari Securities Private Limited,Sani Securities Company Ltd.,20,271.0,5420.0,2025-08-14 11:30:24.006477
2025-08-14,68593,2025081401001794,NBL,Vision Securities Pvt. Ltd,Sani Securities Company Ltd.,40,271.0,10840.0,2025-08-14 11:30:24.006561
2025-08-14,68592,2025081401001795,NBL,Imperial Securities Company Pvt. Ltd.,Sani Securities Company Ltd.,1000,271.0,271000.0,2025-08-14 11:30:24.006649
2025-08-14,68591,2025081401001796,NBL,Imperial Securities Company Pvt. Ltd.,Sani Securities Company Ltd.,50,271.0,13550.0,2025-08-14 11:30:24.006733
2025-08-14,68590,2025081401001797,NBL,Naasa Securities Co. Ltd.,Sani Securities Company Ltd.,350,270.7,94745.0,2025-08-14 11:30:24.006818
2025-08-14,68589,2025081401001798,NBL,Naasa Securities Co. Ltd.,Sani Securities Company Ltd.,50,270.6,13530.0,2025-08-14 11:30:24.006928
2025-08-14,68588,2025081401001799,NBL,Sundhara Securities Limited,Sani Securities Company Ltd.,25,270.5,6762.5,2025-08-14 11:30:24.007013
2025-08-14,68587,2025081401001800,NBL,South Asian Bulls Pvt. Ltd.,Sani Securities Company Ltd.,50,270.4,13520.0,2025-08-14 11:30:24.007108
2025-08-14,68586,2025081401001801,NBL,Nepal Investment And Securities Trading Private Limited,Sani Securities Company Ltd.,200,270.4,54080.0,2025-08-14 11:30:24.007194
2025-08-14,68585,2025081401001802,NBL,Vision Securities Pvt. Ltd,Sani Securities Company Ltd.,200,270.3,54060.0,2025-08-14 11:30:24.007285
2025-08-14,68584,2025081401001803,NBL,Sani Securities Company Ltd.,Sani Securities Company Ltd.,500,270.3,135150.0,2025-08-14 11:30:24.007367
2025-08-14,68583,2025081401001804,NBL,Dakshinkali Investment & Securities Pvt. Ltd.,Sani Securities Company Ltd.,2942,270.2,794928.4,2025-08-14 11:30:24.007449
2025-08-14,68582,2025081401001805,NBL,Vision Securities Pvt. Ltd,Sani Securities Company Ltd.,10,270.2,2702.0,2025-08-14 11:30:24.007531
2025-08-14,68581,2025081401001806,NBL,Neev Securities Pvt. Ltd.,Sani Securities Company Ltd.,500,270.1,135050.0,2025-08-14 11:30:24.007613
2025-08-14,68580,2025081401001807,NBL,Primo Securities (PVT) Ltd.,Sani Securities Company Ltd.,800,270.1,216080.0,2025-08-14 11:30:24.007694
2025-08-14,68579,2025081401001808,NBL,Imperial Securities Company Pvt. Ltd.,Sani Securities Company Ltd.,500,270.1,135050.0,2025-08-14 11:30:24.007777
2025-08-14,68578,2025081401001809,NBL,Linch Stock Market Ltd.,Sani Securities Company Ltd.,1000,270.1,270100.0,2025-08-14 11:30:24.007858
2025-08-14,68577,2025081401001810,NBL,Dynamic Money Managers Securities Pvt. Ltd.,Sani Securities Company Ltd.,500,270.1,135050.0,2025-08-14 11:30:24.007955
2025-08-14,68576,2025081401001811,NBL,Asian Securities Private Ltd.,Sani Securities Company Ltd.,389,270.0,105030.0,2025-08-14 11:30:24.008050
2025-08-14,68575,2025081401001812,NBL,J.F. Securites (PVT) Ltd.,Sani Securities Company Ltd.,20,270.0,5400.0,2025-08-14 11:30:24.008129
2025-08-14,68574,2025081401001813,NBL,MILKY WAY SHARE BROKER COMPANY LTD ,Sani Securities Company Ltd.,500,270.0,135000.0,2025-08-14 11:30:24.008210
2025-08-14,68573,2025081401001814,NBL,Kumari Securities Private Limited,Sani Securities Company Ltd.,942,270.0,254340.0,2025-08-14 11:30:24.008289
2025-08-14,68449,2025081401001848,NBL,Oxford Securities Pvt. Ltd.,Trisul Securities & Invt. Ltd.,100,272.0,27200.0,2025-08-14 11:30:56.736550
2025-08-14,68359,2025081401001898,NBL,Kohinoor Investment & Securities Pvt. Ltd.,Market Securities & Exchange (PVT) Ltd.,300,272.0,81600.0,2025-08-14 11:31:26.530608
2025-08-14,68315,2025081401001906,NBL,Market Securities & Exchange (PVT) Ltd.,Dynamic Money Managers Securities Pvt. Ltd.,100,271.5,27150.0,2025-08-14 11:31:37.903187
2025-08-14,68311,2025081401001907,NBL,Sharepro Securities Private Limited,Market Securities & Exchange (PVT) Ltd.,100,272.0,27200.0,2025-08-14 11:31:40.203593
2025-08-14,68175,2025081401001940,NBL,Market Securities & Exchange (PVT) Ltd.,Sweta Securities Private Limited,16,271.0,4336.0,2025-08-14 11:32:15.505219
2025-08-14,68110,2025081401001954,NBL,ABC Securities Private Limited,Market Securities & Exchange (PVT) Ltd.,100,272.0,27200.0,2025-08-14 11:32:35.885487
2025-08-14,68109,2025081401001955,NBL,ABC Securities Private Limited,Deevyaa Securities & Stock House Pvt. Ltd,400,272.0,108800.0,2025-08-14 11:32:35.885714
2025-08-14,68037,2025081401001977,NBL,Market Securities & Exchange (PVT) Ltd.,ABC Securities Private Limited,100,271.0,27100.0,2025-08-14 11:32:56.017525
2025-08-14,68026,2025081401001978,NBL,Naasa Securities Co. Ltd.,Deevyaa Securities & Stock House Pvt. Ltd,300,272.0,81600.0,2025-08-14 11:32:59.840168
2025-08-14,67897,2025081401002011,NBL,Siprabi Securities Pvt. Ltd.,Deevyaa Securities & Stock House Pvt. Ltd,100,272.0,27200.0,2025-08-14 11:33:30.756670
2025-08-14,67889,2025081401002013,NBL,Aryatara Investment & Securities,Deevyaa Securities & Stock House Pvt. Ltd,200,272.0,54400.0,2025-08-14 11:33:34.071111
2025-08-14,67888,2025081401002014,NBL,Aryatara Investment & Securities,Premier Securities Company Ltd.,170,272.0,46240.0,2025-08-14 11:33:34.071507
2025-08-14,67750,2025081401002047,NBL,Vision Securities Pvt. Ltd,Premier Securities Company Ltd.,30,272.0,8160.0,2025-08-14 11:34:36.662916
2025-08-14,67749,2025081401002048,NBL,Vision Securities Pvt. Ltd,Aryatara Investment & Securities,20,272.0,5440.0,2025-08-14 11:34:36.663144
2025-08-14,67703,2025081401002057,NBL,Ashutosh Brokerage & Securities (PVT) Ltd.,Aryatara Investment & Securities,30,272.0,8160.0,2025-08-14 11:34:50.684757
2025-08-14,67702,2025081401002058,NBL,Ashutosh Brokerage & Securities (PVT) Ltd.,Dipshikha Dhitopatra Karobar Co. Pvt Ltd.,50,272.0,13600.0,2025-08-14 11:34:50.685157
2025-08-14,67701,2025081401002059,NBL,Ashutosh Brokerage & Securities (PVT) Ltd.,Property Wiard Limited,20,272.0,5440.0,2025-08-14 11:34:50.685410
2025-08-14,67536,2025081401002103,NBL,Aryatara Investment & Securities,Linch Stock Market Ltd.,33,271.2,8949.6,2025-08-14 11:35:46.681084
2025-08-14,67143,2025081401002208,NBL,Online Securities Pvt. Ltd.,Premier Securities Company Ltd.,10,271.5,2715.0,2025-08-14 11:37:33.055665
2025-08-14,67142,2025081401002209,NBL,Aryatara Investment & Securities,Premier Securities Company Ltd.,17,271.2,4610.4,2025-08-14 11:37:33.055905
2025-08-14,67141,2025081401002210,NBL,Thrive Brokerage House Pvt. Ltd,Premier Securities Company Ltd.,25,271.2,6780.0,2025-08-14 11:37:33.055998
2025-08-14,67140,2025081401002211,NBL,Siprabi Securities Pvt. Ltd.,Premier Securities Company Ltd.,139,271.2,37696.8,2025-08-14 11:37:33.056093
2025-08-14,67116,2025081401002212,NBL,Siprabi Securities Pvt. Ltd.,Oxford Securities Pvt. Ltd.,53,271.2,14373.6,2025-08-14 11:37:39.275642
2025-08-14,67115,2025081401002213,NBL,Premier Securities Company Ltd.,Oxford Securities Pvt. Ltd.,200,271.1,54220.0,2025-08-14 11:37:39.275845
2025-08-14,67114,2025081401002214,NBL,Secured Securities Ltd.,Oxford Securities Pvt. Ltd.,60,271.1,16266.0,2025-08-14 11:37:39.275937
2025-08-14,67113,2025081401002215,NBL,Market Securities & Exchange (PVT) Ltd.,Oxford Securities Pvt. Ltd.,284,271.0,76964.0,2025-08-14 11:37:39.276033
2025-08-14,67112,2025081401002216,NBL,Siprabi Securities Pvt. Ltd.,Oxford Securities Pvt. Ltd.,294,271.0,79674.0,2025-08-14 11:37:39.276118
2025-08-14,67093,2025081401002224,NBL,Vision Securities Pvt. Ltd,Oxford Securities Pvt. Ltd.,50,271.0,13550.0,2025-08-14 11:37:45.764772
2025-08-14,66939,2025081401002259,NBL,Naasa Securities Co. Ltd.,Oxford Securities Pvt. Ltd.,59,271.0,15989.0,2025-08-14 11:38:30.707248
2025-08-14,66899,2025081401002262,NBL,Naasa Securities Co. Ltd.,Dipshikha Dhitopatra Karobar Co. Pvt Ltd.,16,271.0,4336.0,2025-08-14 11:38:41.839473
2025-08-14,66898,2025081401002263,NBL,Sundhara Securities Limited,Dipshikha Dhitopatra Karobar Co. Pvt Ltd.,50,270.5,13525.0,2025-08-14 11:38:41.839686
2025-08-14,66839,2025081401002270,NBL,Online Securities Pvt. Ltd.,Market Securities & Exchange (PVT) Ltd.,16,270.4,4326.4,2025-08-14 11:38:57.335578
2025-08-14,66836,2025081401002271,NBL,Bhrikuti Stock Broking Co. Pvt. Ltd.,Dipshikha Dhitopatra Karobar Co. Pvt Ltd.,20,270.5,5410.0,2025-08-14 11:38:59.570143
2025-08-14,66798,2025081401002280,NBL,Kohinoor Investment & Securities Pvt. Ltd.,Dipshikha Dhitopatra Karobar Co. Pvt Ltd.,30,270.5,8115.0,2025-08-14 11:39:14.427602
2025-08-14,66794,2025081401002281,NBL,Creative Securities Pvt Ltd,Dipshikha Dhitopatra Karobar Co. Pvt Ltd.,84,270.5,22722.0,2025-08-14 11:39:15.900794
2025-08-14,66793,2025081401002282,NBL,Creative Securities Pvt Ltd,Capital Max Securities Ltd,416,270.5,112528.0,2025-08-14 11:39:15.901205
2025-08-14,66747,2025081401002304,NBL,Miyo Securities Pvt Ltd,Capital Max Securities Ltd,84,270.5,22722.0,2025-08-14 11:39:29.048086
2025-08-14,66615,2025081401002342,NBL,Miyo Securities Pvt Ltd,Market Securities & Exchange (PVT) Ltd.,34,270.5,9197.0,2025-08-14 11:40:01.692974
2025-08-14,66612,2025081401002343,NBL,Kalika Securities Pvt. Ltd.,Market Securities & Exchange (PVT) Ltd.,500,271.0,135500.0,2025-08-14 11:40:02.358342
2025-08-14,66584,2025081401002359,NBL,Miyo Securities Pvt Ltd,Kalika Securities Pvt. Ltd.,300,270.5,81150.0,2025-08-14 11:40:11.436369
2025-08-14,66569,2025081401002363,NBL,Indira securities pvt. ltd,Trisul Securities & Invt. Ltd.,30,271.9,8157.0,2025-08-14 11:40:18.241114
2025-08-14,66568,2025081401002364,NBL,Indira securities pvt. ltd,MILKY WAY SHARE BROKER COMPANY LTD ,270,271.9,73413.0,2025-08-14 11:40:18.241307
2025-08-14,66497,2025081401002391,NBL,Imperial Securities Company Pvt. Ltd.,Vision Securities Pvt. Ltd,230,271.0,62330.0,2025-08-14 11:40:38.965154
2025-08-14,66450,2025081401002406,NBL,Miyo Securities Pvt Ltd,Trishakti Securities Public Limited,82,270.5,22181.0,2025-08-14 11:40:49.288593
2025-08-14,66449,2025081401002407,NBL,J.F. Securites (PVT) Ltd.,Trishakti Securities Public Limited,200,270.5,54100.0,2025-08-14 11:40:49.289038
2025-08-14,66448,2025081401002408,NBL,SUN SECURITIES PVT LTD,Trishakti Securities Public Limited,3000,270.5,811500.0,2025-08-14 11:40:49.289340
2025-08-14,66447,2025081401002409,NBL,Kohinoor Investment & Securities Pvt. Ltd.,Trishakti Securities Public Limited,200,270.5,54100.0,2025-08-14 11:40:49.289622
2025-08-14,66446,2025081401002410,NBL,Sundhara Securities Limited,Trishakti Securities Public Limited,50,270.5,13525.0,2025-08-14 11:40:49.289951
2025-08-14,66445,2025081401002411,NBL,Naasa Securities Co. Ltd.,Trishakti Securities Public Limited,104,270.4,28121.6,2025-08-14 11:40:49.290307
2025-08-14,66444,2025081401002412,NBL,Aryatara Investment & Securities,Trishakti Securities Public Limited,50,270.3,13515.0,2025-08-14 11:40:49.290607
2025-08-14,66443,2025081401002413,NBL,Asian Securities Private Ltd.,Trishakti Securities Public Limited,510,270.2,137802.0,2025-08-14 11:40:49.290881
2025-08-14,66442,2025081401002414,NBL,Online Securities Pvt. Ltd.,Trishakti Securities Public Limited,25,270.2,6755.0,2025-08-14 11:40:49.291170
2025-08-14,66441,2025081401002415,NBL,Dynamic Money Managers Securities Pvt. Ltd.,Trishakti Securities Public Limited,500,270.1,135050.0,2025-08-14 11:40:49.291513
2025-08-14,66440,2025081401002416,NBL,Kalika Securities Pvt. Ltd.,Trishakti Securities Public Limited,2000,270.1,540200.0,2025-08-14 11:40:49.291828
2025-08-14,66439,2025081401002417,NBL,Cristal Kanchanjanga Securites Pvt. Ltd.,Trishakti Securities Public Limited,400,270.1,108040.0,2025-08-14 11:40:49.292146
2025-08-14,66438,2025081401002418,NBL,Kumari Securities Private Limited,Trishakti Securities Public Limited,158,270.0,42660.0,2025-08-14 11:40:49.292439
2025-08-14,66437,2025081401002419,NBL,Naasa Securities Co. Ltd.,Trishakti Securities Public Limited,50,270.0,13500.0,2025-08-14 11:40:49.292718
2025-08-14,66436,2025081401002420,NBL,Pragyan Securities (PVT) Ltd.,Trishakti Securities Public Limited,500,270.0,135000.0,2025-08-14 11:40:49.293046
2025-08-14,66435,2025081401002421,NBL,Trishakti Securities Public Limited,Trishakti Securities Public Limited,300,270.0,81000.0,2025-08-14 11:40:49.293335
2025-08-14,66434,2025081401002422,NBL,Kumari Securities Private Limited,Trishakti Securities Public Limited,300,270.0,81000.0,2025-08-14 11:40:49.293603
2025-08-14,66433,2025081401002423,NBL,Siprabi Securities Pvt. Ltd.,Trishakti Securities Public Limited,36,270.0,9720.0,2025-08-14 11:40:49.293871
2025-08-14,66432,2025081401002424,NBL,ABC Securities Private Limited,Trishakti Securities Public Limited,500,270.0,135000.0,2025-08-14 11:40:49.294148
2025-08-14,66431,2025081401002425,NBL,Imperial Securities Company Pvt. Ltd.,Trishakti Securities Public Limited,500,270.0,135000.0,2025-08-14 11:40:49.294452
2025-08-14,66430,2025081401002426,NBL,Online Securities Pvt. Ltd.,Trishakti Securities Public Limited,400,270.0,108000.0,2025-08-14 11:40:49.294738
2025-08-14,66429,2025081401002427,NBL,Dipshikha Dhitopatra Karobar Co. Pvt Ltd.,Trishakti Securities Public Limited,1000,270.0,270000.0,2025-08-14 11:40:49.295013
2025-08-14,66428,2025081401002428,NBL,Linch Stock Market Ltd.,Trishakti Securities Public Limited,300,270.0,81000.0,2025-08-14 11:40:49.295295
2025-08-14,66427,2025081401002429,NBL,Aryatara Investment & Securities,Trishakti Securities Public Limited,50,270.0,13500.0,2025-08-14 11:40:49.295580
2025-08-14,66426,2025081401002430,NBL,Sewa Securities Pvt. Ltd.,Trishakti Securities Public Limited,50,270.0,13500.0,2025-08-14 11:40:49.295836
2025-08-14,66425,2025081401002431,NBL,Nepal Stock House (PVT) Ltd.,Trishakti Securities Public Limited,500,270.0,135000.0,2025-08-14 11:40:49.296106
2025-08-14,66424,2025081401002432,NBL,Cristal Kanchanjanga Securites Pvt. Ltd.,Trishakti Securities Public Limited,50,270.0,13500.0,2025-08-14 11:40:49.296349
2025-08-14,66423,2025081401002433,NBL,Online Securities Pvt. Ltd.,Trishakti Securities Public Limited,100,270.0,27000.0,2025-08-14 11:40:49.296611
2025-08-14,66422,2025081401002434,NBL,Aakashbhairab Securities Ltd.,Trishakti Securities Public Limited,700,270.0,189000.0,2025-08-14 11:40:49.296878
2025-08-14,66421,2025081401002435,NBL,Oxford Securities Pvt. Ltd.,Trishakti Securities Public Limited,108,270.0,29160.0,2025-08-14 11:40:49.297133
2025-08-14,66420,2025081401002436,NBL,Thrive Brokerage House Pvt. Ltd,Trishakti Securities Public Limited,200,270.0,54000.0,2025-08-14 11:40:49.297371
2025-08-14,66419,2025081401002437,NBL,Siprabi Securities Pvt. Ltd.,Trishakti Securities Public Limited,500,270.0,135000.0,2025-08-14 11:40:49.297605
2025-08-14,66418,2025081401002438,NBL,Vision Securities Pvt. Ltd,Trishakti Securities Public Limited,200,270.0,54000.0,2025-08-14 11:40:49.297840
2025-08-14,66417,2025081401002439,NBL,Nepal Stock House (PVT) Ltd.,Trishakti Securities Public Limited,60,270.0,16200.0,2025-08-14 11:40:49.297938
2025-08-14,66416,2025081401002440,NBL,Naasa Securities Co. Ltd.,Trishakti Securities Public Limited,500,270.0,135000.0,2025-08-14 11:40:49.298020
2025-08-14,66415,2025081401002441,NBL,Global IME Securities Limited,Trishakti Securities Public Limited,300,270.0,81000.0,2025-08-14 11:40:49.298110
2025-08-14,66414,2025081401002442,NBL,Nabil Stock Dealer Ltd.,Trishakti Securities Public Limited,100,270.0,27000.0,2025-08-14 11:40:49.298184
2025-08-14,66413,2025081401002443,NBL,Deevyaa Securities & Stock House Pvt. Ltd,Trishakti Securities Public Limited,140,270.0,37800.0,2025-08-14 11:40:49.298258
2025-08-14,66412,2025081401002444,NBL,Dipshikha Dhitopatra Karobar Co. Pvt Ltd.,Trishakti Securities Public Limited,50,270.0,13500.0,2025-08-14 11:40:49.298335
2025-08-14,66411,2025081401002445,NBL,Asian Securities Private Ltd.,Trishakti Securities Public Limited,50,270.0,13500.0,2025-08-14 11:40:49.298408
2025-08-14,66410,2025081401002446,NBL,Vision Securities Pvt. Ltd,Trishakti Securities Public Limited,15,270.0,4050.0,2025-08-14 11:40:49.298480
2025-08-14,66409,2025081401002447,NBL,Imperial Securities Company Pvt. Ltd.,Trishakti Securities Public Limited,178,270.0,48060.0,2025-08-14 11:40:49.298555
2025-08-14,66408,2025081401002448,NBL,Malla & Malla Stock Broking Company Pvt. Limited,Trishakti Securities Public Limited,200,270.0,54000.0,2025-08-14 11:40:49.298627
2025-08-14,66407,2025081401002449,NBL,Sri Hari Securities Pvt. Ltd.,Trishakti Securities Public Limited,1500,270.0,405000.0,2025-08-14 11:40:49.298700
2025-08-14,66406,2025081401002450,NBL,Dakshinkali Investment & Securities Pvt. Ltd.,Trishakti Securities Public Limited,50,270.0,13500.0,2025-08-14 11:40:49.298774
2025-08-14,66405,2025081401002451,NBL,Neev Securities Pvt. Ltd.,Trishakti Securities Public Limited,10,270.0,2700.0,2025-08-14 11:40:49.298844
2025-08-14,66404,2025081401002452,NBL,Miyo Securities Pvt Ltd,Trishakti Securities Public Limited,224,270.0,60480.0,2025-08-14 11:40:49.298914
2025-08-14,66281,2025081401002473,NBL,Premier Securities Company Ltd.,Aryatara Investment & Securities,102,270.6,27601.2,2025-08-14 11:41:21.202868
2025-08-14,66259,2025081401002477,NBL,Bhrikuti Stock Broking Co. Pvt. Ltd.,Sani Securities Company Ltd.,30,271.0,8130.0,2025-08-14 11:41:29.693336
2025-08-14,66235,2025081401002487,NBL,Premier Securities Company Ltd.,Capital Max Securities Ltd,500,270.6,135300.0,2025-08-14 11:41:36.244706
2025-08-14,66234,2025081401002488,NBL,Premier Securities Company Ltd.,Trishakti Securities Public Limited,398,270.6,107698.8,2025-08-14 11:41:36.676249
2025-08-14,66233,2025081401002489,NBL,Miyo Securities Pvt Ltd,Trishakti Securities Public Limited,376,270.0,101520.0,2025-08-14 11:41:36.676491
2025-08-14,66232,2025081401002490,NBL,Sweta Securities Private Limited,Trishakti Securities Public Limited,100,270.0,27000.0,2025-08-14 11:41:36.676609
2025-08-14,66231,2025081401002491,NBL,Premier Securities Company Ltd.,Trishakti Securities Public Limited,500,270.0,135000.0,2025-08-14 11:41:36.676717
2025-08-14,66230,2025081401002492,NBL,Secured Securities Ltd.,Trishakti Securities Public Limited,24,270.0,6480.0,2025-08-14 11:41:36.676825
2025-08-14,66229,2025081401002493,NBL,Nepal Stock House (PVT) Ltd.,Trishakti Securities Public Limited,500,270.0,135000.0,2025-08-14 11:41:36.676983
2025-08-14,66228,2025081401002494,NBL,Sundhara Securities Limited,Trishakti Securities Public Limited,125,270.0,33750.0,2025-08-14 11:41:36.677106
2025-08-14,66227,2025081401002495,NBL,Property Wiard Limited,Trishakti Securities Public Limited,90,270.0,24300.0,2025-08-14 11:41:36.677206
2025-08-14,66226,2025081401002496,NBL,Deevyaa Securities & Stock House Pvt. Ltd,Trishakti Securities Public Limited,100,270.0,27000.0,2025-08-14 11:41:36.677306
2025-08-14,66225,2025081401002497,NBL,Capital Max Securities Ltd,Trishakti Securities Public Limited,10,270.0,2700.0,2025-08-14 11:41:36.677409
2025-08-14,66224,2025081401002498,NBL,Imperial Securities Company Pvt. Ltd.,Trishakti Securities Public Limited,1000,270.0,270000.0,2025-08-14 11:41:36.677562
2025-08-14,66223,2025081401002499,NBL,Naasa Securities Co. Ltd.,Trishakti Securities Public Limited,100,270.0,27000.0,2025-08-14 11:41:36.677666
2025-08-14,66220,2025081401002500,NBL,Market Securities & Exchange (PVT) Ltd.,Trishakti Securities Public Limited,50,270.0,13500.0,2025-08-14 11:41:38.226459
2025-08-14,66178,2025081401002510,NBL,Dynamic Money Managers Securities Pvt. Ltd.,Midas Stock Broking Company Private Limited,100,269.7,26970.0,2025-08-14 11:41:54.500594
2025-08-14,66177,2025081401002511,NBL,South Asian Bulls Pvt. Ltd.,Midas Stock Broking Company Private Limited,40,269.1,10764.0,2025-08-14 11:41:54.500766
2025-08-14,66176,2025081401002512,NBL,Thrive Brokerage House Pvt. Ltd,Midas Stock Broking Company Private Limited,500,269.0,134500.0,2025-08-14 11:41:54.500878
2025-08-14,66175,2025081401002513,NBL,Trishakti Securities Public Limited,Midas Stock Broking Company Private Limited,48,269.0,12912.0,2025-08-14 11:41:54.500949
2025-08-14,66070,2025081401002538,NBL,Kalika Securities Pvt. Ltd.,Trishakti Securities Public Limited,1000,270.0,270000.0,2025-08-14 11:42:30.607360
2025-08-14,66040,2025081401002551,NBL,Vision Securities Pvt. Ltd,Trishakti Securities Public Limited,500,270.0,135000.0,2025-08-14 11:42:41.126286
2025-08-14,65881,2025081401002594,NBL,Vision Securities Pvt. Ltd,Trishakti Securities Public Limited,25,270.0,6750.0,2025-08-14 11:43:23.568473
2025-08-14,65879,2025081401002595,NBL,Dakshinkali Investment & Securities Pvt. Ltd.,Trishakti Securities Public Limited,5102,270.0,1377540.0,2025-08-14 11:43:25.618196
2025-08-14,65878,2025081401002596,NBL,Dakshinkali Investment & Securities Pvt. Ltd.,Blue Chip Securities Ltd,250,270.0,67500.0,2025-08-14 11:43:25.618375
2025-08-14,65765,2025081401002621,NBL,Dakshinkali Investment & Securities Pvt. Ltd.,Trisul Securities & Invt. Ltd.,25,270.0,6750.0,2025-08-14 11:44:03.381810
2025-08-14,65764,2025081401002622,NBL,Sundhara Securities Limited,Trisul Securities & Invt. Ltd.,20,270.0,5400.0,2025-08-14 11:44:03.382048
2025-08-14,65763,2025081401002623,NBL,Oxford Securities Pvt. Ltd.,Trisul Securities & Invt. Ltd.,100,270.0,27000.0,2025-08-14 11:44:03.382139
2025-08-14,65762,2025081401002624,NBL,Siprabi Securities Pvt. Ltd.,Trisul Securities & Invt. Ltd.,30,270.0,8100.0,2025-08-14 11:44:03.382217
2025-08-14,65705,2025081401002640,NBL,MILKY WAY SHARE BROKER COMPANY LTD ,Aryatara Investment & Securities,500,270.9,135450.0,2025-08-14 11:44:29.073561
2025-08-14,65704,2025081401002641,NBL,ABC Securities Private Limited,Siprabi Securities Pvt. Ltd.,500,270.0,135000.0,2025-08-14 11:44:29.085135
2025-08-14,65703,2025081401002642,NBL,Vision Securities Pvt. Ltd,Siprabi Securities Pvt. Ltd.,50,269.4,13470.0,2025-08-14 11:44:29.085274
2025-08-14,65702,2025081401002643,NBL,Dakshinkali Investment & Securities Pvt. Ltd.,Siprabi Securities Pvt. Ltd.,500,269.3,134650.0,2025-08-14 11:44:29.085351
2025-08-14,65701,2025081401002644,NBL,Linch Stock Market Ltd.,Siprabi Securities Pvt. Ltd.,10,269.3,2693.0,2025-08-14 11:44:29.085426
2025-08-14,65700,2025081401002645,NBL,Online Securities Pvt. Ltd.,Siprabi Securities Pvt. Ltd.,25,269.2,6730.0,2025-08-14 11:44:29.085503
2025-08-14,65699,2025081401002646,NBL,Naasa Securities Co. Ltd.,Siprabi Securities Pvt. Ltd.,50,269.2,13460.0,2025-08-14 11:44:29.085610
2025-08-14,65698,2025081401002647,NBL,Aryatara Investment & Securities,Siprabi Securities Pvt. Ltd.,53,269.2,14267.6,2025-08-14 11:44:29.085688
2025-08-14,65697,2025081401002648,NBL,Investment Management Nepal Pvt. Ltd.,Siprabi Securities Pvt. Ltd.,1000,269.2,269200.0,2025-08-14 11:44:29.085761
2025-08-14,65696,2025081401002649,NBL,Creative Securities Pvt Ltd,Siprabi Securities Pvt. Ltd.,2000,269.1,538200.0,2025-08-14 11:44:29.085837
2025-08-14,65695,2025081401002650,NBL,Linch Stock Market Ltd.,Siprabi Securities Pvt. Ltd.,500,269.0,134500.0,2025-08-14 11:44:29.085919
2025-08-14,65694,2025081401002651,NBL,Sewa Securities Pvt. Ltd.,Siprabi Securities Pvt. Ltd.,70,269.0,18830.0,2025-08-14 11:44:29.086008
2025-08-14,65693,2025081401002652,NBL,Aryatara Investment & Securities,Siprabi Securities Pvt. Ltd.,100,269.0,26900.0,2025-08-14 11:44:29.086089
2025-08-14,65692,2025081401002653,NBL,Garima Securities Limited,Siprabi Securities Pvt. Ltd.,200,269.0,53800.0,2025-08-14 11:44:29.086165
2025-08-14,65691,2025081401002654,NBL,Dipshikha Dhitopatra Karobar Co. Pvt Ltd.,Siprabi Securities Pvt. Ltd.,100,269.0,26900.0,2025-08-14 11:44:29.086239
2025-08-14,65690,2025081401002655,NBL,Neev Securities Pvt. Ltd.,Siprabi Securities Pvt. Ltd.,10,269.0,2690.0,2025-08-14 11:44:29.086318
2025-08-14,65689,2025081401002656,NBL,Imperial Securities Company Pvt. Ltd.,Siprabi Securities Pvt. Ltd.,20,269.0,5380.0,2025-08-14 11:44:29.086396
2025-08-14,65688,2025081401002657,NBL,Capital Max Securities Ltd,Siprabi Securities Pvt. Ltd.,10,269.0,2690.0,2025-08-14 11:44:29.086469
2025-08-14,65687,2025081401002658,NBL,Premier Securities Company Ltd.,Siprabi Securities Pvt. Ltd.,50,269.0,13450.0,2025-08-14 11:44:29.086543
2025-08-14,65686,2025081401002659,NBL,Capital Max Securities Ltd,Siprabi Securities Pvt. Ltd.,200,269.0,53800.0,2025-08-14 11:44:29.086616
2025-08-14,65685,2025081401002660,NBL,Siprabi Securities Pvt. Ltd.,Siprabi Securities Pvt. Ltd.,10,269.0,2690.0,2025-08-14 11:44:29.086689
2025-08-14,65684,2025081401002661,NBL,Sewa Securities Pvt. Ltd.,Siprabi Securities Pvt. Ltd.,2000,269.0,538000.0,2025-08-14 11:44:29.086755
2025-08-14,65683,2025081401002662,NBL,Online Securities Pvt. Ltd.,Siprabi Securities Pvt. Ltd.,42,269.0,11298.0,2025-08-14 11:44:29.086825
2025-08-14,65619,2025081401002670,NBL,MILKY WAY SHARE BROKER COMPANY LTD ,Midas Stock Broking Company Private Limited,65,270.0,17550.0,2025-08-14 11:44:43.105777
2025-08-14,65613,2025081401002673,NBL,Online Securities Pvt. Ltd.,Siprabi Securities Pvt. Ltd.,500,269.0,134500.0,2025-08-14 11:44:45.421321
2025-08-14,65594,2025081401002677,NBL,MILKY WAY SHARE BROKER COMPANY LTD ,Secured Securities Ltd.,10,270.4,2704.0,2025-08-14 11:44:56.144166
2025-08-14,65590,2025081401002678,NBL,Deevyaa Securities & Stock House Pvt. Ltd,Vision Securities Pvt. Ltd,2814,270.0,759780.0,2025-08-14 11:44:57.495795
2025-08-14,65552,2025081401002689,NBL,Deevyaa Securities & Stock House Pvt. Ltd,Agrawal Securities (PVT) Ltd.,1000,270.0,270000.0,2025-08-14 11:45:04.949645
2025-08-14,65550,2025081401002690,NBL,Deevyaa Securities & Stock House Pvt. Ltd,Imperial Securities Company Pvt. Ltd.,186,270.0,50220.0,2025-08-14 11:45:05.457819
2025-08-14,65549,2025081401002691,NBL,Naasa Securities Co. Ltd.,Imperial Securities Company Pvt. Ltd.,35,270.0,9450.0,2025-08-14 11:45:05.458009
2025-08-14,65530,2025081401002692,NBL,MILKY WAY SHARE BROKER COMPANY LTD ,Imperial Securities Company Pvt. Ltd.,100,270.0,27000.0,2025-08-14 11:45:07.174566
2025-08-14,65490,2025081401002701,NBL,Siprabi Securities Pvt. Ltd.,Imperial Securities Company Pvt. Ltd.,244,270.0,65880.0,2025-08-14 11:45:19.844572
2025-08-14,65434,2025081401002715,NBL,Sani Securities Company Ltd.,Vision Securities Pvt. Ltd,50,270.0,13500.0,2025-08-14 11:45:33.976325
2025-08-14,65432,2025081401002717,NBL,Naasa Securities Co. Ltd.,Vision Securities Pvt. Ltd,20,270.0,5400.0,2025-08-14 11:45:34.947548
2025-08-14,65424,2025081401002718,NBL,Market Securities & Exchange (PVT) Ltd.,Vision Securities Pvt. Ltd,70,270.0,18900.0,2025-08-14 11:45:37.438719
2025-08-14,65418,2025081401002719,NBL,Dynamic Money Managers Securities Pvt. Ltd.,Vision Securities Pvt. Ltd,260,270.0,70200.0,2025-08-14 11:45:39.238900
2025-08-14,65363,2025081401002733,NBL,Dynamic Money Managers Securities Pvt. Ltd.,Imperial Securities Company Pvt. Ltd.,240,270.0,64800.0,2025-08-14 11:45:48.828281
2025-08-14,65362,2025081401002734,NBL,Sani Securities Company Ltd.,Imperial Securities Company Pvt. Ltd.,225,270.0,60750.0,2025-08-14 11:45:48.828659
2025-08-14,65354,2025081401002737,NBL,Imperial Securities Company Pvt. Ltd.,Imperial Securities Company Pvt. Ltd.,100,270.0,27000.0,2025-08-14 11:45:50.883937
2025-08-14,65344,2025081401002740,NBL,MILKY WAY SHARE BROKER COMPANY LTD ,Imperial Securities Company Pvt. Ltd.,100,270.0,27000.0,2025-08-14 11:45:52.319971
2025-08-14,65338,2025081401002742,NBL,Nabil Stock Dealer Ltd.,Imperial Securities Company Pvt. Ltd.,100,270.0,27000.0,2025-08-14 11:45:53.624427
2025-08-14,65264,2025081401002745,NBL,Online Securities Pvt. Ltd.,Capital Max Securities Ltd,25,269.1,6727.5,2025-08-14 11:46:01.309505
2025-08-14,65263,2025081401002746,NBL,Online Securities Pvt. Ltd.,Capital Max Securities Ltd,198,269.0,53262.0,2025-08-14 11:46:01.309549
2025-08-14,65262,2025081401002747,NBL,Sani Securities Company Ltd.,Capital Max Securities Ltd,77,269.0,20713.0,2025-08-14 11:46:01.309576
2025-08-14,65209,2025081401002754,NBL,MILKY WAY SHARE BROKER COMPANY LTD ,Imperial Securities Company Pvt. Ltd.,225,270.0,60750.0,2025-08-14 11:46:08.336349
2025-08-14,65161,2025081401002762,NBL,Naasa Securities Co. Ltd.,Siprabi Securities Pvt. Ltd.,850,269.1,228735.0,2025-08-14 11:46:23.491435
2025-08-14,65160,2025081401002763,NBL,Market Securities & Exchange (PVT) Ltd.,Siprabi Securities Pvt. Ltd.,200,269.1,53820.0,2025-08-14 11:46:23.491614
2025-08-14,65159,2025081401002764,NBL,Sani Securities Company Ltd.,Siprabi Securities Pvt. Ltd.,423,269.0,113787.0,2025-08-14 11:46:23.491696
2025-08-14,65158,2025081401002765,NBL,Imperial Securities Company Pvt. Ltd.,Siprabi Securities Pvt. Ltd.,1000,269.0,269000.0,2025-08-14 11:46:23.491774
2025-08-14,65157,2025081401002766,NBL,Sumeru Securities Pvt. Ltd.,Siprabi Securities Pvt. Ltd.,50,269.0,13450.0,2025-08-14 11:46:23.491847
2025-08-14,65156,2025081401002767,NBL,Nepal Stock House (PVT) Ltd.,Siprabi Securities Pvt. Ltd.,50,269.0,13450.0,2025-08-14 11:46:23.491918
2025-08-14,65127,2025081401002770,NBL,Hatemalo Financial Services Private Limited,Trishakti Securities Public Limited,100,268.7,26870.0,2025-08-14 11:46:29.060648
2025-08-14,65126,2025081401002771,NBL,Kohinoor Investment & Securities Pvt. Ltd.,Trishakti Securities Public Limited,10,268.7,2687.0,2025-08-14 11:46:29.060853
2025-08-14,65125,2025081401002772,NBL,Sani Securities Company Ltd.,Trishakti Securities Public Limited,33,268.5,8860.5,2025-08-14 11:46:29.060937
2025-08-14,65124,2025081401002773,NBL,Sweta Securities Private Limited,Trishakti Securities Public Limited,1000,268.3,268300.0,2025-08-14 11:46:29.061013
2025-08-14,65123,2025081401002774,NBL,Aryatara Investment & Securities,Trishakti Securities Public Limited,1000,268.3,268300.0,2025-08-14 11:46:29.061099
2025-08-14,65122,2025081401002775,NBL,Aryatara Investment & Securities,Trishakti Securities Public Limited,1000,268.3,268300.0,2025-08-14 11:46:29.061172
2025-08-14,65121,2025081401002776,NBL,Dakshinkali Investment & Securities Pvt. Ltd.,Trishakti Securities Public Limited,10000,268.2,2682000.0,2025-08-14 11:46:29.061261
2025-08-14,65120,2025081401002777,NBL,Online Securities Pvt. Ltd.,Trishakti Securities Public Limited,1700,268.1,455770.0,2025-08-14 11:46:29.061335
2025-08-14,65119,2025081401002778,NBL,Sweta Securities Private Limited,Trishakti Securities Public Limited,400,268.1,107240.0,2025-08-14 11:46:29.061414
2025-08-14,65118,2025081401002779,NBL,Naasa Securities Co. Ltd.,Trishakti Securities Public Limited,1000,268.0,268000.0,2025-08-14 11:46:29.061488
2025-08-14,65117,2025081401002780,NBL,Aryatara Investment & Securities,Trishakti Securities Public Limited,200,268.0,53600.0,2025-08-14 11:46:29.061560
2025-08-14,65116,2025081401002781,NBL,Premier Securities Company Ltd.,Trishakti Securities Public Limited,10,268.0,2680.0,2025-08-14 11:46:29.061630
2025-08-14,65115,2025081401002782,NBL,SUN SECURITIES PVT LTD,Trishakti Securities Public Limited,250,268.0,67000.0,2025-08-14 11:46:29.061833
2025-08-14,65114,2025081401002783,NBL,Nepal Stock House (PVT) Ltd.,Trishakti Securities Public Limited,100,268.0,26800.0,2025-08-14 11:46:29.061935
2025-08-14,65113,2025081401002784,NBL,Shree Krishna Securities Ltd.,Trishakti Securities Public Limited,1000,268.0,268000.0,2025-08-14 11:46:29.062056
2025-08-14,65112,2025081401002785,NBL,Vision Securities Pvt. Ltd,Trishakti Securities Public Limited,325,268.0,87100.0,2025-08-14 11:46:29.062169
2025-08-14,65111,2025081401002786,NBL,Aryatara Investment & Securities,Trishakti Securities Public Limited,100,268.0,26800.0,2025-08-14 11:46:29.062273
2025-08-14,65110,2025081401002787,NBL,Naasa Securities Co. Ltd.,Trishakti Securities Public Limited,30,268.0,8040.0,2025-08-14 11:46:29.062421
2025-08-14,65109,2025081401002788,NBL,Imperial Securities Company Pvt. Ltd.,Trishakti Securities Public Limited,100,268.0,26800.0,2025-08-14 11:46:29.062521
2025-08-14,65108,2025081401002789,NBL,Premier Securities Company Ltd.,Trishakti Securities Public Limited,10,268.0,2680.0,2025-08-14 11:46:29.062622
2025-08-14,65107,2025081401002790,NBL,Vision Securities Pvt. Ltd,Trishakti Securities Public Limited,1000,268.0,268000.0,2025-08-14 11:46:29.062736
2025-08-14,65106,2025081401002791,NBL,Siprabi Securities Pvt. Ltd.,Trishakti Securities Public Limited,150,268.0,40200.0,2025-08-14 11:46:29.062809
2025-08-14,65105,2025081401002792,NBL,Vision Securities Pvt. Ltd,Trishakti Securities Public Limited,100,268.0,26800.0,2025-08-14 11:46:29.062910
2025-08-14,65104,2025081401002793,NBL,Neev Securities Pvt. Ltd.,Trishakti Securities Public Limited,10,268.0,2680.0,2025-08-14 11:46:29.063007
2025-08-14,65103,2025081401002794,NBL,Dipshikha Dhitopatra Karobar Co. Pvt Ltd.,Trishakti Securities Public Limited,50,268.0,13400.0,2025-08-14 11:46:29.063105
2025-08-14,65102,2025081401002795,NBL,Ashutosh Brokerage & Securities (PVT) Ltd.,Trishakti Securities Public Limited,25,268.0,6700.0,2025-08-14 11:46:29.063196
2025-08-14,65101,2025081401002796,NBL,Dynamic Money Managers Securities Pvt. Ltd.,Trishakti Securities Public Limited,10297,268.0,2759596.0,2025-08-14 11:46:29.063273
2025-08-14,65065,2025081401002803,NBL,Trishakti Securities Public Limited,Siprabi Securities Pvt. Ltd.,370,269.0,99530.0,2025-08-14 11:46:40.094809
2025-08-14,65048,2025081401002810,NBL,SUN SECURITIES PVT LTD,Siprabi Securities Pvt. Ltd.,57,269.0,15333.0,2025-08-14 11:46:43.623185
2025-08-14,65047,2025081401002811,NBL,SUN SECURITIES PVT LTD,Premier Securities Company Ltd.,100,269.9,26990.0,2025-08-14 11:46:43.623357
2025-08-14,65046,2025081401002812,NBL,SUN SECURITIES PVT LTD,Imperial Securities Company Pvt. Ltd.,25,270.0,6750.0,2025-08-14 11:46:43.623448
2025-08-14,65045,2025081401002813,NBL,SUN SECURITIES PVT LTD,Dipshikha Dhitopatra Karobar Co. Pvt Ltd.,1000,270.0,270000.0,2025-08-14 11:46:43.623515
2025-08-14,64985,2025081401002825,NBL,SUN SECURITIES PVT LTD,Trisul Securities & Invt. Ltd.,100,270.0,27000.0,2025-08-14 11:46:58.152702
2025-08-14,64964,2025081401002831,NBL,SUN SECURITIES PVT LTD,MILKY WAY SHARE BROKER COMPANY LTD ,730,270.0,197100.0,2025-08-14 11:47:08.494372
2025-08-14,64952,2025081401002832,NBL,SUN SECURITIES PVT LTD,Trisul Securities & Invt. Ltd.,300,270.0,81000.0,2025-08-14 11:47:10.216818
2025-08-14,64804,2025081401002885,NBL,SUN SECURITIES PVT LTD,Trisul Securities & Invt. Ltd.,188,270.0,50760.0,2025-08-14 11:47:38.332725
2025-08-14,64774,2025081401002892,NBL,Dynamic Money Managers Securities Pvt. Ltd.,Trishakti Securities Public Limited,190,269.0,51110.0,2025-08-14 11:47:48.468615
2025-08-14,64773,2025081401002893,NBL,Online Securities Pvt. Ltd.,Trishakti Securities Public Limited,25,268.6,6715.0,2025-08-14 11:47:48.468799
2025-08-14,64772,2025081401002894,NBL,Cristal Kanchanjanga Securites Pvt. Ltd.,Trishakti Securities Public Limited,500,268.5,134250.0,2025-08-14 11:47:48.468883
2025-08-14,64771,2025081401002895,NBL,Primo Securities (PVT) Ltd.,Trishakti Securities Public Limited,500,268.3,134150.0,2025-08-14 11:47:48.468954
2025-08-14,64770,2025081401002896,NBL,Online Securities Pvt. Ltd.,Trishakti Securities Public Limited,25,268.2,6705.0,2025-08-14 11:47:48.469021
2025-08-14,64769,2025081401002897,NBL,Siprabi Securities Pvt. Ltd.,Trishakti Securities Public Limited,1000,268.2,268200.0,2025-08-14 11:47:48.469097
2025-08-14,64768,2025081401002898,NBL,Kohinoor Investment & Securities Pvt. Ltd.,Trishakti Securities Public Limited,200,268.1,53620.0,2025-08-14 11:47:48.469165
2025-08-14,64767,2025081401002899,NBL,Vision Securities Pvt. Ltd,Trishakti Securities Public Limited,50,268.1,13405.0,2025-08-14 11:47:48.469230
2025-08-14,64766,2025081401002900,NBL,Nepal Stock House (PVT) Ltd.,Trishakti Securities Public Limited,300,268.1,80430.0,2025-08-14 11:47:48.469295
2025-08-14,64765,2025081401002901,NBL,Dynamic Money Managers Securities Pvt. Ltd.,Trishakti Securities Public Limited,19703,268.0,5280404.0,2025-08-14 11:47:48.469359
2025-08-14,64764,2025081401002902,NBL,Market Securities & Exchange (PVT) Ltd.,Trishakti Securities Public Limited,50,268.0,13400.0,2025-08-14 11:47:48.469426
2025-08-14,64763,2025081401002903,NBL,Thrive Brokerage House Pvt. Ltd,Trishakti Securities Public Limited,50,268.0,13400.0,2025-08-14 11:47:48.469492
2025-08-14,64762,2025081401002904,NBL,Capital Max Securities Ltd,Trishakti Securities Public Limited,10,268.0,2680.0,2025-08-14 11:47:48.469555
2025-08-14,64761,2025081401002905,NBL,Siprabi Securities Pvt. Ltd.,Trishakti Securities Public Limited,10,268.0,2680.0,2025-08-14 11:47:48.469618
2025-08-14,64760,2025081401002906,NBL,Miyo Securities Pvt Ltd,Trishakti Securities Public Limited,300,268.0,80400.0,2025-08-14 11:47:48.469717
2025-08-14,64759,2025081401002907,NBL,Imperial Securities Company Pvt. Ltd.,Trishakti Securities Public Limited,2000,268.0,536000.0,2025-08-14 11:47:48.469795
2025-08-14,64758,2025081401002908,NBL,Premier Securities Company Ltd.,Trishakti Securities Public Limited,1000,268.0,268000.0,2025-08-14 11:47:48.469865
2025-08-14,64757,2025081401002909,NBL,Bhrikuti Stock Broking Co. Pvt. Ltd.,Trishakti Securities Public Limited,500,268.0,134000.0,2025-08-14 11:47:48.469932
2025-08-14,64750,2025081401002910,NBL,Midas Stock Broking Company Private Limited,Trishakti Securities Public Limited,200,268.0,53600.0,2025-08-14 11:47:49.075514
2025-08-14,64747,2025081401002912,NBL,Kumari Securities Private Limited,Trishakti Securities Public Limited,150,268.0,40200.0,2025-08-14 11:47:49.724291
2025-08-14,64746,2025081401002913,NBL,Neev Securities Pvt. Ltd.,Trishakti Securities Public Limited,10,268.0,2680.0,2025-08-14 11:47:50.808864
2025-08-14,64740,2025081401002916,NBL,Siprabi Securities Pvt. Ltd.,Trishakti Securities Public Limited,200,268.0,53600.0,2025-08-14 11:47:52.642200
2025-08-14,64597,2025081401002948,NBL,Market Securities & Exchange (PVT) Ltd.,Naasa Securities Co. Ltd.,200,267.7,53540.0,2025-08-14 11:48:33.895930
2025-08-14,64596,2025081401002949,NBL,Imperial Securities Company Pvt. Ltd.,Naasa Securities Co. Ltd.,370,267.6,99012.0,2025-08-14 11:48:33.896119
2025-08-14,64589,2025081401002952,NBL,Dipshikha Dhitopatra Karobar Co. Pvt Ltd.,Trishakti Securities Public Limited,200,268.0,53600.0,2025-08-14 11:48:36.507734
2025-08-14,64549,2025081401002975,NBL,Agrawal Securities (PVT) Ltd.,Dynamic Money Managers Securities Pvt. Ltd.,100,267.8,26780.0,2025-08-14 11:48:50.261435
2025-08-14,64548,2025081401002976,NBL,Aryatara Investment & Securities,Dynamic Money Managers Securities Pvt. Ltd.,100,267.7,26770.0,2025-08-14 11:48:50.261600
2025-08-14,64547,2025081401002977,NBL,Vision Securities Pvt. Ltd,Dynamic Money Managers Securities Pvt. Ltd.,50,267.7,13385.0,2025-08-14 11:48:50.261711
2025-08-14,64546,2025081401002978,NBL,Imperial Securities Company Pvt. Ltd.,Dynamic Money Managers Securities Pvt. Ltd.,630,267.6,168588.0,2025-08-14 11:48:50.261779
2025-08-14,64545,2025081401002979,NBL,Market Securities & Exchange (PVT) Ltd.,Dynamic Money Managers Securities Pvt. Ltd.,542,267.6,145039.2,2025-08-14 11:48:50.261850
2025-08-14,64542,2025081401002982,NBL,Kalika Securities Pvt. Ltd.,Trishakti Securities Public Limited,1000,268.0,268000.0,2025-08-14 11:48:51.540581
2025-08-14,64524,2025081401002986,NBL,Market Securities & Exchange (PVT) Ltd.,Sundhara Securities Limited,458,267.6,122560.8,2025-08-14 11:48:58.108997
2025-08-14,64523,2025081401002987,NBL,Trisul Securities & Invt. Ltd.,Sundhara Securities Limited,48,267.6,12844.8,2025-08-14 11:48:58.109174
2025-08-14,64498,2025081401002992,NBL,Linch Stock Market Ltd.,Trishakti Securities Public Limited,100,268.0,26800.0,2025-08-14 11:49:05.225246
2025-08-14,64377,2025081401003014,NBL,Vision Securities Pvt. Ltd,Nabil Stock Dealer Ltd.,200,267.9,53580.0,2025-08-14 11:49:40.031070
2025-08-14,64367,2025081401003017,NBL,Imperial Securities Company Pvt. Ltd.,Nepal Investment And Securities Trading Private Limited,500,267.9,133950.0,2025-08-14 11:49:43.626592
2025-08-14,64366,2025081401003018,NBL,Imperial Securities Company Pvt. Ltd.,Sewa Securities Pvt. Ltd.,12,268.0,3216.0,2025-08-14 11:49:43.626762
2025-08-14,64269,2025081401003031,NBL,Imperial Securities Company Pvt. Ltd.,Aryatara Investment & Securities,100,268.0,26800.0,2025-08-14 11:50:06.324132
2025-08-14,64223,2025081401003042,NBL,Imperial Securities Company Pvt. Ltd.,Kalika Securities Pvt. Ltd.,200,268.0,53600.0,2025-08-14 11:50:15.416894
2025-08-14,64217,2025081401003044,NBL,Naasa Securities Co. Ltd.,Premier Securities Company Ltd.,50,269.9,13495.0,2025-08-14 11:50:20.550806
2025-08-14,64200,2025081401003050,NBL,Imperial Securities Company Pvt. Ltd.,Thrive Brokerage House Pvt. Ltd,500,268.0,134000.0,2025-08-14 11:50:27.192182
2025-08-14,64104,2025081401003068,NBL,Miyo Securities Pvt Ltd,Naasa Securities Co. Ltd.,400,269.8,107920.0,2025-08-14 11:50:49.581129
2025-08-14,64103,2025081401003069,NBL,Miyo Securities Pvt Ltd,Nepal Investment And Securities Trading Private Limited,200,269.8,53960.0,2025-08-14 11:50:49.581469
2025-08-14,63956,2025081401003102,NBL,Naasa Securities Co. Ltd.,Online Securities Pvt. Ltd.,400,269.0,107600.0,2025-08-14 11:51:44.336691
2025-08-14,63946,2025081401003106,NBL,Linch Stock Market Ltd.,Naasa Securities Co. Ltd.,100,269.1,26910.0,2025-08-14 11:51:50.284196
2025-08-14,63945,2025081401003107,NBL,Naasa Securities Co. Ltd.,Naasa Securities Co. Ltd.,100,269.0,26900.0,2025-08-14 11:51:50.284399
2025-08-14,63898,2025081401003120,NBL,South Asian Bulls Pvt. Ltd.,Deevyaa Securities & Stock House Pvt. Ltd,200,268.2,53640.0,2025-08-14 11:52:10.454521
2025-08-14,63897,2025081401003121,NBL,Sewa Securities Pvt. Ltd.,Deevyaa Securities & Stock House Pvt. Ltd,250,268.2,67050.0,2025-08-14 11:52:10.454887
2025-08-14,63896,2025081401003122,NBL,Sajilo Broker Limited,Deevyaa Securities & Stock House Pvt. Ltd,200,268.1,53620.0,2025-08-14 11:52:10.455144
2025-08-14,63895,2025081401003123,NBL,Sani Securities Company Ltd.,Deevyaa Securities & Stock House Pvt. Ltd,1000,268.1,268100.0,2025-08-14 11:52:10.455412
2025-08-14,63894,2025081401003124,NBL,Linch Stock Market Ltd.,Deevyaa Securities & Stock House Pvt. Ltd,350,268.1,93835.0,2025-08-14 11:52:10.455652
2025-08-14,63821,2025081401003140,NBL,Dynamic Money Managers Securities Pvt. Ltd.,Naasa Securities Co. Ltd.,800,269.0,215200.0,2025-08-14 11:52:38.321651
2025-08-14,63820,2025081401003141,NBL,Dynamic Money Managers Securities Pvt. Ltd.,Deevyaa Securities & Stock House Pvt. Ltd,200,269.0,53800.0,2025-08-14 11:52:38.321856
2025-08-14,63696,2025081401003164,NBL,Aryatara Investment & Securities,Capital Max Securities Ltd,98,269.5,26411.0,2025-08-14 11:53:18.341541
2025-08-14,63662,2025081401003168,NBL,Kalika Securities Pvt. Ltd.,Vision Securities Pvt. Ltd,350,269.0,94150.0,2025-08-14 11:53:29.599164
2025-08-14,63608,2025081401003176,NBL,Aryatara Investment & Securities,Nepal Stock House (PVT) Ltd.,500,268.3,134150.0,2025-08-14 11:53:42.943926
2025-08-14,63607,2025081401003177,NBL,Sani Securities Company Ltd.,Nepal Stock House (PVT) Ltd.,500,268.2,134100.0,2025-08-14 11:53:42.943969
2025-08-14,63547,2025081401003203,NBL,Online Securities Pvt. Ltd.,KALASH STOCK MARKET PVT. LTD.,100,269.0,26900.0,2025-08-14 11:54:09.503376
2025-08-14,63516,2025081401003214,NBL,Neev Securities Pvt. Ltd.,Capital Max Securities Ltd,100,269.5,26950.0,2025-08-14 11:54:19.566402
