Date,S.N.,Contract ID,Symbol,Buyer Broker,Seller Broker,volume,rate,amount,transaction_time
2025-08-14,74050,2025081401000602,NICA,Sumeru Securities Pvt. Ltd.,Aryatara Investment & Securities,100,371.8,37180.0,2025-08-14 11:11:46.407028
2025-08-14,74049,2025081401000603,NICA,Dynamic Money Managers Securities Pvt. Ltd.,Aryatara Investment & Securities,40,371.1,14844.0,2025-08-14 11:11:46.407110
2025-08-14,74048,2025081401000604,NICA,Naasa Securities Co. Ltd.,Aryatara Investment & Securities,15,371.0,5565.0,2025-08-14 11:11:46.407156
2025-08-14,74047,2025081401000605,NICA,Kumari Securities Private Limited,Aryatara Investment & Securities,100,370.8,37080.0,2025-08-14 11:11:46.407191
2025-08-14,74046,2025081401000606,NICA,Dakshinkali Investment & Securities Pvt. Ltd.,Aryatara Investment & Securities,100,370.1,37010.0,2025-08-14 11:11:46.407227
2025-08-14,74045,2025081401000607,NICA,J.F. Securites (PVT) Ltd.,Aryatara Investment & Securities,30,370.0,11100.0,2025-08-14 11:11:46.407259
2025-08-14,74044,2025081401000608,NICA,Kalika Securities Pvt. Ltd.,Aryatara Investment & Securities,115,370.0,42550.0,2025-08-14 11:11:46.407290
2025-08-14,73749,2025081401000675,NICA,Kalika Securities Pvt. Ltd.,Nepal Investment And Securities Trading Private Limited,17,370.0,6290.0,2025-08-14 11:12:43.666324
2025-08-14,73679,2025081401000691,NICA,Kalika Securities Pvt. Ltd.,Nepal Investment And Securities Trading Private Limited,17,370.0,6290.0,2025-08-14 11:12:59.802885
2025-08-14,73436,2025081401000735,NICA,Nepal Investment And Securities Trading Private Limited,Kumari Securities Private Limited,5,370.0,1850.0,2025-08-14 11:13:42.155976
2025-08-14,73315,2025081401000766,NICA,Imperial Securities Company Pvt. Ltd.,Malla & Malla Stock Broking Company Pvt. Limited,100,370.5,37050.0,2025-08-14 11:14:07.556009
2025-08-14,73180,2025081401000804,NICA,Kalika Securities Pvt. Ltd.,Aryatara Investment & Securities,351,370.0,129870.0,2025-08-14 11:14:51.489260
2025-08-14,73179,2025081401000805,NICA,Kohinoor Investment & Securities Pvt. Ltd.,Aryatara Investment & Securities,149,370.0,55130.0,2025-08-14 11:14:51.489411
2025-08-14,73118,2025081401000817,NICA,Kohinoor Investment & Securities Pvt. Ltd.,Vision Securities Pvt. Ltd,51,370.0,18870.0,2025-08-14 11:15:04.638280
2025-08-14,73117,2025081401000818,NICA,K.B.L. Securities Limited ,Vision Securities Pvt. Ltd,99,370.0,36630.0,2025-08-14 11:15:04.638393
2025-08-14,72652,2025081401000907,NICA,Aryatara Investment & Securities,Kalika Securities Pvt. Ltd.,20,370.0,7400.0,2025-08-14 11:16:29.655021
2025-08-14,72276,2025081401001013,NICA,Agrawal Securities (PVT) Ltd.,Infinity Securities Limited,500,368.0,184000.0,2025-08-14 11:18:02.706454
2025-08-14,72275,2025081401001014,NICA,South Asian Bulls Pvt. Ltd.,Infinity Securities Limited,250,368.0,92000.0,2025-08-14 11:18:02.706610
2025-08-14,72222,2025081401001033,NICA,South Asian Bulls Pvt. Ltd.,Sundhara Securities Limited,250,368.0,92000.0,2025-08-14 11:18:14.538634
2025-08-14,72221,2025081401001034,NICA,Opal Securities Investment (PVT) Ltd.,Sundhara Securities Limited,10,368.0,3680.0,2025-08-14 11:18:14.538815
2025-08-14,72139,2025081401001063,NICA,Investment Management Nepal Pvt. Ltd.,Sundhara Securities Limited,240,368.0,88320.0,2025-08-14 11:18:42.164475
2025-08-14,72138,2025081401001064,NICA,Investment Management Nepal Pvt. Ltd.,Kumari Securities Private Limited,200,368.0,73600.0,2025-08-14 11:18:42.164652
2025-08-14,72065,2025081401001081,NICA,Dynamic Money Managers Securities Pvt. Ltd.,Nepal Investment And Securities Trading Private Limited,80,370.0,29600.0,2025-08-14 11:19:08.292002
2025-08-14,71816,2025081401001158,NICA,Sundhara Securities Limited,Nepal Investment And Securities Trading Private Limited,15,370.0,5550.0,2025-08-14 11:19:59.949087
2025-08-14,71640,2025081401001195,NICA,Vision Securities Pvt. Ltd,Malla & Malla Stock Broking Company Pvt. Limited,35,371.0,12985.0,2025-08-14 11:20:52.074555
2025-08-14,71601,2025081401001210,NICA,Online Securities Pvt. Ltd.,Malla & Malla Stock Broking Company Pvt. Limited,475,371.0,176225.0,2025-08-14 11:21:03.828285
2025-08-14,71155,2025081401001318,NICA,Siprabi Securities Pvt. Ltd.,Online Securities Pvt. Ltd.,11,371.9,4090.9,2025-08-14 11:22:44.119376
2025-08-14,71076,2025081401001330,NICA,Nepal Investment And Securities Trading Private Limited,Nepal Investment And Securities Trading Private Limited,5,370.0,1850.0,2025-08-14 11:23:08.369170
2025-08-14,69914,2025081401001583,NICA,Agrawal Securities (PVT) Ltd.,Asian Securities Private Ltd.,100,370.0,37000.0,2025-08-14 11:27:05.996685
2025-08-14,69913,2025081401001584,NICA,Sani Securities Company Ltd.,Asian Securities Private Ltd.,50,370.0,18500.0,2025-08-14 11:27:05.996799
2025-08-14,69912,2025081401001585,NICA,Sewa Securities Pvt. Ltd.,Asian Securities Private Ltd.,222,370.0,82140.0,2025-08-14 11:27:05.996862
2025-08-14,69911,2025081401001586,NICA,Market Securities & Exchange (PVT) Ltd.,Asian Securities Private Ltd.,28,370.0,10360.0,2025-08-14 11:27:05.996908
2025-08-14,69888,2025081401001588,NICA,Market Securities & Exchange (PVT) Ltd.,SHUBHAKAMANA SECURITIES PVT. LTD,80,370.0,29600.0,2025-08-14 11:27:08.682463
2025-08-14,69887,2025081401001589,NICA,Naasa Securities Co. Ltd.,SHUBHAKAMANA SECURITIES PVT. LTD,100,370.0,37000.0,2025-08-14 11:27:08.682565
2025-08-14,69886,2025081401001590,NICA,Sani Securities Company Ltd.,SHUBHAKAMANA SECURITIES PVT. LTD,420,370.0,155400.0,2025-08-14 11:27:08.682612
2025-08-14,69597,2025081401001596,NICA,Sani Securities Company Ltd.,Premier Securities Company Ltd.,10,370.0,3700.0,2025-08-14 11:27:18.957415
2025-08-14,69331,2025081401001620,NICA,Sani Securities Company Ltd.,Naasa Securities Co. Ltd.,110,370.0,40700.0,2025-08-14 11:27:49.346000
2025-08-14,69330,2025081401001621,NICA,Sweta Securities Private Limited,Naasa Securities Co. Ltd.,40,370.0,14800.0,2025-08-14 11:27:49.346123
2025-08-14,67561,2025081401002093,NICA,Agrawal Securities (PVT) Ltd.,Capital Max Securities Ltd,10,367.0,3670.0,2025-08-14 11:35:38.927031
2025-08-14,67560,2025081401002094,NICA,South Asian Bulls Pvt. Ltd.,Capital Max Securities Ltd,40,367.0,14680.0,2025-08-14 11:35:38.927203
2025-08-14,67559,2025081401002095,NICA,Imperial Securities Company Pvt. Ltd.,Capital Max Securities Ltd,100,367.0,36700.0,2025-08-14 11:35:38.927260
2025-08-14,67558,2025081401002096,NICA,Naasa Securities Co. Ltd.,Capital Max Securities Ltd,10,367.0,3670.0,2025-08-14 11:35:38.927343
2025-08-14,67557,2025081401002097,NICA,Online Securities Pvt. Ltd.,Capital Max Securities Ltd,10,367.0,3670.0,2025-08-14 11:35:38.927393
2025-08-14,67556,2025081401002098,NICA,Sani Securities Company Ltd.,Capital Max Securities Ltd,100,367.0,36700.0,2025-08-14 11:35:38.927442
2025-08-14,67555,2025081401002099,NICA,South Asian Bulls Pvt. Ltd.,Capital Max Securities Ltd,100,367.0,36700.0,2025-08-14 11:35:38.927494
2025-08-14,67324,2025081401002160,NICA,Vision Securities Pvt. Ltd,Capital Max Securities Ltd,50,367.0,18350.0,2025-08-14 11:36:38.170337
2025-08-14,67323,2025081401002161,NICA,Agrawal Securities (PVT) Ltd.,Capital Max Securities Ltd,30,367.0,11010.0,2025-08-14 11:36:38.170457
2025-08-14,67322,2025081401002162,NICA,Siprabi Securities Pvt. Ltd.,Capital Max Securities Ltd,65,366.7,23835.5,2025-08-14 11:36:38.170513
2025-08-14,67087,2025081401002228,NICA,Sani Securities Company Ltd.,Garima Securities Limited,850,369.9,314415.0,2025-08-14 11:37:46.942478
2025-08-14,67032,2025081401002240,NICA,Citizens Share Broker Limited,Vision Securities Pvt. Ltd,32,367.0,11744.0,2025-08-14 11:38:08.908188
2025-08-14,66894,2025081401002265,NICA,Dipshikha Dhitopatra Karobar Co. Pvt Ltd.,Vision Securities Pvt. Ltd,49,367.0,17983.0,2025-08-14 11:38:44.860537
2025-08-14,66186,2025081401002506,NICA,Dakshinkali Investment & Securities Pvt. Ltd.,Vision Securities Pvt. Ltd,100,368.0,36800.0,2025-08-14 11:41:49.919764
2025-08-14,65821,2025081401002603,NICA,Kalika Securities Pvt. Ltd.,Garima Securities Limited,800,369.9,295920.0,2025-08-14 11:43:41.806465
2025-08-14,64532,2025081401002985,NICA,Pragyan Securities (PVT) Ltd.,Naasa Securities Co. Ltd.,15,369.0,5535.0,2025-08-14 11:48:56.442724
2025-08-14,64050,2025081401003083,NICA,Kohinoor Investment & Securities Pvt. Ltd.,Naasa Securities Co. Ltd.,285,369.0,105165.0,2025-08-14 11:51:07.448456
2025-08-14,63753,2025081401003153,NICA,Agrawal Securities (PVT) Ltd.,Dipshikha Dhitopatra Karobar Co. Pvt Ltd.,10,368.0,3680.0,2025-08-14 11:53:02.940845
2025-08-14,63752,2025081401003154,NICA,Swarna Laxmi Securities Pvt. Ltd.,Dipshikha Dhitopatra Karobar Co. Pvt Ltd.,29,368.0,10672.0,2025-08-14 11:53:02.941183
2025-08-14,63724,2025081401003158,NICA,Swarna Laxmi Securities Pvt. Ltd.,Dipshikha Dhitopatra Karobar Co. Pvt Ltd.,10,368.0,3680.0,2025-08-14 11:53:12.120700
2025-08-14,63583,2025081401003189,NICA,Swarna Laxmi Securities Pvt. Ltd.,ABC Securities Private Limited,61,368.0,22448.0,2025-08-14 11:53:56.769714
2025-08-14,63582,2025081401003190,NICA,Malla & Malla Stock Broking Company Pvt. Limited,ABC Securities Private Limited,40,368.0,14720.0,2025-08-14 11:53:56.769906
2025-08-14,62150,2025081401003512,NICA,Kalika Securities Pvt. Ltd.,Garima Securities Limited,2850,369.9,1054215.0,2025-08-14 11:59:25.947248
2025-08-14,62149,2025081401003513,NICA,Kalika Securities Pvt. Ltd.,Naasa Securities Co. Ltd.,161,369.9,59553.9,2025-08-14 11:59:25.947589
2025-08-14,62148,2025081401003514,NICA,Kalika Securities Pvt. Ltd.,Naasa Securities Co. Ltd.,14,370.0,5180.0,2025-08-14 11:59:25.947807
2025-08-14,62147,2025081401003515,NICA,Kalika Securities Pvt. Ltd.,Capital Max Securities Ltd,40,370.0,14800.0,2025-08-14 11:59:25.948059
2025-08-14,62146,2025081401003516,NICA,Kalika Securities Pvt. Ltd.,Naasa Securities Co. Ltd.,250,370.0,92500.0,2025-08-14 11:59:25.948304
2025-08-14,62145,2025081401003517,NICA,Kalika Securities Pvt. Ltd.,Naasa Securities Co. Ltd.,500,370.0,185000.0,2025-08-14 11:59:25.948574
2025-08-14,62144,2025081401003518,NICA,Kalika Securities Pvt. Ltd.,Imperial Securities Company Pvt. Ltd.,50,370.0,18500.0,2025-08-14 11:59:25.948841
2025-08-14,62143,2025081401003519,NICA,Kalika Securities Pvt. Ltd.,Naasa Securities Co. Ltd.,90,370.0,33300.0,2025-08-14 11:59:25.949129
2025-08-14,62142,2025081401003520,NICA,Kalika Securities Pvt. Ltd.,Sumeru Securities Pvt. Ltd.,45,370.0,16650.0,2025-08-14 11:59:25.949405
2025-08-14,61188,2025081401003709,NICA,Pragyan Securities (PVT) Ltd.,SHUBHAKAMANA SECURITIES PVT. LTD,58,369.0,21402.0,2025-08-14 12:03:40.147962
2025-08-14,60903,2025081401003783,NICA,Sani Securities Company Ltd.,SHUBHAKAMANA SECURITIES PVT. LTD,200,369.9,73980.0,2025-08-14 12:04:49.807999
2025-08-14,60902,2025081401003784,NICA,Sani Securities Company Ltd.,Sumeru Securities Pvt. Ltd.,19,370.0,7030.0,2025-08-14 12:04:49.808414
2025-08-14,60901,2025081401003785,NICA,Sani Securities Company Ltd.,Creative Securities Pvt Ltd,44,370.0,16280.0,2025-08-14 12:04:49.808653
2025-08-14,60900,2025081401003786,NICA,Sani Securities Company Ltd.,Imperial Securities Company Pvt. Ltd.,100,370.0,37000.0,2025-08-14 12:04:49.808859
2025-08-14,60899,2025081401003787,NICA,Sani Securities Company Ltd.,Sundhara Securities Limited,219,370.0,81030.0,2025-08-14 12:04:49.809069
2025-08-14,60721,2025081401003812,NICA,Sweta Securities Private Limited,Sundhara Securities Limited,13,370.0,4810.0,2025-08-14 12:05:29.495004
2025-08-14,60720,2025081401003813,NICA,Sweta Securities Private Limited,Ashutosh Brokerage & Securities (PVT) Ltd.,10,370.0,3700.0,2025-08-14 12:05:29.495197
2025-08-14,60218,2025081401003910,NICA,Primo Securities (PVT) Ltd.,Sumeru Securities Pvt. Ltd.,50,370.0,18500.0,2025-08-14 12:07:42.699725
2025-08-14,60217,2025081401003911,NICA,Sani Securities Company Ltd.,Sumeru Securities Pvt. Ltd.,50,370.0,18500.0,2025-08-14 12:07:42.699920
2025-08-14,60011,2025081401003949,NICA,Sani Securities Company Ltd.,Malla & Malla Stock Broking Company Pvt. Limited,50,370.0,18500.0,2025-08-14 12:08:24.340759
2025-08-14,60000,2025081401003950,NICA,Premier Securities Company Ltd.,Malla & Malla Stock Broking Company Pvt. Limited,20,370.0,7400.0,2025-08-14 12:08:27.603344
2025-08-14,59943,2025081401003964,NICA,Pragyan Securities (PVT) Ltd.,Imperial Securities Company Pvt. Ltd.,42,369.0,15498.0,2025-08-14 12:08:53.706378
2025-08-14,59942,2025081401003965,NICA,Deevyaa Securities & Stock House Pvt. Ltd,Imperial Securities Company Pvt. Ltd.,364,369.0,134316.0,2025-08-14 12:08:53.706577
2025-08-14,59502,2025081401004047,NICA,Agrawal Securities (PVT) Ltd.,Imperial Securities Company Pvt. Ltd.,30,369.0,11070.0,2025-08-14 12:10:53.637918
2025-08-14,59207,2025081401004106,NICA,Oxford Securities Pvt. Ltd.,Imperial Securities Company Pvt. Ltd.,64,369.0,23616.0,2025-08-14 12:12:02.228229
2025-08-14,58498,2025081401004298,NICA,Sani Securities Company Ltd.,Malla & Malla Stock Broking Company Pvt. Limited,30,370.0,11100.0,2025-08-14 12:14:29.292972
2025-08-14,58497,2025081401004299,NICA,Sani Securities Company Ltd.,Aryatara Investment & Securities,170,370.0,62900.0,2025-08-14 12:14:29.293163
2025-08-14,58060,2025081401004368,NICA,Naasa Securities Co. Ltd.,Aryatara Investment & Securities,100,370.0,37000.0,2025-08-14 12:15:55.505672
2025-08-14,58002,2025081401004380,NICA,Kohinoor Investment & Securities Pvt. Ltd.,Aryatara Investment & Securities,60,370.0,22200.0,2025-08-14 12:16:08.244707
2025-08-14,57685,2025081401004427,NICA,Oxford Securities Pvt. Ltd.,Imperial Securities Company Pvt. Ltd.,436,369.0,160884.0,2025-08-14 12:17:06.845989
2025-08-14,57684,2025081401004428,NICA,Shree Krishna Securities Ltd.,Imperial Securities Company Pvt. Ltd.,120,369.0,44280.0,2025-08-14 12:17:06.846173
2025-08-14,57683,2025081401004429,NICA,South Asian Bulls Pvt. Ltd.,Imperial Securities Company Pvt. Ltd.,300,369.0,110700.0,2025-08-14 12:17:06.846248
2025-08-14,57519,2025081401004461,NICA,Agrawal Securities (PVT) Ltd.,Premier Securities Company Ltd.,39,368.6,14375.4,2025-08-14 12:17:48.257807
2025-08-14,57222,2025081401004495,NICA,Agrawal Securities (PVT) Ltd.,Imperial Securities Company Pvt. Ltd.,11,368.6,4054.6,2025-08-14 12:18:38.688987
2025-08-14,57221,2025081401004496,NICA,Oxford Securities Pvt. Ltd.,Imperial Securities Company Pvt. Ltd.,500,368.5,184250.0,2025-08-14 12:18:38.689223
2025-08-14,57220,2025081401004497,NICA,Sri Hari Securities Pvt. Ltd.,Imperial Securities Company Pvt. Ltd.,200,368.3,73660.0,2025-08-14 12:18:38.689304
2025-08-14,57219,2025081401004498,NICA,Kalika Securities Pvt. Ltd.,Imperial Securities Company Pvt. Ltd.,200,368.2,73640.0,2025-08-14 12:18:38.689377
2025-08-14,57218,2025081401004499,NICA,Naasa Securities Co. Ltd.,Imperial Securities Company Pvt. Ltd.,100,368.1,36810.0,2025-08-14 12:18:38.689452
2025-08-14,57217,2025081401004500,NICA,Malla & Malla Stock Broking Company Pvt. Limited,Imperial Securities Company Pvt. Ltd.,133,368.0,48944.0,2025-08-14 12:18:38.689525
2025-08-14,56861,2025081401004576,NICA,Malla & Malla Stock Broking Company Pvt. Limited,Vision Securities Pvt. Ltd,118,368.0,43424.0,2025-08-14 12:19:45.283005
2025-08-14,56761,2025081401004599,NICA,Malla & Malla Stock Broking Company Pvt. Limited,Online Securities Pvt. Ltd.,20,368.0,7360.0,2025-08-14 12:20:04.423742
2025-08-14,56457,2025081401004642,NICA,Malla & Malla Stock Broking Company Pvt. Limited,Imperial Securities Company Pvt. Ltd.,189,368.0,69552.0,2025-08-14 12:20:58.165398
2025-08-14,56456,2025081401004643,NICA,South Asian Bulls Pvt. Ltd.,Imperial Securities Company Pvt. Ltd.,40,368.0,14720.0,2025-08-14 12:20:58.165590
2025-08-14,56455,2025081401004644,NICA,Ashutosh Brokerage & Securities (PVT) Ltd.,Imperial Securities Company Pvt. Ltd.,50,368.0,18400.0,2025-08-14 12:20:58.165672
2025-08-14,56454,2025081401004645,NICA,Thrive Brokerage House Pvt. Ltd,Imperial Securities Company Pvt. Ltd.,1000,368.0,368000.0,2025-08-14 12:20:58.165741
2025-08-14,56453,2025081401004646,NICA,Naasa Securities Co. Ltd.,Imperial Securities Company Pvt. Ltd.,13,368.0,4784.0,2025-08-14 12:20:58.165812
2025-08-14,56452,2025081401004647,NICA,Naasa Securities Co. Ltd.,Imperial Securities Company Pvt. Ltd.,20,368.0,7360.0,2025-08-14 12:20:58.165884
2025-08-14,56451,2025081401004648,NICA,Imperial Securities Company Pvt. Ltd.,Imperial Securities Company Pvt. Ltd.,300,368.0,110400.0,2025-08-14 12:20:58.165955
2025-08-14,56171,2025081401004682,NICA,Sumeru Securities Pvt. Ltd.,Imperial Securities Company Pvt. Ltd.,100,368.0,36800.0,2025-08-14 12:21:49.076012
2025-08-14,54934,2025081401004926,NICA,K.B.L. Securities Limited ,Linch Stock Market Ltd.,1,370.0,370.0,2025-08-14 12:25:49.105388
2025-08-14,54820,2025081401004953,NICA,Linch Stock Market Ltd.,Imperial Securities Company Pvt. Ltd.,304,368.0,111872.0,2025-08-14 12:26:21.299969
2025-08-14,54819,2025081401004954,NICA,Linch Stock Market Ltd.,Agrawal Securities (PVT) Ltd.,127,368.0,46736.0,2025-08-14 12:26:21.300293
2025-08-14,54818,2025081401004955,NICA,Linch Stock Market Ltd.,Aryatara Investment & Securities,169,368.0,62192.0,2025-08-14 12:26:21.300457
2025-08-14,54628,2025081401005003,NICA,Nepal Stock House (PVT) Ltd.,Imperial Securities Company Pvt. Ltd.,30,368.0,11040.0,2025-08-14 12:27:24.561188
2025-08-14,54565,2025081401005013,NICA,Linch Stock Market Ltd.,Dipshikha Dhitopatra Karobar Co. Pvt Ltd.,400,369.0,147600.0,2025-08-14 12:27:50.841165
2025-08-14,54398,2025081401005044,NICA,Opal Securities Investment (PVT) Ltd.,Naasa Securities Co. Ltd.,10,369.7,3697.0,2025-08-14 12:28:41.275801
2025-08-14,54397,2025081401005045,NICA,Opal Securities Investment (PVT) Ltd.,Neev Securities Pvt. Ltd.,500,370.0,185000.0,2025-08-14 12:28:41.275993
2025-08-14,54396,2025081401005046,NICA,Opal Securities Investment (PVT) Ltd.,Sani Securities Company Ltd.,30,370.0,11100.0,2025-08-14 12:28:41.276081
2025-08-14,54125,2025081401005111,NICA,Sri Hari Securities Pvt. Ltd.,Sani Securities Company Ltd.,30,370.0,11100.0,2025-08-14 12:29:44.056888
2025-08-14,54124,2025081401005112,NICA,Sri Hari Securities Pvt. Ltd.,Linch Stock Market Ltd.,103,370.0,38110.0,2025-08-14 12:29:44.057118
2025-08-14,54123,2025081401005113,NICA,Sri Hari Securities Pvt. Ltd.,Thrive Brokerage House Pvt. Ltd,460,370.0,170200.0,2025-08-14 12:29:44.057215
2025-08-14,53994,2025081401005140,NICA,Sri Hari Securities Pvt. Ltd.,Sani Securities Company Ltd.,50,370.0,18500.0,2025-08-14 12:30:07.919744
2025-08-14,53811,2025081401005161,NICA,Sri Hari Securities Pvt. Ltd.,Sri Hari Securities Pvt. Ltd.,300,370.0,111000.0,2025-08-14 12:30:28.394296
2025-08-14,53771,2025081401005165,NICA,Sri Hari Securities Pvt. Ltd.,Dipshikha Dhitopatra Karobar Co. Pvt Ltd.,290,370.0,107300.0,2025-08-14 12:30:39.280825
2025-08-14,50695,2025081401005947,NICA,Naasa Securities Co. Ltd.,Sani Securities Company Ltd.,75,368.5,27637.5,2025-08-14 12:43:43.805487
2025-08-14,50455,2025081401006009,NICA,Creative Securities Pvt Ltd,Naasa Securities Co. Ltd.,10,368.7,3687.0,2025-08-14 12:44:36.467262
2025-08-14,49934,2025081401006102,NICA,Dipshikha Dhitopatra Karobar Co. Pvt Ltd.,Vision Securities Pvt. Ltd,30,368.6,11058.0,2025-08-14 12:46:29.686804
2025-08-14,49933,2025081401006103,NICA,Naasa Securities Co. Ltd.,Vision Securities Pvt. Ltd,425,368.5,156612.5,2025-08-14 12:46:29.687234
2025-08-14,49932,2025081401006104,NICA,J.F. Securites (PVT) Ltd.,Vision Securities Pvt. Ltd,45,368.5,16582.5,2025-08-14 12:46:29.687574
2025-08-14,49890,2025081401006106,NICA,J.F. Securites (PVT) Ltd.,Vision Securities Pvt. Ltd,225,368.5,82912.5,2025-08-14 12:46:37.747017
2025-08-14,49889,2025081401006107,NICA,Vision Securities Pvt. Ltd,Vision Securities Pvt. Ltd,150,368.5,55275.0,2025-08-14 12:46:37.747558
2025-08-14,49888,2025081401006108,NICA,Linch Stock Market Ltd.,Vision Securities Pvt. Ltd,100,368.3,36830.0,2025-08-14 12:46:37.748168
2025-08-14,49887,2025081401006109,NICA,Nepal Stock House (PVT) Ltd.,Vision Securities Pvt. Ltd,25,368.0,9200.0,2025-08-14 12:46:37.748704
2025-08-14,48118,2025081401006454,NICA,Online Securities Pvt. Ltd.,Imperial Securities Company Pvt. Ltd.,100,369.9,36990.0,2025-08-14 12:52:59.354299
2025-08-14,47357,2025081401006612,NICA,Naasa Securities Co. Ltd.,Imperial Securities Company Pvt. Ltd.,149,369.9,55115.1,2025-08-14 12:55:45.339943
2025-08-14,47297,2025081401006631,NICA,Imperial Securities Company Pvt. Ltd.,Imperial Securities Company Pvt. Ltd.,50,369.9,18495.0,2025-08-14 12:56:03.273650
2025-08-14,47095,2025081401006673,NICA,Secured Securities Ltd.,Imperial Securities Company Pvt. Ltd.,87,369.9,32181.3,2025-08-14 12:56:54.114354
2025-08-14,47033,2025081401006680,NICA,Midas Stock Broking Company Private Limited,Imperial Securities Company Pvt. Ltd.,10,369.9,3699.0,2025-08-14 12:57:05.732413
2025-08-14,46882,2025081401006735,NICA,Imperial Securities Company Pvt. Ltd.,Asian Securities Private Ltd.,10,369.0,3690.0,2025-08-14 12:57:40.157147
2025-08-14,45591,2025081401007084,NICA,Imperial Securities Company Pvt. Ltd.,Aryatara Investment & Securities,10,369.0,3690.0,2025-08-14 13:02:32.399761
2025-08-14,45485,2025081401007107,NICA,Imperial Securities Company Pvt. Ltd.,Imperial Securities Company Pvt. Ltd.,30,369.0,11070.0,2025-08-14 13:02:59.329564
2025-08-14,45484,2025081401007108,NICA,Sharepro Securities Private Limited,Imperial Securities Company Pvt. Ltd.,970,369.0,357930.0,2025-08-14 13:02:59.329784
2025-08-14,45454,2025081401007110,NICA,Sharepro Securities Private Limited,Sweta Securities Private Limited,30,369.0,11070.0,2025-08-14 13:03:07.655560
2025-08-14,45453,2025081401007111,NICA,Naasa Securities Co. Ltd.,Sweta Securities Private Limited,100,369.0,36900.0,2025-08-14 13:03:07.655829
2025-08-14,45352,2025081401007134,NICA,Sani Securities Company Ltd.,Imperial Securities Company Pvt. Ltd.,10,368.3,3683.0,2025-08-14 13:03:33.661700
2025-08-14,45351,2025081401007135,NICA,Online Securities Pvt. Ltd.,Imperial Securities Company Pvt. Ltd.,84,368.2,30928.8,2025-08-14 13:03:33.662129
2025-08-14,45277,2025081401007159,NICA,Online Securities Pvt. Ltd.,Imperial Securities Company Pvt. Ltd.,10,368.2,3682.0,2025-08-14 13:03:42.740015
2025-08-14,45077,2025081401007182,NICA,Trisul Securities & Invt. Ltd.,Sani Securities Company Ltd.,200,368.5,73700.0,2025-08-14 13:04:30.866360
2025-08-14,44710,2025081401007250,NICA,Online Securities Pvt. Ltd.,Capital Max Securities Ltd,14,368.2,5154.8,2025-08-14 13:05:52.169557
2025-08-14,44709,2025081401007251,NICA,Sweta Securities Private Limited,Capital Max Securities Ltd,50,368.2,18410.0,2025-08-14 13:05:52.169657
2025-08-14,44708,2025081401007252,NICA,ABC Securities Private Limited,Capital Max Securities Ltd,100,368.2,36820.0,2025-08-14 13:05:52.169722
2025-08-14,44707,2025081401007253,NICA,Imperial Securities Company Pvt. Ltd.,Capital Max Securities Ltd,336,368.1,123681.6,2025-08-14 13:05:52.169808
2025-08-14,44411,2025081401007330,NICA,Secured Securities Ltd.,Sani Securities Company Ltd.,87,368.5,32059.5,2025-08-14 13:07:06.206817
2025-08-14,44262,2025081401007368,NICA,Imperial Securities Company Pvt. Ltd.,Oxford Securities Pvt. Ltd.,69,368.1,25398.9,2025-08-14 13:07:43.382077
2025-08-14,44220,2025081401007381,NICA,Sri Hari Securities Pvt. Ltd.,Sani Securities Company Ltd.,576,368.5,212256.0,2025-08-14 13:07:52.401207
2025-08-14,44183,2025081401007392,NICA,Sri Hari Securities Pvt. Ltd.,Online Securities Pvt. Ltd.,30,368.5,11055.0,2025-08-14 13:08:03.491997
2025-08-14,44158,2025081401007400,NICA,Himalayan Brokerage Company Limited,Sweta Securities Private Limited,70,369.0,25830.0,2025-08-14 13:08:11.008634
2025-08-14,44157,2025081401007401,NICA,Himalayan Brokerage Company Limited,Sri Hari Securities Pvt. Ltd.,129,369.5,47665.5,2025-08-14 13:08:11.009077
2025-08-14,44156,2025081401007402,NICA,Himalayan Brokerage Company Limited,Secured Securities Ltd.,1161,369.8,429337.8,2025-08-14 13:08:11.009341
2025-08-14,43496,2025081401007603,NICA,Infinity Securities Limited,Nagarik Stock Dealer ,100,368.9,36890.0,2025-08-14 13:11:00.361410
2025-08-14,43495,2025081401007604,NICA,Infinity Securities Limited,Secured Securities Ltd.,39,369.8,14422.2,2025-08-14 13:11:00.361799
2025-08-14,43494,2025081401007605,NICA,Infinity Securities Limited,Dipshikha Dhitopatra Karobar Co. Pvt Ltd.,150,369.8,55470.0,2025-08-14 13:11:00.362073
2025-08-14,43493,2025081401007606,NICA,Infinity Securities Limited,Imperial Securities Company Pvt. Ltd.,1000,370.0,370000.0,2025-08-14 13:11:00.362324
2025-08-14,43492,2025081401007607,NICA,Infinity Securities Limited,Sri Hari Securities Pvt. Ltd.,17,370.0,6290.0,2025-08-14 13:11:00.362574
2025-08-14,43491,2025081401007608,NICA,Infinity Securities Limited,Sumeru Securities Pvt. Ltd.,100,370.0,37000.0,2025-08-14 13:11:00.362831
2025-08-14,43490,2025081401007609,NICA,Infinity Securities Limited,Sumeru Securities Pvt. Ltd.,94,370.0,34780.0,2025-08-14 13:11:00.363094
2025-08-14,42546,2025081401007807,NICA,Sri Hari Securities Pvt. Ltd.,Kumari Securities Private Limited,1394,368.5,513689.0,2025-08-14 13:15:09.131008
2025-08-14,42545,2025081401007808,NICA,Naasa Securities Co. Ltd.,Kumari Securities Private Limited,10,368.5,3685.0,2025-08-14 13:15:09.131225
2025-08-14,42544,2025081401007809,NICA,Imperial Securities Company Pvt. Ltd.,Kumari Securities Private Limited,95,368.1,34969.5,2025-08-14 13:15:09.131311
2025-08-14,42543,2025081401007810,NICA,Online Securities Pvt. Ltd.,Kumari Securities Private Limited,500,368.1,184050.0,2025-08-14 13:15:09.131399
2025-08-14,42542,2025081401007811,NICA,Nepal Stock House (PVT) Ltd.,Kumari Securities Private Limited,195,368.0,71760.0,2025-08-14 13:15:09.131487
2025-08-14,42541,2025081401007812,NICA,Aryatara Investment & Securities,Kumari Securities Private Limited,100,368.0,36800.0,2025-08-14 13:15:09.131573
2025-08-14,42540,2025081401007813,NICA,ABC Securities Private Limited,Kumari Securities Private Limited,100,368.0,36800.0,2025-08-14 13:15:09.131659
2025-08-14,42539,2025081401007814,NICA,Bhrikuti Stock Broking Co. Pvt. Ltd.,Kumari Securities Private Limited,500,368.0,184000.0,2025-08-14 13:15:09.131744
2025-08-14,42538,2025081401007815,NICA,Midas Stock Broking Company Private Limited,Kumari Securities Private Limited,100,368.0,36800.0,2025-08-14 13:15:09.131841
2025-08-14,42434,2025081401007829,NICA,Aryatara Investment & Securities,Nagarik Stock Dealer ,100,370.0,37000.0,2025-08-14 13:15:25.261157
2025-08-14,41502,2025081401008011,NICA,South Asian Bulls Pvt. Ltd.,Nagarik Stock Dealer ,500,370.0,185000.0,2025-08-14 13:18:49.917452
2025-08-14,41070,2025081401008088,NICA,Sani Securities Company Ltd.,Agrawal Securities (PVT) Ltd.,10,369.5,3695.0,2025-08-14 13:20:45.421012
2025-08-14,40469,2025081401008188,NICA,Vision Securities Pvt. Ltd,Sani Securities Company Ltd.,40,369.0,14760.0,2025-08-14 13:23:25.181412
2025-08-14,39650,2025081401008323,NICA,South Asian Bulls Pvt. Ltd.,Agrawal Securities (PVT) Ltd.,65,368.0,23920.0,2025-08-14 13:26:18.338449
2025-08-14,39649,2025081401008324,NICA,Sewa Securities Pvt. Ltd.,Agrawal Securities (PVT) Ltd.,100,368.0,36800.0,2025-08-14 13:26:18.338710
2025-08-14,39648,2025081401008325,NICA,J.F. Securites (PVT) Ltd.,Agrawal Securities (PVT) Ltd.,100,368.0,36800.0,2025-08-14 13:26:18.338800
2025-08-14,39647,2025081401008326,NICA,Aryatara Investment & Securities,Agrawal Securities (PVT) Ltd.,200,368.0,73600.0,2025-08-14 13:26:18.338892
2025-08-14,39646,2025081401008327,NICA,Siprabi Securities Pvt. Ltd.,Agrawal Securities (PVT) Ltd.,32,368.0,11776.0,2025-08-14 13:26:18.338983
2025-08-14,39645,2025081401008328,NICA,Online Securities Pvt. Ltd.,Agrawal Securities (PVT) Ltd.,50,368.0,18400.0,2025-08-14 13:26:18.339140
2025-08-14,39644,2025081401008329,NICA,Sundhara Securities Limited,Agrawal Securities (PVT) Ltd.,100,368.0,36800.0,2025-08-14 13:26:18.339278
2025-08-14,39114,2025081401008427,NICA,BHOLE GANESH SECURITIES LTD,Online Securities Pvt. Ltd.,8,362.2,2897.6,2025-08-14 13:28:41.733009
2025-08-14,38781,2025081401008509,NICA,Bhrikuti Stock Broking Co. Pvt. Ltd.,Agrawal Securities (PVT) Ltd.,433,368.0,159344.0,2025-08-14 13:30:16.866270
2025-08-14,38612,2025081401008564,NICA,BHOLE GANESH SECURITIES LTD,Nagarik Stock Dealer ,10,367.6,3676.0,2025-08-14 13:30:44.574668
2025-08-14,38611,2025081401008565,NICA,Sri Hari Securities Pvt. Ltd.,Nagarik Stock Dealer ,30,367.5,11025.0,2025-08-14 13:30:44.575101
2025-08-14,38441,2025081401008604,NICA,Naasa Securities Co. Ltd.,Midas Stock Broking Company Private Limited,145,367.6,53302.0,2025-08-14 13:31:41.614178
2025-08-14,38424,2025081401008609,NICA,Premier Securities Company Ltd.,Agrawal Securities (PVT) Ltd.,1000,368.0,368000.0,2025-08-14 13:31:47.495800
2025-08-14,38407,2025081401008615,NICA,Naasa Securities Co. Ltd.,Sweta Securities Private Limited,22,367.6,8087.2,2025-08-14 13:31:50.454326
2025-08-14,38263,2025081401008667,NICA,Naasa Securities Co. Ltd.,Sweta Securities Private Limited,10,367.6,3676.0,2025-08-14 13:32:19.554452
2025-08-14,38196,2025081401008687,NICA,Premier Securities Company Ltd.,Sani Securities Company Ltd.,1000,367.9,367900.0,2025-08-14 13:32:39.822264
2025-08-14,38159,2025081401008697,NICA,Trishakti Securities Public Limited,Sani Securities Company Ltd.,10,367.9,3679.0,2025-08-14 13:32:47.770998
2025-08-14,38088,2025081401008713,NICA,Naasa Securities Co. Ltd.,Nagarik Stock Dealer ,93,367.6,34186.8,2025-08-14 13:33:08.027082
2025-08-14,38087,2025081401008714,NICA,Sri Hari Securities Pvt. Ltd.,Nagarik Stock Dealer ,30,367.5,11025.0,2025-08-14 13:33:08.027517
2025-08-14,38086,2025081401008715,NICA,Dakshinkali Investment & Securities Pvt. Ltd.,Nagarik Stock Dealer ,50,367.4,18370.0,2025-08-14 13:33:08.027802
2025-08-14,38085,2025081401008716,NICA,Naasa Securities Co. Ltd.,Nagarik Stock Dealer ,195,367.4,71643.0,2025-08-14 13:33:08.028087
2025-08-14,38084,2025081401008717,NICA,Midas Stock Broking Company Private Limited,Nagarik Stock Dealer ,992,367.3,364361.6,2025-08-14 13:33:08.028365
2025-08-14,37524,2025081401008844,NICA,Sewa Securities Pvt. Ltd.,Sani Securities Company Ltd.,20,367.4,7348.0,2025-08-14 13:35:12.950851
2025-08-14,37523,2025081401008845,NICA,Siprabi Securities Pvt. Ltd.,Sani Securities Company Ltd.,10,367.3,3673.0,2025-08-14 13:35:12.951331
2025-08-14,37522,2025081401008846,NICA,Online Securities Pvt. Ltd.,Sani Securities Company Ltd.,65,367.2,23868.0,2025-08-14 13:35:12.951598
2025-08-14,37521,2025081401008847,NICA,Trisul Securities & Invt. Ltd.,Sani Securities Company Ltd.,50,367.2,18360.0,2025-08-14 13:35:12.951868
2025-08-14,37520,2025081401008848,NICA,Sri Hari Securities Pvt. Ltd.,Sani Securities Company Ltd.,11,367.2,4039.2,2025-08-14 13:35:12.952163
2025-08-14,37519,2025081401008849,NICA,Kalika Securities Pvt. Ltd.,Sani Securities Company Ltd.,200,367.1,73420.0,2025-08-14 13:35:12.952500
2025-08-14,37518,2025081401008850,NICA,Sri Hari Securities Pvt. Ltd.,Sani Securities Company Ltd.,50,367.1,18355.0,2025-08-14 13:35:12.952878
2025-08-14,37517,2025081401008851,NICA,Dakshinkali Investment & Securities Pvt. Ltd.,Sani Securities Company Ltd.,250,367.0,91750.0,2025-08-14 13:35:12.953221
2025-08-14,37516,2025081401008852,NICA,Premier Securities Company Ltd.,Sani Securities Company Ltd.,200,367.0,73400.0,2025-08-14 13:35:12.953582
2025-08-14,37515,2025081401008853,NICA,Imperial Securities Company Pvt. Ltd.,Sani Securities Company Ltd.,200,367.0,73400.0,2025-08-14 13:35:12.953971
2025-08-14,37514,2025081401008854,NICA,Dynamic Money Managers Securities Pvt. Ltd.,Sani Securities Company Ltd.,100,367.0,36700.0,2025-08-14 13:35:12.954359
2025-08-14,37513,2025081401008855,NICA,Shree Krishna Securities Ltd.,Sani Securities Company Ltd.,200,367.0,73400.0,2025-08-14 13:35:12.954735
2025-08-14,37512,2025081401008856,NICA,Primo Securities (PVT) Ltd.,Sani Securities Company Ltd.,35,367.0,12845.0,2025-08-14 13:35:12.955141
2025-08-14,37511,2025081401008857,NICA,Sumeru Securities Pvt. Ltd.,Sani Securities Company Ltd.,59,367.0,21653.0,2025-08-14 13:35:12.955500
2025-08-14,37236,2025081401008900,NICA,Sumeru Securities Pvt. Ltd.,Sani Securities Company Ltd.,41,367.0,15047.0,2025-08-14 13:35:50.328227
2025-08-14,37235,2025081401008901,NICA,Market Securities & Exchange (PVT) Ltd.,Sani Securities Company Ltd.,20,367.0,7340.0,2025-08-14 13:35:50.328446
2025-08-14,37234,2025081401008902,NICA,ABC Securities Private Limited,Sani Securities Company Ltd.,139,367.0,51013.0,2025-08-14 13:35:50.328538
2025-08-14,37211,2025081401008910,NICA,ABC Securities Private Limited,Online Securities Pvt. Ltd.,361,367.0,132487.0,2025-08-14 13:35:56.306684
2025-08-14,37210,2025081401008911,NICA,Midas Stock Broking Company Private Limited,Online Securities Pvt. Ltd.,50,367.0,18350.0,2025-08-14 13:35:56.306916
2025-08-14,37209,2025081401008912,NICA,J.F. Securites (PVT) Ltd.,Online Securities Pvt. Ltd.,89,367.0,32663.0,2025-08-14 13:35:56.307050
2025-08-14,37187,2025081401008916,NICA,BHOLE GANESH SECURITIES LTD,ABC Securities Private Limited,1,362.0,362.0,2025-08-14 13:35:58.877729
2025-08-14,37134,2025081401008918,NICA,J.F. Securites (PVT) Ltd.,Sani Securities Company Ltd.,11,367.0,4037.0,2025-08-14 13:36:04.481502
2025-08-14,37060,2025081401008929,NICA,Nepal Stock House (PVT) Ltd.,Sani Securities Company Ltd.,139,367.0,51013.0,2025-08-14 13:36:17.519539
2025-08-14,36324,2025081401009087,NICA,Nepal Stock House (PVT) Ltd.,Kumari Securities Private Limited,111,367.0,40737.0,2025-08-14 13:39:26.880719
2025-08-14,36323,2025081401009088,NICA,Premier Securities Company Ltd.,Kumari Securities Private Limited,889,367.0,326263.0,2025-08-14 13:39:26.880971
2025-08-14,36232,2025081401009109,NICA,Shree Krishna Securities Ltd.,Thrive Brokerage House Pvt. Ltd,200,367.7,73540.0,2025-08-14 13:39:48.470507
2025-08-14,36219,2025081401009114,NICA,Shree Krishna Securities Ltd.,Secured Securities Ltd.,20,367.7,7354.0,2025-08-14 13:39:55.009988
2025-08-14,36209,2025081401009117,NICA,Shree Krishna Securities Ltd.,Sharepro Securities Private Limited,80,367.7,29416.0,2025-08-14 13:39:56.198720
2025-08-14,35471,2025081401009256,NICA,Global IME Securities Limited,Sharepro Securities Private Limited,10,367.1,3671.0,2025-08-14 13:42:51.759005
2025-08-14,35470,2025081401009257,NICA,Premier Securities Company Ltd.,Sharepro Securities Private Limited,10,367.0,3670.0,2025-08-14 13:42:51.759276
2025-08-14,35459,2025081401009259,NICA,Premier Securities Company Ltd.,Shree Krishna Securities Ltd.,101,367.0,37067.0,2025-08-14 13:42:56.483650
2025-08-14,35458,2025081401009260,NICA,Sewa Securities Pvt. Ltd.,Shree Krishna Securities Ltd.,100,367.0,36700.0,2025-08-14 13:42:56.484111
2025-08-14,35457,2025081401009261,NICA,Opal Securities Investment (PVT) Ltd.,Shree Krishna Securities Ltd.,43,367.0,15781.0,2025-08-14 13:42:56.484394
2025-08-14,34164,2025081401009597,NICA,Siprabi Securities Pvt. Ltd.,Nagarik Stock Dealer ,20,367.0,7340.0,2025-08-14 13:46:22.658050
2025-08-14,34163,2025081401009598,NICA,Midas Stock Broking Company Private Limited,Nagarik Stock Dealer ,18,367.0,6606.0,2025-08-14 13:46:22.658327
2025-08-14,34162,2025081401009599,NICA,Oxford Securities Pvt. Ltd.,Nagarik Stock Dealer ,962,367.0,353054.0,2025-08-14 13:46:22.658432
2025-08-14,33982,2025081401009651,NICA,Oxford Securities Pvt. Ltd.,Blue Chip Securities Ltd,38,367.0,13946.0,2025-08-14 13:46:56.970292
2025-08-14,33805,2025081401009699,NICA,Dakshinkali Investment & Securities Pvt. Ltd.,Trisul Securities & Invt. Ltd.,50,366.8,18340.0,2025-08-14 13:47:39.145416
2025-08-14,33804,2025081401009700,NICA,Siprabi Securities Pvt. Ltd.,Trisul Securities & Invt. Ltd.,135,366.7,49504.5,2025-08-14 13:47:39.145924
2025-08-14,33803,2025081401009701,NICA,Trisul Securities & Invt. Ltd.,Trisul Securities & Invt. Ltd.,278,366.7,101942.6,2025-08-14 13:47:39.146248
2025-08-14,33802,2025081401009702,NICA,Secured Securities Ltd.,Trisul Securities & Invt. Ltd.,300,366.7,110010.0,2025-08-14 13:47:39.146571
2025-08-14,33801,2025081401009703,NICA,Siprabi Securities Pvt. Ltd.,Trisul Securities & Invt. Ltd.,10,366.7,3667.0,2025-08-14 13:47:39.146905
2025-08-14,33800,2025081401009704,NICA,Investment Management Nepal Pvt. Ltd.,Trisul Securities & Invt. Ltd.,360,366.5,131940.0,2025-08-14 13:47:39.147215
2025-08-14,33799,2025081401009705,NICA,Vision Securities Pvt. Ltd,Trisul Securities & Invt. Ltd.,30,366.5,10995.0,2025-08-14 13:47:39.147493
2025-08-14,33798,2025081401009706,NICA,Vision Securities Pvt. Ltd,Trisul Securities & Invt. Ltd.,90,366.5,32985.0,2025-08-14 13:47:39.147797
2025-08-14,33797,2025081401009707,NICA,Agrawal Securities (PVT) Ltd.,Trisul Securities & Invt. Ltd.,10,366.3,3663.0,2025-08-14 13:47:39.148087
2025-08-14,33796,2025081401009708,NICA,South Asian Bulls Pvt. Ltd.,Trisul Securities & Invt. Ltd.,30,366.3,10989.0,2025-08-14 13:47:39.148451
2025-08-14,33795,2025081401009709,NICA,Dakshinkali Investment & Securities Pvt. Ltd.,Trisul Securities & Invt. Ltd.,50,366.1,18305.0,2025-08-14 13:47:39.148723
2025-08-14,33794,2025081401009710,NICA,Neev Securities Pvt. Ltd.,Trisul Securities & Invt. Ltd.,10,366.0,3660.0,2025-08-14 13:47:39.148979
2025-08-14,33793,2025081401009711,NICA,South Asian Bulls Pvt. Ltd.,Trisul Securities & Invt. Ltd.,100,366.0,36600.0,2025-08-14 13:47:39.149332
2025-08-14,33792,2025081401009712,NICA,Ashutosh Brokerage & Securities (PVT) Ltd.,Trisul Securities & Invt. Ltd.,25,366.0,9150.0,2025-08-14 13:47:39.149623
2025-08-14,33791,2025081401009713,NICA,Sani Securities Company Ltd.,Trisul Securities & Invt. Ltd.,36,366.0,13176.0,2025-08-14 13:47:39.149893
2025-08-14,33790,2025081401009714,NICA,Naasa Securities Co. Ltd.,Trisul Securities & Invt. Ltd.,26,366.0,9516.0,2025-08-14 13:47:39.150238
2025-08-14,33789,2025081401009715,NICA,Bhrikuti Stock Broking Co. Pvt. Ltd.,Trisul Securities & Invt. Ltd.,21,366.0,7686.0,2025-08-14 13:47:39.150558
2025-08-14,33788,2025081401009716,NICA,Imperial Securities Company Pvt. Ltd.,Trisul Securities & Invt. Ltd.,100,366.0,36600.0,2025-08-14 13:47:39.150834
2025-08-14,33787,2025081401009717,NICA,Trishakti Securities Public Limited,Trisul Securities & Invt. Ltd.,500,366.0,183000.0,2025-08-14 13:47:39.151111
2025-08-14,33786,2025081401009718,NICA,Siprabi Securities Pvt. Ltd.,Trisul Securities & Invt. Ltd.,20,366.0,7320.0,2025-08-14 13:47:39.151444
2025-08-14,33785,2025081401009719,NICA,Aryatara Investment & Securities,Trisul Securities & Invt. Ltd.,300,365.4,109620.0,2025-08-14 13:47:39.151775
2025-08-14,33784,2025081401009720,NICA,Imperial Securities Company Pvt. Ltd.,Trisul Securities & Invt. Ltd.,20,365.0,7300.0,2025-08-14 13:47:39.152057
2025-08-14,33783,2025081401009721,NICA,Aakashbhairab Securities Ltd.,Trisul Securities & Invt. Ltd.,10,365.0,3650.0,2025-08-14 13:47:39.152323
2025-08-14,33782,2025081401009722,NICA,Shree Krishna Securities Ltd.,Trisul Securities & Invt. Ltd.,10,365.0,3650.0,2025-08-14 13:47:39.152617
2025-08-14,33781,2025081401009723,NICA,Naasa Securities Co. Ltd.,Trisul Securities & Invt. Ltd.,50,365.0,18250.0,2025-08-14 13:47:39.152904
2025-08-14,33780,2025081401009724,NICA,Kumari Securities Private Limited,Trisul Securities & Invt. Ltd.,100,365.0,36500.0,2025-08-14 13:47:39.153170
2025-08-14,33779,2025081401009725,NICA,Kumari Securities Private Limited,Trisul Securities & Invt. Ltd.,100,365.0,36500.0,2025-08-14 13:47:39.153463
2025-08-14,33778,2025081401009726,NICA,Sani Securities Company Ltd.,Trisul Securities & Invt. Ltd.,40,365.0,14600.0,2025-08-14 13:47:39.153716
2025-08-14,33777,2025081401009727,NICA,Sumeru Securities Pvt. Ltd.,Trisul Securities & Invt. Ltd.,100,365.0,36500.0,2025-08-14 13:47:39.153993
2025-08-14,33776,2025081401009728,NICA,Bhrikuti Stock Broking Co. Pvt. Ltd.,Trisul Securities & Invt. Ltd.,100,365.0,36500.0,2025-08-14 13:47:39.154288
2025-08-14,33775,2025081401009729,NICA,Capital Hub P. Ltd,Trisul Securities & Invt. Ltd.,100,365.0,36500.0,2025-08-14 13:47:39.154569
2025-08-14,33774,2025081401009730,NICA,Primo Securities (PVT) Ltd.,Trisul Securities & Invt. Ltd.,1889,365.0,689485.0,2025-08-14 13:47:39.154831
2025-08-14,33622,2025081401009747,NICA,Primo Securities (PVT) Ltd.,Trisul Securities & Invt. Ltd.,111,365.0,40515.0,2025-08-14 13:48:08.312767
2025-08-14,33621,2025081401009748,NICA,Imperial Securities Company Pvt. Ltd.,Trisul Securities & Invt. Ltd.,200,365.0,73000.0,2025-08-14 13:48:08.312970
2025-08-14,33620,2025081401009749,NICA,South Asian Bulls Pvt. Ltd.,Trisul Securities & Invt. Ltd.,100,365.0,36500.0,2025-08-14 13:48:08.313068
2025-08-14,33619,2025081401009750,NICA,Online Securities Pvt. Ltd.,Trisul Securities & Invt. Ltd.,50,365.0,18250.0,2025-08-14 13:48:08.313153
2025-08-14,33618,2025081401009751,NICA,Sani Securities Company Ltd.,Trisul Securities & Invt. Ltd.,50,365.0,18250.0,2025-08-14 13:48:08.313237
2025-08-14,33617,2025081401009752,NICA,Asian Securities Private Ltd.,Trisul Securities & Invt. Ltd.,45,365.0,16425.0,2025-08-14 13:48:08.313321
2025-08-14,33616,2025081401009753,NICA,Sani Securities Company Ltd.,Trisul Securities & Invt. Ltd.,50,365.0,18250.0,2025-08-14 13:48:08.313401
2025-08-14,33615,2025081401009754,NICA,Sani Securities Company Ltd.,Trisul Securities & Invt. Ltd.,200,365.0,73000.0,2025-08-14 13:48:08.313479
2025-08-14,33614,2025081401009755,NICA,Naasa Securities Co. Ltd.,Trisul Securities & Invt. Ltd.,10,365.0,3650.0,2025-08-14 13:48:08.313561
2025-08-14,33613,2025081401009756,NICA,Kohinoor Investment & Securities Pvt. Ltd.,Trisul Securities & Invt. Ltd.,50,365.0,18250.0,2025-08-14 13:48:08.313636
2025-08-14,33612,2025081401009757,NICA,Agrawal Securities (PVT) Ltd.,Trisul Securities & Invt. Ltd.,500,365.0,182500.0,2025-08-14 13:48:08.313711
2025-08-14,33611,2025081401009758,NICA,Sani Securities Company Ltd.,Trisul Securities & Invt. Ltd.,100,365.0,36500.0,2025-08-14 13:48:08.313808
2025-08-14,33610,2025081401009759,NICA,Primo Securities (PVT) Ltd.,Trisul Securities & Invt. Ltd.,20,365.0,7300.0,2025-08-14 13:48:08.313885
2025-08-14,33609,2025081401009760,NICA,Secured Securities Ltd.,Trisul Securities & Invt. Ltd.,500,365.0,182500.0,2025-08-14 13:48:08.313958
2025-08-14,33608,2025081401009761,NICA,Sri Hari Securities Pvt. Ltd.,Trisul Securities & Invt. Ltd.,767,365.0,279955.0,2025-08-14 13:48:08.314036
2025-08-14,33607,2025081401009762,NICA,Opal Securities Investment (PVT) Ltd.,Trisul Securities & Invt. Ltd.,30,365.0,10950.0,2025-08-14 13:48:08.314114
2025-08-14,33606,2025081401009763,NICA,Aryatara Investment & Securities,Trisul Securities & Invt. Ltd.,300,365.0,109500.0,2025-08-14 13:48:08.314187
2025-08-14,33605,2025081401009764,NICA,Sajilo Broker Limited,Trisul Securities & Invt. Ltd.,50,365.0,18250.0,2025-08-14 13:48:08.314258
2025-08-14,33604,2025081401009765,NICA,Hatemalo Financial Services Private Limited,Trisul Securities & Invt. Ltd.,100,365.0,36500.0,2025-08-14 13:48:08.314329
2025-08-14,33603,2025081401009766,NICA,Agrawal Securities (PVT) Ltd.,Trisul Securities & Invt. Ltd.,10,365.0,3650.0,2025-08-14 13:48:08.314400
2025-08-14,33602,2025081401009767,NICA,Vision Securities Pvt. Ltd,Trisul Securities & Invt. Ltd.,50,365.0,18250.0,2025-08-14 13:48:08.314482
2025-08-14,33601,2025081401009768,NICA,Kohinoor Investment & Securities Pvt. Ltd.,Trisul Securities & Invt. Ltd.,20,365.0,7300.0,2025-08-14 13:48:08.314571
2025-08-14,33600,2025081401009769,NICA,Trishakti Securities Public Limited,Trisul Securities & Invt. Ltd.,100,365.0,36500.0,2025-08-14 13:48:08.314640
2025-08-14,33599,2025081401009770,NICA,Siprabi Securities Pvt. Ltd.,Trisul Securities & Invt. Ltd.,10,365.0,3650.0,2025-08-14 13:48:08.314710
2025-08-14,33598,2025081401009771,NICA,Market Securities & Exchange (PVT) Ltd.,Trisul Securities & Invt. Ltd.,10,365.0,3650.0,2025-08-14 13:48:08.314781
2025-08-14,33597,2025081401009772,NICA,Secured Securities Ltd.,Trisul Securities & Invt. Ltd.,56,365.0,20440.0,2025-08-14 13:48:08.314850
2025-08-14,33596,2025081401009773,NICA,Creative Securities Pvt Ltd,Trisul Securities & Invt. Ltd.,100,365.0,36500.0,2025-08-14 13:48:08.314917
2025-08-14,33595,2025081401009774,NICA,Dynamic Money Managers Securities Pvt. Ltd.,Trisul Securities & Invt. Ltd.,30,365.0,10950.0,2025-08-14 13:48:08.315012
2025-08-14,33594,2025081401009775,NICA,Nepal Stock House (PVT) Ltd.,Trisul Securities & Invt. Ltd.,100,365.0,36500.0,2025-08-14 13:48:08.315085
2025-08-14,33593,2025081401009776,NICA,Sani Securities Company Ltd.,Trisul Securities & Invt. Ltd.,50,365.0,18250.0,2025-08-14 13:48:08.315170
2025-08-14,33592,2025081401009777,NICA,Bhrikuti Stock Broking Co. Pvt. Ltd.,Trisul Securities & Invt. Ltd.,200,365.0,73000.0,2025-08-14 13:48:08.315238
2025-08-14,33586,2025081401009781,NICA,Naasa Securities Co. Ltd.,Trisul Securities & Invt. Ltd.,31,365.0,11315.0,2025-08-14 13:48:10.030268
2025-08-14,33458,2025081401009808,NICA,Naasa Securities Co. Ltd.,Nepal Stock House (PVT) Ltd.,69,365.1,25191.9,2025-08-14 13:48:32.665377
2025-08-14,33457,2025081401009809,NICA,Sweta Securities Private Limited,Nepal Stock House (PVT) Ltd.,81,364.5,29524.5,2025-08-14 13:48:32.665545
2025-08-14,32404,2025081401010070,NICA,Oxford Securities Pvt. Ltd.,Bhrikuti Stock Broking Co. Pvt. Ltd.,10,365.0,3650.0,2025-08-14 13:51:26.578331
2025-08-14,31884,2025081401010207,NICA,Sewa Securities Pvt. Ltd.,Elite Stock House Limited,30,364.6,10938.0,2025-08-14 13:52:41.396234
2025-08-14,31883,2025081401010208,NICA,Sweta Securities Private Limited,Elite Stock House Limited,40,364.5,14580.0,2025-08-14 13:52:41.396447
2025-08-14,31841,2025081401010220,NICA,MILKY WAY SHARE BROKER COMPANY LTD ,Bhrikuti Stock Broking Co. Pvt. Ltd.,190,365.0,69350.0,2025-08-14 13:52:51.344763
2025-08-14,31840,2025081401010221,NICA,MILKY WAY SHARE BROKER COMPANY LTD ,Vision Securities Pvt. Ltd,300,365.0,109500.0,2025-08-14 13:52:51.345139
2025-08-14,31454,2025081401010320,NICA,MILKY WAY SHARE BROKER COMPANY LTD ,Naasa Securities Co. Ltd.,10,365.0,3650.0,2025-08-14 13:53:49.512721
2025-08-14,31453,2025081401010321,NICA,Aryatara Investment & Securities,Premier Securities Company Ltd.,100,364.6,36460.0,2025-08-14 13:53:49.707106
2025-08-14,31346,2025081401010333,NICA,MILKY WAY SHARE BROKER COMPANY LTD ,Premier Securities Company Ltd.,100,364.6,36460.0,2025-08-14 13:54:04.551801
2025-08-14,31115,2025081401010371,NICA,Sweta Securities Private Limited,Trisul Securities & Invt. Ltd.,379,364.5,138145.5,2025-08-14 13:54:43.279778
2025-08-14,31114,2025081401010372,NICA,Kohinoor Investment & Securities Pvt. Ltd.,Trisul Securities & Invt. Ltd.,50,364.5,18225.0,2025-08-14 13:54:43.279993
2025-08-14,31113,2025081401010373,NICA,Agrawal Securities (PVT) Ltd.,Trisul Securities & Invt. Ltd.,500,364.5,182250.0,2025-08-14 13:54:43.280096
2025-08-14,31112,2025081401010374,NICA,Naasa Securities Co. Ltd.,Trisul Securities & Invt. Ltd.,71,364.2,25858.2,2025-08-14 13:54:43.280175
2025-08-14,30940,2025081401010409,NICA,Naasa Securities Co. Ltd.,Premier Securities Company Ltd.,179,364.2,65191.8,2025-08-14 13:55:25.285628
2025-08-14,30828,2025081401010424,NICA,MILKY WAY SHARE BROKER COMPANY LTD ,Premier Securities Company Ltd.,100,364.2,36420.0,2025-08-14 13:55:40.828256
2025-08-14,30769,2025081401010429,NICA,Sewa Securities Pvt. Ltd.,Nepal Stock House (PVT) Ltd.,20,364.1,7282.0,2025-08-14 13:55:51.157861
2025-08-14,30768,2025081401010430,NICA,Neev Securities Pvt. Ltd.,Nepal Stock House (PVT) Ltd.,15,364.0,5460.0,2025-08-14 13:55:51.158268
2025-08-14,30767,2025081401010431,NICA,Sani Securities Company Ltd.,Nepal Stock House (PVT) Ltd.,40,364.0,14560.0,2025-08-14 13:55:51.158528
2025-08-14,30766,2025081401010432,NICA,Malla & Malla Stock Broking Company Pvt. Limited,Nepal Stock House (PVT) Ltd.,50,364.0,18200.0,2025-08-14 13:55:51.158767
2025-08-14,30765,2025081401010433,NICA,Sani Securities Company Ltd.,Nepal Stock House (PVT) Ltd.,50,364.0,18200.0,2025-08-14 13:55:51.159116
2025-08-14,30764,2025081401010434,NICA,Aakashbhairab Securities Ltd.,Nepal Stock House (PVT) Ltd.,10,364.0,3640.0,2025-08-14 13:55:51.159362
2025-08-14,30763,2025081401010435,NICA,Dynamic Money Managers Securities Pvt. Ltd.,Nepal Stock House (PVT) Ltd.,90,364.0,32760.0,2025-08-14 13:55:51.159635
2025-08-14,30762,2025081401010436,NICA,Secured Securities Ltd.,Nepal Stock House (PVT) Ltd.,100,364.0,36400.0,2025-08-14 13:55:51.159945
2025-08-14,30761,2025081401010437,NICA,South Asian Bulls Pvt. Ltd.,Nepal Stock House (PVT) Ltd.,53,364.0,19292.0,2025-08-14 13:55:51.160194
2025-08-14,30760,2025081401010438,NICA,Siprabi Securities Pvt. Ltd.,Nepal Stock House (PVT) Ltd.,20,364.0,7280.0,2025-08-14 13:55:51.160445
2025-08-14,30759,2025081401010439,NICA,Midas Stock Broking Company Private Limited,Nepal Stock House (PVT) Ltd.,40,364.0,14560.0,2025-08-14 13:55:51.160659
2025-08-14,30758,2025081401010440,NICA,Secured Securities Ltd.,Nepal Stock House (PVT) Ltd.,100,363.7,36370.0,2025-08-14 13:55:51.160881
2025-08-14,30757,2025081401010441,NICA,Siprabi Securities Pvt. Ltd.,Nepal Stock House (PVT) Ltd.,20,363.6,7272.0,2025-08-14 13:55:51.161112
2025-08-14,30756,2025081401010442,NICA,South Asian Bulls Pvt. Ltd.,Nepal Stock House (PVT) Ltd.,200,363.5,72700.0,2025-08-14 13:55:51.161397
2025-08-14,30755,2025081401010443,NICA,Premier Securities Company Ltd.,Nepal Stock House (PVT) Ltd.,575,363.4,208955.0,2025-08-14 13:55:51.161611
2025-08-14,30754,2025081401010444,NICA,Naasa Securities Co. Ltd.,Nepal Stock House (PVT) Ltd.,200,363.3,72660.0,2025-08-14 13:55:51.161826
2025-08-14,30753,2025081401010445,NICA,Sani Securities Company Ltd.,Nepal Stock House (PVT) Ltd.,3805,363.3,1382356.5,2025-08-14 13:55:51.162078
2025-08-14,29894,2025081401010543,NICA,Kalika Securities Pvt. Ltd.,Blue Chip Securities Ltd,200,363.4,72680.0,2025-08-14 13:58:37.940021
2025-08-14,29888,2025081401010545,NICA,Sundhara Securities Limited,Blue Chip Securities Ltd,100,363.4,36340.0,2025-08-14 13:58:42.733233
2025-08-14,29881,2025081401010547,NICA,Vision Securities Pvt. Ltd,Blue Chip Securities Ltd,70,363.4,25438.0,2025-08-14 13:58:45.189925
2025-08-14,29838,2025081401010560,NICA,Bhrikuti Stock Broking Co. Pvt. Ltd.,Blue Chip Securities Ltd,500,363.4,181700.0,2025-08-14 13:58:58.730153
2025-08-14,29770,2025081401010574,NICA,Sundhara Securities Limited,Blue Chip Securities Ltd,92,363.4,33432.8,2025-08-14 13:59:13.863173
2025-08-14,29621,2025081401010580,NICA,Midas Stock Broking Company Private Limited,Naasa Securities Co. Ltd.,40,363.4,14536.0,2025-08-14 13:59:22.845743
2025-08-14,29612,2025081401010585,NICA,Magnet Securities and Investment Company Private Limited,Premier Securities Company Ltd.,21,364.2,7648.2,2025-08-14 13:59:25.369569
2025-08-14,29611,2025081401010586,NICA,Magnet Securities and Investment Company Private Limited,Investment Management Nepal Pvt. Ltd.,12,365.0,4380.0,2025-08-14 13:59:25.369664
2025-08-14,29610,2025081401010587,NICA,Magnet Securities and Investment Company Private Limited,Agrawal Securities (PVT) Ltd.,67,368.0,24656.0,2025-08-14 13:59:25.369777
2025-08-14,29109,2025081401010795,NICA,Sani Securities Company Ltd.,Naasa Securities Co. Ltd.,300,364.0,109200.0,2025-08-14 14:01:16.326760
2025-08-14,29108,2025081401010796,NICA,Online Securities Pvt. Ltd.,Naasa Securities Co. Ltd.,135,364.0,49140.0,2025-08-14 14:01:16.327288
2025-08-14,28908,2025081401010833,NICA,Online Securities Pvt. Ltd.,Machhapuchchhre Securities Limited,25,364.0,9100.0,2025-08-14 14:02:12.274203
2025-08-14,27866,2025081401011047,NICA,Bhrikuti Stock Broking Co. Pvt. Ltd.,NIMB Stock Markets Limited,50,364.1,18205.0,2025-08-14 14:06:20.838674
2025-08-14,27865,2025081401011048,NICA,Sani Securities Company Ltd.,NIMB Stock Markets Limited,50,364.1,18205.0,2025-08-14 14:06:20.839107
2025-08-14,27750,2025081401011066,NICA,MILKY WAY SHARE BROKER COMPANY LTD ,Aryatara Investment & Securities,20,364.2,7284.0,2025-08-14 14:06:46.874135
2025-08-14,27100,2025081401011206,NICA,MILKY WAY SHARE BROKER COMPANY LTD ,Online Securities Pvt. Ltd.,80,364.2,29136.0,2025-08-14 14:09:15.664158
2025-08-14,27099,2025081401011207,NICA,Sani Securities Company Ltd.,Online Securities Pvt. Ltd.,50,364.2,18210.0,2025-08-14 14:09:15.664381
2025-08-14,27031,2025081401011224,NICA,MILKY WAY SHARE BROKER COMPANY LTD ,Online Securities Pvt. Ltd.,26,364.2,9469.2,2025-08-14 14:09:33.471062
2025-08-14,26780,2025081401011260,NICA,Dynamic Money Managers Securities Pvt. Ltd.,Trisul Securities & Invt. Ltd.,1000,365.0,365000.0,2025-08-14 14:10:25.072372
2025-08-14,26714,2025081401011274,NICA,MILKY WAY SHARE BROKER COMPANY LTD ,Himalayan Brokerage Company Limited,59,364.2,21487.8,2025-08-14 14:10:42.761634
2025-08-14,26409,2025081401011343,NICA,Secured Securities Ltd.,Sri Hari Securities Pvt. Ltd.,10,365.0,3650.0,2025-08-14 14:11:48.113312
2025-08-14,26408,2025081401011344,NICA,MILKY WAY SHARE BROKER COMPANY LTD ,Sri Hari Securities Pvt. Ltd.,115,364.2,41883.0,2025-08-14 14:11:48.113573
2025-08-14,26086,2025081401011402,NICA,Sani Securities Company Ltd.,Online Securities Pvt. Ltd.,30,367.0,11010.0,2025-08-14 14:12:41.972491
2025-08-14,25835,2025081401011442,NICA,Trishakti Securities Public Limited,Online Securities Pvt. Ltd.,50,367.0,18350.0,2025-08-14 14:13:18.085451
2025-08-14,25067,2025081401011594,NICA,Imperial Securities Company Pvt. Ltd.,Vision Securities Pvt. Ltd,200,365.0,73000.0,2025-08-14 14:15:35.261984
2025-08-14,24829,2025081401011641,NICA,Naasa Securities Co. Ltd.,Trisul Securities & Invt. Ltd.,500,365.0,182500.0,2025-08-14 14:16:32.870011
2025-08-14,24828,2025081401011642,NICA,Aakashbhairab Securities Ltd.,Trisul Securities & Invt. Ltd.,250,364.2,91050.0,2025-08-14 14:16:32.870493
2025-08-14,24827,2025081401011643,NICA,Pragyan Securities (PVT) Ltd.,Trisul Securities & Invt. Ltd.,100,364.1,36410.0,2025-08-14 14:16:32.870786
2025-08-14,24826,2025081401011644,NICA,Online Securities Pvt. Ltd.,Trisul Securities & Invt. Ltd.,80,364.0,29120.0,2025-08-14 14:16:32.871069
2025-08-14,24825,2025081401011645,NICA,Shree Krishna Securities Ltd.,Trisul Securities & Invt. Ltd.,10,364.0,3640.0,2025-08-14 14:16:32.871348
2025-08-14,24824,2025081401011646,NICA,Nepal Stock House (PVT) Ltd.,Trisul Securities & Invt. Ltd.,100,364.0,36400.0,2025-08-14 14:16:32.871610
2025-08-14,24823,2025081401011647,NICA,Naasa Securities Co. Ltd.,Trisul Securities & Invt. Ltd.,135,364.0,49140.0,2025-08-14 14:16:32.871882
2025-08-14,24822,2025081401011648,NICA,Kohinoor Investment & Securities Pvt. Ltd.,Trisul Securities & Invt. Ltd.,200,364.0,72800.0,2025-08-14 14:16:32.872174
2025-08-14,24728,2025081401011664,NICA,MILKY WAY SHARE BROKER COMPANY LTD ,Trisul Securities & Invt. Ltd.,200,364.0,72800.0,2025-08-14 14:16:50.264638
2025-08-14,24482,2025081401011726,NICA,South Asian Bulls Pvt. Ltd.,Sani Securities Company Ltd.,80,363.6,29088.0,2025-08-14 14:17:40.464249
2025-08-14,24481,2025081401011727,NICA,Siprabi Securities Pvt. Ltd.,Sani Securities Company Ltd.,20,363.6,7272.0,2025-08-14 14:17:40.464783
2025-08-14,24480,2025081401011728,NICA,Secured Securities Ltd.,Sani Securities Company Ltd.,500,363.6,181800.0,2025-08-14 14:17:40.465083
2025-08-14,24479,2025081401011729,NICA,Magnet Securities and Investment Company Private Limited,Sani Securities Company Ltd.,150,363.5,54525.0,2025-08-14 14:17:40.465387
2025-08-14,24478,2025081401011730,NICA,Naasa Securities Co. Ltd.,Sani Securities Company Ltd.,250,363.5,90875.0,2025-08-14 14:17:40.465660
2025-08-14,24363,2025081401011753,NICA,Nepal Stock House (PVT) Ltd.,Trisul Securities & Invt. Ltd.,250,364.0,91000.0,2025-08-14 14:18:08.215715
2025-08-14,24334,2025081401011763,NICA,Naasa Securities Co. Ltd.,Agrawal Securities (PVT) Ltd.,20,363.5,7270.0,2025-08-14 14:18:13.733101
2025-08-14,24333,2025081401011764,NICA,K.B.L. Securities Limited ,Agrawal Securities (PVT) Ltd.,80,363.5,29080.0,2025-08-14 14:18:13.733525
2025-08-14,24322,2025081401011768,NICA,K.B.L. Securities Limited ,Trisul Securities & Invt. Ltd.,20,363.5,7270.0,2025-08-14 14:18:15.321611
2025-08-14,24321,2025081401011769,NICA,Elite Stock House Limited,Trisul Securities & Invt. Ltd.,50,363.5,18175.0,2025-08-14 14:18:15.322082
2025-08-14,24320,2025081401011770,NICA,Midas Stock Broking Company Private Limited,Trisul Securities & Invt. Ltd.,18,363.5,6543.0,2025-08-14 14:18:15.322432
2025-08-14,24319,2025081401011771,NICA,Malla & Malla Stock Broking Company Pvt. Limited,Trisul Securities & Invt. Ltd.,150,363.5,54525.0,2025-08-14 14:18:15.322734
2025-08-14,24318,2025081401011772,NICA,ABC Securities Private Limited,Trisul Securities & Invt. Ltd.,250,363.4,90850.0,2025-08-14 14:18:15.323088
2025-08-14,24317,2025081401011773,NICA,Sani Securities Company Ltd.,Trisul Securities & Invt. Ltd.,1195,363.3,434143.5,2025-08-14 14:18:15.323479
2025-08-14,24316,2025081401011774,NICA,South Asian Bulls Pvt. Ltd.,Trisul Securities & Invt. Ltd.,100,363.2,36320.0,2025-08-14 14:18:15.323859
2025-08-14,24315,2025081401011775,NICA,Naasa Securities Co. Ltd.,Trisul Securities & Invt. Ltd.,100,363.2,36320.0,2025-08-14 14:18:15.324215
2025-08-14,24314,2025081401011776,NICA,Naasa Securities Co. Ltd.,Trisul Securities & Invt. Ltd.,400,363.1,145240.0,2025-08-14 14:18:15.324522
2025-08-14,24313,2025081401011777,NICA,Naasa Securities Co. Ltd.,Trisul Securities & Invt. Ltd.,31,363.1,11256.1,2025-08-14 14:18:15.324885
2025-08-14,24312,2025081401011778,NICA,Sundhara Securities Limited,Trisul Securities & Invt. Ltd.,30,363.1,10893.0,2025-08-14 14:18:15.325290
2025-08-14,24311,2025081401011779,NICA,South Asian Bulls Pvt. Ltd.,Trisul Securities & Invt. Ltd.,500,363.1,181550.0,2025-08-14 14:18:15.325621
2025-08-14,24310,2025081401011780,NICA,South Asian Bulls Pvt. Ltd.,Trisul Securities & Invt. Ltd.,700,363.1,254170.0,2025-08-14 14:18:15.326016
2025-08-14,24309,2025081401011781,NICA,Linch Stock Market Ltd.,Trisul Securities & Invt. Ltd.,456,363.1,165573.6,2025-08-14 14:18:15.326357
2025-08-14,24276,2025081401011787,NICA,Dynamic Money Managers Securities Pvt. Ltd.,Trisul Securities & Invt. Ltd.,100,364.0,36400.0,2025-08-14 14:18:23.690829
2025-08-14,24270,2025081401011788,NICA,Sani Securities Company Ltd.,Trisul Securities & Invt. Ltd.,75,364.0,27300.0,2025-08-14 14:18:26.040746
2025-08-14,23250,2025081401012021,NICA,Midas Stock Broking Company Private Limited,Online Securities Pvt. Ltd.,230,367.0,84410.0,2025-08-14 14:21:40.378219
2025-08-14,22689,2025081401012106,NICA,Premier Securities Company Ltd.,Trisul Securities & Invt. Ltd.,1000,365.0,365000.0,2025-08-14 14:23:25.696520
2025-08-14,22418,2025081401012145,NICA,Premier Securities Company Ltd.,Kohinoor Investment & Securities Pvt. Ltd.,110,365.0,40150.0,2025-08-14 14:24:11.922605
2025-08-14,20994,2025081401012396,NICA,Kohinoor Investment & Securities Pvt. Ltd.,KALASH STOCK MARKET PVT. LTD.,40,365.1,14604.0,2025-08-14 14:28:29.601573
2025-08-14,20993,2025081401012397,NICA,Premier Securities Company Ltd.,KALASH STOCK MARKET PVT. LTD.,78,365.0,28470.0,2025-08-14 14:28:29.602055
2025-08-14,20468,2025081401012524,NICA,Premier Securities Company Ltd.,Premier Securities Company Ltd.,12,365.0,4380.0,2025-08-14 14:29:57.075995
2025-08-14,20467,2025081401012525,NICA,Aryatara Investment & Securities,Premier Securities Company Ltd.,88,365.0,32120.0,2025-08-14 14:29:57.076458
2025-08-14,20125,2025081401012590,NICA,Sumeru Securities Pvt. Ltd.,Sagarmatha Securities Private Limited,51,365.1,18620.1,2025-08-14 14:31:02.527165
2025-08-14,20008,2025081401012626,NICA,Dipshikha Dhitopatra Karobar Co. Pvt Ltd.,ABC Securities Private Limited,50,365.2,18260.0,2025-08-14 14:31:20.788463
2025-08-14,19702,2025081401012680,NICA,Aryatara Investment & Securities,Siprabi Securities Pvt. Ltd.,87,366.0,31842.0,2025-08-14 14:32:17.840459
2025-08-14,19701,2025081401012681,NICA,Aryatara Investment & Securities,Online Securities Pvt. Ltd.,13,366.0,4758.0,2025-08-14 14:32:17.840899
2025-08-14,19192,2025081401012763,NICA,Nepal Investment And Securities Trading Private Limited,Naasa Securities Co. Ltd.,7,362.0,2534.0,2025-08-14 14:33:33.019172
2025-08-14,17736,2025081401013131,NICA,Kohinoor Investment & Securities Pvt. Ltd.,Sani Securities Company Ltd.,10,365.5,3655.0,2025-08-14 14:37:18.163807
2025-08-14,17735,2025081401013132,NICA,Kohinoor Investment & Securities Pvt. Ltd.,Online Securities Pvt. Ltd.,167,366.0,61122.0,2025-08-14 14:37:18.164069
2025-08-14,17733,2025081401013133,NICA,Sani Securities Company Ltd.,Online Securities Pvt. Ltd.,10,366.0,3660.0,2025-08-14 14:37:18.796681
2025-08-14,17643,2025081401013162,NICA,Sani Securities Company Ltd.,Opal Securities Investment (PVT) Ltd.,20,366.0,7320.0,2025-08-14 14:37:38.624448
2025-08-14,17524,2025081401013208,NICA,Sani Securities Company Ltd.,Naasa Securities Co. Ltd.,220,367.0,80740.0,2025-08-14 14:37:56.188128
2025-08-14,17523,2025081401013209,NICA,Sani Securities Company Ltd.,Sumeru Securities Pvt. Ltd.,200,367.0,73400.0,2025-08-14 14:37:56.188412
2025-08-14,17522,2025081401013210,NICA,Sani Securities Company Ltd.,Nepal Investment And Securities Trading Private Limited,12,367.0,4404.0,2025-08-14 14:37:56.188519
2025-08-14,17521,2025081401013211,NICA,Sani Securities Company Ltd.,Premier Securities Company Ltd.,150,367.0,55050.0,2025-08-14 14:37:56.188623
2025-08-14,17520,2025081401013212,NICA,Sani Securities Company Ltd.,Oxford Securities Pvt. Ltd.,250,367.7,91925.0,2025-08-14 14:37:56.188725
2025-08-14,17519,2025081401013213,NICA,Sani Securities Company Ltd.,South Asian Bulls Pvt. Ltd.,71,367.8,26113.8,2025-08-14 14:37:56.188840
2025-08-14,17518,2025081401013214,NICA,Sani Securities Company Ltd.,Agrawal Securities (PVT) Ltd.,500,367.8,183900.0,2025-08-14 14:37:56.188947
2025-08-14,17517,2025081401013215,NICA,Sani Securities Company Ltd.,Aryatara Investment & Securities,1000,367.8,367800.0,2025-08-14 14:37:56.189054
2025-08-14,17516,2025081401013216,NICA,Sani Securities Company Ltd.,Agrawal Securities (PVT) Ltd.,297,368.0,109296.0,2025-08-14 14:37:56.189154
2025-08-14,17070,2025081401013317,NICA,Property Wiard Limited,Sewa Securities Pvt. Ltd.,30,366.1,10983.0,2025-08-14 14:39:02.769224
2025-08-14,16143,2025081401013537,NICA,Sani Securities Company Ltd.,Sewa Securities Pvt. Ltd.,30,367.9,11037.0,2025-08-14 14:41:23.247747
2025-08-14,16142,2025081401013538,NICA,Sani Securities Company Ltd.,Agrawal Securities (PVT) Ltd.,2570,368.0,945760.0,2025-08-14 14:41:23.248040
2025-08-14,15525,2025081401013654,NICA,Trishakti Securities Public Limited,Agrawal Securities (PVT) Ltd.,25,368.0,9200.0,2025-08-14 14:42:42.279612
2025-08-14,15142,2025081401013716,NICA,Kumari Securities Private Limited,Agrawal Securities (PVT) Ltd.,50,368.0,18400.0,2025-08-14 14:43:24.237095
2025-08-14,14513,2025081401013856,NICA,Property Wiard Limited,Investment Management Nepal Pvt. Ltd.,100,367.1,36710.0,2025-08-14 14:44:44.512175
2025-08-14,13705,2025081401013957,NICA,Property Wiard Limited,South Asian Bulls Pvt. Ltd.,70,367.1,25697.0,2025-08-14 14:45:41.984433
2025-08-14,13704,2025081401013958,NICA,Imperial Securities Company Pvt. Ltd.,South Asian Bulls Pvt. Ltd.,50,367.1,18355.0,2025-08-14 14:45:41.984692
2025-08-14,13412,2025081401014026,NICA,Premier Securities Company Ltd.,Indira securities pvt. ltd,50,367.0,18350.0,2025-08-14 14:46:13.781730
2025-08-14,13330,2025081401014042,NICA,Premier Securities Company Ltd.,Midas Stock Broking Company Private Limited,900,367.0,330300.0,2025-08-14 14:46:19.547427
2025-08-14,13119,2025081401014089,NICA,Premier Securities Company Ltd.,South Asian Bulls Pvt. Ltd.,50,367.0,18350.0,2025-08-14 14:46:39.298187
2025-08-14,12520,2025081401014167,NICA,Sundhara Securities Limited,Sri Hari Securities Pvt. Ltd.,4,364.1,1456.4,2025-08-14 14:47:50.623182
2025-08-14,12371,2025081401014202,NICA,Imperial Securities Company Pvt. Ltd.,Agrawal Securities (PVT) Ltd.,901,368.0,331568.0,2025-08-14 14:48:02.952085
2025-08-14,12370,2025081401014203,NICA,Imperial Securities Company Pvt. Ltd.,Imperial Securities Company Pvt. Ltd.,99,368.0,36432.0,2025-08-14 14:48:02.952375
2025-08-14,11749,2025081401014349,NICA,Aryatara Investment & Securities,Imperial Securities Company Pvt. Ltd.,100,368.0,36800.0,2025-08-14 14:48:59.097389
2025-08-14,11721,2025081401014365,NICA,Sundhara Securities Limited,Aryatara Investment & Securities,1,366.7,366.7,2025-08-14 14:49:02.058383
2025-08-14,11503,2025081401014412,NICA,Sani Securities Company Ltd.,South Asian Bulls Pvt. Ltd.,200,366.5,73300.0,2025-08-14 14:49:19.210409
2025-08-14,11005,2025081401014524,NICA,Dipshikha Dhitopatra Karobar Co. Pvt Ltd.,Agrawal Securities (PVT) Ltd.,20,366.5,7330.0,2025-08-14 14:49:54.196674
2025-08-14,10249,2025081401014665,NICA,Kohinoor Investment & Securities Pvt. Ltd.,Imperial Securities Company Pvt. Ltd.,300,366.4,109920.0,2025-08-14 14:50:56.512165
2025-08-14,10248,2025081401014666,NICA,Premier Securities Company Ltd.,Imperial Securities Company Pvt. Ltd.,20,366.3,7326.0,2025-08-14 14:50:56.512679
2025-08-14,10247,2025081401014667,NICA,Dipshikha Dhitopatra Karobar Co. Pvt Ltd.,Imperial Securities Company Pvt. Ltd.,10,366.3,3663.0,2025-08-14 14:50:56.513017
2025-08-14,10246,2025081401014668,NICA,Sumeru Securities Pvt. Ltd.,Imperial Securities Company Pvt. Ltd.,27,366.2,9887.4,2025-08-14 14:50:56.513366
2025-08-14,10245,2025081401014669,NICA,Sani Securities Company Ltd.,Imperial Securities Company Pvt. Ltd.,170,366.0,62220.0,2025-08-14 14:50:56.513692
2025-08-14,10244,2025081401014670,NICA,Premier Securities Company Ltd.,Imperial Securities Company Pvt. Ltd.,1000,366.0,366000.0,2025-08-14 14:50:56.514043
2025-08-14,10243,2025081401014671,NICA,Online Securities Pvt. Ltd.,Imperial Securities Company Pvt. Ltd.,22,366.0,8052.0,2025-08-14 14:50:56.514360
2025-08-14,10242,2025081401014672,NICA,Malla & Malla Stock Broking Company Pvt. Limited,Imperial Securities Company Pvt. Ltd.,100,366.0,36600.0,2025-08-14 14:50:56.514684
2025-08-14,10138,2025081401014690,NICA,Secured Securities Ltd.,Imperial Securities Company Pvt. Ltd.,50,365.6,18280.0,2025-08-14 14:51:08.702649
2025-08-14,10137,2025081401014691,NICA,Kohinoor Investment & Securities Pvt. Ltd.,Imperial Securities Company Pvt. Ltd.,1000,365.5,365500.0,2025-08-14 14:51:08.702886
2025-08-14,10136,2025081401014692,NICA,Dipshikha Dhitopatra Karobar Co. Pvt Ltd.,Imperial Securities Company Pvt. Ltd.,28,365.3,10228.4,2025-08-14 14:51:08.702998
2025-08-14,10135,2025081401014693,NICA,Dipshikha Dhitopatra Karobar Co. Pvt Ltd.,Imperial Securities Company Pvt. Ltd.,400,365.2,146080.0,2025-08-14 14:51:08.703114
2025-08-14,10134,2025081401014694,NICA,Market Securities & Exchange (PVT) Ltd.,Imperial Securities Company Pvt. Ltd.,100,365.2,36520.0,2025-08-14 14:51:08.703222
2025-08-14,10133,2025081401014695,NICA,Sumeru Securities Pvt. Ltd.,Imperial Securities Company Pvt. Ltd.,422,365.1,154072.2,2025-08-14 14:51:08.703331
2025-08-14,10023,2025081401014723,NICA,MILKY WAY SHARE BROKER COMPANY LTD ,Imperial Securities Company Pvt. Ltd.,150,366.0,54900.0,2025-08-14 14:51:20.740923
2025-08-14,9867,2025081401014736,NICA,Sumeru Securities Pvt. Ltd.,Imperial Securities Company Pvt. Ltd.,27,365.1,9857.7,2025-08-14 14:51:33.207641
2025-08-14,9866,2025081401014737,NICA,Aryatara Investment & Securities,Imperial Securities Company Pvt. Ltd.,62,365.0,22630.0,2025-08-14 14:51:33.207895
2025-08-14,9865,2025081401014738,NICA,Nagarik Stock Dealer ,Imperial Securities Company Pvt. Ltd.,500,365.0,182500.0,2025-08-14 14:51:33.208004
2025-08-14,9864,2025081401014739,NICA,Kohinoor Investment & Securities Pvt. Ltd.,Imperial Securities Company Pvt. Ltd.,41,365.0,14965.0,2025-08-14 14:51:33.208119
2025-08-14,9863,2025081401014740,NICA,Vision Securities Pvt. Ltd,Imperial Securities Company Pvt. Ltd.,500,365.0,182500.0,2025-08-14 14:51:33.208226
2025-08-14,9862,2025081401014741,NICA,Siprabi Securities Pvt. Ltd.,Imperial Securities Company Pvt. Ltd.,21,365.0,7665.0,2025-08-14 14:51:33.208333
2025-08-14,9861,2025081401014742,NICA,Kalika Securities Pvt. Ltd.,Imperial Securities Company Pvt. Ltd.,25,365.0,9125.0,2025-08-14 14:51:33.208436
2025-08-14,9860,2025081401014743,NICA,Online Securities Pvt. Ltd.,Imperial Securities Company Pvt. Ltd.,40,365.0,14600.0,2025-08-14 14:51:33.208541
2025-08-14,9859,2025081401014744,NICA,South Asian Bulls Pvt. Ltd.,Imperial Securities Company Pvt. Ltd.,150,365.0,54750.0,2025-08-14 14:51:33.208649
2025-08-14,9858,2025081401014745,NICA,Investment Management Nepal Pvt. Ltd.,Imperial Securities Company Pvt. Ltd.,25,365.0,9125.0,2025-08-14 14:51:33.208754
2025-08-14,9857,2025081401014746,NICA,Indira securities pvt. ltd,Imperial Securities Company Pvt. Ltd.,100,365.0,36500.0,2025-08-14 14:51:33.208869
2025-08-14,9856,2025081401014747,NICA,Naasa Securities Co. Ltd.,Imperial Securities Company Pvt. Ltd.,20,365.0,7300.0,2025-08-14 14:51:33.208972
2025-08-14,9855,2025081401014748,NICA,Naasa Securities Co. Ltd.,Imperial Securities Company Pvt. Ltd.,25,365.0,9125.0,2025-08-14 14:51:33.209081
2025-08-14,9854,2025081401014749,NICA,Ashutosh Brokerage & Securities (PVT) Ltd.,Imperial Securities Company Pvt. Ltd.,50,365.0,18250.0,2025-08-14 14:51:33.209186
2025-08-14,9853,2025081401014750,NICA,Trishakti Securities Public Limited,Imperial Securities Company Pvt. Ltd.,50,365.0,18250.0,2025-08-14 14:51:33.209291
2025-08-14,9852,2025081401014751,NICA,Ashutosh Brokerage & Securities (PVT) Ltd.,Imperial Securities Company Pvt. Ltd.,50,365.0,18250.0,2025-08-14 14:51:33.209393
2025-08-14,9851,2025081401014752,NICA,KALASH STOCK MARKET PVT. LTD.,Imperial Securities Company Pvt. Ltd.,26,365.0,9490.0,2025-08-14 14:51:33.209506
2025-08-14,9850,2025081401014753,NICA,South Asian Bulls Pvt. Ltd.,Imperial Securities Company Pvt. Ltd.,288,365.0,105120.0,2025-08-14 14:51:33.209615
2025-08-14,9807,2025081401014762,NICA,Sweta Securities Private Limited,Imperial Securities Company Pvt. Ltd.,10,366.0,3660.0,2025-08-14 14:51:40.372737
2025-08-14,9634,2025081401014785,NICA,South Asian Bulls Pvt. Ltd.,Sweta Securities Private Limited,12,365.0,4380.0,2025-08-14 14:51:52.475910
2025-08-14,9633,2025081401014786,NICA,Dipshikha Dhitopatra Karobar Co. Pvt Ltd.,Sweta Securities Private Limited,10,365.0,3650.0,2025-08-14 14:51:52.476180
2025-08-14,9497,2025081401014816,NICA,MILKY WAY SHARE BROKER COMPANY LTD ,Sweta Securities Private Limited,78,365.0,28470.0,2025-08-14 14:52:01.880436
2025-08-14,9496,2025081401014817,NICA,MILKY WAY SHARE BROKER COMPANY LTD ,Imperial Securities Company Pvt. Ltd.,272,366.0,99552.0,2025-08-14 14:52:01.880920
2025-08-14,9448,2025081401014828,NICA,Siprabi Securities Pvt. Ltd.,Nepal Stock House (PVT) Ltd.,100,364.2,36420.0,2025-08-14 14:52:06.342774
2025-08-14,7935,2025081401015108,NICA,Online Securities Pvt. Ltd.,Thrive Brokerage House Pvt. Ltd,500,365.0,182500.0,2025-08-14 14:53:52.304400
2025-08-14,7461,2025081401015214,NICA,Online Securities Pvt. Ltd.,Oxford Securities Pvt. Ltd.,45,365.0,16425.0,2025-08-14 14:54:28.639151
2025-08-14,7460,2025081401015215,NICA,Naasa Securities Co. Ltd.,Oxford Securities Pvt. Ltd.,530,365.0,193450.0,2025-08-14 14:54:28.639401
2025-08-14,7454,2025081401015218,NICA,Linch Stock Market Ltd.,Oxford Securities Pvt. Ltd.,25,365.0,9125.0,2025-08-14 14:54:29.460969
2025-08-14,6434,2025081401015417,NICA,Dipshikha Dhitopatra Karobar Co. Pvt Ltd.,Aakashbhairab Securities Ltd.,10,365.1,3651.0,2025-08-14 14:55:41.947383
2025-08-14,6433,2025081401015418,NICA,Linch Stock Market Ltd.,Aakashbhairab Securities Ltd.,25,365.0,9125.0,2025-08-14 14:55:41.947859
2025-08-14,6432,2025081401015419,NICA,Creative Securities Pvt Ltd,Aakashbhairab Securities Ltd.,215,365.0,78475.0,2025-08-14 14:55:41.948223
2025-08-14,6431,2025081401015420,NICA,Creative Securities Pvt Ltd,Online Securities Pvt. Ltd.,19,365.0,6935.0,2025-08-14 14:55:42.090816
2025-08-14,6115,2025081401015513,NICA,Creative Securities Pvt Ltd,Sewa Securities Pvt. Ltd.,10,365.0,3650.0,2025-08-14 14:56:01.306957
2025-08-14,5573,2025081401015649,NICA,Linch Stock Market Ltd.,Imperial Securities Company Pvt. Ltd.,50,366.0,18300.0,2025-08-14 14:56:37.935422
2025-08-14,5166,2025081401015727,NICA,Linch Stock Market Ltd.,Imperial Securities Company Pvt. Ltd.,20,366.0,7320.0,2025-08-14 14:56:57.140251
2025-08-14,5026,2025081401015753,NICA,Dakshinkali Investment & Securities Pvt. Ltd.,Imperial Securities Company Pvt. Ltd.,50,366.0,18300.0,2025-08-14 14:57:05.153136
2025-08-14,4629,2025081401015842,NICA,Agrawal Securities (PVT) Ltd.,Imperial Securities Company Pvt. Ltd.,10,366.0,3660.0,2025-08-14 14:57:24.634211
2025-08-14,4553,2025081401015863,NICA,ABC Securities Private Limited,Investment Management Nepal Pvt. Ltd.,200,365.1,73020.0,2025-08-14 14:57:29.031470
2025-08-14,4552,2025081401015864,NICA,Creative Securities Pvt Ltd,Investment Management Nepal Pvt. Ltd.,256,365.0,93440.0,2025-08-14 14:57:29.031731
2025-08-14,4551,2025081401015865,NICA,Naasa Securities Co. Ltd.,Investment Management Nepal Pvt. Ltd.,14,365.0,5110.0,2025-08-14 14:57:29.031937
2025-08-14,4550,2025081401015866,NICA,Naasa Securities Co. Ltd.,Investment Management Nepal Pvt. Ltd.,100,365.0,36500.0,2025-08-14 14:57:29.032119
2025-08-14,4549,2025081401015867,NICA,Premier Securities Company Ltd.,Investment Management Nepal Pvt. Ltd.,230,365.0,83950.0,2025-08-14 14:57:29.032278
2025-08-14,4525,2025081401015874,NICA,Secured Securities Ltd.,Imperial Securities Company Pvt. Ltd.,45,366.0,16470.0,2025-08-14 14:57:29.816903
2025-08-14,4106,2025081401015948,NICA,Premier Securities Company Ltd.,Sumeru Securities Pvt. Ltd.,70,365.0,25550.0,2025-08-14 14:57:52.763188
2025-08-14,4105,2025081401015949,NICA,Sani Securities Company Ltd.,Sumeru Securities Pvt. Ltd.,30,365.0,10950.0,2025-08-14 14:57:52.763449
2025-08-14,3286,2025081401016132,NICA,Agrawal Securities (PVT) Ltd.,Trisul Securities & Invt. Ltd.,25,365.1,9127.5,2025-08-14 14:58:27.305823
2025-08-14,3285,2025081401016133,NICA,Sweta Securities Private Limited,Trisul Securities & Invt. Ltd.,30,365.1,10953.0,2025-08-14 14:58:27.306104
2025-08-14,3284,2025081401016134,NICA,Sani Securities Company Ltd.,Trisul Securities & Invt. Ltd.,170,365.0,62050.0,2025-08-14 14:58:27.306219
2025-08-14,3012,2025081401016183,NICA,J.F. Securites (PVT) Ltd.,Trisul Securities & Invt. Ltd.,100,365.0,36500.0,2025-08-14 14:58:37.775345
2025-08-14,2783,2025081401016282,NICA,Sani Securities Company Ltd.,Trisul Securities & Invt. Ltd.,75,365.0,27375.0,2025-08-14 14:58:45.529642
2025-08-14,2696,2025081401016295,NICA,Sani Securities Company Ltd.,Imperial Securities Company Pvt. Ltd.,300,366.0,109800.0,2025-08-14 14:58:49.590535
2025-08-14,2290,2025081401016372,NICA,Sani Securities Company Ltd.,Capital Hub P. Ltd,225,365.0,82125.0,2025-08-14 14:59:03.897662
2025-08-14,2289,2025081401016373,NICA,Dipshikha Dhitopatra Karobar Co. Pvt Ltd.,Capital Hub P. Ltd,200,365.0,73000.0,2025-08-14 14:59:03.897907
2025-08-14,2288,2025081401016374,NICA,Kalika Securities Pvt. Ltd.,Capital Hub P. Ltd,23,365.0,8395.0,2025-08-14 14:59:03.898021
2025-08-14,1988,2025081401016424,NICA,Premier Securities Company Ltd.,Capital Hub P. Ltd,100,365.0,36500.0,2025-08-14 14:59:13.928668
2025-08-14,1793,2025081401016477,NICA,Ashutosh Brokerage & Securities (PVT) Ltd.,Capital Hub P. Ltd,270,365.0,98550.0,2025-08-14 14:59:20.552529
2025-08-14,1297,2025081401016560,NICA,Naasa Securities Co. Ltd.,Capital Hub P. Ltd,40,365.0,14600.0,2025-08-14 14:59:33.685882
2025-08-14,1001,2025081401016696,NICA,Sani Securities Company Ltd.,Capital Hub P. Ltd,142,365.0,51830.0,2025-08-14 14:59:38.414123
2025-08-14,1000,2025081401016697,NICA,Sani Securities Company Ltd.,Aryatara Investment & Securities,858,365.0,313170.0,2025-08-14 14:59:38.414620
2025-08-14,862,2025081401016703,NICA,Kohinoor Investment & Securities Pvt. Ltd.,Aryatara Investment & Securities,142,365.0,51830.0,2025-08-14 14:59:41.803341
