contractId,stockSymbol,buyerMemberId,sellerMemberId,quantity,rate,amount,businessDate,tradeBookId,stockId,buyerBrokerName,sellerBrokerName,transaction_time,securityName
2026042405000147,CIT,49,13,30,1780.0,53400.0,2026-04-24,187804297,210,Online Securities Pvt. Ltd.,Thrive Brokerage House Pvt. Ltd,2026-04-24 11:01:55.997669,Citizen Investment Trust
2026042405000148,CIT,49,44,22,1785.0,39270.0,2026-04-24,187804299,210,Online Securities Pvt. Ltd.,Dynamic Money Managers Securities Pvt. Ltd.,2026-04-24 11:01:55.997734,Citizen Investment Trust
2026042405000205,CIT,49,29,20,1785.0,35700.0,2026-04-24,187804993,210,Online Securities Pvt. Ltd.,Trisul Securities & Invt. Ltd.,2026-04-24 11:02:35.655831,Citizen Investment Trust
2026042405000207,CIT,49,8,10,1785.0,17850.0,2026-04-24,187805025,210,Online Securities Pvt. Ltd.,Brilliant Securities Pvt. Ltd.,2026-04-24 11:02:37.533834,Citizen Investment Trust
2026042405000264,CIT,49,45,78,1785.0,139230.0,2026-04-24,187805640,210,Online Securities Pvt. Ltd.,Imperial Securities Company Pvt. Ltd.,2026-04-24 11:03:28.618173,Citizen Investment Trust
2026042405000309,CIT,61,67,30,1770.0,53100.0,2026-04-24,187806035,210,BHOLE GANESH SECURITIES LTD,Property Wiard Limited,2026-04-24 11:04:03.102381,Citizen Investment Trust
2026042405000385,CIT,61,58,11,1770.0,19470.0,2026-04-24,187806849,210,BHOLE GANESH SECURITIES LTD,Naasa Securities Co. Ltd.,2026-04-24 11:05:11.382651,Citizen Investment Trust
2026042405000544,CIT,42,40,10,1770.1,17701.0,2026-04-24,187808882,210,Sani Securities Company Ltd.,Creative Securities Pvt Ltd,2026-04-24 11:07:25.235489,Citizen Investment Trust
2026042405000545,CIT,61,40,59,1770.0,104430.0,2026-04-24,187808884,210,BHOLE GANESH SECURITIES LTD,Creative Securities Pvt Ltd,2026-04-24 11:07:25.235582,Citizen Investment Trust
2026042405000606,CIT,49,59,10,1780.0,17800.0,2026-04-24,187809496,210,Online Securities Pvt. Ltd.,Deevyaa Securities & Stock House Pvt. Ltd,2026-04-24 11:08:13.382534,Citizen Investment Trust
2026042405001154,CIT,68,57,10,1779.7,17797.0,2026-04-24,187814823,210,Elite Stock House Limited,Aryatara Investment & Securities,2026-04-24 11:15:43.937148,Citizen Investment Trust
2026042405001155,CIT,68,38,10,1779.8,17798.0,2026-04-24,187814826,210,Elite Stock House Limited,Dipshikha Dhitopatra Karobar Co. Pvt Ltd.,2026-04-24 11:15:43.937244,Citizen Investment Trust
2026042405001198,CIT,58,29,37,1770.0,65490.0,2026-04-24,187815482,210,Naasa Securities Co. Ltd.,Trisul Securities & Invt. Ltd.,2026-04-24 11:16:43.771059,Citizen Investment Trust
2026042405001199,CIT,42,29,13,1770.0,23010.0,2026-04-24,187815483,210,Sani Securities Company Ltd.,Trisul Securities & Invt. Ltd.,2026-04-24 11:16:43.771216,Citizen Investment Trust
2026042405002160,CIT,52,58,20,1772.0,35440.0,2026-04-24,187825283,210,Sundhara Securities Limited,Naasa Securities Co. Ltd.,2026-04-24 11:30:42.524142,Citizen Investment Trust
2026042405002185,CIT,25,58,215,1770.3,380614.5,2026-04-24,187825489,210,Sweta Securities Private Limited,Naasa Securities Co. Ltd.,2026-04-24 11:31:08.563085,Citizen Investment Trust
2026042405002215,CIT,6,58,300,1770.2,531060.0,2026-04-24,187825671,210,Agrawal Securities (PVT) Ltd.,Naasa Securities Co. Ltd.,2026-04-24 11:31:29.998355,Citizen Investment Trust
2026042405002225,CIT,58,58,10,1770.1,17701.0,2026-04-24,187825886,210,Naasa Securities Co. Ltd.,Naasa Securities Co. Ltd.,2026-04-24 11:31:50.901456,Citizen Investment Trust
2026042405002226,CIT,41,58,10,1770.0,17700.0,2026-04-24,187825888,210,Linch Stock Market Ltd.,Naasa Securities Co. Ltd.,2026-04-24 11:31:50.901620,Citizen Investment Trust
2026042405002227,CIT,58,58,20,1770.0,35400.0,2026-04-24,187825890,210,Naasa Securities Co. Ltd.,Naasa Securities Co. Ltd.,2026-04-24 11:31:50.901680,Citizen Investment Trust
2026042405002282,CIT,38,29,50,1779.6,88980.0,2026-04-24,187826625,210,Dipshikha Dhitopatra Karobar Co. Pvt Ltd.,Trisul Securities & Invt. Ltd.,2026-04-24 11:33:27.537828,Citizen Investment Trust
2026042405002283,CIT,38,59,50,1780.0,89000.0,2026-04-24,187826628,210,Dipshikha Dhitopatra Karobar Co. Pvt Ltd.,Deevyaa Securities & Stock House Pvt. Ltd,2026-04-24 11:33:27.537940,Citizen Investment Trust
2026042405002741,CIT,34,22,14,1778.0,24892.0,2026-04-24,187831392,210,Vision Securities Pvt. Ltd,Siprabi Securities Pvt. Ltd.,2026-04-24 11:42:06.163544,Citizen Investment Trust
2026042405002863,CIT,1,16,20,1771.1,35422.0,2026-04-24,187832618,210,Kumari Securities Private Limited,Primo Securities (PVT) Ltd.,2026-04-24 11:44:36.317794,Citizen Investment Trust
2026042405003009,CIT,38,57,200,1771.0,354200.0,2026-04-24,187833963,210,Dipshikha Dhitopatra Karobar Co. Pvt Ltd.,Aryatara Investment & Securities,2026-04-24 11:46:53.334536,Citizen Investment Trust
2026042405003181,CIT,35,45,20,1770.0,35400.0,2026-04-24,187835906,210,Kohinoor Investment & Securities Pvt. Ltd.,Imperial Securities Company Pvt. Ltd.,2026-04-24 11:51:07.560099,Citizen Investment Trust
2026042405003182,CIT,25,45,10,1770.0,17700.0,2026-04-24,187835908,210,Sweta Securities Private Limited,Imperial Securities Company Pvt. Ltd.,2026-04-24 11:51:07.560383,Citizen Investment Trust
2026042405003183,CIT,59,45,15,1770.0,26550.0,2026-04-24,187835910,210,Deevyaa Securities & Stock House Pvt. Ltd,Imperial Securities Company Pvt. Ltd.,2026-04-24 11:51:07.560540,Citizen Investment Trust
2026042405003184,CIT,22,45,10,1770.0,17700.0,2026-04-24,187835912,210,Siprabi Securities Pvt. Ltd.,Imperial Securities Company Pvt. Ltd.,2026-04-24 11:51:07.560681,Citizen Investment Trust
2026042405003185,CIT,17,45,20,1770.0,35400.0,2026-04-24,187835914,210,ABC Securities Private Limited,Imperial Securities Company Pvt. Ltd.,2026-04-24 11:51:07.560884,Citizen Investment Trust
2026042405003186,CIT,62,45,10,1770.0,17700.0,2026-04-24,187835916,210,Capital Max Securities Ltd,Imperial Securities Company Pvt. Ltd.,2026-04-24 11:51:07.561099,Citizen Investment Trust
2026042405003187,CIT,45,45,10,1770.0,17700.0,2026-04-24,187835918,210,Imperial Securities Company Pvt. Ltd.,Imperial Securities Company Pvt. Ltd.,2026-04-24 11:51:07.561308,Citizen Investment Trust
2026042405003188,CIT,58,45,10,1770.0,17700.0,2026-04-24,187835919,210,Naasa Securities Co. Ltd.,Imperial Securities Company Pvt. Ltd.,2026-04-24 11:51:07.561508,Citizen Investment Trust
2026042405003223,CIT,14,22,50,1770.0,88500.0,2026-04-24,187836193,210,Nepal Stock House (PVT) Ltd.,Siprabi Securities Pvt. Ltd.,2026-04-24 11:51:38.224550,Citizen Investment Trust
2026042405003399,CIT,41,45,10,1769.0,17690.0,2026-04-24,187837454,210,Linch Stock Market Ltd.,Imperial Securities Company Pvt. Ltd.,2026-04-24 11:53:40.001256,Citizen Investment Trust
2026042405003400,CIT,32,45,40,1769.0,70760.0,2026-04-24,187837455,210,Premier Securities Company Ltd.,Imperial Securities Company Pvt. Ltd.,2026-04-24 11:53:40.001425,Citizen Investment Trust
2026042405003453,CIT,57,45,10,1768.2,17682.0,2026-04-24,187837838,210,Aryatara Investment & Securities,Imperial Securities Company Pvt. Ltd.,2026-04-24 11:54:33.774558,Citizen Investment Trust
2026042405003454,CIT,41,45,10,1768.0,17680.0,2026-04-24,187837840,210,Linch Stock Market Ltd.,Imperial Securities Company Pvt. Ltd.,2026-04-24 11:54:33.774694,Citizen Investment Trust
2026042405003455,CIT,49,45,28,1768.0,49504.0,2026-04-24,187837842,210,Online Securities Pvt. Ltd.,Imperial Securities Company Pvt. Ltd.,2026-04-24 11:54:33.774745,Citizen Investment Trust
2026042405003456,CIT,32,45,42,1768.0,74256.0,2026-04-24,187837844,210,Premier Securities Company Ltd.,Imperial Securities Company Pvt. Ltd.,2026-04-24 11:54:33.774806,Citizen Investment Trust
2026042405003457,CIT,6,45,190,1768.0,335920.0,2026-04-24,187837845,210,Agrawal Securities (PVT) Ltd.,Imperial Securities Company Pvt. Ltd.,2026-04-24 11:54:33.774851,Citizen Investment Trust
2026042405003501,CIT,6,45,110,1768.0,194480.0,2026-04-24,187838247,210,Agrawal Securities (PVT) Ltd.,Imperial Securities Company Pvt. Ltd.,2026-04-24 11:55:31.087873,Citizen Investment Trust
2026042405003570,CIT,29,45,30,1770.0,53100.0,2026-04-24,187838985,210,Trisul Securities & Invt. Ltd.,Imperial Securities Company Pvt. Ltd.,2026-04-24 11:57:17.820406,Citizen Investment Trust
2026042405003620,CIT,29,45,60,1770.0,106200.0,2026-04-24,187839462,210,Trisul Securities & Invt. Ltd.,Imperial Securities Company Pvt. Ltd.,2026-04-24 11:58:23.783381,Citizen Investment Trust
2026042405003621,CIT,4,45,20,1770.0,35400.0,2026-04-24,187839463,210,Opal Securities Investment (PVT) Ltd.,Imperial Securities Company Pvt. Ltd.,2026-04-24 11:58:23.783523,Citizen Investment Trust
2026042405003700,CIT,38,18,51,1771.0,90321.0,2026-04-24,187839934,210,Dipshikha Dhitopatra Karobar Co. Pvt Ltd.,Sagarmatha Securities Private Limited,2026-04-24 11:59:11.900391,Citizen Investment Trust
2026042405003854,CIT,38,45,100,1769.0,176900.0,2026-04-24,187841188,210,Dipshikha Dhitopatra Karobar Co. Pvt Ltd.,Imperial Securities Company Pvt. Ltd.,2026-04-24 12:01:34.196499,Citizen Investment Trust
2026042405003855,CIT,45,45,20,1769.0,35380.0,2026-04-24,187841189,210,Imperial Securities Company Pvt. Ltd.,Imperial Securities Company Pvt. Ltd.,2026-04-24 12:01:34.196695,Citizen Investment Trust
2026042405003936,CIT,5,26,10,1768.0,17680.0,2026-04-24,187842018,210,Market Securities & Exchange (PVT) Ltd.,Asian Securities Private Ltd.,2026-04-24 12:03:22.084091,Citizen Investment Trust
2026042405003937,CIT,38,26,40,1768.0,70720.0,2026-04-24,187842019,210,Dipshikha Dhitopatra Karobar Co. Pvt Ltd.,Asian Securities Private Ltd.,2026-04-24 12:03:22.084357,Citizen Investment Trust
2026042405004027,CIT,14,4,71,1768.1,125535.1,2026-04-24,187842684,210,Nepal Stock House (PVT) Ltd.,Opal Securities Investment (PVT) Ltd.,2026-04-24 12:05:04.094209,Citizen Investment Trust
2026042405004028,CIT,38,4,160,1768.0,282880.0,2026-04-24,187842686,210,Dipshikha Dhitopatra Karobar Co. Pvt Ltd.,Opal Securities Investment (PVT) Ltd.,2026-04-24 12:05:04.094533,Citizen Investment Trust
2026042405004029,CIT,6,4,300,1767.1,530130.0,2026-04-24,187842688,210,Agrawal Securities (PVT) Ltd.,Opal Securities Investment (PVT) Ltd.,2026-04-24 12:05:04.094680,Citizen Investment Trust
2026042405004030,CIT,44,4,20,1767.1,35342.0,2026-04-24,187842690,210,Dynamic Money Managers Securities Pvt. Ltd.,Opal Securities Investment (PVT) Ltd.,2026-04-24 12:05:04.094827,Citizen Investment Trust
2026042405004031,CIT,41,4,10,1767.0,17670.0,2026-04-24,187842692,210,Linch Stock Market Ltd.,Opal Securities Investment (PVT) Ltd.,2026-04-24 12:05:04.094974,Citizen Investment Trust
2026042405004032,CIT,82,4,843,1767.0,1489581.0,2026-04-24,187842693,210,N.M.B. SECURITIES LIMITED,Opal Securities Investment (PVT) Ltd.,2026-04-24 12:05:04.095117,Citizen Investment Trust
2026042405004138,CIT,82,45,75,1767.0,132525.0,2026-04-24,187843529,210,N.M.B. SECURITIES LIMITED,Imperial Securities Company Pvt. Ltd.,2026-04-24 12:06:54.441303,Citizen Investment Trust
2026042405004154,CIT,82,44,26,1767.0,45942.0,2026-04-24,187843755,210,N.M.B. SECURITIES LIMITED,Dynamic Money Managers Securities Pvt. Ltd.,2026-04-24 12:07:10.342816,Citizen Investment Trust
2026042405004297,CIT,58,39,10,1768.0,17680.0,2026-04-24,187845320,210,Naasa Securities Co. Ltd.,Sumeru Securities Pvt. Ltd.,2026-04-24 12:10:13.093158,Citizen Investment Trust
2026042405004298,CIT,82,39,14,1767.0,24738.0,2026-04-24,187845322,210,N.M.B. SECURITIES LIMITED,Sumeru Securities Pvt. Ltd.,2026-04-24 12:10:13.093356,Citizen Investment Trust
2026042405004299,CIT,72,39,25,1767.0,44175.0,2026-04-24,187845324,210,Hatemalo Financial Services Private Limited,Sumeru Securities Pvt. Ltd.,2026-04-24 12:10:13.093417,Citizen Investment Trust
2026042405004300,CIT,42,39,80,1766.1,141288.0,2026-04-24,187845326,210,Sani Securities Company Ltd.,Sumeru Securities Pvt. Ltd.,2026-04-24 12:10:13.093471,Citizen Investment Trust
2026042405004301,CIT,7,39,71,1766.0,125386.0,2026-04-24,187845327,210,J.F. Securites (PVT) Ltd.,Sumeru Securities Pvt. Ltd.,2026-04-24 12:10:13.093539,Citizen Investment Trust
2026042405004801,CIT,42,17,12,1765.1,21181.2,2026-04-24,187850323,210,Sani Securities Company Ltd.,ABC Securities Private Limited,2026-04-24 12:20:13.293351,Citizen Investment Trust
2026042405005106,CIT,22,72,10,1770.0,17700.0,2026-04-24,187853550,210,Siprabi Securities Pvt. Ltd.,Hatemalo Financial Services Private Limited,2026-04-24 12:26:08.212343,Citizen Investment Trust
2026042405005172,CIT,20,72,36,1770.0,63720.0,2026-04-24,187854784,210,Sipla Securities Private Limited,Hatemalo Financial Services Private Limited,2026-04-24 12:28:28.559836,Citizen Investment Trust
2026042405005298,CIT,41,42,121,1769.0,214049.0,2026-04-24,187856436,210,Linch Stock Market Ltd.,Sani Securities Company Ltd.,2026-04-24 12:31:39.072699,Citizen Investment Trust
2026042405005542,CIT,41,72,14,1770.0,24780.0,2026-04-24,187858659,210,Linch Stock Market Ltd.,Hatemalo Financial Services Private Limited,2026-04-24 12:35:48.739630,Citizen Investment Trust
2026042405005543,CIT,41,38,15,1770.0,26550.0,2026-04-24,187858662,210,Linch Stock Market Ltd.,Dipshikha Dhitopatra Karobar Co. Pvt Ltd.,2026-04-24 12:35:48.739942,Citizen Investment Trust
2026042405005544,CIT,11,38,5,1770.0,8850.0,2026-04-24,187858663,210,Malla & Malla Stock Broking Company Pvt. Limited,Dipshikha Dhitopatra Karobar Co. Pvt Ltd.,2026-04-24 12:35:48.740230,Citizen Investment Trust
2026042405005593,CIT,1,36,30,1770.0,53100.0,2026-04-24,187859020,210,Kumari Securities Private Limited,Secured Securities Ltd.,2026-04-24 12:36:41.733788,Citizen Investment Trust
2026042405005852,CIT,10,16,10,1771.1,17711.0,2026-04-24,187861330,210,Pragyan Securities (PVT) Ltd.,Primo Securities (PVT) Ltd.,2026-04-24 12:41:05.266332,Citizen Investment Trust
2026042405005884,CIT,11,16,10,1771.1,17711.0,2026-04-24,187861610,210,Malla & Malla Stock Broking Company Pvt. Limited,Primo Securities (PVT) Ltd.,2026-04-24 12:41:38.582742,Citizen Investment Trust
2026042405005886,CIT,1,16,19,1771.1,33650.9,2026-04-24,187861615,210,Kumari Securities Private Limited,Primo Securities (PVT) Ltd.,2026-04-24 12:41:39.176596,Citizen Investment Trust
2026042405005920,CIT,3,58,50,1772.0,88600.0,2026-04-24,187861938,210,Arun Securities (PVT) Ltd.,Naasa Securities Co. Ltd.,2026-04-24 12:42:23.288376,Citizen Investment Trust
2026042405006021,CIT,22,58,10,1772.0,17720.0,2026-04-24,187862806,210,Siprabi Securities Pvt. Ltd.,Naasa Securities Co. Ltd.,2026-04-24 12:44:10.357520,Citizen Investment Trust
2026042405006092,CIT,45,34,13,1775.0,23075.0,2026-04-24,187863445,210,Imperial Securities Company Pvt. Ltd.,Vision Securities Pvt. Ltd,2026-04-24 12:45:35.178631,Citizen Investment Trust
2026042405006093,CIT,45,34,47,1775.0,83425.0,2026-04-24,187863448,210,Imperial Securities Company Pvt. Ltd.,Vision Securities Pvt. Ltd,2026-04-24 12:45:35.178850,Citizen Investment Trust
2026042405006815,CIT,49,32,28,1770.5,49574.0,2026-04-24,187870010,210,Online Securities Pvt. Ltd.,Premier Securities Company Ltd.,2026-04-24 12:56:24.475664,Citizen Investment Trust
2026042405006816,CIT,13,32,20,1770.1,35402.0,2026-04-24,187870012,210,Thrive Brokerage House Pvt. Ltd,Premier Securities Company Ltd.,2026-04-24 12:56:24.475858,Citizen Investment Trust
2026042405006817,CIT,42,32,10,1770.0,17700.0,2026-04-24,187870014,210,Sani Securities Company Ltd.,Premier Securities Company Ltd.,2026-04-24 12:56:24.475933,Citizen Investment Trust
2026042405006818,CIT,74,32,161,1770.0,284970.0,2026-04-24,187870015,210,KALASH STOCK MARKET PVT. LTD.,Premier Securities Company Ltd.,2026-04-24 12:56:24.475998,Citizen Investment Trust
2026042405006829,CIT,74,32,139,1770.0,246030.0,2026-04-24,187870078,210,KALASH STOCK MARKET PVT. LTD.,Premier Securities Company Ltd.,2026-04-24 12:56:33.236527,Citizen Investment Trust
2026042405006830,CIT,41,32,10,1770.0,17700.0,2026-04-24,187870080,210,Linch Stock Market Ltd.,Premier Securities Company Ltd.,2026-04-24 12:56:33.236703,Citizen Investment Trust
2026042405006842,CIT,41,32,30,1770.0,53100.0,2026-04-24,187870106,210,Linch Stock Market Ltd.,Premier Securities Company Ltd.,2026-04-24 12:56:35.799974,Citizen Investment Trust
2026042405007046,CIT,82,32,21,1768.0,37128.0,2026-04-24,187872075,210,N.M.B. SECURITIES LIMITED,Premier Securities Company Ltd.,2026-04-24 13:00:30.052438,Citizen Investment Trust
2026042405007052,CIT,82,32,200,1768.0,353600.0,2026-04-24,187872219,210,N.M.B. SECURITIES LIMITED,Premier Securities Company Ltd.,2026-04-24 13:00:43.442905,Citizen Investment Trust
2026042405007067,CIT,82,32,200,1768.0,353600.0,2026-04-24,187872209,210,N.M.B. SECURITIES LIMITED,Premier Securities Company Ltd.,2026-04-24 13:00:49.718045,Citizen Investment Trust
2026042405007079,CIT,82,7,79,1768.0,139672.0,2026-04-24,187872340,210,N.M.B. SECURITIES LIMITED,J.F. Securites (PVT) Ltd.,2026-04-24 13:00:59.965783,Citizen Investment Trust
2026042405007080,CIT,38,7,21,1767.0,37107.0,2026-04-24,187872341,210,Dipshikha Dhitopatra Karobar Co. Pvt Ltd.,J.F. Securites (PVT) Ltd.,2026-04-24 13:00:59.966093,Citizen Investment Trust
2026042405007234,CIT,38,32,79,1767.0,139593.0,2026-04-24,187873984,210,Dipshikha Dhitopatra Karobar Co. Pvt Ltd.,Premier Securities Company Ltd.,2026-04-24 13:05:32.148551,Citizen Investment Trust
2026042405007235,CIT,14,32,50,1767.0,88350.0,2026-04-24,187873986,210,Nepal Stock House (PVT) Ltd.,Premier Securities Company Ltd.,2026-04-24 13:05:32.148927,Citizen Investment Trust
2026042405007318,CIT,21,32,60,1767.0,106020.0,2026-04-24,187874922,210,Midas Stock Broking Company Private Limited,Premier Securities Company Ltd.,2026-04-24 13:08:05.665907,Citizen Investment Trust
2026042405007319,CIT,48,32,10,1767.0,17670.0,2026-04-24,187874924,210,Trishakti Securities Public Limited,Premier Securities Company Ltd.,2026-04-24 13:08:05.768615,Citizen Investment Trust
2026042405008160,CIT,16,32,10,1774.0,17740.0,2026-04-24,187882826,210,Primo Securities (PVT) Ltd.,Premier Securities Company Ltd.,2026-04-24 13:26:51.250724,Citizen Investment Trust
2026042405008274,CIT,16,32,10,1774.0,17740.0,2026-04-24,187884506,210,Primo Securities (PVT) Ltd.,Premier Securities Company Ltd.,2026-04-24 13:30:04.821429,Citizen Investment Trust
2026042405008421,CIT,44,32,11,1774.0,19514.0,2026-04-24,187886696,210,Dynamic Money Managers Securities Pvt. Ltd.,Premier Securities Company Ltd.,2026-04-24 13:34:51.668823,Citizen Investment Trust
2026042405008571,CIT,90,32,20,1774.0,35480.0,2026-04-24,187888252,210,Sajilo Broker Limited,Premier Securities Company Ltd.,2026-04-24 13:38:30.630004,Citizen Investment Trust
2026042405009650,CIT,75,32,100,1774.0,177400.0,2026-04-24,187899736,210,N.I.M.B. Stock Markets Limited,Premier Securities Company Ltd.,2026-04-24 14:01:21.612752,Citizen Investment Trust
2026042405009659,CIT,29,26,30,1771.0,53130.0,2026-04-24,187899806,210,Trisul Securities & Invt. Ltd.,Asian Securities Private Ltd.,2026-04-24 14:01:41.663151,Citizen Investment Trust
2026042405009660,CIT,58,26,10,1771.0,17710.0,2026-04-24,187899807,210,Naasa Securities Co. Ltd.,Asian Securities Private Ltd.,2026-04-24 14:01:41.663653,Citizen Investment Trust
2026042405009699,CIT,92,26,15,1771.0,26565.0,2026-04-24,187900209,210,Roadshow securities limited,Asian Securities Private Ltd.,2026-04-24 14:02:45.540241,Citizen Investment Trust
2026042405009776,CIT,7,26,50,1770.0,88500.0,2026-04-24,187900692,210,J.F. Securites (PVT) Ltd.,Asian Securities Private Ltd.,2026-04-24 14:03:43.890897,Citizen Investment Trust
2026042405009777,CIT,49,26,111,1770.0,196470.0,2026-04-24,187900693,210,Online Securities Pvt. Ltd.,Asian Securities Private Ltd.,2026-04-24 14:03:43.891484,Citizen Investment Trust
2026042405010081,CIT,51,58,1,1716.9,1716.9,2026-04-24,187903189,210,Oxford Securities Pvt. Ltd.,Naasa Securities Co. Ltd.,2026-04-24 14:08:59.674835,Citizen Investment Trust
2026042405010280,CIT,82,57,13,1772.5,23042.5,2026-04-24,187905381,210,N.M.B. SECURITIES LIMITED,Aryatara Investment & Securities,2026-04-24 14:13:02.882007,Citizen Investment Trust
2026042405010955,CIT,38,58,10,1773.0,17730.0,2026-04-24,187910181,210,Dipshikha Dhitopatra Karobar Co. Pvt Ltd.,Naasa Securities Co. Ltd.,2026-04-24 14:20:07.824819,Citizen Investment Trust
2026042405011398,CIT,38,32,10,1773.0,17730.0,2026-04-24,187915456,210,Dipshikha Dhitopatra Karobar Co. Pvt Ltd.,Premier Securities Company Ltd.,2026-04-24 14:27:05.612746,Citizen Investment Trust
2026042405011473,CIT,49,39,12,1773.0,21276.0,2026-04-24,187916078,210,Online Securities Pvt. Ltd.,Sumeru Securities Pvt. Ltd.,2026-04-24 14:28:19.373676,Citizen Investment Trust
2026042405011474,CIT,40,39,53,1773.0,93969.0,2026-04-24,187916080,210,Creative Securities Pvt Ltd,Sumeru Securities Pvt. Ltd.,2026-04-24 14:28:19.374034,Citizen Investment Trust
2026042405011475,CIT,44,39,10,1771.0,17710.0,2026-04-24,187916082,210,Dynamic Money Managers Securities Pvt. Ltd.,Sumeru Securities Pvt. Ltd.,2026-04-24 14:28:19.374274,Citizen Investment Trust
2026042405011476,CIT,45,39,10,1771.0,17710.0,2026-04-24,187916084,210,Imperial Securities Company Pvt. Ltd.,Sumeru Securities Pvt. Ltd.,2026-04-24 14:28:19.374526,Citizen Investment Trust
2026042405011477,CIT,41,39,49,1771.0,86779.0,2026-04-24,187916086,210,Linch Stock Market Ltd.,Sumeru Securities Pvt. Ltd.,2026-04-24 14:28:19.374742,Citizen Investment Trust
2026042405011478,CIT,49,39,99,1770.0,175230.0,2026-04-24,187916088,210,Online Securities Pvt. Ltd.,Sumeru Securities Pvt. Ltd.,2026-04-24 14:28:19.374981,Citizen Investment Trust
2026042405011479,CIT,45,39,10,1770.0,17700.0,2026-04-24,187916090,210,Imperial Securities Company Pvt. Ltd.,Sumeru Securities Pvt. Ltd.,2026-04-24 14:28:19.375202,Citizen Investment Trust
2026042405011480,CIT,57,39,257,1770.0,454890.0,2026-04-24,187916091,210,Aryatara Investment & Securities,Sumeru Securities Pvt. Ltd.,2026-04-24 14:28:19.375443,Citizen Investment Trust
2026042405011540,CIT,57,32,200,1770.0,354000.0,2026-04-24,187916673,210,Aryatara Investment & Securities,Premier Securities Company Ltd.,2026-04-24 14:29:15.144508,Citizen Investment Trust
2026042405012049,CIT,34,58,1,1750.0,1750.0,2026-04-24,187920879,210,Vision Securities Pvt. Ltd,Naasa Securities Co. Ltd.,2026-04-24 14:35:40.374287,Citizen Investment Trust
2026042405012248,CIT,16,49,10,1770.1,17701.0,2026-04-24,187922364,210,Primo Securities (PVT) Ltd.,Online Securities Pvt. Ltd.,2026-04-24 14:37:41.978278,Citizen Investment Trust
2026042405012249,CIT,57,49,10,1770.0,17700.0,2026-04-24,187922365,210,Aryatara Investment & Securities,Online Securities Pvt. Ltd.,2026-04-24 14:37:41.978528,Citizen Investment Trust
2026042405012461,CIT,6,45,1,1770.0,1770.0,2026-04-24,187924183,210,Agrawal Securities (PVT) Ltd.,Imperial Securities Company Pvt. Ltd.,2026-04-24 14:40:31.253825,Citizen Investment Trust
2026042405012531,CIT,6,58,1,1750.0,1750.0,2026-04-24,187924773,210,Agrawal Securities (PVT) Ltd.,Naasa Securities Co. Ltd.,2026-04-24 14:41:17.172924,Citizen Investment Trust
2026042405012652,CIT,57,58,33,1770.0,58410.0,2026-04-24,187925918,210,Aryatara Investment & Securities,Naasa Securities Co. Ltd.,2026-04-24 14:42:33.771783,Citizen Investment Trust
2026042405012653,CIT,22,58,15,1770.0,26550.0,2026-04-24,187925919,210,Siprabi Securities Pvt. Ltd.,Naasa Securities Co. Ltd.,2026-04-24 14:42:33.772021,Citizen Investment Trust
2026042405012726,CIT,22,32,40,1770.0,70800.0,2026-04-24,187926814,210,Siprabi Securities Pvt. Ltd.,Premier Securities Company Ltd.,2026-04-24 14:43:44.920936,Citizen Investment Trust
2026042405012727,CIT,14,32,15,1770.0,26550.0,2026-04-24,187926816,210,Nepal Stock House (PVT) Ltd.,Premier Securities Company Ltd.,2026-04-24 14:43:44.921153,Citizen Investment Trust
2026042405012728,CIT,61,32,100,1768.0,176800.0,2026-04-24,187926818,210,BHOLE GANESH SECURITIES LTD,Premier Securities Company Ltd.,2026-04-24 14:43:44.921232,Citizen Investment Trust
2026042405012749,CIT,74,32,45,1768.0,79560.0,2026-04-24,187927124,210,KALASH STOCK MARKET PVT. LTD.,Premier Securities Company Ltd.,2026-04-24 14:44:05.992208,Citizen Investment Trust
2026042405012750,CIT,58,58,10,1767.6,17676.0,2026-04-24,187927145,210,Naasa Securities Co. Ltd.,Naasa Securities Co. Ltd.,2026-04-24 14:44:07.562730,Citizen Investment Trust
2026042405013411,CIT,34,14,20,1772.0,35440.0,2026-04-24,187935710,210,Vision Securities Pvt. Ltd,Nepal Stock House (PVT) Ltd.,2026-04-24 14:51:11.430218,Citizen Investment Trust
2026042405013467,CIT,41,14,50,1772.0,88600.0,2026-04-24,187936112,210,Linch Stock Market Ltd.,Nepal Stock House (PVT) Ltd.,2026-04-24 14:51:30.779757,Citizen Investment Trust
2026042405013469,CIT,60,14,10,1772.0,17720.0,2026-04-24,187936140,210,Nagarik Stock Dealer ,Nepal Stock House (PVT) Ltd.,2026-04-24 14:51:31.962141,Citizen Investment Trust
2026042405013510,CIT,26,14,20,1772.0,35440.0,2026-04-24,187936695,210,Asian Securities Private Ltd.,Nepal Stock House (PVT) Ltd.,2026-04-24 14:51:57.350019,Citizen Investment Trust
2026042405013848,CIT,33,32,10,1772.2,17722.0,2026-04-24,187939740,210,Dakshinkali Investment & Securities Pvt. Ltd.,Premier Securities Company Ltd.,2026-04-24 14:54:18.586335,Citizen Investment Trust
2026042405013849,CIT,26,32,80,1772.0,141760.0,2026-04-24,187939742,210,Asian Securities Private Ltd.,Premier Securities Company Ltd.,2026-04-24 14:54:18.586559,Citizen Investment Trust
2026042405013850,CIT,58,32,15,1771.0,26565.0,2026-04-24,187939744,210,Naasa Securities Co. Ltd.,Premier Securities Company Ltd.,2026-04-24 14:54:18.586643,Citizen Investment Trust
2026042405013851,CIT,33,32,10,1770.1,17701.0,2026-04-24,187939746,210,Dakshinkali Investment & Securities Pvt. Ltd.,Premier Securities Company Ltd.,2026-04-24 14:54:18.586734,Citizen Investment Trust
2026042405013852,CIT,42,32,16,1770.0,28320.0,2026-04-24,187939748,210,Sani Securities Company Ltd.,Premier Securities Company Ltd.,2026-04-24 14:54:18.586816,Citizen Investment Trust
2026042405013853,CIT,44,32,10,1770.0,17700.0,2026-04-24,187939750,210,Dynamic Money Managers Securities Pvt. Ltd.,Premier Securities Company Ltd.,2026-04-24 14:54:18.586896,Citizen Investment Trust
2026042405013854,CIT,59,32,20,1770.0,35400.0,2026-04-24,187939752,210,Deevyaa Securities & Stock House Pvt. Ltd,Premier Securities Company Ltd.,2026-04-24 14:54:18.586975,Citizen Investment Trust
2026042405013855,CIT,47,32,10,1770.0,17700.0,2026-04-24,187939754,210,Neev Securities Pvt. Ltd.,Premier Securities Company Ltd.,2026-04-24 14:54:18.587051,Citizen Investment Trust
2026042405013856,CIT,21,32,29,1770.0,51330.0,2026-04-24,187939755,210,Midas Stock Broking Company Private Limited,Premier Securities Company Ltd.,2026-04-24 14:54:18.587129,Citizen Investment Trust
2026042405014057,CIT,7,32,40,1772.4,70896.0,2026-04-24,187942255,210,J.F. Securites (PVT) Ltd.,Premier Securities Company Ltd.,2026-04-24 14:55:53.964739,Citizen Investment Trust
2026042405014058,CIT,7,44,27,1772.4,47854.8,2026-04-24,187942257,210,J.F. Securites (PVT) Ltd.,Dynamic Money Managers Securities Pvt. Ltd.,2026-04-24 14:55:53.964966,Citizen Investment Trust
2026042405014059,CIT,7,63,250,1772.4,443100.0,2026-04-24,187942259,210,J.F. Securites (PVT) Ltd.,Himalayan Brokerage Company Limited,2026-04-24 14:55:53.965060,Citizen Investment Trust
2026042405014087,CIT,7,32,10,1772.4,17724.0,2026-04-24,187942657,210,J.F. Securites (PVT) Ltd.,Premier Securities Company Ltd.,2026-04-24 14:56:07.800773,Citizen Investment Trust
2026042405014342,CIT,91,44,10,1770.1,17701.0,2026-04-24,187944997,210,Citizens Share Broker Limited,Dynamic Money Managers Securities Pvt. Ltd.,2026-04-24 14:57:31.215655,Citizen Investment Trust
2026042405014373,CIT,44,1,47,1772.4,83302.8,2026-04-24,187945208,210,Dynamic Money Managers Securities Pvt. Ltd.,Kumari Securities Private Limited,2026-04-24 14:57:37.660141,Citizen Investment Trust
