contractId,stockSymbol,buyerMemberId,sellerMemberId,quantity,rate,amount,businessDate,tradeBookId,stockId,buyerBrokerName,sellerBrokerName,transaction_time,securityName
2026042404001319,DHPL,49,17,41,300.0,12300.0,2026-04-24,187818132,2754,Online Securities Pvt. Ltd.,ABC Securities Private Limited,2026-04-24 11:21:00.909399,Dibyashwori Hydropower Ltd.
2026042404001443,DHPL,58,17,18,298.0,5364.0,2026-04-24,187819256,2754,Naasa Securities Co. Ltd.,ABC Securities Private Limited,2026-04-24 11:22:32.225157,Dibyashwori Hydropower Ltd.
2026042404002475,DHPL,3,8,10,305.5,3055.0,2026-04-24,187831430,2754,Arun Securities (PVT) Ltd.,Brilliant Securities Pvt. Ltd.,2026-04-24 11:42:12.016432,Dibyashwori Hydropower Ltd.
2026042404002499,DHPL,14,8,40,305.5,12220.0,2026-04-24,187831880,2754,Nepal Stock House (PVT) Ltd.,Brilliant Securities Pvt. Ltd.,2026-04-24 11:43:07.817436,Dibyashwori Hydropower Ltd.
2026042404002889,DHPL,46,58,20,300.0,6000.0,2026-04-24,187836311,2754,Kalika Securities Pvt. Ltd.,Naasa Securities Co. Ltd.,2026-04-24 11:51:49.610693,Dibyashwori Hydropower Ltd.
2026042404003223,DHPL,46,65,11,300.0,3300.0,2026-04-24,187839223,2754,Kalika Securities Pvt. Ltd.,Sharepro Securities Private Limited,2026-04-24 11:57:52.455652,Dibyashwori Hydropower Ltd.
2026042404004393,DHPL,47,38,10,305.0,3050.0,2026-04-24,187851736,2754,Neev Securities Pvt. Ltd.,Dipshikha Dhitopatra Karobar Co. Pvt Ltd.,2026-04-24 12:22:31.208105,Dibyashwori Hydropower Ltd.
2026042404004790,DHPL,49,38,10,305.0,3050.0,2026-04-24,187854662,2754,Online Securities Pvt. Ltd.,Dipshikha Dhitopatra Karobar Co. Pvt Ltd.,2026-04-24 12:28:14.397604,Dibyashwori Hydropower Ltd.
2026042404005250,DHPL,90,22,51,301.1,15356.1,2026-04-24,187859538,2754,Sajilo Broker Limited,Siprabi Securities Pvt. Ltd.,2026-04-24 12:37:50.965363,Dibyashwori Hydropower Ltd.
2026042404005251,DHPL,42,22,50,301.1,15055.0,2026-04-24,187859540,2754,Sani Securities Company Ltd.,Siprabi Securities Pvt. Ltd.,2026-04-24 12:37:50.965561,Dibyashwori Hydropower Ltd.
2026042404005289,DHPL,57,22,49,301.1,14753.9,2026-04-24,187860084,2754,Aryatara Investment & Securities,Siprabi Securities Pvt. Ltd.,2026-04-24 12:38:39.558985,Dibyashwori Hydropower Ltd.
2026042404006314,DHPL,28,91,100,301.2,30120.0,2026-04-24,187870000,2754,Shree Krishna Securities Ltd.,Citizens Share Broker Limited,2026-04-24 12:56:23.804784,Dibyashwori Hydropower Ltd.
2026042404006315,DHPL,6,91,200,301.0,60200.0,2026-04-24,187870001,2754,Agrawal Securities (PVT) Ltd.,Citizens Share Broker Limited,2026-04-24 12:56:23.804911,Dibyashwori Hydropower Ltd.
2026042404006480,DHPL,6,44,22,301.0,6622.0,2026-04-24,187871461,2754,Agrawal Securities (PVT) Ltd.,Dynamic Money Managers Securities Pvt. Ltd.,2026-04-24 12:59:12.992602,Dibyashwori Hydropower Ltd.
2026042404007285,DHPL,90,47,45,301.1,13549.5,2026-04-24,187881766,2754,Sajilo Broker Limited,Neev Securities Pvt. Ltd.,2026-04-24 13:24:37.960155,Dibyashwori Hydropower Ltd.
2026042404007286,DHPL,6,47,275,301.0,82775.0,2026-04-24,187881767,2754,Agrawal Securities (PVT) Ltd.,Neev Securities Pvt. Ltd.,2026-04-24 13:24:37.960268,Dibyashwori Hydropower Ltd.
2026042404007358,DHPL,6,49,100,301.0,30100.0,2026-04-24,187883021,2754,Agrawal Securities (PVT) Ltd.,Online Securities Pvt. Ltd.,2026-04-24 13:27:17.993008,Dibyashwori Hydropower Ltd.
2026042404007373,DHPL,46,49,300,300.4,90120.0,2026-04-24,187883125,2754,Kalika Securities Pvt. Ltd.,Online Securities Pvt. Ltd.,2026-04-24 13:27:34.638228,Dibyashwori Hydropower Ltd.
2026042404007813,DHPL,26,41,10,304.0,3040.0,2026-04-24,187890170,2754,Asian Securities Private Ltd.,Linch Stock Market Ltd.,2026-04-24 13:42:01.279173,Dibyashwori Hydropower Ltd.
2026042404007856,DHPL,26,41,10,304.0,3040.0,2026-04-24,187890900,2754,Asian Securities Private Ltd.,Linch Stock Market Ltd.,2026-04-24 13:43:43.572972,Dibyashwori Hydropower Ltd.
2026042404009275,DHPL,52,42,9,300.0,2700.0,2026-04-24,187907265,2754,Sundhara Securities Limited,Sani Securities Company Ltd.,2026-04-24 14:15:44.860643,Dibyashwori Hydropower Ltd.
2026042404009319,DHPL,52,17,1,294.9,294.9,2026-04-24,187907607,2754,Sundhara Securities Limited,ABC Securities Private Limited,2026-04-24 14:16:14.149500,Dibyashwori Hydropower Ltd.
2026042404010697,DHPL,8,41,130,302.0,39260.0,2026-04-24,187923351,2754,Brilliant Securities Pvt. Ltd.,Linch Stock Market Ltd.,2026-04-24 14:39:17.889416,Dibyashwori Hydropower Ltd.
2026042404010814,DHPL,34,42,20,304.0,6080.0,2026-04-24,187924393,2754,Vision Securities Pvt. Ltd,Sani Securities Company Ltd.,2026-04-24 14:40:45.512869,Dibyashwori Hydropower Ltd.
2026042404010815,DHPL,34,58,10,305.0,3050.0,2026-04-24,187924396,2754,Vision Securities Pvt. Ltd,Naasa Securities Co. Ltd.,2026-04-24 14:40:45.512919,Dibyashwori Hydropower Ltd.
2026042404010859,DHPL,8,62,300,302.0,90600.0,2026-04-24,187924903,2754,Brilliant Securities Pvt. Ltd.,Capital Max Securities Ltd,2026-04-24 14:41:24.810321,Dibyashwori Hydropower Ltd.
2026042404010961,DHPL,52,58,1,305.0,305.0,2026-04-24,187925879,2754,Sundhara Securities Limited,Naasa Securities Co. Ltd.,2026-04-24 14:42:29.167781,Dibyashwori Hydropower Ltd.
2026042404011520,DHPL,8,45,1000,302.0,302000.0,2026-04-24,187932171,2754,Brilliant Securities Pvt. Ltd.,Imperial Securities Company Pvt. Ltd.,2026-04-24 14:48:45.339448,Dibyashwori Hydropower Ltd.
2026042404011585,DHPL,8,45,570,302.0,172140.0,2026-04-24,187933224,2754,Brilliant Securities Pvt. Ltd.,Imperial Securities Company Pvt. Ltd.,2026-04-24 14:49:31.957654,Dibyashwori Hydropower Ltd.
2026042404011907,DHPL,4,45,10,302.0,3020.0,2026-04-24,187936570,2754,Opal Securities Investment (PVT) Ltd.,Imperial Securities Company Pvt. Ltd.,2026-04-24 14:51:51.937353,Dibyashwori Hydropower Ltd.
2026042404012549,DHPL,49,21,29,301.0,8729.0,2026-04-24,187941844,2754,Online Securities Pvt. Ltd.,Midas Stock Broking Company Private Limited,2026-04-24 14:55:39.301879,Dibyashwori Hydropower Ltd.
2026042404012550,DHPL,6,21,50,300.7,15035.0,2026-04-24,187941846,2754,Agrawal Securities (PVT) Ltd.,Midas Stock Broking Company Private Limited,2026-04-24 14:55:39.301968,Dibyashwori Hydropower Ltd.
2026042404012551,DHPL,57,21,200,300.6,60120.0,2026-04-24,187941848,2754,Aryatara Investment & Securities,Midas Stock Broking Company Private Limited,2026-04-24 14:55:39.302019,Dibyashwori Hydropower Ltd.
2026042404012552,DHPL,47,21,721,300.1,216372.1,2026-04-24,187941849,2754,Neev Securities Pvt. Ltd.,Midas Stock Broking Company Private Limited,2026-04-24 14:55:39.302061,Dibyashwori Hydropower Ltd.
2026042404012565,DHPL,47,45,279,300.1,83727.9,2026-04-24,187941950,2754,Neev Securities Pvt. Ltd.,Imperial Securities Company Pvt. Ltd.,2026-04-24 14:55:41.888900,Dibyashwori Hydropower Ltd.
2026042404012566,DHPL,51,45,141,300.1,42314.1,2026-04-24,187941951,2754,Oxford Securities Pvt. Ltd.,Imperial Securities Company Pvt. Ltd.,2026-04-24 14:55:41.888987,Dibyashwori Hydropower Ltd.
2026042404012761,DHPL,38,36,48,301.0,14448.0,2026-04-24,187943845,2754,Dipshikha Dhitopatra Karobar Co. Pvt Ltd.,Secured Securities Ltd.,2026-04-24 14:56:51.636289,Dibyashwori Hydropower Ltd.
2026042404012883,DHPL,38,41,52,301.0,15652.0,2026-04-24,187944796,2754,Dipshikha Dhitopatra Karobar Co. Pvt Ltd.,Linch Stock Market Ltd.,2026-04-24 14:57:24.007299,Dibyashwori Hydropower Ltd.
2026042404013178,DHPL,38,41,100,301.0,30100.0,2026-04-24,187946970,2754,Dipshikha Dhitopatra Karobar Co. Pvt Ltd.,Linch Stock Market Ltd.,2026-04-24 14:58:28.009338,Dibyashwori Hydropower Ltd.
2026042404013454,DHPL,51,58,92,300.1,27609.2,2026-04-24,187949306,2754,Oxford Securities Pvt. Ltd.,Naasa Securities Co. Ltd.,2026-04-24 14:59:17.213237,Dibyashwori Hydropower Ltd.
2026042404013455,DHPL,34,58,43,300.1,12904.3,2026-04-24,187949307,2754,Vision Securities Pvt. Ltd,Naasa Securities Co. Ltd.,2026-04-24 14:59:17.213355,Dibyashwori Hydropower Ltd.
2026042404013577,DHPL,34,41,48,300.1,14404.8,2026-04-24,187950297,2754,Vision Securities Pvt. Ltd,Linch Stock Market Ltd.,2026-04-24 14:59:30.162965,Dibyashwori Hydropower Ltd.
2026042404013579,DHPL,34,62,500,300.1,150050.0,2026-04-24,187950382,2754,Vision Securities Pvt. Ltd,Capital Max Securities Ltd,2026-04-24 14:59:30.730432,Dibyashwori Hydropower Ltd.
