contract_id,symbol,buyer_member_id,seller_member_id,volume,price,amount,buyer_broker,seller_broker,transaction_time
2026042403000030,LICN,34,58,10,821.0,8210.0,Vision Securities Pvt. Ltd,Naasa Securities Co. Ltd.,2026-04-24 11:00:40.778397
2026042403000395,LICN,36,57,100,806.5,80650.0,Secured Securities Ltd.,Aryatara Investment & Securities,2026-04-24 11:16:47.770738
2026042403000396,LICN,58,57,100,806.2,80620.0,Naasa Securities Co. Ltd.,Aryatara Investment & Securities,2026-04-24 11:16:47.770818
2026042403000397,LICN,39,57,100,806.1,80610.0,Sumeru Securities Pvt. Ltd.,Aryatara Investment & Securities,2026-04-24 11:16:47.770857
2026042403000398,LICN,58,57,90,806.1,72549.0,Naasa Securities Co. Ltd.,Aryatara Investment & Securities,2026-04-24 11:16:47.770889
2026042403000477,LICN,39,67,100,807.5,80750.0,Sumeru Securities Pvt. Ltd.,Property Wiard Limited,2026-04-24 11:20:38.243704
2026042403000644,LICN,3,49,200,815.0,163000.0,Arun Securities (PVT) Ltd.,Online Securities Pvt. Ltd.,2026-04-24 11:28:04.144603
2026042403000710,LICN,41,81,10,810.3,8103.0,Linch Stock Market Ltd.,Aakashbhairab Securities Ltd.,2026-04-24 11:32:18.616574
2026042403000711,LICN,35,81,100,810.2,81020.0,Kohinoor Investment & Securities Pvt. Ltd.,Aakashbhairab Securities Ltd.,2026-04-24 11:32:18.616609
2026042403000712,LICN,62,81,20,810.0,16200.0,Capital Max Securities Ltd,Aakashbhairab Securities Ltd.,2026-04-24 11:32:18.616632
2026042403000713,LICN,70,81,70,809.0,56630.0,Infinity Securities Limited,Aakashbhairab Securities Ltd.,2026-04-24 11:32:18.616654
2026042403000937,LICN,41,39,10,810.0,8100.0,Linch Stock Market Ltd.,Sumeru Securities Pvt. Ltd.,2026-04-24 11:41:54.300032
2026042403000938,LICN,58,39,100,809.2,80920.0,Naasa Securities Co. Ltd.,Sumeru Securities Pvt. Ltd.,2026-04-24 11:41:54.300157
2026042403000939,LICN,32,39,50,809.1,40455.0,Premier Securities Company Ltd.,Sumeru Securities Pvt. Ltd.,2026-04-24 11:41:54.300204
2026042403000940,LICN,14,39,50,809.1,40455.0,Nepal Stock House (PVT) Ltd.,Sumeru Securities Pvt. Ltd.,2026-04-24 11:41:54.300249
2026042403000941,LICN,70,39,30,809.0,24270.0,Infinity Securities Limited,Sumeru Securities Pvt. Ltd.,2026-04-24 11:41:54.300291
2026042403000942,LICN,53,39,10,809.0,8090.0,Investment Management Nepal Pvt. Ltd.,Sumeru Securities Pvt. Ltd.,2026-04-24 11:41:54.300351
2026042403000943,LICN,58,39,100,808.0,80800.0,Naasa Securities Co. Ltd.,Sumeru Securities Pvt. Ltd.,2026-04-24 11:41:54.300393
2026042403000944,LICN,34,39,20,808.0,16160.0,Vision Securities Pvt. Ltd,Sumeru Securities Pvt. Ltd.,2026-04-24 11:41:54.300433
2026042403001163,LICN,43,67,61,812.0,49532.0,South Asian Bulls Pvt. Ltd.,Property Wiard Limited,2026-04-24 11:53:40.550464
2026042403001165,LICN,36,57,300,809.0,242700.0,Secured Securities Ltd.,Aryatara Investment & Securities,2026-04-24 11:53:54.525395
2026042403001166,LICN,17,57,135,808.0,109080.0,ABC Securities Private Limited,Aryatara Investment & Securities,2026-04-24 11:53:54.525493
2026042403001274,LICN,43,43,60,812.0,48720.0,South Asian Bulls Pvt. Ltd.,South Asian Bulls Pvt. Ltd.,2026-04-24 11:59:14.693807
2026042403001315,LICN,59,34,55,808.4,44462.0,Deevyaa Securities & Stock House Pvt. Ltd,Vision Securities Pvt. Ltd,2026-04-24 12:00:55.599642
2026042403002035,LICN,58,32,10,817.8,8178.0,Naasa Securities Co. Ltd.,Premier Securities Company Ltd.,2026-04-24 12:37:30.130574
2026042403002559,LICN,42,50,30,813.0,24390.0,Sani Securities Company Ltd.,Cristal Kanchanjanga Securites Pvt. Ltd.,2026-04-24 12:58:43.234173
2026042403002560,LICN,44,50,20,811.0,16220.0,Dynamic Money Managers Securities Pvt. Ltd.,Cristal Kanchanjanga Securites Pvt. Ltd.,2026-04-24 12:58:43.234489
2026042403002596,LICN,7,38,200,815.0,163000.0,J.F. Securites (PVT) Ltd.,Dipshikha Dhitopatra Karobar Co. Pvt Ltd.,2026-04-24 13:01:00.304886
2026042403002632,LICN,7,4,213,815.0,173595.0,J.F. Securites (PVT) Ltd.,Opal Securities Investment (PVT) Ltd.,2026-04-24 13:02:48.741278
2026042403002659,LICN,44,81,80,811.0,64880.0,Dynamic Money Managers Securities Pvt. Ltd.,Aakashbhairab Securities Ltd.,2026-04-24 13:03:54.523421
2026042403003269,LICN,34,4,10,815.0,8150.0,Vision Securities Pvt. Ltd,Opal Securities Investment (PVT) Ltd.,2026-04-24 13:41:09.914874
2026042403003291,LICN,10,45,56,812.0,45472.0,Pragyan Securities (PVT) Ltd.,Imperial Securities Company Pvt. Ltd.,2026-04-24 13:43:24.666311
2026042403003299,LICN,58,4,10,815.0,8150.0,Naasa Securities Co. Ltd.,Opal Securities Investment (PVT) Ltd.,2026-04-24 13:43:50.478500
2026042403003449,LICN,88,58,40,813.0,32520.0,Blue Chip Securities Ltd,Naasa Securities Co. Ltd.,2026-04-24 13:54:19.805658
2026042403003535,LICN,88,43,10,813.0,8130.0,Blue Chip Securities Ltd,South Asian Bulls Pvt. Ltd.,2026-04-24 13:58:06.774378
2026042403003536,LICN,21,43,90,813.0,73170.0,Midas Stock Broking Company Private Limited,South Asian Bulls Pvt. Ltd.,2026-04-24 13:58:06.774561
2026042403003565,LICN,76,20,17,811.5,13795.5,Machhapuchchhre Securities Limited,Sipla Securities Private Limited,2026-04-24 13:59:28.260768
2026042403003566,LICN,39,20,14,811.5,11361.0,Sumeru Securities Pvt. Ltd.,Sipla Securities Private Limited,2026-04-24 13:59:28.260807
2026042403003567,LICN,51,20,221,811.2,179275.2,Oxford Securities Pvt. Ltd.,Sipla Securities Private Limited,2026-04-24 13:59:28.260837
2026042403003598,LICN,51,20,79,811.2,64084.8,Oxford Securities Pvt. Ltd.,Sipla Securities Private Limited,2026-04-24 14:00:53.827021
2026042403003599,LICN,14,20,171,811.1,138698.1,Nepal Stock House (PVT) Ltd.,Sipla Securities Private Limited,2026-04-24 14:00:53.827083
2026042403003629,LICN,59,20,250,811.2,202800.0,Deevyaa Securities & Stock House Pvt. Ltd,Sipla Securities Private Limited,2026-04-24 14:02:30.719469
2026042403003630,LICN,14,20,250,811.1,202775.0,Nepal Stock House (PVT) Ltd.,Sipla Securities Private Limited,2026-04-24 14:02:30.719585
2026042403003631,LICN,14,20,79,811.1,64076.9,Nepal Stock House (PVT) Ltd.,Sipla Securities Private Limited,2026-04-24 14:02:36.729744
2026042403003632,LICN,16,20,65,811.0,52715.0,Primo Securities (PVT) Ltd.,Sipla Securities Private Limited,2026-04-24 14:02:36.729790
2026042403003633,LICN,34,20,111,811.0,90021.0,Vision Securities Pvt. Ltd,Sipla Securities Private Limited,2026-04-24 14:02:36.729818
2026042403004146,LICN,65,4,35,815.0,28525.0,Sharepro Securities Private Limited,Opal Securities Investment (PVT) Ltd.,2026-04-24 14:19:08.391630
2026042403004558,LICN,75,58,50,811.1,40555.0,N.I.M.B. Stock Markets Limited,Naasa Securities Co. Ltd.,2026-04-24 14:32:33.026949
2026042403004559,LICN,34,58,89,811.0,72179.0,Vision Securities Pvt. Ltd,Naasa Securities Co. Ltd.,2026-04-24 14:32:33.026998
2026042403004560,LICN,59,58,125,810.7,101337.5,Deevyaa Securities & Stock House Pvt. Ltd,Naasa Securities Co. Ltd.,2026-04-24 14:32:33.027046
2026042403004561,LICN,10,58,136,810.6,110241.6,Pragyan Securities (PVT) Ltd.,Naasa Securities Co. Ltd.,2026-04-24 14:32:33.027089
2026042403004645,LICN,7,58,4,790.0,3160.0,J.F. Securites (PVT) Ltd.,Naasa Securities Co. Ltd.,2026-04-24 14:34:39.330135
2026042403004849,LICN,54,32,100,812.0,81200.0,Sewa Securities Pvt. Ltd.,Premier Securities Company Ltd.,2026-04-24 14:40:09.068171
2026042403005103,LICN,44,8,20,813.0,16260.0,Dynamic Money Managers Securities Pvt. Ltd.,Brilliant Securities Pvt. Ltd.,2026-04-24 14:46:06.727551
2026042403005104,LICN,54,8,100,812.0,81200.0,Sewa Securities Pvt. Ltd.,Brilliant Securities Pvt. Ltd.,2026-04-24 14:46:06.727673
2026042403005105,LICN,16,8,100,811.1,81110.0,Primo Securities (PVT) Ltd.,Brilliant Securities Pvt. Ltd.,2026-04-24 14:46:06.727753
2026042403005106,LICN,57,8,30,811.0,24330.0,Aryatara Investment & Securities,Brilliant Securities Pvt. Ltd.,2026-04-24 14:46:06.727826
2026042403005223,LICN,26,34,22,814.0,17908.0,Asian Securities Private Ltd.,Vision Securities Pvt. Ltd,2026-04-24 14:48:30.694835
2026042403005224,LICN,26,4,132,815.0,107580.0,Asian Securities Private Ltd.,Opal Securities Investment (PVT) Ltd.,2026-04-24 14:48:30.694944
2026042403005225,LICN,26,65,96,815.0,78240.0,Asian Securities Private Ltd.,Sharepro Securities Private Limited,2026-04-24 14:48:30.695020
2026042403006053,LICN,34,3,13,815.0,10595.0,Vision Securities Pvt. Ltd,Arun Securities (PVT) Ltd.,2026-04-24 14:58:41.519292
2026042403006054,LICN,34,26,35,816.0,28560.0,Vision Securities Pvt. Ltd,Asian Securities Private Ltd.,2026-04-24 14:58:41.519344
2026042403006055,LICN,34,45,50,818.0,40900.0,Vision Securities Pvt. Ltd,Imperial Securities Company Pvt. Ltd.,2026-04-24 14:58:41.519370
2026042403006056,LICN,34,58,22,818.0,17996.0,Vision Securities Pvt. Ltd,Naasa Securities Co. Ltd.,2026-04-24 14:58:41.519395
2026042403006057,LICN,34,32,55,819.0,45045.0,Vision Securities Pvt. Ltd,Premier Securities Company Ltd.,2026-04-24 14:58:41.519422
2026042403006058,LICN,34,34,25,819.9,20497.5,Vision Securities Pvt. Ltd,Vision Securities Pvt. Ltd,2026-04-24 14:58:41.519445
2026042403006065,LICN,34,34,25,819.9,20497.5,Vision Securities Pvt. Ltd,Vision Securities Pvt. Ltd,2026-04-24 14:58:47.660728
2026042403006066,LICN,34,8,10,820.0,8200.0,Vision Securities Pvt. Ltd,Brilliant Securities Pvt. Ltd.,2026-04-24 14:58:47.660781
2026042403006194,LICN,58,14,8,813.0,6504.0,Naasa Securities Co. Ltd.,Nepal Stock House (PVT) Ltd.,2026-04-24 14:59:26.861091
