contractId,stockSymbol,buyerMemberId,sellerMemberId,quantity,rate,amount,businessDate,tradeBookId,stockId,buyerBrokerName,sellerBrokerName,transaction_time,securityName
2026042401001110,MBL,58,48,100,238.4,23840.0,2026-04-24,187806493,140,Naasa Securities Co. Ltd.,Trishakti Securities Public Limited,2026-04-24 11:04:40.591079,Machhapuchhre Bank Limited
2026042401002907,MBL,21,45,50,240.1,12005.0,2026-04-24,187812742,140,Midas Stock Broking Company Private Limited,Imperial Securities Company Pvt. Ltd.,2026-04-24 11:12:47.912196,Machhapuchhre Bank Limited
2026042401002908,MBL,29,45,1000,240.1,240100.0,2026-04-24,187812744,140,Trisul Securities & Invt. Ltd.,Imperial Securities Company Pvt. Ltd.,2026-04-24 11:12:47.912296,Machhapuchhre Bank Limited
2026042401002909,MBL,32,45,20,240.0,4800.0,2026-04-24,187812746,140,Premier Securities Company Ltd.,Imperial Securities Company Pvt. Ltd.,2026-04-24 11:12:47.912339,Machhapuchhre Bank Limited
2026042401002910,MBL,48,45,430,240.0,103200.0,2026-04-24,187812747,140,Trishakti Securities Public Limited,Imperial Securities Company Pvt. Ltd.,2026-04-24 11:12:47.912375,Machhapuchhre Bank Limited
2026042401004211,MBL,46,41,30,241.0,7230.0,2026-04-24,187817447,140,Kalika Securities Pvt. Ltd.,Linch Stock Market Ltd.,2026-04-24 11:19:57.441269,Machhapuchhre Bank Limited
2026042401004309,MBL,14,41,67,240.9,16140.3,2026-04-24,187817831,140,Nepal Stock House (PVT) Ltd.,Linch Stock Market Ltd.,2026-04-24 11:20:37.805730,Machhapuchhre Bank Limited
2026042401006098,MBL,5,35,15,244.0,3660.0,2026-04-24,187824234,140,Market Securities & Exchange (PVT) Ltd.,Kohinoor Investment & Securities Pvt. Ltd.,2026-04-24 11:29:09.813179,Machhapuchhre Bank Limited
2026042401006623,MBL,13,35,137,244.0,33428.0,2026-04-24,187825975,140,Thrive Brokerage House Pvt. Ltd,Kohinoor Investment & Securities Pvt. Ltd.,2026-04-24 11:32:01.202811,Machhapuchhre Bank Limited
2026042401006761,MBL,32,14,48,244.5,11736.0,2026-04-24,187826525,140,Premier Securities Company Ltd.,Nepal Stock House (PVT) Ltd.,2026-04-24 11:33:16.102284,Machhapuchhre Bank Limited
2026042401006762,MBL,32,49,28,244.5,6846.0,2026-04-24,187826527,140,Premier Securities Company Ltd.,Online Securities Pvt. Ltd.,2026-04-24 11:33:16.102376,Machhapuchhre Bank Limited
2026042401006763,MBL,32,60,177,244.9,43347.3,2026-04-24,187826529,140,Premier Securities Company Ltd.,Nagarik Stock Dealer ,2026-04-24 11:33:16.102449,Machhapuchhre Bank Limited
2026042401006764,MBL,32,14,247,245.0,60515.0,2026-04-24,187826532,140,Premier Securities Company Ltd.,Nepal Stock House (PVT) Ltd.,2026-04-24 11:33:16.102522,Machhapuchhre Bank Limited
2026042401006962,MBL,56,48,48,244.5,11736.0,2026-04-24,187827330,140,Sri Hari Securities Pvt. Ltd.,Trishakti Securities Public Limited,2026-04-24 11:34:37.782861,Machhapuchhre Bank Limited
2026042401006963,MBL,58,48,200,244.1,48820.0,2026-04-24,187827332,140,Naasa Securities Co. Ltd.,Trishakti Securities Public Limited,2026-04-24 11:34:37.782976,Machhapuchhre Bank Limited
2026042401006964,MBL,13,48,363,244.0,88572.0,2026-04-24,187827334,140,Thrive Brokerage House Pvt. Ltd,Trishakti Securities Public Limited,2026-04-24 11:34:37.783037,Machhapuchhre Bank Limited
2026042401007001,MBL,13,48,389,244.0,94916.0,2026-04-24,187827523,140,Thrive Brokerage House Pvt. Ltd,Trishakti Securities Public Limited,2026-04-24 11:34:58.437866,Machhapuchhre Bank Limited
2026042401007195,MBL,13,61,111,244.0,27084.0,2026-04-24,187828146,140,Thrive Brokerage House Pvt. Ltd,BHOLE GANESH SECURITIES LTD,2026-04-24 11:35:56.742931,Machhapuchhre Bank Limited
2026042401007196,MBL,4,61,450,244.0,109800.0,2026-04-24,187828148,140,Opal Securities Investment (PVT) Ltd.,BHOLE GANESH SECURITIES LTD,2026-04-24 11:35:56.743052,Machhapuchhre Bank Limited
2026042401007197,MBL,58,61,100,243.1,24310.0,2026-04-24,187828150,140,Naasa Securities Co. Ltd.,BHOLE GANESH SECURITIES LTD,2026-04-24 11:35:56.743142,Machhapuchhre Bank Limited
2026042401007198,MBL,1,61,300,242.2,72660.0,2026-04-24,187828152,140,Kumari Securities Private Limited,BHOLE GANESH SECURITIES LTD,2026-04-24 11:35:56.743203,Machhapuchhre Bank Limited
2026042401007199,MBL,7,61,39,242.1,9441.9,2026-04-24,187828153,140,J.F. Securites (PVT) Ltd.,BHOLE GANESH SECURITIES LTD,2026-04-24 11:35:56.743266,Machhapuchhre Bank Limited
2026042401009665,MBL,45,48,60,244.0,14640.0,2026-04-24,187837078,140,Imperial Securities Company Pvt. Ltd.,Trishakti Securities Public Limited,2026-04-24 11:53:08.625761,Machhapuchhre Bank Limited
2026042401009666,MBL,42,48,72,243.6,17539.2,2026-04-24,187837080,140,Sani Securities Company Ltd.,Trishakti Securities Public Limited,2026-04-24 11:53:08.625856,Machhapuchhre Bank Limited
2026042401009667,MBL,49,48,20,243.0,4860.0,2026-04-24,187837082,140,Online Securities Pvt. Ltd.,Trishakti Securities Public Limited,2026-04-24 11:53:08.625925,Machhapuchhre Bank Limited
2026042401009668,MBL,52,48,30,242.4,7272.0,2026-04-24,187837084,140,Sundhara Securities Limited,Trishakti Securities Public Limited,2026-04-24 11:53:08.626008,Machhapuchhre Bank Limited
2026042401009669,MBL,58,48,100,242.2,24220.0,2026-04-24,187837086,140,Naasa Securities Co. Ltd.,Trishakti Securities Public Limited,2026-04-24 11:53:08.626093,Machhapuchhre Bank Limited
2026042401009670,MBL,7,48,218,242.1,52777.8,2026-04-24,187837087,140,J.F. Securites (PVT) Ltd.,Trishakti Securities Public Limited,2026-04-24 11:53:08.626166,Machhapuchhre Bank Limited
2026042401011725,MBL,6,21,10,243.0,2430.0,2026-04-24,187845509,140,Agrawal Securities (PVT) Ltd.,Midas Stock Broking Company Private Limited,2026-04-24 12:10:40.388307,Machhapuchhre Bank Limited
2026042401011865,MBL,45,32,4,240.0,960.0,2026-04-24,187846073,140,Imperial Securities Company Pvt. Ltd.,Premier Securities Company Ltd.,2026-04-24 12:11:36.892373,Machhapuchhre Bank Limited
2026042401013710,MBL,6,14,290,243.5,70615.0,2026-04-24,187852582,140,Agrawal Securities (PVT) Ltd.,Nepal Stock House (PVT) Ltd.,2026-04-24 12:24:09.397751,Machhapuchhre Bank Limited
2026042401013897,MBL,52,22,20,243.5,4870.0,2026-04-24,187853357,140,Sundhara Securities Limited,Siprabi Securities Pvt. Ltd.,2026-04-24 12:25:43.649706,Machhapuchhre Bank Limited
2026042401014693,MBL,48,51,50,245.5,12275.0,2026-04-24,187856535,140,Trishakti Securities Public Limited,Oxford Securities Pvt. Ltd.,2026-04-24 12:31:51.961071,Machhapuchhre Bank Limited
2026042401014694,MBL,48,26,10,246.0,2460.0,2026-04-24,187856538,140,Trishakti Securities Public Limited,Asian Securities Private Ltd.,2026-04-24 12:31:51.961185,Machhapuchhre Bank Limited
2026042401014760,MBL,58,26,10,246.0,2460.0,2026-04-24,187856770,140,Naasa Securities Co. Ltd.,Asian Securities Private Ltd.,2026-04-24 12:32:08.843684,Machhapuchhre Bank Limited
2026042401014814,MBL,13,58,300,243.5,73050.0,2026-04-24,187856975,140,Thrive Brokerage House Pvt. Ltd,Naasa Securities Co. Ltd.,2026-04-24 12:32:31.604857,Machhapuchhre Bank Limited
2026042401015050,MBL,7,26,43,246.0,10578.0,2026-04-24,187857984,140,J.F. Securites (PVT) Ltd.,Asian Securities Private Ltd.,2026-04-24 12:34:25.757051,Machhapuchhre Bank Limited
2026042401015082,MBL,48,26,20,246.0,4920.0,2026-04-24,187858102,140,Trishakti Securities Public Limited,Asian Securities Private Ltd.,2026-04-24 12:34:36.982957,Machhapuchhre Bank Limited
2026042401015464,MBL,1,26,40,246.0,9840.0,2026-04-24,187859658,140,Kumari Securities Private Limited,Asian Securities Private Ltd.,2026-04-24 12:37:59.943576,Machhapuchhre Bank Limited
2026042401016176,MBL,84,29,46,244.0,11224.0,2026-04-24,187862351,140,MILKY WAY SHARE BROKER COMPANY LTD ,Trisul Securities & Invt. Ltd.,2026-04-24 12:43:16.109845,Machhapuchhre Bank Limited
2026042401016360,MBL,48,26,10,246.0,2460.0,2026-04-24,187863046,140,Trishakti Securities Public Limited,Asian Securities Private Ltd.,2026-04-24 12:44:42.883550,Machhapuchhre Bank Limited
2026042401016453,MBL,100,26,300,246.0,73800.0,2026-04-24,187863494,140,Sunrise Securities Limited,Asian Securities Private Ltd.,2026-04-24 12:45:39.368984,Machhapuchhre Bank Limited
2026042401016553,MBL,13,26,87,246.0,21402.0,2026-04-24,187863881,140,Thrive Brokerage House Pvt. Ltd,Asian Securities Private Ltd.,2026-04-24 12:46:12.010922,Machhapuchhre Bank Limited
2026042401016554,MBL,13,4,11,246.0,2706.0,2026-04-24,187863883,140,Thrive Brokerage House Pvt. Ltd,Opal Securities Investment (PVT) Ltd.,2026-04-24 12:46:12.011318,Machhapuchhre Bank Limited
2026042401016555,MBL,13,8,902,246.0,221892.0,2026-04-24,187863886,140,Thrive Brokerage House Pvt. Ltd,Brilliant Securities Pvt. Ltd.,2026-04-24 12:46:12.011572,Machhapuchhre Bank Limited
2026042401016622,MBL,48,8,20,246.0,4920.0,2026-04-24,187864228,140,Trishakti Securities Public Limited,Brilliant Securities Pvt. Ltd.,2026-04-24 12:46:46.269402,Machhapuchhre Bank Limited
2026042401016671,MBL,14,8,78,246.0,19188.0,2026-04-24,187864393,140,Nepal Stock House (PVT) Ltd.,Brilliant Securities Pvt. Ltd.,2026-04-24 12:46:59.111112,Machhapuchhre Bank Limited
2026042401016672,MBL,14,45,22,246.0,5412.0,2026-04-24,187864396,140,Nepal Stock House (PVT) Ltd.,Imperial Securities Company Pvt. Ltd.,2026-04-24 12:46:59.111307,Machhapuchhre Bank Limited
2026042401016683,MBL,48,45,181,246.0,44526.0,2026-04-24,187864477,140,Trishakti Securities Public Limited,Imperial Securities Company Pvt. Ltd.,2026-04-24 12:47:07.074461,Machhapuchhre Bank Limited
2026042401016684,MBL,48,14,19,247.0,4693.0,2026-04-24,187864480,140,Trishakti Securities Public Limited,Nepal Stock House (PVT) Ltd.,2026-04-24 12:47:07.074495,Machhapuchhre Bank Limited
2026042401016742,MBL,58,14,471,247.0,116337.0,2026-04-24,187864689,140,Naasa Securities Co. Ltd.,Nepal Stock House (PVT) Ltd.,2026-04-24 12:47:27.454356,Machhapuchhre Bank Limited
2026042401016743,MBL,58,8,529,247.0,130663.0,2026-04-24,187864692,140,Naasa Securities Co. Ltd.,Brilliant Securities Pvt. Ltd.,2026-04-24 12:47:27.454577,Machhapuchhre Bank Limited
2026042401016804,MBL,48,8,471,247.0,116337.0,2026-04-24,187865031,140,Trishakti Securities Public Limited,Brilliant Securities Pvt. Ltd.,2026-04-24 12:48:03.448068,Machhapuchhre Bank Limited
2026042401016805,MBL,48,36,29,247.2,7168.8,2026-04-24,187865034,140,Trishakti Securities Public Limited,Secured Securities Ltd.,2026-04-24 12:48:03.448167,Machhapuchhre Bank Limited
2026042401016817,MBL,48,36,40,247.2,9888.0,2026-04-24,187865066,140,Trishakti Securities Public Limited,Secured Securities Ltd.,2026-04-24 12:48:08.143495,Machhapuchhre Bank Limited
2026042401016821,MBL,48,41,10,247.9,2479.0,2026-04-24,187865084,140,Trishakti Securities Public Limited,Linch Stock Market Ltd.,2026-04-24 12:48:10.569093,Machhapuchhre Bank Limited
2026042401017648,MBL,36,7,500,244.4,122200.0,2026-04-24,187868433,140,Secured Securities Ltd.,J.F. Securites (PVT) Ltd.,2026-04-24 12:53:42.813365,Machhapuchhre Bank Limited
2026042401017707,MBL,36,48,1500,244.4,366600.0,2026-04-24,187868712,140,Secured Securities Ltd.,Trishakti Securities Public Limited,2026-04-24 12:54:03.568070,Machhapuchhre Bank Limited
2026042401017708,MBL,5,48,100,244.3,24430.0,2026-04-24,187868714,140,Market Securities & Exchange (PVT) Ltd.,Trishakti Securities Public Limited,2026-04-24 12:54:03.568183,Machhapuchhre Bank Limited
2026042401017709,MBL,36,48,400,244.2,97680.0,2026-04-24,187868715,140,Secured Securities Ltd.,Trishakti Securities Public Limited,2026-04-24 12:54:03.568274,Machhapuchhre Bank Limited
2026042401017983,MBL,11,48,500,244.3,122150.0,2026-04-24,187869868,140,Malla & Malla Stock Broking Company Pvt. Limited,Trishakti Securities Public Limited,2026-04-24 12:56:05.193586,Machhapuchhre Bank Limited
2026042401017984,MBL,36,48,1100,244.2,268620.0,2026-04-24,187869870,140,Secured Securities Ltd.,Trishakti Securities Public Limited,2026-04-24 12:56:05.193629,Machhapuchhre Bank Limited
2026042401017985,MBL,84,48,10,244.0,2440.0,2026-04-24,187869871,140,MILKY WAY SHARE BROKER COMPANY LTD ,Trishakti Securities Public Limited,2026-04-24 12:56:05.193658,Machhapuchhre Bank Limited
2026042401018113,MBL,84,48,944,244.0,230336.0,2026-04-24,187870544,140,MILKY WAY SHARE BROKER COMPANY LTD ,Trishakti Securities Public Limited,2026-04-24 12:57:24.484002,Machhapuchhre Bank Limited
2026042401018114,MBL,53,48,300,244.0,73200.0,2026-04-24,187870546,140,Investment Management Nepal Pvt. Ltd.,Trishakti Securities Public Limited,2026-04-24 12:57:24.484081,Machhapuchhre Bank Limited
2026042401018115,MBL,13,48,200,243.5,48700.0,2026-04-24,187870548,140,Thrive Brokerage House Pvt. Ltd,Trishakti Securities Public Limited,2026-04-24 12:57:24.484114,Machhapuchhre Bank Limited
2026042401018116,MBL,14,48,10,243.3,2433.0,2026-04-24,187870550,140,Nepal Stock House (PVT) Ltd.,Trishakti Securities Public Limited,2026-04-24 12:57:24.484136,Machhapuchhre Bank Limited
2026042401018117,MBL,45,48,200,243.2,48640.0,2026-04-24,187870552,140,Imperial Securities Company Pvt. Ltd.,Trishakti Securities Public Limited,2026-04-24 12:57:24.484159,Machhapuchhre Bank Limited
2026042401018118,MBL,58,48,346,243.1,84112.6,2026-04-24,187870553,140,Naasa Securities Co. Ltd.,Trishakti Securities Public Limited,2026-04-24 12:57:24.484182,Machhapuchhre Bank Limited
2026042401018251,MBL,58,48,654,243.1,158987.4,2026-04-24,187871138,140,Naasa Securities Co. Ltd.,Trishakti Securities Public Limited,2026-04-24 12:58:35.663113,Machhapuchhre Bank Limited
2026042401018252,MBL,28,48,46,242.5,11155.0,2026-04-24,187871139,140,Shree Krishna Securities Ltd.,Trishakti Securities Public Limited,2026-04-24 12:58:35.663149,Machhapuchhre Bank Limited
2026042401018764,MBL,48,7,10,245.9,2459.0,2026-04-24,187873234,140,Trishakti Securities Public Limited,J.F. Securites (PVT) Ltd.,2026-04-24 13:03:28.676183,Machhapuchhre Bank Limited
2026042401018857,MBL,42,7,10,245.9,2459.0,2026-04-24,187873594,140,Sani Securities Company Ltd.,J.F. Securites (PVT) Ltd.,2026-04-24 13:04:20.685705,Machhapuchhre Bank Limited
2026042401019257,MBL,45,48,10,243.0,2430.0,2026-04-24,187874863,140,Imperial Securities Company Pvt. Ltd.,Trishakti Securities Public Limited,2026-04-24 13:07:52.439294,Machhapuchhre Bank Limited
2026042401019584,MBL,58,14,14,243.1,3403.4,2026-04-24,187875950,140,Naasa Securities Co. Ltd.,Nepal Stock House (PVT) Ltd.,2026-04-24 13:10:58.089041,Machhapuchhre Bank Limited
2026042401019585,MBL,45,14,4990,243.0,1212570.0,2026-04-24,187875952,140,Imperial Securities Company Pvt. Ltd.,Nepal Stock House (PVT) Ltd.,2026-04-24 13:10:58.089228,Machhapuchhre Bank Limited
2026042401019586,MBL,74,14,4996,243.0,1214028.0,2026-04-24,187875953,140,KALASH STOCK MARKET PVT. LTD.,Nepal Stock House (PVT) Ltd.,2026-04-24 13:10:58.089305,Machhapuchhre Bank Limited
2026042401019812,MBL,42,48,10,243.0,2430.0,2026-04-24,187876702,140,Sani Securities Company Ltd.,Trishakti Securities Public Limited,2026-04-24 13:13:03.037273,Machhapuchhre Bank Limited
2026042401019813,MBL,45,48,100,243.0,24300.0,2026-04-24,187876704,140,Imperial Securities Company Pvt. Ltd.,Trishakti Securities Public Limited,2026-04-24 13:13:03.037310,Machhapuchhre Bank Limited
2026042401019814,MBL,48,48,20,242.8,4856.0,2026-04-24,187876706,140,Trishakti Securities Public Limited,Trishakti Securities Public Limited,2026-04-24 13:13:03.037340,Machhapuchhre Bank Limited
2026042401019815,MBL,34,48,20,242.7,4854.0,2026-04-24,187876707,140,Vision Securities Pvt. Ltd,Trishakti Securities Public Limited,2026-04-24 13:13:03.037363,Machhapuchhre Bank Limited
2026042401020188,MBL,57,17,10,243.1,2431.0,2026-04-24,187878049,140,Aryatara Investment & Securities,ABC Securities Private Limited,2026-04-24 13:16:07.031913,Machhapuchhre Bank Limited
2026042401020257,MBL,48,7,10,245.9,2459.0,2026-04-24,187878384,140,Trishakti Securities Public Limited,J.F. Securites (PVT) Ltd.,2026-04-24 13:17:03.026658,Machhapuchhre Bank Limited
2026042401020352,MBL,28,7,200,245.9,49180.0,2026-04-24,187878840,140,Shree Krishna Securities Ltd.,J.F. Securites (PVT) Ltd.,2026-04-24 13:18:11.587589,Machhapuchhre Bank Limited
2026042401023116,MBL,74,32,40,245.7,9828.0,2026-04-24,187887905,140,KALASH STOCK MARKET PVT. LTD.,Premier Securities Company Ltd.,2026-04-24 13:37:27.499293,Machhapuchhre Bank Limited
2026042401023117,MBL,74,32,40,245.8,9832.0,2026-04-24,187887908,140,KALASH STOCK MARKET PVT. LTD.,Premier Securities Company Ltd.,2026-04-24 13:37:27.499500,Machhapuchhre Bank Limited
2026042401025730,MBL,14,22,10,244.0,2440.0,2026-04-24,187896459,140,Nepal Stock House (PVT) Ltd.,Siprabi Securities Pvt. Ltd.,2026-04-24 13:55:04.717260,Machhapuchhre Bank Limited
2026042401025886,MBL,13,71,1000,244.0,244000.0,2026-04-24,187897090,140,Thrive Brokerage House Pvt. Ltd,SHUBHAKAMANA SECURITIES PVT. LTD,2026-04-24 13:56:19.014335,Machhapuchhre Bank Limited
2026042401026253,MBL,58,14,3,243.5,730.5,2026-04-24,187898797,140,Naasa Securities Co. Ltd.,Nepal Stock House (PVT) Ltd.,2026-04-24 13:59:15.160474,Machhapuchhre Bank Limited
2026042401026427,MBL,44,13,100,243.9,24390.0,2026-04-24,187899613,140,Dynamic Money Managers Securities Pvt. Ltd.,Thrive Brokerage House Pvt. Ltd,2026-04-24 14:01:08.488361,Machhapuchhre Bank Limited
2026042401026675,MBL,44,42,82,243.9,19999.8,2026-04-24,187900535,140,Dynamic Money Managers Securities Pvt. Ltd.,Sani Securities Company Ltd.,2026-04-24 14:03:30.804744,Machhapuchhre Bank Limited
2026042401027453,MBL,22,1,100,244.0,24400.0,2026-04-24,187903593,140,Siprabi Securities Pvt. Ltd.,Kumari Securities Private Limited,2026-04-24 14:09:44.462450,Machhapuchhre Bank Limited
2026042401027688,MBL,22,4,900,244.0,219600.0,2026-04-24,187904432,140,Siprabi Securities Pvt. Ltd.,Opal Securities Investment (PVT) Ltd.,2026-04-24 14:11:21.705855,Machhapuchhre Bank Limited
2026042401027689,MBL,49,4,50,244.0,12200.0,2026-04-24,187904434,140,Online Securities Pvt. Ltd.,Opal Securities Investment (PVT) Ltd.,2026-04-24 14:11:21.706149,Machhapuchhre Bank Limited
2026042401028518,MBL,44,45,50,243.9,12195.0,2026-04-24,187908321,140,Dynamic Money Managers Securities Pvt. Ltd.,Imperial Securities Company Pvt. Ltd.,2026-04-24 14:17:32.800518,Machhapuchhre Bank Limited
2026042401028745,MBL,44,8,768,243.9,187315.2,2026-04-24,187909136,140,Dynamic Money Managers Securities Pvt. Ltd.,Brilliant Securities Pvt. Ltd.,2026-04-24 14:18:54.924984,Machhapuchhre Bank Limited
2026042401028746,MBL,44,8,30,243.8,7314.0,2026-04-24,187909138,140,Dynamic Money Managers Securities Pvt. Ltd.,Brilliant Securities Pvt. Ltd.,2026-04-24 14:18:54.925499,Machhapuchhre Bank Limited
2026042401028747,MBL,28,8,954,243.8,232585.2,2026-04-24,187909140,140,Shree Krishna Securities Ltd.,Brilliant Securities Pvt. Ltd.,2026-04-24 14:18:54.925814,Machhapuchhre Bank Limited
2026042401028748,MBL,41,8,500,243.7,121850.0,2026-04-24,187909142,140,Linch Stock Market Ltd.,Brilliant Securities Pvt. Ltd.,2026-04-24 14:18:54.926119,Machhapuchhre Bank Limited
2026042401028749,MBL,49,8,50,243.7,12185.0,2026-04-24,187909144,140,Online Securities Pvt. Ltd.,Brilliant Securities Pvt. Ltd.,2026-04-24 14:18:54.926404,Machhapuchhre Bank Limited
2026042401028750,MBL,57,8,1000,243.6,243600.0,2026-04-24,187909146,140,Aryatara Investment & Securities,Brilliant Securities Pvt. Ltd.,2026-04-24 14:18:54.926676,Machhapuchhre Bank Limited
2026042401028751,MBL,84,8,500,243.5,121750.0,2026-04-24,187909148,140,MILKY WAY SHARE BROKER COMPANY LTD ,Brilliant Securities Pvt. Ltd.,2026-04-24 14:18:54.926957,Machhapuchhre Bank Limited
2026042401028752,MBL,45,8,10,243.5,2435.0,2026-04-24,187909150,140,Imperial Securities Company Pvt. Ltd.,Brilliant Securities Pvt. Ltd.,2026-04-24 14:18:54.927237,Machhapuchhre Bank Limited
2026042401028753,MBL,42,8,10,243.4,2434.0,2026-04-24,187909152,140,Sani Securities Company Ltd.,Brilliant Securities Pvt. Ltd.,2026-04-24 14:18:54.927528,Machhapuchhre Bank Limited
2026042401028754,MBL,36,8,500,243.3,121650.0,2026-04-24,187909154,140,Secured Securities Ltd.,Brilliant Securities Pvt. Ltd.,2026-04-24 14:18:54.927799,Machhapuchhre Bank Limited
2026042401028755,MBL,36,8,500,243.2,121600.0,2026-04-24,187909156,140,Secured Securities Ltd.,Brilliant Securities Pvt. Ltd.,2026-04-24 14:18:54.928079,Machhapuchhre Bank Limited
2026042401028756,MBL,34,8,178,243.2,43289.6,2026-04-24,187909157,140,Vision Securities Pvt. Ltd,Brilliant Securities Pvt. Ltd.,2026-04-24 14:18:54.928346,Machhapuchhre Bank Limited
2026042401028758,MBL,52,4,20,244.0,4880.0,2026-04-24,187909166,140,Sundhara Securities Limited,Opal Securities Investment (PVT) Ltd.,2026-04-24 14:18:56.197097,Machhapuchhre Bank Limited
2026042401029007,MBL,34,8,602,243.2,146406.4,2026-04-24,187909834,140,Vision Securities Pvt. Ltd,Brilliant Securities Pvt. Ltd.,2026-04-24 14:19:32.112290,Machhapuchhre Bank Limited
2026042401029008,MBL,14,8,10,243.2,2432.0,2026-04-24,187909836,140,Nepal Stock House (PVT) Ltd.,Brilliant Securities Pvt. Ltd.,2026-04-24 14:19:32.112728,Machhapuchhre Bank Limited
2026042401029009,MBL,57,8,388,243.1,94322.8,2026-04-24,187909837,140,Aryatara Investment & Securities,Brilliant Securities Pvt. Ltd.,2026-04-24 14:19:32.113020,Machhapuchhre Bank Limited
2026042401029065,MBL,57,8,1000,243.1,243100.0,2026-04-24,187909999,140,Aryatara Investment & Securities,Brilliant Securities Pvt. Ltd.,2026-04-24 14:19:44.388794,Machhapuchhre Bank Limited
2026042401029148,MBL,44,39,490,243.2,119168.0,2026-04-24,187910397,140,Dynamic Money Managers Securities Pvt. Ltd.,Sumeru Securities Pvt. Ltd.,2026-04-24 14:20:27.051626,Machhapuchhre Bank Limited
2026042401029375,MBL,44,48,510,243.2,124032.0,2026-04-24,187911079,140,Dynamic Money Managers Securities Pvt. Ltd.,Trishakti Securities Public Limited,2026-04-24 14:21:11.736149,Machhapuchhre Bank Limited
2026042401029560,MBL,49,8,100,243.3,24330.0,2026-04-24,187911676,140,Online Securities Pvt. Ltd.,Brilliant Securities Pvt. Ltd.,2026-04-24 14:21:53.651259,Machhapuchhre Bank Limited
2026042401029561,MBL,44,8,1000,243.2,243200.0,2026-04-24,187911678,140,Dynamic Money Managers Securities Pvt. Ltd.,Brilliant Securities Pvt. Ltd.,2026-04-24 14:21:53.651581,Machhapuchhre Bank Limited
2026042401029562,MBL,57,8,3602,243.1,875646.2,2026-04-24,187911680,140,Aryatara Investment & Securities,Brilliant Securities Pvt. Ltd.,2026-04-24 14:21:53.651682,Machhapuchhre Bank Limited
2026042401029563,MBL,14,8,10,243.1,2431.0,2026-04-24,187911682,140,Nepal Stock House (PVT) Ltd.,Brilliant Securities Pvt. Ltd.,2026-04-24 14:21:53.651775,Machhapuchhre Bank Limited
2026042401029564,MBL,3,8,6288,243.0,1527984.0,2026-04-24,187911683,140,Arun Securities (PVT) Ltd.,Brilliant Securities Pvt. Ltd.,2026-04-24 14:21:53.651870,Machhapuchhre Bank Limited
2026042401029788,MBL,38,45,108,243.9,26341.2,2026-04-24,187912566,140,Dipshikha Dhitopatra Karobar Co. Pvt Ltd.,Imperial Securities Company Pvt. Ltd.,2026-04-24 14:23:00.104875,Machhapuchhre Bank Limited
2026042401030068,MBL,57,48,15,243.7,3655.5,2026-04-24,187913536,140,Aryatara Investment & Securities,Trishakti Securities Public Limited,2026-04-24 14:24:13.609250,Machhapuchhre Bank Limited
2026042401030074,MBL,42,48,439,243.7,106984.3,2026-04-24,187913551,140,Sani Securities Company Ltd.,Trishakti Securities Public Limited,2026-04-24 14:24:14.592974,Machhapuchhre Bank Limited
2026042401030075,MBL,42,45,61,243.9,14877.9,2026-04-24,187913554,140,Sani Securities Company Ltd.,Imperial Securities Company Pvt. Ltd.,2026-04-24 14:24:14.593384,Machhapuchhre Bank Limited
2026042401030656,MBL,34,45,40,243.9,9756.0,2026-04-24,187915380,140,Vision Securities Pvt. Ltd,Imperial Securities Company Pvt. Ltd.,2026-04-24 14:26:55.315767,Machhapuchhre Bank Limited
2026042401031618,MBL,42,45,291,243.3,70800.3,2026-04-24,187919525,140,Sani Securities Company Ltd.,Imperial Securities Company Pvt. Ltd.,2026-04-24 14:33:36.627152,Machhapuchhre Bank Limited
2026042401031745,MBL,42,26,500,243.5,121750.0,2026-04-24,187920145,140,Sani Securities Company Ltd.,Asian Securities Private Ltd.,2026-04-24 14:34:39.941994,Machhapuchhre Bank Limited
2026042401031764,MBL,29,32,200,243.9,48780.0,2026-04-24,187920234,140,Trisul Securities & Invt. Ltd.,Premier Securities Company Ltd.,2026-04-24 14:34:47.073433,Machhapuchhre Bank Limited
2026042401031767,MBL,42,4,30,243.5,7305.0,2026-04-24,187920267,140,Sani Securities Company Ltd.,Opal Securities Investment (PVT) Ltd.,2026-04-24 14:34:49.664062,Machhapuchhre Bank Limited
2026042401032224,MBL,1,1,500,244.0,122000.0,2026-04-24,187922629,140,Kumari Securities Private Limited,Kumari Securities Private Limited,2026-04-24 14:38:08.351253,Machhapuchhre Bank Limited
2026042401032225,MBL,1,71,990,244.0,241560.0,2026-04-24,187922631,140,Kumari Securities Private Limited,SHUBHAKAMANA SECURITIES PVT. LTD,2026-04-24 14:38:08.351680,Machhapuchhre Bank Limited
2026042401032457,MBL,1,32,208,244.0,50752.0,2026-04-24,187923583,140,Kumari Securities Private Limited,Premier Securities Company Ltd.,2026-04-24 14:39:35.109445,Machhapuchhre Bank Limited
2026042401032589,MBL,1,48,302,244.0,73688.0,2026-04-24,187924204,140,Kumari Securities Private Limited,Trishakti Securities Public Limited,2026-04-24 14:40:33.390842,Machhapuchhre Bank Limited
2026042401032590,MBL,59,48,200,244.0,48800.0,2026-04-24,187924206,140,Deevyaa Securities & Stock House Pvt. Ltd,Trishakti Securities Public Limited,2026-04-24 14:40:33.390941,Machhapuchhre Bank Limited
2026042401032591,MBL,56,48,209,244.0,50996.0,2026-04-24,187924208,140,Sri Hari Securities Pvt. Ltd.,Trishakti Securities Public Limited,2026-04-24 14:40:33.391040,Machhapuchhre Bank Limited
2026042401032592,MBL,38,48,25,243.9,6097.5,2026-04-24,187924210,140,Dipshikha Dhitopatra Karobar Co. Pvt Ltd.,Trishakti Securities Public Limited,2026-04-24 14:40:33.391115,Machhapuchhre Bank Limited
2026042401032593,MBL,42,48,64,243.8,15603.2,2026-04-24,187924211,140,Sani Securities Company Ltd.,Trishakti Securities Public Limited,2026-04-24 14:40:33.391188,Machhapuchhre Bank Limited
2026042401032985,MBL,29,7,72,244.7,17618.4,2026-04-24,187925775,140,Trisul Securities & Invt. Ltd.,J.F. Securites (PVT) Ltd.,2026-04-24 14:42:24.542227,Machhapuchhre Bank Limited
2026042401032986,MBL,29,32,18,244.9,4408.2,2026-04-24,187925778,140,Trisul Securities & Invt. Ltd.,Premier Securities Company Ltd.,2026-04-24 14:42:24.542484,Machhapuchhre Bank Limited
2026042401034198,MBL,45,101,40,244.0,9760.0,2026-04-24,187930080,140,Imperial Securities Company Pvt. Ltd.,APPLE SECURITIES PRIVATE LIMITED,2026-04-24 14:46:47.915241,Machhapuchhre Bank Limited
2026042401034199,MBL,44,101,1000,243.9,243900.0,2026-04-24,187930082,140,Dynamic Money Managers Securities Pvt. Ltd.,APPLE SECURITIES PRIVATE LIMITED,2026-04-24 14:46:47.915483,Machhapuchhre Bank Limited
2026042401034200,MBL,28,101,960,243.9,234144.0,2026-04-24,187930083,140,Shree Krishna Securities Ltd.,APPLE SECURITIES PRIVATE LIMITED,2026-04-24 14:46:47.915584,Machhapuchhre Bank Limited
2026042401036080,MBL,11,8,500,244.0,122000.0,2026-04-24,187936587,140,Malla & Malla Stock Broking Company Pvt. Limited,Brilliant Securities Pvt. Ltd.,2026-04-24 14:51:53.059894,Machhapuchhre Bank Limited
2026042401036199,MBL,89,101,20,244.0,4880.0,2026-04-24,187937382,140,Global IME Securities Limited,APPLE SECURITIES PRIVATE LIMITED,2026-04-24 14:52:28.001275,Machhapuchhre Bank Limited
2026042401036200,MBL,28,101,398,243.9,97072.2,2026-04-24,187937383,140,Shree Krishna Securities Ltd.,APPLE SECURITIES PRIVATE LIMITED,2026-04-24 14:52:28.001733,Machhapuchhre Bank Limited
2026042401036307,MBL,57,7,30,244.5,7335.0,2026-04-24,187937956,140,Aryatara Investment & Securities,J.F. Securites (PVT) Ltd.,2026-04-24 14:52:58.911740,Machhapuchhre Bank Limited
2026042401036752,MBL,52,7,100,244.0,24400.0,2026-04-24,187939782,140,Sundhara Securities Limited,J.F. Securites (PVT) Ltd.,2026-04-24 14:54:20.003795,Machhapuchhre Bank Limited
2026042401036753,MBL,48,7,70,244.0,17080.0,2026-04-24,187939783,140,Trishakti Securities Public Limited,J.F. Securites (PVT) Ltd.,2026-04-24 14:54:20.004073,Machhapuchhre Bank Limited
2026042401037060,MBL,29,5,310,244.4,75764.0,2026-04-24,187941080,140,Trisul Securities & Invt. Ltd.,Market Securities & Exchange (PVT) Ltd.,2026-04-24 14:55:09.350963,Machhapuchhre Bank Limited
2026042401037242,MBL,22,32,182,244.6,44517.2,2026-04-24,187941929,140,Siprabi Securities Pvt. Ltd.,Premier Securities Company Ltd.,2026-04-24 14:55:40.358401,Machhapuchhre Bank Limited
2026042401037243,MBL,22,36,500,244.6,122300.0,2026-04-24,187941931,140,Siprabi Securities Pvt. Ltd.,Secured Securities Ltd.,2026-04-24 14:55:40.358819,Machhapuchhre Bank Limited
2026042401037704,MBL,22,48,125,244.6,30575.0,2026-04-24,187943729,140,Siprabi Securities Pvt. Ltd.,Trishakti Securities Public Limited,2026-04-24 14:56:47.077744,Machhapuchhre Bank Limited
2026042401037864,MBL,22,14,193,244.6,47207.8,2026-04-24,187944668,140,Siprabi Securities Pvt. Ltd.,Nepal Stock House (PVT) Ltd.,2026-04-24 14:57:20.616448,Machhapuchhre Bank Limited
2026042401037865,MBL,49,14,50,244.6,12230.0,2026-04-24,187944670,140,Online Securities Pvt. Ltd.,Nepal Stock House (PVT) Ltd.,2026-04-24 14:57:20.616654,Machhapuchhre Bank Limited
2026042401038085,MBL,28,14,757,244.6,185162.2,2026-04-24,187946107,140,Shree Krishna Securities Ltd.,Nepal Stock House (PVT) Ltd.,2026-04-24 14:58:04.753827,Machhapuchhre Bank Limited
2026042401038228,MBL,22,14,500,244.8,122400.0,2026-04-24,187947009,140,Siprabi Securities Pvt. Ltd.,Nepal Stock House (PVT) Ltd.,2026-04-24 14:58:29.306256,Machhapuchhre Bank Limited
2026042401038229,MBL,22,32,570,244.9,139593.0,2026-04-24,187947011,140,Siprabi Securities Pvt. Ltd.,Premier Securities Company Ltd.,2026-04-24 14:58:29.306707,Machhapuchhre Bank Limited
2026042401038230,MBL,22,57,800,244.9,195920.0,2026-04-24,187947013,140,Siprabi Securities Pvt. Ltd.,Aryatara Investment & Securities,2026-04-24 14:58:29.307006,Machhapuchhre Bank Limited
2026042401038231,MBL,22,47,208,245.0,50960.0,2026-04-24,187947015,140,Siprabi Securities Pvt. Ltd.,Neev Securities Pvt. Ltd.,2026-04-24 14:58:29.307316,Machhapuchhre Bank Limited
2026042401038232,MBL,22,45,104,245.0,25480.0,2026-04-24,187947017,140,Siprabi Securities Pvt. Ltd.,Imperial Securities Company Pvt. Ltd.,2026-04-24 14:58:29.307607,Machhapuchhre Bank Limited
2026042401038233,MBL,22,18,104,245.0,25480.0,2026-04-24,187947019,140,Siprabi Securities Pvt. Ltd.,Sagarmatha Securities Private Limited,2026-04-24 14:58:29.307928,Machhapuchhre Bank Limited
2026042401038234,MBL,22,98,400,245.0,98000.0,2026-04-24,187947021,140,Siprabi Securities Pvt. Ltd.,Trademow Securities Private Limited,2026-04-24 14:58:29.308230,Machhapuchhre Bank Limited
2026042401038235,MBL,22,81,314,245.0,76930.0,2026-04-24,187947024,140,Siprabi Securities Pvt. Ltd.,Aakashbhairab Securities Ltd.,2026-04-24 14:58:29.308510,Machhapuchhre Bank Limited
2026042401038343,MBL,22,81,53,245.0,12985.0,2026-04-24,187947485,140,Siprabi Securities Pvt. Ltd.,Aakashbhairab Securities Ltd.,2026-04-24 14:58:38.982730,Machhapuchhre Bank Limited
2026042401038344,MBL,22,1,10,245.8,2458.0,2026-04-24,187947488,140,Siprabi Securities Pvt. Ltd.,Kumari Securities Private Limited,2026-04-24 14:58:38.983154,Machhapuchhre Bank Limited
2026042401038952,MBL,32,98,100,245.0,24500.0,2026-04-24,187950320,140,Premier Securities Company Ltd.,Trademow Securities Private Limited,2026-04-24 14:59:30.306818,Machhapuchhre Bank Limited
2026042401038972,MBL,44,98,100,245.0,24500.0,2026-04-24,187950428,140,Dynamic Money Managers Securities Pvt. Ltd.,Trademow Securities Private Limited,2026-04-24 14:59:31.918480,Machhapuchhre Bank Limited
2026042401039094,MBL,22,98,10,245.0,2450.0,2026-04-24,187951094,140,Siprabi Securities Pvt. Ltd.,Trademow Securities Private Limited,2026-04-24 14:59:41.576645,Machhapuchhre Bank Limited
2026042401039147,MBL,58,44,20,244.7,4894.0,2026-04-24,187951424,140,Naasa Securities Co. Ltd.,Dynamic Money Managers Securities Pvt. Ltd.,2026-04-24 14:59:46.320275,Machhapuchhre Bank Limited
2026042401039151,MBL,22,44,55,244.7,13458.5,2026-04-24,187951445,140,Siprabi Securities Pvt. Ltd.,Dynamic Money Managers Securities Pvt. Ltd.,2026-04-24 14:59:47.134648,Machhapuchhre Bank Limited
2026042401039152,MBL,22,98,155,245.0,37975.0,2026-04-24,187951448,140,Siprabi Securities Pvt. Ltd.,Trademow Securities Private Limited,2026-04-24 14:59:47.134732,Machhapuchhre Bank Limited
2026042401039388,MBL,28,32,300,244.6,73380.0,2026-04-24,187952818,140,Shree Krishna Securities Ltd.,Premier Securities Company Ltd.,2026-04-24 14:59:58.730141,Machhapuchhre Bank Limited
