contractId,stockSymbol,buyerMemberId,sellerMemberId,quantity,rate,amount,businessDate,tradeBookId,stockId,buyerBrokerName,sellerBrokerName,transaction_time,securityName
2026042403000001,NABBC,58,66,10,1222.0,12220.0,2026-04-24,187802777,172,Naasa Securities Co. Ltd.,Miyo Securities Pvt Ltd,2026-04-24 10:46:00.013252,Narayani Development Bank Limited
2026042403000037,NABBC,58,38,40,1222.2,48888.0,2026-04-24,187804023,172,Naasa Securities Co. Ltd.,Dipshikha Dhitopatra Karobar Co. Pvt Ltd.,2026-04-24 11:01:35.649295,Narayani Development Bank Limited
2026042403000126,NABBC,42,42,39,1256.0,48984.0,2026-04-24,187806444,172,Sani Securities Company Ltd.,Sani Securities Company Ltd.,2026-04-24 11:04:35.881989,Narayani Development Bank Limited
2026042403000134,NABBC,58,17,95,1230.0,116850.0,2026-04-24,187806646,172,Naasa Securities Co. Ltd.,ABC Securities Private Limited,2026-04-24 11:04:51.946656,Narayani Development Bank Limited
2026042403000140,NABBC,58,17,25,1222.2,30555.0,2026-04-24,187806832,172,Naasa Securities Co. Ltd.,ABC Securities Private Limited,2026-04-24 11:05:09.185648,Narayani Development Bank Limited
2026042403000141,NABBC,69,17,10,1222.0,12220.0,2026-04-24,187806833,172,INDEX SECURITIES LIMITED,ABC Securities Private Limited,2026-04-24 11:05:09.185679,Narayani Development Bank Limited
2026042403000147,NABBC,25,17,10,1201.0,12010.0,2026-04-24,187806927,172,Sweta Securities Private Limited,ABC Securities Private Limited,2026-04-24 11:05:18.626718,Narayani Development Bank Limited
2026042403000268,NABBC,22,56,17,1229.0,20893.0,2026-04-24,187812090,172,Siprabi Securities Pvt. Ltd.,Sri Hari Securities Pvt. Ltd.,2026-04-24 11:11:48.447451,Narayani Development Bank Limited
2026042403000316,NABBC,57,17,10,1207.0,12070.0,2026-04-24,187813253,172,Aryatara Investment & Securities,ABC Securities Private Limited,2026-04-24 11:13:23.233296,Narayani Development Bank Limited
2026042403000453,NABBC,85,56,100,1229.0,122900.0,2026-04-24,187817210,172,Capital Hub P. Ltd,Sri Hari Securities Pvt. Ltd.,2026-04-24 11:19:29.115926,Narayani Development Bank Limited
2026042403000459,NABBC,57,17,10,1214.0,12140.0,2026-04-24,187817247,172,Aryatara Investment & Securities,ABC Securities Private Limited,2026-04-24 11:19:34.788487,Narayani Development Bank Limited
2026042403000511,NABBC,58,56,10,1229.0,12290.0,2026-04-24,187819652,172,Naasa Securities Co. Ltd.,Sri Hari Securities Pvt. Ltd.,2026-04-24 11:23:03.080146,Narayani Development Bank Limited
2026042403000522,NABBC,44,56,80,1229.0,98320.0,2026-04-24,187820000,172,Dynamic Money Managers Securities Pvt. Ltd.,Sri Hari Securities Pvt. Ltd.,2026-04-24 11:23:30.115038,Narayani Development Bank Limited
2026042403000536,NABBC,22,56,200,1217.0,243400.0,2026-04-24,187820350,172,Siprabi Securities Pvt. Ltd.,Sri Hari Securities Pvt. Ltd.,2026-04-24 11:23:54.371067,Narayani Development Bank Limited
2026042403000569,NABBC,21,56,10,1217.0,12170.0,2026-04-24,187821012,172,Midas Stock Broking Company Private Limited,Sri Hari Securities Pvt. Ltd.,2026-04-24 11:24:31.685808,Narayani Development Bank Limited
2026042403000589,NABBC,14,56,10,1217.0,12170.0,2026-04-24,187821410,172,Nepal Stock House (PVT) Ltd.,Sri Hari Securities Pvt. Ltd.,2026-04-24 11:25:06.074767,Narayani Development Bank Limited
2026042403000603,NABBC,64,56,200,1217.0,243400.0,2026-04-24,187821790,172,SUN SECURITIES PVT LTD,Sri Hari Securities Pvt. Ltd.,2026-04-24 11:25:39.567429,Narayani Development Bank Limited
2026042403000607,NABBC,74,56,373,1217.0,453941.0,2026-04-24,187822067,172,KALASH STOCK MARKET PVT. LTD.,Sri Hari Securities Pvt. Ltd.,2026-04-24 11:25:53.488897,Narayani Development Bank Limited
2026042403000790,NABBC,74,34,60,1253.0,75180.0,2026-04-24,187827643,172,KALASH STOCK MARKET PVT. LTD.,Vision Securities Pvt. Ltd,2026-04-24 11:35:12.036642,Narayani Development Bank Limited
2026042403000791,NABBC,74,71,147,1253.0,184191.0,2026-04-24,187827646,172,KALASH STOCK MARKET PVT. LTD.,SHUBHAKAMANA SECURITIES PVT. LTD,2026-04-24 11:35:12.036727,Narayani Development Bank Limited
2026042403000794,NABBC,4,17,30,1230.0,36900.0,2026-04-24,187827675,172,Opal Securities Investment (PVT) Ltd.,ABC Securities Private Limited,2026-04-24 11:35:15.443551,Narayani Development Bank Limited
2026042403000813,NABBC,69,71,53,1253.0,66409.0,2026-04-24,187828275,172,INDEX SECURITIES LIMITED,SHUBHAKAMANA SECURITIES PVT. LTD,2026-04-24 11:36:06.470217,Narayani Development Bank Limited
2026042403000814,NABBC,69,14,40,1253.5,50140.0,2026-04-24,187828277,172,INDEX SECURITIES LIMITED,Nepal Stock House (PVT) Ltd.,2026-04-24 11:36:06.470308,Narayani Development Bank Limited
2026042403000815,NABBC,69,42,181,1256.0,227336.0,2026-04-24,187828279,172,INDEX SECURITIES LIMITED,Sani Securities Company Ltd.,2026-04-24 11:36:06.470397,Narayani Development Bank Limited
2026042403000816,NABBC,69,67,200,1257.0,251400.0,2026-04-24,187828281,172,INDEX SECURITIES LIMITED,Property Wiard Limited,2026-04-24 11:36:06.470451,Narayani Development Bank Limited
2026042403000817,NABBC,69,56,200,1257.0,251400.0,2026-04-24,187828283,172,INDEX SECURITIES LIMITED,Sri Hari Securities Pvt. Ltd.,2026-04-24 11:36:06.470514,Narayani Development Bank Limited
2026042403000818,NABBC,69,21,30,1258.0,37740.0,2026-04-24,187828285,172,INDEX SECURITIES LIMITED,Midas Stock Broking Company Private Limited,2026-04-24 11:36:06.470574,Narayani Development Bank Limited
2026042403000819,NABBC,69,25,100,1258.0,125800.0,2026-04-24,187828287,172,INDEX SECURITIES LIMITED,Sweta Securities Private Limited,2026-04-24 11:36:06.470637,Narayani Development Bank Limited
2026042403000820,NABBC,69,38,196,1258.0,246568.0,2026-04-24,187828290,172,INDEX SECURITIES LIMITED,Dipshikha Dhitopatra Karobar Co. Pvt Ltd.,2026-04-24 11:36:06.470696,Narayani Development Bank Limited
2026042403000823,NABBC,4,17,10,1230.0,12300.0,2026-04-24,187828311,172,Opal Securities Investment (PVT) Ltd.,ABC Securities Private Limited,2026-04-24 11:36:07.986794,Narayani Development Bank Limited
2026042403000868,NABBC,69,3,11,1258.8,13846.8,2026-04-24,187829501,172,INDEX SECURITIES LIMITED,Arun Securities (PVT) Ltd.,2026-04-24 11:38:01.758077,Narayani Development Bank Limited
2026042403000869,NABBC,69,57,60,1265.0,75900.0,2026-04-24,187829503,172,INDEX SECURITIES LIMITED,Aryatara Investment & Securities,2026-04-24 11:38:01.758168,Narayani Development Bank Limited
2026042403000870,NABBC,69,71,300,1265.0,379500.0,2026-04-24,187829505,172,INDEX SECURITIES LIMITED,SHUBHAKAMANA SECURITIES PVT. LTD,2026-04-24 11:38:01.758239,Narayani Development Bank Limited
2026042403000871,NABBC,69,38,40,1266.0,50640.0,2026-04-24,187829507,172,INDEX SECURITIES LIMITED,Dipshikha Dhitopatra Karobar Co. Pvt Ltd.,2026-04-24 11:38:01.758303,Narayani Development Bank Limited
2026042403000872,NABBC,69,71,300,1266.0,379800.0,2026-04-24,187829509,172,INDEX SECURITIES LIMITED,SHUBHAKAMANA SECURITIES PVT. LTD,2026-04-24 11:38:01.758353,Narayani Development Bank Limited
2026042403000873,NABBC,69,74,50,1266.9,63345.0,2026-04-24,187829511,172,INDEX SECURITIES LIMITED,KALASH STOCK MARKET PVT. LTD.,2026-04-24 11:38:01.758421,Narayani Development Bank Limited
2026042403000874,NABBC,69,46,200,1266.9,253380.0,2026-04-24,187829513,172,INDEX SECURITIES LIMITED,Kalika Securities Pvt. Ltd.,2026-04-24 11:38:01.758488,Narayani Development Bank Limited
2026042403000875,NABBC,69,46,200,1293.0,258600.0,2026-04-24,187829515,172,INDEX SECURITIES LIMITED,Kalika Securities Pvt. Ltd.,2026-04-24 11:38:01.758554,Narayani Development Bank Limited
2026042403000876,NABBC,69,33,39,1293.0,50427.0,2026-04-24,187829518,172,INDEX SECURITIES LIMITED,Dakshinkali Investment & Securities Pvt. Ltd.,2026-04-24 11:38:01.758618,Narayani Development Bank Limited
2026042403000877,NABBC,4,35,10,1230.0,12300.0,2026-04-24,187829535,172,Opal Securities Investment (PVT) Ltd.,Kohinoor Investment & Securities Pvt. Ltd.,2026-04-24 11:38:03.339690,Narayani Development Bank Limited
2026042403000963,NABBC,74,69,50,1250.0,62500.0,2026-04-24,187832032,172,KALASH STOCK MARKET PVT. LTD.,INDEX SECURITIES LIMITED,2026-04-24 11:43:31.876549,Narayani Development Bank Limited
2026042403000966,NABBC,4,17,10,1234.0,12340.0,2026-04-24,187832161,172,Opal Securities Investment (PVT) Ltd.,ABC Securities Private Limited,2026-04-24 11:43:41.077516,Narayani Development Bank Limited
2026042403001064,NABBC,4,29,10,1235.1,12351.0,2026-04-24,187834964,172,Opal Securities Investment (PVT) Ltd.,Trisul Securities & Invt. Ltd.,2026-04-24 11:48:57.982605,Narayani Development Bank Limited
2026042403001065,NABBC,4,29,10,1235.1,12351.0,2026-04-24,187834965,172,Opal Securities Investment (PVT) Ltd.,Trisul Securities & Invt. Ltd.,2026-04-24 11:48:57.982796,Narayani Development Bank Limited
2026042403001120,NABBC,69,16,200,1255.0,251000.0,2026-04-24,187836257,172,INDEX SECURITIES LIMITED,Primo Securities (PVT) Ltd.,2026-04-24 11:51:44.694674,Narayani Development Bank Limited
2026042403001121,NABBC,69,34,10,1260.0,12600.0,2026-04-24,187836259,172,INDEX SECURITIES LIMITED,Vision Securities Pvt. Ltd,2026-04-24 11:51:44.694765,Narayani Development Bank Limited
2026042403001122,NABBC,69,32,10,1266.0,12660.0,2026-04-24,187836261,172,INDEX SECURITIES LIMITED,Premier Securities Company Ltd.,2026-04-24 11:51:44.694852,Narayani Development Bank Limited
2026042403001123,NABBC,69,33,100,1268.0,126800.0,2026-04-24,187836263,172,INDEX SECURITIES LIMITED,Dakshinkali Investment & Securities Pvt. Ltd.,2026-04-24 11:51:44.694909,Narayani Development Bank Limited
2026042403001124,NABBC,69,16,100,1269.0,126900.0,2026-04-24,187836265,172,INDEX SECURITIES LIMITED,Primo Securities (PVT) Ltd.,2026-04-24 11:51:44.694974,Narayani Development Bank Limited
2026042403001125,NABBC,69,71,300,1269.0,380700.0,2026-04-24,187836267,172,INDEX SECURITIES LIMITED,SHUBHAKAMANA SECURITIES PVT. LTD,2026-04-24 11:51:44.695066,Narayani Development Bank Limited
2026042403001126,NABBC,69,34,30,1271.0,38130.0,2026-04-24,187836270,172,INDEX SECURITIES LIMITED,Vision Securities Pvt. Ltd,2026-04-24 11:51:44.695125,Narayani Development Bank Limited
2026042403001128,NABBC,4,33,10,1235.1,12351.0,2026-04-24,187836283,172,Opal Securities Investment (PVT) Ltd.,Dakshinkali Investment & Securities Pvt. Ltd.,2026-04-24 11:51:46.560967,Narayani Development Bank Limited
2026042403001187,NABBC,84,36,10,1235.2,12352.0,2026-04-24,187838083,172,MILKY WAY SHARE BROKER COMPANY LTD ,Secured Securities Ltd.,2026-04-24 11:55:06.362812,Narayani Development Bank Limited
2026042403001425,NABBC,36,17,100,1250.0,125000.0,2026-04-24,187844064,172,Secured Securities Ltd.,ABC Securities Private Limited,2026-04-24 12:08:02.605253,Narayani Development Bank Limited
2026042403001447,NABBC,25,17,50,1250.0,62500.0,2026-04-24,187844772,172,Sweta Securities Private Limited,ABC Securities Private Limited,2026-04-24 12:09:11.205755,Narayani Development Bank Limited
2026042403001453,NABBC,29,17,50,1250.0,62500.0,2026-04-24,187844809,172,Trisul Securities & Invt. Ltd.,ABC Securities Private Limited,2026-04-24 12:09:15.743248,Narayani Development Bank Limited
2026042403001454,NABBC,29,69,260,1255.0,326300.0,2026-04-24,187844812,172,Trisul Securities & Invt. Ltd.,INDEX SECURITIES LIMITED,2026-04-24 12:09:15.743358,Narayani Development Bank Limited
2026042403001505,NABBC,57,17,10,1239.0,12390.0,2026-04-24,187845867,172,Aryatara Investment & Securities,ABC Securities Private Limited,2026-04-24 12:11:19.179734,Narayani Development Bank Limited
2026042403001528,NABBC,69,49,20,1260.0,25200.0,2026-04-24,187846992,172,INDEX SECURITIES LIMITED,Online Securities Pvt. Ltd.,2026-04-24 12:13:17.059635,Narayani Development Bank Limited
2026042403001529,NABBC,32,71,10,1240.0,12400.0,2026-04-24,187847007,172,Premier Securities Company Ltd.,SHUBHAKAMANA SECURITIES PVT. LTD,2026-04-24 12:13:20.370670,Narayani Development Bank Limited
2026042403001648,NABBC,32,69,35,1242.0,43470.0,2026-04-24,187850432,172,Premier Securities Company Ltd.,INDEX SECURITIES LIMITED,2026-04-24 12:20:30.036195,Narayani Development Bank Limited
2026042403001649,NABBC,26,69,65,1242.0,80730.0,2026-04-24,187850433,172,Asian Securities Private Ltd.,INDEX SECURITIES LIMITED,2026-04-24 12:20:30.036281,Narayani Development Bank Limited
2026042403001672,NABBC,53,69,50,1243.0,62150.0,2026-04-24,187851249,172,Investment Management Nepal Pvt. Ltd.,INDEX SECURITIES LIMITED,2026-04-24 12:21:50.257660,Narayani Development Bank Limited
2026042403001738,NABBC,53,56,30,1243.0,37290.0,2026-04-24,187854090,172,Investment Management Nepal Pvt. Ltd.,Sri Hari Securities Pvt. Ltd.,2026-04-24 12:27:12.393151,Narayani Development Bank Limited
2026042403001739,NABBC,26,56,35,1242.0,43470.0,2026-04-24,187854092,172,Asian Securities Private Ltd.,Sri Hari Securities Pvt. Ltd.,2026-04-24 12:27:12.393396,Narayani Development Bank Limited
2026042403001740,NABBC,53,56,25,1240.1,31002.5,2026-04-24,187854094,172,Investment Management Nepal Pvt. Ltd.,Sri Hari Securities Pvt. Ltd.,2026-04-24 12:27:12.393543,Narayani Development Bank Limited
2026042403001741,NABBC,32,56,30,1240.0,37200.0,2026-04-24,187854096,172,Premier Securities Company Ltd.,Sri Hari Securities Pvt. Ltd.,2026-04-24 12:27:12.393685,Narayani Development Bank Limited
2026042403001742,NABBC,44,56,80,1240.0,99200.0,2026-04-24,187854097,172,Dynamic Money Managers Securities Pvt. Ltd.,Sri Hari Securities Pvt. Ltd.,2026-04-24 12:27:12.393825,Narayani Development Bank Limited
2026042403001748,NABBC,44,69,300,1240.0,372000.0,2026-04-24,187854351,172,Dynamic Money Managers Securities Pvt. Ltd.,INDEX SECURITIES LIMITED,2026-04-24 12:27:39.600736,Narayani Development Bank Limited
2026042403001776,NABBC,69,49,30,1265.0,37950.0,2026-04-24,187855703,172,INDEX SECURITIES LIMITED,Online Securities Pvt. Ltd.,2026-04-24 12:30:28.204478,Narayani Development Bank Limited
2026042403001777,NABBC,69,91,10,1270.0,12700.0,2026-04-24,187855706,172,INDEX SECURITIES LIMITED,Citizens Share Broker Limited,2026-04-24 12:30:28.204573,Narayani Development Bank Limited
2026042403001867,NABBC,44,69,10,1240.0,12400.0,2026-04-24,187855949,172,Dynamic Money Managers Securities Pvt. Ltd.,INDEX SECURITIES LIMITED,2026-04-24 12:30:36.938854,Narayani Development Bank Limited
2026042403001877,NABBC,44,69,10,1240.0,12400.0,2026-04-24,187856170,172,Dynamic Money Managers Securities Pvt. Ltd.,INDEX SECURITIES LIMITED,2026-04-24 12:31:07.934725,Narayani Development Bank Limited
2026042403001878,NABBC,44,69,190,1240.0,235600.0,2026-04-24,187856171,172,Dynamic Money Managers Securities Pvt. Ltd.,INDEX SECURITIES LIMITED,2026-04-24 12:31:07.934760,Narayani Development Bank Limited
2026042403001888,NABBC,44,69,310,1240.0,384400.0,2026-04-24,187856402,172,Dynamic Money Managers Securities Pvt. Ltd.,INDEX SECURITIES LIMITED,2026-04-24 12:31:33.923367,Narayani Development Bank Limited
2026042403001889,NABBC,46,69,90,1240.0,111600.0,2026-04-24,187856403,172,Kalika Securities Pvt. Ltd.,INDEX SECURITIES LIMITED,2026-04-24 12:31:33.923423,Narayani Development Bank Limited
2026042403002204,NABBC,69,14,20,1255.0,25100.0,2026-04-24,187864195,172,INDEX SECURITIES LIMITED,Nepal Stock House (PVT) Ltd.,2026-04-24 12:46:43.664528,Narayani Development Bank Limited
2026042403002205,NABBC,69,91,35,1270.0,44450.0,2026-04-24,187864197,172,INDEX SECURITIES LIMITED,Citizens Share Broker Limited,2026-04-24 12:46:43.664620,Narayani Development Bank Limited
2026042403002206,NABBC,69,58,60,1270.0,76200.0,2026-04-24,187864199,172,INDEX SECURITIES LIMITED,Naasa Securities Co. Ltd.,2026-04-24 12:46:43.664646,Narayani Development Bank Limited
2026042403002207,NABBC,69,49,50,1270.0,63500.0,2026-04-24,187864201,172,INDEX SECURITIES LIMITED,Online Securities Pvt. Ltd.,2026-04-24 12:46:43.664669,Narayani Development Bank Limited
2026042403002208,NABBC,69,14,20,1270.0,25400.0,2026-04-24,187864203,172,INDEX SECURITIES LIMITED,Nepal Stock House (PVT) Ltd.,2026-04-24 12:46:43.664691,Narayani Development Bank Limited
2026042403002209,NABBC,69,35,100,1271.0,127100.0,2026-04-24,187864205,172,INDEX SECURITIES LIMITED,Kohinoor Investment & Securities Pvt. Ltd.,2026-04-24 12:46:43.664716,Narayani Development Bank Limited
2026042403002210,NABBC,69,58,20,1271.0,25420.0,2026-04-24,187864207,172,INDEX SECURITIES LIMITED,Naasa Securities Co. Ltd.,2026-04-24 12:46:43.664741,Narayani Development Bank Limited
2026042403002211,NABBC,69,50,200,1271.0,254200.0,2026-04-24,187864209,172,INDEX SECURITIES LIMITED,Cristal Kanchanjanga Securites Pvt. Ltd.,2026-04-24 12:46:43.664764,Narayani Development Bank Limited
2026042403002212,NABBC,69,56,100,1272.0,127200.0,2026-04-24,187864211,172,INDEX SECURITIES LIMITED,Sri Hari Securities Pvt. Ltd.,2026-04-24 12:46:43.664786,Narayani Development Bank Limited
2026042403002213,NABBC,69,48,50,1275.0,63750.0,2026-04-24,187864213,172,INDEX SECURITIES LIMITED,Trishakti Securities Public Limited,2026-04-24 12:46:43.664821,Narayani Development Bank Limited
2026042403002214,NABBC,69,71,195,1275.0,248625.0,2026-04-24,187864216,172,INDEX SECURITIES LIMITED,SHUBHAKAMANA SECURITIES PVT. LTD,2026-04-24 12:46:43.664876,Narayani Development Bank Limited
2026042403002215,NABBC,46,71,10,1240.0,12400.0,2026-04-24,187864219,172,Kalika Securities Pvt. Ltd.,SHUBHAKAMANA SECURITIES PVT. LTD,2026-04-24 12:46:45.312168,Narayani Development Bank Limited
2026042403002233,NABBC,69,57,10,1277.0,12770.0,2026-04-24,187864588,172,INDEX SECURITIES LIMITED,Aryatara Investment & Securities,2026-04-24 12:47:20.736251,Narayani Development Bank Limited
2026042403002234,NABBC,46,71,10,1240.0,12400.0,2026-04-24,187864679,172,Kalika Securities Pvt. Ltd.,SHUBHAKAMANA SECURITIES PVT. LTD,2026-04-24 12:47:27.096882,Narayani Development Bank Limited
2026042403002339,NABBC,46,39,10,1240.0,12400.0,2026-04-24,187867679,172,Kalika Securities Pvt. Ltd.,Sumeru Securities Pvt. Ltd.,2026-04-24 12:52:46.560986,Narayani Development Bank Limited
2026042403002349,NABBC,46,69,80,1240.0,99200.0,2026-04-24,187867944,172,Kalika Securities Pvt. Ltd.,INDEX SECURITIES LIMITED,2026-04-24 12:53:09.174282,Narayani Development Bank Limited
2026042403002350,NABBC,84,69,120,1237.1,148452.0,2026-04-24,187867945,172,MILKY WAY SHARE BROKER COMPANY LTD ,INDEX SECURITIES LIMITED,2026-04-24 12:53:09.174378,Narayani Development Bank Limited
2026042403002967,NABBC,84,14,30,1237.6,37128.0,2026-04-24,187880773,172,MILKY WAY SHARE BROKER COMPANY LTD ,Nepal Stock House (PVT) Ltd.,2026-04-24 13:22:38.801806,Narayani Development Bank Limited
2026042403003041,NABBC,84,14,20,1237.6,24752.0,2026-04-24,187882579,172,MILKY WAY SHARE BROKER COMPANY LTD ,Nepal Stock House (PVT) Ltd.,2026-04-24 13:26:22.900611,Narayani Development Bank Limited
2026042403003093,NABBC,84,14,20,1237.6,24752.0,2026-04-24,187883845,172,MILKY WAY SHARE BROKER COMPANY LTD ,Nepal Stock House (PVT) Ltd.,2026-04-24 13:28:35.439950,Narayani Development Bank Limited
2026042403003127,NABBC,57,17,10,1237.8,12378.0,2026-04-24,187884896,172,Aryatara Investment & Securities,ABC Securities Private Limited,2026-04-24 13:31:13.906496,Narayani Development Bank Limited
2026042403003128,NABBC,46,17,100,1237.8,123780.0,2026-04-24,187884898,172,Kalika Securities Pvt. Ltd.,ABC Securities Private Limited,2026-04-24 13:31:13.906533,Narayani Development Bank Limited
2026042403003129,NABBC,57,17,10,1237.7,12377.0,2026-04-24,187884900,172,Aryatara Investment & Securities,ABC Securities Private Limited,2026-04-24 13:31:13.906562,Narayani Development Bank Limited
2026042403003130,NABBC,57,17,10,1237.6,12376.0,2026-04-24,187884902,172,Aryatara Investment & Securities,ABC Securities Private Limited,2026-04-24 13:31:13.906584,Narayani Development Bank Limited
2026042403003131,NABBC,57,17,70,1237.5,86625.0,2026-04-24,187884903,172,Aryatara Investment & Securities,ABC Securities Private Limited,2026-04-24 13:31:13.906621,Narayani Development Bank Limited
2026042403003138,NABBC,69,14,10,1254.9,12549.0,2026-04-24,187885208,172,INDEX SECURITIES LIMITED,Nepal Stock House (PVT) Ltd.,2026-04-24 13:31:53.148790,Narayani Development Bank Limited
2026042403003353,NABBC,38,14,30,1238.0,37140.0,2026-04-24,187893589,172,Dipshikha Dhitopatra Karobar Co. Pvt Ltd.,Nepal Stock House (PVT) Ltd.,2026-04-24 13:48:54.891448,Narayani Development Bank Limited
2026042403003370,NABBC,22,69,50,1238.0,61900.0,2026-04-24,187894146,172,Siprabi Securities Pvt. Ltd.,INDEX SECURITIES LIMITED,2026-04-24 13:50:16.413087,Narayani Development Bank Limited
2026042403003371,NABBC,57,69,25,1237.5,30937.5,2026-04-24,187894148,172,Aryatara Investment & Securities,INDEX SECURITIES LIMITED,2026-04-24 13:50:16.413123,Narayani Development Bank Limited
2026042403003372,NABBC,62,69,20,1237.1,24742.0,2026-04-24,187894150,172,Capital Max Securities Ltd,INDEX SECURITIES LIMITED,2026-04-24 13:50:16.413147,Narayani Development Bank Limited
2026042403003373,NABBC,28,69,10,1235.1,12351.0,2026-04-24,187894152,172,Shree Krishna Securities Ltd.,INDEX SECURITIES LIMITED,2026-04-24 13:50:16.413171,Narayani Development Bank Limited
2026042403003374,NABBC,36,69,10,1235.0,12350.0,2026-04-24,187894154,172,Secured Securities Ltd.,INDEX SECURITIES LIMITED,2026-04-24 13:50:16.413223,Narayani Development Bank Limited
2026042403003375,NABBC,58,69,50,1235.0,61750.0,2026-04-24,187894156,172,Naasa Securities Co. Ltd.,INDEX SECURITIES LIMITED,2026-04-24 13:50:16.413244,Narayani Development Bank Limited
2026042403003376,NABBC,25,69,285,1235.0,351975.0,2026-04-24,187894157,172,Sweta Securities Private Limited,INDEX SECURITIES LIMITED,2026-04-24 13:50:16.413265,Narayani Development Bank Limited
2026042403003380,NABBC,25,69,15,1235.0,18525.0,2026-04-24,187894376,172,Sweta Securities Private Limited,INDEX SECURITIES LIMITED,2026-04-24 13:50:52.713713,Narayani Development Bank Limited
2026042403003381,NABBC,46,69,100,1230.1,123010.0,2026-04-24,187894378,172,Kalika Securities Pvt. Ltd.,INDEX SECURITIES LIMITED,2026-04-24 13:50:52.713813,Narayani Development Bank Limited
2026042403003382,NABBC,49,69,485,1230.0,596550.0,2026-04-24,187894379,172,Online Securities Pvt. Ltd.,INDEX SECURITIES LIMITED,2026-04-24 13:50:52.713936,Narayani Development Bank Limited
2026042403003415,NABBC,69,47,10,1254.8,12548.0,2026-04-24,187895332,172,INDEX SECURITIES LIMITED,Neev Securities Pvt. Ltd.,2026-04-24 13:52:48.872213,Narayani Development Bank Limited
2026042403003525,NABBC,47,47,10,1254.8,12548.0,2026-04-24,187898043,172,Neev Securities Pvt. Ltd.,Neev Securities Pvt. Ltd.,2026-04-24 13:57:47.780994,Narayani Development Bank Limited
2026042403003526,NABBC,47,14,10,1254.9,12549.0,2026-04-24,187898045,172,Neev Securities Pvt. Ltd.,Nepal Stock House (PVT) Ltd.,2026-04-24 13:57:47.781123,Narayani Development Bank Limited
2026042403003813,NABBC,20,20,480,1250.0,600000.0,2026-04-24,187902634,172,Sipla Securities Private Limited,Sipla Securities Private Limited,2026-04-24 14:07:42.375492,Narayani Development Bank Limited
2026042403003847,NABBC,47,45,5,1243.0,6215.0,2026-04-24,187903063,172,Neev Securities Pvt. Ltd.,Imperial Securities Company Pvt. Ltd.,2026-04-24 14:08:40.930785,Narayani Development Bank Limited
2026042403004053,NABBC,84,39,15,1250.0,18750.0,2026-04-24,187907892,172,MILKY WAY SHARE BROKER COMPANY LTD ,Sumeru Securities Pvt. Ltd.,2026-04-24 14:16:44.781375,Narayani Development Bank Limited
2026042403004211,NABBC,84,69,13,1231.1,16004.3,2026-04-24,187910857,172,MILKY WAY SHARE BROKER COMPANY LTD ,INDEX SECURITIES LIMITED,2026-04-24 14:21:09.510423,Narayani Development Bank Limited
2026042403004220,NABBC,84,59,17,1231.1,20928.7,2026-04-24,187911542,172,MILKY WAY SHARE BROKER COMPANY LTD ,Deevyaa Securities & Stock House Pvt. Ltd,2026-04-24 14:21:43.875109,Narayani Development Bank Limited
2026042403004221,NABBC,58,59,10,1231.0,12310.0,2026-04-24,187911544,172,Naasa Securities Co. Ltd.,Deevyaa Securities & Stock House Pvt. Ltd,2026-04-24 14:21:43.875292,Narayani Development Bank Limited
2026042403004222,NABBC,49,59,15,1230.0,18450.0,2026-04-24,187911546,172,Online Securities Pvt. Ltd.,Deevyaa Securities & Stock House Pvt. Ltd,2026-04-24 14:21:43.875354,Narayani Development Bank Limited
2026042403004223,NABBC,22,59,10,1230.0,12300.0,2026-04-24,187911548,172,Siprabi Securities Pvt. Ltd.,Deevyaa Securities & Stock House Pvt. Ltd,2026-04-24 14:21:43.875411,Narayani Development Bank Limited
2026042403004224,NABBC,58,59,45,1230.0,55350.0,2026-04-24,187911550,172,Naasa Securities Co. Ltd.,Deevyaa Securities & Stock House Pvt. Ltd,2026-04-24 14:21:43.875472,Narayani Development Bank Limited
2026042403004225,NABBC,44,59,50,1229.0,61450.0,2026-04-24,187911552,172,Dynamic Money Managers Securities Pvt. Ltd.,Deevyaa Securities & Stock House Pvt. Ltd,2026-04-24 14:21:43.875529,Narayani Development Bank Limited
2026042403004226,NABBC,44,59,50,1227.0,61350.0,2026-04-24,187911554,172,Dynamic Money Managers Securities Pvt. Ltd.,Deevyaa Securities & Stock House Pvt. Ltd,2026-04-24 14:21:43.875593,Narayani Development Bank Limited
2026042403004227,NABBC,22,59,50,1227.0,61350.0,2026-04-24,187911556,172,Siprabi Securities Pvt. Ltd.,Deevyaa Securities & Stock House Pvt. Ltd,2026-04-24 14:21:43.875650,Narayani Development Bank Limited
2026042403004228,NABBC,48,59,50,1225.0,61250.0,2026-04-24,187911558,172,Trishakti Securities Public Limited,Deevyaa Securities & Stock House Pvt. Ltd,2026-04-24 14:21:43.875706,Narayani Development Bank Limited
2026042403004229,NABBC,25,59,50,1221.0,61050.0,2026-04-24,187911560,172,Sweta Securities Private Limited,Deevyaa Securities & Stock House Pvt. Ltd,2026-04-24 14:21:43.875768,Narayani Development Bank Limited
2026042403004230,NABBC,43,59,100,1220.1,122010.0,2026-04-24,187911562,172,South Asian Bulls Pvt. Ltd.,Deevyaa Securities & Stock House Pvt. Ltd,2026-04-24 14:21:43.875826,Narayani Development Bank Limited
2026042403004231,NABBC,32,59,100,1220.0,122000.0,2026-04-24,187911564,172,Premier Securities Company Ltd.,Deevyaa Securities & Stock House Pvt. Ltd,2026-04-24 14:21:43.875886,Narayani Development Bank Limited
2026042403004232,NABBC,22,59,40,1220.0,48800.0,2026-04-24,187911566,172,Siprabi Securities Pvt. Ltd.,Deevyaa Securities & Stock House Pvt. Ltd,2026-04-24 14:21:43.875943,Narayani Development Bank Limited
2026042403004233,NABBC,39,59,86,1219.0,104834.0,2026-04-24,187911568,172,Sumeru Securities Pvt. Ltd.,Deevyaa Securities & Stock House Pvt. Ltd,2026-04-24 14:21:43.875999,Narayani Development Bank Limited
2026042403004234,NABBC,59,59,100,1217.5,121750.0,2026-04-24,187911570,172,Deevyaa Securities & Stock House Pvt. Ltd,Deevyaa Securities & Stock House Pvt. Ltd,2026-04-24 14:21:43.876058,Narayani Development Bank Limited
2026042403004235,NABBC,17,59,300,1217.4,365220.0,2026-04-24,187911572,172,ABC Securities Private Limited,Deevyaa Securities & Stock House Pvt. Ltd,2026-04-24 14:21:43.876114,Narayani Development Bank Limited
2026042403004236,NABBC,4,59,200,1217.3,243460.0,2026-04-24,187911574,172,Opal Securities Investment (PVT) Ltd.,Deevyaa Securities & Stock House Pvt. Ltd,2026-04-24 14:21:43.876172,Narayani Development Bank Limited
2026042403004237,NABBC,86,59,198,1215.0,240570.0,2026-04-24,187911576,172,Stoxkarts Securities Limited,Deevyaa Securities & Stock House Pvt. Ltd,2026-04-24 14:21:43.876227,Narayani Development Bank Limited
2026042403004238,NABBC,85,59,100,1205.1,120510.0,2026-04-24,187911578,172,Capital Hub P. Ltd,Deevyaa Securities & Stock House Pvt. Ltd,2026-04-24 14:21:43.876295,Narayani Development Bank Limited
2026042403004239,NABBC,47,59,50,1205.0,60250.0,2026-04-24,187911580,172,Neev Securities Pvt. Ltd.,Deevyaa Securities & Stock House Pvt. Ltd,2026-04-24 14:21:43.876425,Narayani Development Bank Limited
2026042403004240,NABBC,21,59,10,1205.0,12050.0,2026-04-24,187911582,172,Midas Stock Broking Company Private Limited,Deevyaa Securities & Stock House Pvt. Ltd,2026-04-24 14:21:43.876585,Narayani Development Bank Limited
2026042403004241,NABBC,33,59,55,1203.0,66165.0,2026-04-24,187911584,172,Dakshinkali Investment & Securities Pvt. Ltd.,Deevyaa Securities & Stock House Pvt. Ltd,2026-04-24 14:21:43.876742,Narayani Development Bank Limited
2026042403004242,NABBC,75,59,30,1203.0,36090.0,2026-04-24,187911586,172,N.I.M.B. Stock Markets Limited,Deevyaa Securities & Stock House Pvt. Ltd,2026-04-24 14:21:43.876935,Narayani Development Bank Limited
2026042403004243,NABBC,32,59,10,1203.0,12030.0,2026-04-24,187911588,172,Premier Securities Company Ltd.,Deevyaa Securities & Stock House Pvt. Ltd,2026-04-24 14:21:43.877137,Narayani Development Bank Limited
2026042403004244,NABBC,35,59,10,1202.8,12028.0,2026-04-24,187911590,172,Kohinoor Investment & Securities Pvt. Ltd.,Deevyaa Securities & Stock House Pvt. Ltd,2026-04-24 14:21:43.877289,Narayani Development Bank Limited
2026042403004245,NABBC,17,59,50,1202.8,60140.0,2026-04-24,187911592,172,ABC Securities Private Limited,Deevyaa Securities & Stock House Pvt. Ltd,2026-04-24 14:21:43.877429,Narayani Development Bank Limited
2026042403004246,NABBC,43,59,100,1202.0,120200.0,2026-04-24,187911594,172,South Asian Bulls Pvt. Ltd.,Deevyaa Securities & Stock House Pvt. Ltd,2026-04-24 14:21:43.877568,Narayani Development Bank Limited
2026042403004247,NABBC,1,59,50,1202.0,60100.0,2026-04-24,187911596,172,Kumari Securities Private Limited,Deevyaa Securities & Stock House Pvt. Ltd,2026-04-24 14:21:43.877703,Narayani Development Bank Limited
2026042403004248,NABBC,21,59,17,1201.3,20422.1,2026-04-24,187911598,172,Midas Stock Broking Company Private Limited,Deevyaa Securities & Stock House Pvt. Ltd,2026-04-24 14:21:43.877889,Narayani Development Bank Limited
2026042403004249,NABBC,85,59,100,1201.0,120100.0,2026-04-24,187911600,172,Capital Hub P. Ltd,Deevyaa Securities & Stock House Pvt. Ltd,2026-04-24 14:21:43.878073,Narayani Development Bank Limited
2026042403004250,NABBC,42,59,50,1201.0,60050.0,2026-04-24,187911602,172,Sani Securities Company Ltd.,Deevyaa Securities & Stock House Pvt. Ltd,2026-04-24 14:21:43.878215,Narayani Development Bank Limited
2026042403004251,NABBC,51,59,50,1200.9,60045.0,2026-04-24,187911604,172,Oxford Securities Pvt. Ltd.,Deevyaa Securities & Stock House Pvt. Ltd,2026-04-24 14:21:43.878373,Narayani Development Bank Limited
2026042403004252,NABBC,22,59,100,1200.5,120050.0,2026-04-24,187911606,172,Siprabi Securities Pvt. Ltd.,Deevyaa Securities & Stock House Pvt. Ltd,2026-04-24 14:21:43.878534,Narayani Development Bank Limited
2026042403004253,NABBC,38,59,50,1200.5,60025.0,2026-04-24,187911608,172,Dipshikha Dhitopatra Karobar Co. Pvt Ltd.,Deevyaa Securities & Stock House Pvt. Ltd,2026-04-24 14:21:43.878742,Narayani Development Bank Limited
2026042403004254,NABBC,84,59,279,1200.0,334800.0,2026-04-24,187911609,172,MILKY WAY SHARE BROKER COMPANY LTD ,Deevyaa Securities & Stock House Pvt. Ltd,2026-04-24 14:21:43.878955,Narayani Development Bank Limited
2026042403004331,NABBC,69,56,10,1245.0,12450.0,2026-04-24,187913482,172,INDEX SECURITIES LIMITED,Sri Hari Securities Pvt. Ltd.,2026-04-24 14:24:06.671131,Narayani Development Bank Limited
2026042403004599,NABBC,100,25,10,1240.0,12400.0,2026-04-24,187919557,172,Sunrise Securities Limited,Sweta Securities Private Limited,2026-04-24 14:33:38.202771,Narayani Development Bank Limited
2026042403004600,NABBC,100,56,190,1245.0,236550.0,2026-04-24,187919560,172,Sunrise Securities Limited,Sri Hari Securities Pvt. Ltd.,2026-04-24 14:33:38.203079,Narayani Development Bank Limited
2026042403004623,NABBC,35,56,10,1245.0,12450.0,2026-04-24,187919980,172,Kohinoor Investment & Securities Pvt. Ltd.,Sri Hari Securities Pvt. Ltd.,2026-04-24 14:34:22.093673,Narayani Development Bank Limited
2026042403004744,NABBC,85,69,100,1210.1,121010.0,2026-04-24,187921706,172,Capital Hub P. Ltd,INDEX SECURITIES LIMITED,2026-04-24 14:36:52.002424,Narayani Development Bank Limited
2026042403004745,NABBC,100,69,300,1210.0,363000.0,2026-04-24,187921707,172,Sunrise Securities Limited,INDEX SECURITIES LIMITED,2026-04-24 14:36:52.002465,Narayani Development Bank Limited
2026042403004748,NABBC,69,4,200,1235.0,247000.0,2026-04-24,187921721,172,INDEX SECURITIES LIMITED,Opal Securities Investment (PVT) Ltd.,2026-04-24 14:36:53.704443,Narayani Development Bank Limited
2026042403004749,NABBC,69,56,10,1245.0,12450.0,2026-04-24,187921724,172,INDEX SECURITIES LIMITED,Sri Hari Securities Pvt. Ltd.,2026-04-24 14:36:53.704546,Narayani Development Bank Limited
2026042403004881,NABBC,39,56,30,1245.0,37350.0,2026-04-24,187924453,172,Sumeru Securities Pvt. Ltd.,Sri Hari Securities Pvt. Ltd.,2026-04-24 14:40:47.872385,Narayani Development Bank Limited
2026042403004882,NABBC,39,39,15,1250.0,18750.0,2026-04-24,187924455,172,Sumeru Securities Pvt. Ltd.,Sumeru Securities Pvt. Ltd.,2026-04-24 14:40:47.872438,Narayani Development Bank Limited
2026042403004883,NABBC,39,38,50,1250.0,62500.0,2026-04-24,187924457,172,Sumeru Securities Pvt. Ltd.,Dipshikha Dhitopatra Karobar Co. Pvt Ltd.,2026-04-24 14:40:47.872465,Narayani Development Bank Limited
2026042403004960,NABBC,57,69,10,1212.5,12125.0,2026-04-24,187926628,172,Aryatara Investment & Securities,INDEX SECURITIES LIMITED,2026-04-24 14:43:28.780424,Narayani Development Bank Limited
2026042403004961,NABBC,17,69,40,1207.9,48316.0,2026-04-24,187926630,172,ABC Securities Private Limited,INDEX SECURITIES LIMITED,2026-04-24 14:43:28.780526,Narayani Development Bank Limited
2026042403004962,NABBC,59,69,50,1207.9,60395.0,2026-04-24,187926632,172,Deevyaa Securities & Stock House Pvt. Ltd,INDEX SECURITIES LIMITED,2026-04-24 14:43:28.780612,Narayani Development Bank Limited
2026042403004963,NABBC,58,69,10,1207.9,12079.0,2026-04-24,187926633,172,Naasa Securities Co. Ltd.,INDEX SECURITIES LIMITED,2026-04-24 14:43:28.780685,Narayani Development Bank Limited
2026042403004972,NABBC,58,69,10,1207.9,12079.0,2026-04-24,187926854,172,Naasa Securities Co. Ltd.,INDEX SECURITIES LIMITED,2026-04-24 14:43:47.909135,Narayani Development Bank Limited
2026042403004973,NABBC,58,69,50,1207.8,60390.0,2026-04-24,187926856,172,Naasa Securities Co. Ltd.,INDEX SECURITIES LIMITED,2026-04-24 14:43:47.909232,Narayani Development Bank Limited
2026042403004974,NABBC,85,69,100,1207.7,120770.0,2026-04-24,187926858,172,Capital Hub P. Ltd,INDEX SECURITIES LIMITED,2026-04-24 14:43:47.909307,Narayani Development Bank Limited
2026042403004975,NABBC,35,69,10,1207.7,12077.0,2026-04-24,187926860,172,Kohinoor Investment & Securities Pvt. Ltd.,INDEX SECURITIES LIMITED,2026-04-24 14:43:47.909397,Narayani Development Bank Limited
2026042403004976,NABBC,95,69,100,1207.7,120770.0,2026-04-24,187926862,172,Magnet Securities and Investment Company Private Limited,INDEX SECURITIES LIMITED,2026-04-24 14:43:47.909472,Narayani Development Bank Limited
2026042403004977,NABBC,58,69,35,1207.7,42269.5,2026-04-24,187926864,172,Naasa Securities Co. Ltd.,INDEX SECURITIES LIMITED,2026-04-24 14:43:47.909543,Narayani Development Bank Limited
2026042403004978,NABBC,64,69,40,1201.0,48040.0,2026-04-24,187926866,172,SUN SECURITIES PVT LTD,INDEX SECURITIES LIMITED,2026-04-24 14:43:47.909616,Narayani Development Bank Limited
2026042403004979,NABBC,22,69,210,1201.0,252210.0,2026-04-24,187926868,172,Siprabi Securities Pvt. Ltd.,INDEX SECURITIES LIMITED,2026-04-24 14:43:47.909686,Narayani Development Bank Limited
2026042403004980,NABBC,69,69,945,1200.1,1134094.5,2026-04-24,187926869,172,INDEX SECURITIES LIMITED,INDEX SECURITIES LIMITED,2026-04-24 14:43:47.909758,Narayani Development Bank Limited
2026042403004981,NABBC,69,21,21,1253.9,26331.9,2026-04-24,187926884,172,INDEX SECURITIES LIMITED,Midas Stock Broking Company Private Limited,2026-04-24 14:43:49.506504,Narayani Development Bank Limited
2026042403005149,NABBC,4,69,50,1218.0,60900.0,2026-04-24,187930063,172,Opal Securities Investment (PVT) Ltd.,INDEX SECURITIES LIMITED,2026-04-24 14:46:45.201832,Narayani Development Bank Limited
2026042403005205,NABBC,62,69,35,1220.0,42700.0,2026-04-24,187931665,172,Capital Max Securities Ltd,INDEX SECURITIES LIMITED,2026-04-24 14:48:12.597675,Narayani Development Bank Limited
2026042403005259,NABBC,35,69,10,1218.0,12180.0,2026-04-24,187932528,172,Kohinoor Investment & Securities Pvt. Ltd.,INDEX SECURITIES LIMITED,2026-04-24 14:49:05.765995,Narayani Development Bank Limited
2026042403005260,NABBC,22,69,10,1217.0,12170.0,2026-04-24,187932530,172,Siprabi Securities Pvt. Ltd.,INDEX SECURITIES LIMITED,2026-04-24 14:49:05.766121,Narayani Development Bank Limited
2026042403005261,NABBC,34,69,100,1210.1,121010.0,2026-04-24,187932532,172,Vision Securities Pvt. Ltd,INDEX SECURITIES LIMITED,2026-04-24 14:49:05.766197,Narayani Development Bank Limited
2026042403005262,NABBC,53,69,125,1201.0,150125.0,2026-04-24,187932534,172,Investment Management Nepal Pvt. Ltd.,INDEX SECURITIES LIMITED,2026-04-24 14:49:05.766272,Narayani Development Bank Limited
2026042403005263,NABBC,22,69,55,1201.0,66055.0,2026-04-24,187932535,172,Siprabi Securities Pvt. Ltd.,INDEX SECURITIES LIMITED,2026-04-24 14:49:05.766346,Narayani Development Bank Limited
2026042403005271,NABBC,69,69,10,1248.0,12480.0,2026-04-24,187932646,172,INDEX SECURITIES LIMITED,INDEX SECURITIES LIMITED,2026-04-24 14:49:11.409911,Narayani Development Bank Limited
2026042403005379,NABBC,35,69,10,1211.0,12110.0,2026-04-24,187936044,172,Kohinoor Investment & Securities Pvt. Ltd.,INDEX SECURITIES LIMITED,2026-04-24 14:51:27.120451,Narayani Development Bank Limited
2026042403005380,NABBC,26,69,60,1211.0,72660.0,2026-04-24,187936048,172,Asian Securities Private Ltd.,INDEX SECURITIES LIMITED,2026-04-24 14:51:27.120485,Narayani Development Bank Limited
2026042403005381,NABBC,60,69,300,1211.0,363300.0,2026-04-24,187936050,172,Nagarik Stock Dealer ,INDEX SECURITIES LIMITED,2026-04-24 14:51:27.120507,Narayani Development Bank Limited
2026042403005382,NABBC,39,69,30,1210.6,36318.0,2026-04-24,187936051,172,Sumeru Securities Pvt. Ltd.,INDEX SECURITIES LIMITED,2026-04-24 14:51:27.120529,Narayani Development Bank Limited
2026042403005513,NABBC,39,69,70,1210.6,84742.0,2026-04-24,187938502,172,Sumeru Securities Pvt. Ltd.,INDEX SECURITIES LIMITED,2026-04-24 14:53:25.317166,Narayani Development Bank Limited
2026042403005514,NABBC,58,69,40,1202.0,48080.0,2026-04-24,187938504,172,Naasa Securities Co. Ltd.,INDEX SECURITIES LIMITED,2026-04-24 14:53:25.317200,Narayani Development Bank Limited
2026042403005515,NABBC,33,69,100,1201.1,120110.0,2026-04-24,187938506,172,Dakshinkali Investment & Securities Pvt. Ltd.,INDEX SECURITIES LIMITED,2026-04-24 14:53:25.317223,Narayani Development Bank Limited
2026042403005516,NABBC,85,69,90,1201.1,108099.0,2026-04-24,187938507,172,Capital Hub P. Ltd,INDEX SECURITIES LIMITED,2026-04-24 14:53:25.317246,Narayani Development Bank Limited
2026042403005527,NABBC,69,69,10,1240.0,12400.0,2026-04-24,187938678,172,INDEX SECURITIES LIMITED,INDEX SECURITIES LIMITED,2026-04-24 14:53:32.611336,Narayani Development Bank Limited
2026042403005558,NABBC,60,69,260,1205.0,313300.0,2026-04-24,187939529,172,Nagarik Stock Dealer ,INDEX SECURITIES LIMITED,2026-04-24 14:54:07.856087,Narayani Development Bank Limited
2026042403005724,NABBC,81,69,100,1206.0,120600.0,2026-04-24,187941728,172,Aakashbhairab Securities Ltd.,INDEX SECURITIES LIMITED,2026-04-24 14:55:34.271016,Narayani Development Bank Limited
2026042403005725,NABBC,49,69,30,1202.0,36060.0,2026-04-24,187941730,172,Online Securities Pvt. Ltd.,INDEX SECURITIES LIMITED,2026-04-24 14:55:34.271135,Narayani Development Bank Limited
2026042403005726,NABBC,85,69,10,1201.1,12011.0,2026-04-24,187941732,172,Capital Hub P. Ltd,INDEX SECURITIES LIMITED,2026-04-24 14:55:34.271205,Narayani Development Bank Limited
2026042403005727,NABBC,85,69,100,1201.1,120110.0,2026-04-24,187941734,172,Capital Hub P. Ltd,INDEX SECURITIES LIMITED,2026-04-24 14:55:34.271258,Narayani Development Bank Limited
2026042403005728,NABBC,22,69,45,1201.0,54045.0,2026-04-24,187941736,172,Siprabi Securities Pvt. Ltd.,INDEX SECURITIES LIMITED,2026-04-24 14:55:34.271310,Narayani Development Bank Limited
2026042403005729,NABBC,85,69,100,1201.0,120100.0,2026-04-24,187941738,172,Capital Hub P. Ltd,INDEX SECURITIES LIMITED,2026-04-24 14:55:34.271370,Narayani Development Bank Limited
2026042403005730,NABBC,60,69,115,1201.0,138115.0,2026-04-24,187941739,172,Nagarik Stock Dealer ,INDEX SECURITIES LIMITED,2026-04-24 14:55:34.271430,Narayani Development Bank Limited
2026042403005731,NABBC,69,69,10,1239.0,12390.0,2026-04-24,187941760,172,INDEX SECURITIES LIMITED,INDEX SECURITIES LIMITED,2026-04-24 14:55:35.295984,Narayani Development Bank Limited
2026042403005761,NABBC,58,69,50,1202.0,60100.0,2026-04-24,187942144,172,Naasa Securities Co. Ltd.,INDEX SECURITIES LIMITED,2026-04-24 14:55:47.859287,Narayani Development Bank Limited
2026042403005762,NABBC,60,69,85,1201.0,102085.0,2026-04-24,187942146,172,Nagarik Stock Dealer ,INDEX SECURITIES LIMITED,2026-04-24 14:55:47.859326,Narayani Development Bank Limited
2026042403005763,NABBC,84,69,721,1200.0,865200.0,2026-04-24,187942148,172,MILKY WAY SHARE BROKER COMPANY LTD ,INDEX SECURITIES LIMITED,2026-04-24 14:55:47.859353,Narayani Development Bank Limited
2026042403005764,NABBC,99,69,44,1200.0,52800.0,2026-04-24,187942149,172,Prabhu Stock Market Limited,INDEX SECURITIES LIMITED,2026-04-24 14:55:47.859385,Narayani Development Bank Limited
2026042403005770,NABBC,69,69,10,1239.0,12390.0,2026-04-24,187942266,172,INDEX SECURITIES LIMITED,INDEX SECURITIES LIMITED,2026-04-24 14:55:54.300989,Narayani Development Bank Limited
2026042403005812,NABBC,4,41,50,1208.0,60400.0,2026-04-24,187943120,172,Opal Securities Investment (PVT) Ltd.,Linch Stock Market Ltd.,2026-04-24 14:56:27.260360,Narayani Development Bank Limited
2026042403005813,NABBC,21,41,10,1206.0,12060.0,2026-04-24,187943122,172,Midas Stock Broking Company Private Limited,Linch Stock Market Ltd.,2026-04-24 14:56:27.260511,Narayani Development Bank Limited
2026042403005871,NABBC,35,41,10,1205.0,12050.0,2026-04-24,187944072,172,Kohinoor Investment & Securities Pvt. Ltd.,Linch Stock Market Ltd.,2026-04-24 14:56:58.492619,Narayani Development Bank Limited
2026042403005873,NABBC,33,69,100,1202.0,120200.0,2026-04-24,187944106,172,Dakshinkali Investment & Securities Pvt. Ltd.,INDEX SECURITIES LIMITED,2026-04-24 14:57:00.039853,Narayani Development Bank Limited
2026042403005874,NABBC,25,69,100,1200.0,120000.0,2026-04-24,187944107,172,Sweta Securities Private Limited,INDEX SECURITIES LIMITED,2026-04-24 14:57:00.039948,Narayani Development Bank Limited
2026042403005875,NABBC,69,41,280,1205.0,337400.0,2026-04-24,187944117,172,INDEX SECURITIES LIMITED,Linch Stock Market Ltd.,2026-04-24 14:57:01.141963,Narayani Development Bank Limited
2026042403005893,NABBC,69,17,10,1235.0,12350.0,2026-04-24,187944254,172,INDEX SECURITIES LIMITED,ABC Securities Private Limited,2026-04-24 14:57:05.195922,Narayani Development Bank Limited
2026042403006134,NABBC,60,77,28,1200.3,33608.4,2026-04-24,187949397,172,Nagarik Stock Dealer ,Nabil Stock Dealer Ltd.,2026-04-24 14:59:19.137200,Narayani Development Bank Limited
2026042403006196,NABBC,34,84,55,1200.4,66022.0,2026-04-24,187950180,172,Vision Securities Pvt. Ltd,MILKY WAY SHARE BROKER COMPANY LTD ,2026-04-24 14:59:28.126725,Narayani Development Bank Limited
2026042403006197,NABBC,49,84,65,1200.4,78026.0,2026-04-24,187950182,172,Online Securities Pvt. Ltd.,MILKY WAY SHARE BROKER COMPANY LTD ,2026-04-24 14:59:28.126866,Narayani Development Bank Limited
2026042403006198,NABBC,60,84,159,1200.3,190847.7,2026-04-24,187950183,172,Nagarik Stock Dealer ,MILKY WAY SHARE BROKER COMPANY LTD ,2026-04-24 14:59:28.126935,Narayani Development Bank Limited
2026042403006300,NABBC,57,69,10,1236.0,12360.0,2026-04-24,187951728,172,Aryatara Investment & Securities,INDEX SECURITIES LIMITED,2026-04-24 14:59:50.749249,Narayani Development Bank Limited
2026042403006420,NABBC,69,69,20,1236.0,24720.0,2026-04-24,187952722,172,INDEX SECURITIES LIMITED,INDEX SECURITIES LIMITED,2026-04-24 14:59:58.089351,Narayani Development Bank Limited
2026042403006424,NABBC,69,69,10,1236.0,12360.0,2026-04-24,187952939,172,INDEX SECURITIES LIMITED,INDEX SECURITIES LIMITED,2026-04-24 14:59:58.849610,Narayani Development Bank Limited
2026042403006429,NABBC,71,69,10,1236.0,12360.0,2026-04-24,187953092,172,SHUBHAKAMANA SECURITIES PVT. LTD,INDEX SECURITIES LIMITED,2026-04-24 14:59:59.069455,Narayani Development Bank Limited
2026042403006434,NABBC,17,69,10,1236.0,12360.0,2026-04-24,187952876,172,ABC Securities Private Limited,INDEX SECURITIES LIMITED,2026-04-24 14:59:59.688847,Narayani Development Bank Limited
