contract_id,symbol,buyer_member_id,seller_member_id,volume,price,amount,buyer_broker,seller_broker,transaction_time
2026042404000086,NGPL,94,39,500,441.0,220500.0,K.B.L. Securities Limited ,Sumeru Securities Pvt. Ltd.,2026-04-24 11:01:17.130488
2026042404000135,NGPL,65,94,100,441.0,44100.0,Sharepro Securities Private Limited,K.B.L. Securities Limited ,2026-04-24 11:02:07.005721
2026042404000136,NGPL,17,94,200,438.0,87600.0,ABC Securities Private Limited,K.B.L. Securities Limited ,2026-04-24 11:02:07.005780
2026042404000137,NGPL,94,94,500,437.0,218500.0,K.B.L. Securities Limited ,K.B.L. Securities Limited ,2026-04-24 11:02:07.005814
2026042404000138,NGPL,94,94,500,437.0,218500.0,K.B.L. Securities Limited ,K.B.L. Securities Limited ,2026-04-24 11:02:07.005836
2026042404000139,NGPL,46,94,1000,437.0,437000.0,Kalika Securities Pvt. Ltd.,K.B.L. Securities Limited ,2026-04-24 11:02:07.005858
2026042404000140,NGPL,57,94,500,436.2,218100.0,Aryatara Investment & Securities,K.B.L. Securities Limited ,2026-04-24 11:02:07.005881
2026042404000141,NGPL,14,94,100,436.1,43610.0,Nepal Stock House (PVT) Ltd.,K.B.L. Securities Limited ,2026-04-24 11:02:07.005904
2026042404000142,NGPL,58,94,100,436.0,43600.0,Naasa Securities Co. Ltd.,K.B.L. Securities Limited ,2026-04-24 11:02:07.005948
2026042404000143,NGPL,5,94,3000,435.2,1305600.0,Market Securities & Exchange (PVT) Ltd.,K.B.L. Securities Limited ,2026-04-24 11:02:07.005971
2026042404000144,NGPL,82,94,2500,435.1,1087750.0,N.M.B. SECURITIES LIMITED,K.B.L. Securities Limited ,2026-04-24 11:02:07.005995
2026042404000145,NGPL,14,94,425,435.0,184875.0,Nepal Stock House (PVT) Ltd.,K.B.L. Securities Limited ,2026-04-24 11:02:07.006019
2026042404000153,NGPL,14,58,75,435.0,32625.0,Nepal Stock House (PVT) Ltd.,Naasa Securities Co. Ltd.,2026-04-24 11:02:13.353844
2026042404000154,NGPL,39,58,250,435.0,108750.0,Sumeru Securities Pvt. Ltd.,Naasa Securities Co. Ltd.,2026-04-24 11:02:13.353934
2026042404000166,NGPL,65,58,255,435.0,110925.0,Sharepro Securities Private Limited,Naasa Securities Co. Ltd.,2026-04-24 11:02:21.356569
2026042404000169,NGPL,65,29,154,436.1,67159.4,Sharepro Securities Private Limited,Trisul Securities & Invt. Ltd.,2026-04-24 11:02:24.330091
2026042404000189,NGPL,65,45,1591,436.1,693835.1,Sharepro Securities Private Limited,Imperial Securities Company Pvt. Ltd.,2026-04-24 11:02:36.077131
2026042404000190,NGPL,67,45,209,432.1,90308.9,Property Wiard Limited,Imperial Securities Company Pvt. Ltd.,2026-04-24 11:02:36.077169
2026042404000192,NGPL,14,60,50,442.9,22145.0,Nepal Stock House (PVT) Ltd.,Nagarik Stock Dealer ,2026-04-24 11:02:50.219087
2026042404000193,NGPL,14,62,150,443.0,66450.0,Nepal Stock House (PVT) Ltd.,Capital Max Securities Ltd,2026-04-24 11:02:50.219157
2026042404000244,NGPL,75,34,66,440.0,29040.0,N.I.M.B. Stock Markets Limited,Vision Securities Pvt. Ltd,2026-04-24 11:04:06.996273
2026042404000245,NGPL,22,34,10,440.0,4400.0,Siprabi Securities Pvt. Ltd.,Vision Securities Pvt. Ltd,2026-04-24 11:04:06.996370
2026042404000256,NGPL,63,36,100,440.0,44000.0,Himalayan Brokerage Company Limited,Secured Securities Ltd.,2026-04-24 11:04:24.307513
2026042404000286,NGPL,38,36,500,440.0,220000.0,Dipshikha Dhitopatra Karobar Co. Pvt Ltd.,Secured Securities Ltd.,2026-04-24 11:04:50.051528
2026042404000289,NGPL,75,34,66,439.0,28974.0,N.I.M.B. Stock Markets Limited,Vision Securities Pvt. Ltd,2026-04-24 11:04:50.619600
2026042404000290,NGPL,63,36,100,440.0,44000.0,Himalayan Brokerage Company Limited,Secured Securities Ltd.,2026-04-24 11:04:53.223063
2026042404000294,NGPL,48,36,25,440.0,11000.0,Trishakti Securities Public Limited,Secured Securities Ltd.,2026-04-24 11:04:59.292322
2026042404000306,NGPL,11,1,100,439.0,43900.0,Malla & Malla Stock Broking Company Pvt. Limited,Kumari Securities Private Limited,2026-04-24 11:05:14.816072
2026042404000370,NGPL,57,14,625,439.1,274437.5,Aryatara Investment & Securities,Nepal Stock House (PVT) Ltd.,2026-04-24 11:05:53.119879
2026042404000371,NGPL,63,14,100,439.0,43900.0,Himalayan Brokerage Company Limited,Nepal Stock House (PVT) Ltd.,2026-04-24 11:05:53.119982
2026042404000372,NGPL,75,14,66,438.0,28908.0,N.I.M.B. Stock Markets Limited,Nepal Stock House (PVT) Ltd.,2026-04-24 11:05:53.120059
2026042404000373,NGPL,59,14,115,437.0,50255.0,Deevyaa Securities & Stock House Pvt. Ltd,Nepal Stock House (PVT) Ltd.,2026-04-24 11:05:53.120116
2026042404000374,NGPL,75,14,66,437.0,28842.0,N.I.M.B. Stock Markets Limited,Nepal Stock House (PVT) Ltd.,2026-04-24 11:05:53.120160
2026042404000375,NGPL,41,14,150,437.0,65550.0,Linch Stock Market Ltd.,Nepal Stock House (PVT) Ltd.,2026-04-24 11:05:53.120202
2026042404000376,NGPL,6,14,1000,436.2,436200.0,Agrawal Securities (PVT) Ltd.,Nepal Stock House (PVT) Ltd.,2026-04-24 11:05:53.120243
2026042404000377,NGPL,45,14,200,436.2,87240.0,Imperial Securities Company Pvt. Ltd.,Nepal Stock House (PVT) Ltd.,2026-04-24 11:05:53.120283
2026042404000378,NGPL,75,14,66,436.0,28776.0,N.I.M.B. Stock Markets Limited,Nepal Stock House (PVT) Ltd.,2026-04-24 11:05:53.120332
2026042404000379,NGPL,63,14,100,436.0,43600.0,Himalayan Brokerage Company Limited,Nepal Stock House (PVT) Ltd.,2026-04-24 11:05:56.505194
2026042404000385,NGPL,34,14,300,436.0,130800.0,Vision Securities Pvt. Ltd,Nepal Stock House (PVT) Ltd.,2026-04-24 11:06:03.817470
2026042404000399,NGPL,75,36,66,435.0,28710.0,N.I.M.B. Stock Markets Limited,Secured Securities Ltd.,2026-04-24 11:06:09.898714
2026042404000400,NGPL,70,36,500,435.0,217500.0,Infinity Securities Limited,Secured Securities Ltd.,2026-04-24 11:06:09.898818
2026042404000401,NGPL,5,36,500,435.0,217500.0,Market Securities & Exchange (PVT) Ltd.,Secured Securities Ltd.,2026-04-24 11:06:09.898862
2026042404000402,NGPL,48,36,821,435.0,357135.0,Trishakti Securities Public Limited,Secured Securities Ltd.,2026-04-24 11:06:09.898903
2026042404000409,NGPL,14,14,200,436.0,87200.0,Nepal Stock House (PVT) Ltd.,Nepal Stock House (PVT) Ltd.,2026-04-24 11:06:16.968004
2026042404000410,NGPL,29,14,12,436.0,5232.0,Trisul Securities & Invt. Ltd.,Nepal Stock House (PVT) Ltd.,2026-04-24 11:06:19.364605
2026042404000423,NGPL,29,58,100,436.0,43600.0,Trisul Securities & Invt. Ltd.,Naasa Securities Co. Ltd.,2026-04-24 11:06:29.241353
2026042404000425,NGPL,29,50,88,436.0,38368.0,Trisul Securities & Invt. Ltd.,Cristal Kanchanjanga Securites Pvt. Ltd.,2026-04-24 11:06:31.691480
2026042404000426,NGPL,48,50,112,435.0,48720.0,Trishakti Securities Public Limited,Cristal Kanchanjanga Securites Pvt. Ltd.,2026-04-24 11:06:31.691665
2026042404000434,NGPL,48,58,1067,435.0,464145.0,Trishakti Securities Public Limited,Naasa Securities Co. Ltd.,2026-04-24 11:06:40.792740
2026042404000435,NGPL,38,58,500,435.0,217500.0,Dipshikha Dhitopatra Karobar Co. Pvt Ltd.,Naasa Securities Co. Ltd.,2026-04-24 11:06:40.792803
2026042404000436,NGPL,34,58,100,434.0,43400.0,Vision Securities Pvt. Ltd,Naasa Securities Co. Ltd.,2026-04-24 11:06:40.792832
2026042404000437,NGPL,43,58,1000,434.0,434000.0,South Asian Bulls Pvt. Ltd.,Naasa Securities Co. Ltd.,2026-04-24 11:06:40.792855
2026042404000438,NGPL,35,58,333,434.0,144522.0,Kohinoor Investment & Securities Pvt. Ltd.,Naasa Securities Co. Ltd.,2026-04-24 11:06:40.792877
2026042404000439,NGPL,38,1,100,436.0,43600.0,Dipshikha Dhitopatra Karobar Co. Pvt Ltd.,Kumari Securities Private Limited,2026-04-24 11:06:41.849563
2026042404000451,NGPL,38,67,47,436.2,20501.4,Dipshikha Dhitopatra Karobar Co. Pvt Ltd.,Property Wiard Limited,2026-04-24 11:07:07.486414
2026042404000461,NGPL,54,58,100,436.3,43630.0,Sewa Securities Pvt. Ltd.,Naasa Securities Co. Ltd.,2026-04-24 11:07:17.757186
2026042404000506,NGPL,44,81,19,437.0,8303.0,Dynamic Money Managers Securities Pvt. Ltd.,Aakashbhairab Securities Ltd.,2026-04-24 11:08:13.521460
2026042404000563,NGPL,38,26,453,438.0,198414.0,Dipshikha Dhitopatra Karobar Co. Pvt Ltd.,Asian Securities Private Ltd.,2026-04-24 11:08:47.377427
2026042404000564,NGPL,44,26,281,437.0,122797.0,Dynamic Money Managers Securities Pvt. Ltd.,Asian Securities Private Ltd.,2026-04-24 11:08:47.377681
2026042404000565,NGPL,77,26,66,437.0,28842.0,Nabil Stock Dealer Ltd.,Asian Securities Private Ltd.,2026-04-24 11:08:47.377849
2026042404000722,NGPL,48,56,1000,438.0,438000.0,Trishakti Securities Public Limited,Sri Hari Securities Pvt. Ltd.,2026-04-24 11:11:10.041630
2026042404000724,NGPL,54,58,200,437.2,87440.0,Sewa Securities Pvt. Ltd.,Naasa Securities Co. Ltd.,2026-04-24 11:11:15.529422
2026042404000727,NGPL,44,58,100,437.2,43720.0,Dynamic Money Managers Securities Pvt. Ltd.,Naasa Securities Co. Ltd.,2026-04-24 11:11:16.080806
2026042404000728,NGPL,44,56,900,438.0,394200.0,Dynamic Money Managers Securities Pvt. Ltd.,Sri Hari Securities Pvt. Ltd.,2026-04-24 11:11:16.080945
2026042404000729,NGPL,48,56,100,438.0,43800.0,Trishakti Securities Public Limited,Sri Hari Securities Pvt. Ltd.,2026-04-24 11:11:17.199506
2026042404000746,NGPL,48,34,10,438.0,4380.0,Trishakti Securities Public Limited,Vision Securities Pvt. Ltd,2026-04-24 11:11:31.064308
2026042404000795,NGPL,48,49,27,438.0,11826.0,Trishakti Securities Public Limited,Online Securities Pvt. Ltd.,2026-04-24 11:12:00.198511
2026042404001026,NGPL,45,78,500,439.0,219500.0,Imperial Securities Company Pvt. Ltd.,Garima Securities Limited,2026-04-24 11:15:30.048416
2026042404001027,NGPL,17,78,300,438.5,131550.0,ABC Securities Private Limited,Garima Securities Limited,2026-04-24 11:15:30.048824
2026042404001028,NGPL,16,78,200,438.5,87700.0,Primo Securities (PVT) Ltd.,Garima Securities Limited,2026-04-24 11:15:30.049107
2026042404001048,NGPL,32,45,2000,440.0,880000.0,Premier Securities Company Ltd.,Imperial Securities Company Pvt. Ltd.,2026-04-24 11:15:38.259419
2026042404001127,NGPL,18,49,100,440.0,44000.0,Sagarmatha Securities Private Limited,Online Securities Pvt. Ltd.,2026-04-24 11:17:03.943703
2026042404001134,NGPL,13,39,500,440.5,220250.0,Thrive Brokerage House Pvt. Ltd,Sumeru Securities Pvt. Ltd.,2026-04-24 11:17:08.691553
2026042404001135,NGPL,13,17,200,440.8,88160.0,Thrive Brokerage House Pvt. Ltd,ABC Securities Private Limited,2026-04-24 11:17:08.691980
2026042404001165,NGPL,13,17,100,440.8,44080.0,Thrive Brokerage House Pvt. Ltd,ABC Securities Private Limited,2026-04-24 11:17:38.799235
2026042404001180,NGPL,18,49,10,440.0,4400.0,Sagarmatha Securities Private Limited,Online Securities Pvt. Ltd.,2026-04-24 11:17:56.780600
2026042404001200,NGPL,38,11,200,441.0,88200.0,Dipshikha Dhitopatra Karobar Co. Pvt Ltd.,Malla & Malla Stock Broking Company Pvt. Limited,2026-04-24 11:18:21.474254
2026042404001235,NGPL,13,11,200,441.0,88200.0,Thrive Brokerage House Pvt. Ltd,Malla & Malla Stock Broking Company Pvt. Limited,2026-04-24 11:19:15.566608
2026042404001240,NGPL,18,16,200,440.0,88000.0,Sagarmatha Securities Private Limited,Primo Securities (PVT) Ltd.,2026-04-24 11:19:20.015842
2026042404001259,NGPL,18,50,50,440.0,22000.0,Sagarmatha Securities Private Limited,Cristal Kanchanjanga Securites Pvt. Ltd.,2026-04-24 11:19:57.501843
2026042404001260,NGPL,18,57,190,440.0,83600.0,Sagarmatha Securities Private Limited,Aryatara Investment & Securities,2026-04-24 11:19:58.969352
2026042404001262,NGPL,41,11,200,441.0,88200.0,Linch Stock Market Ltd.,Malla & Malla Stock Broking Company Pvt. Limited,2026-04-24 11:20:00.383162
2026042404001289,NGPL,18,58,100,440.0,44000.0,Sagarmatha Securities Private Limited,Naasa Securities Co. Ltd.,2026-04-24 11:20:23.288256
2026042404001298,NGPL,18,37,350,440.0,154000.0,Sagarmatha Securities Private Limited,Swarna Laxmi Securities Pvt. Ltd.,2026-04-24 11:20:33.735973
2026042404001299,NGPL,13,37,600,440.0,264000.0,Thrive Brokerage House Pvt. Ltd,Swarna Laxmi Securities Pvt. Ltd.,2026-04-24 11:20:33.736275
2026042404001312,NGPL,38,37,500,440.0,220000.0,Dipshikha Dhitopatra Karobar Co. Pvt Ltd.,Swarna Laxmi Securities Pvt. Ltd.,2026-04-24 11:20:49.731445
2026042404001313,NGPL,82,34,50,439.0,21950.0,N.M.B. SECURITIES LIMITED,Vision Securities Pvt. Ltd,2026-04-24 11:20:54.021519
2026042404001346,NGPL,8,37,1168,440.0,513920.0,Brilliant Securities Pvt. Ltd.,Swarna Laxmi Securities Pvt. Ltd.,2026-04-24 11:21:36.204662
2026042404001419,NGPL,82,14,450,439.0,197550.0,N.M.B. SECURITIES LIMITED,Nepal Stock House (PVT) Ltd.,2026-04-24 11:22:10.016585
2026042404001420,NGPL,41,14,250,439.0,109750.0,Linch Stock Market Ltd.,Nepal Stock House (PVT) Ltd.,2026-04-24 11:22:10.016818
2026042404001511,NGPL,51,52,126,440.0,55440.0,Oxford Securities Pvt. Ltd.,Sundhara Securities Limited,2026-04-24 11:23:47.019058
2026042404001535,NGPL,10,32,50,441.0,22050.0,Pragyan Securities (PVT) Ltd.,Premier Securities Company Ltd.,2026-04-24 11:24:01.836364
2026042404001558,NGPL,69,8,500,440.2,220100.0,INDEX SECURITIES LIMITED,Brilliant Securities Pvt. Ltd.,2026-04-24 11:24:20.520892
2026042404001559,NGPL,14,8,500,440.2,220100.0,Nepal Stock House (PVT) Ltd.,Brilliant Securities Pvt. Ltd.,2026-04-24 11:24:20.521398
2026042404001560,NGPL,69,8,500,440.1,220050.0,INDEX SECURITIES LIMITED,Brilliant Securities Pvt. Ltd.,2026-04-24 11:24:20.521737
2026042404001561,NGPL,51,8,74,440.0,32560.0,Oxford Securities Pvt. Ltd.,Brilliant Securities Pvt. Ltd.,2026-04-24 11:24:20.522073
2026042404001562,NGPL,51,8,16,440.0,7040.0,Oxford Securities Pvt. Ltd.,Brilliant Securities Pvt. Ltd.,2026-04-24 11:24:20.522400
2026042404001563,NGPL,1,8,1147,440.0,504680.0,Kumari Securities Private Limited,Brilliant Securities Pvt. Ltd.,2026-04-24 11:24:20.522738
2026042404001660,NGPL,94,60,200,441.0,88200.0,K.B.L. Securities Limited ,Nagarik Stock Dealer ,2026-04-24 11:25:29.763291
2026042404001726,NGPL,58,91,10,443.0,4430.0,Naasa Securities Co. Ltd.,Citizens Share Broker Limited,2026-04-24 11:26:27.075433
2026042404001850,NGPL,48,91,40,443.0,17720.0,Trishakti Securities Public Limited,Citizens Share Broker Limited,2026-04-24 11:28:52.818176
2026042404001851,NGPL,48,32,10,443.0,4430.0,Trishakti Securities Public Limited,Premier Securities Company Ltd.,2026-04-24 11:28:52.818462
2026042404001865,NGPL,48,58,50,443.0,22150.0,Trishakti Securities Public Limited,Naasa Securities Co. Ltd.,2026-04-24 11:29:04.069400
2026042404001993,NGPL,39,48,365,442.0,161330.0,Sumeru Securities Pvt. Ltd.,Trishakti Securities Public Limited,2026-04-24 11:30:57.383981
2026042404002023,NGPL,29,48,135,442.0,59670.0,Trisul Securities & Invt. Ltd.,Trishakti Securities Public Limited,2026-04-24 11:31:39.072683
2026042404002024,NGPL,29,44,4865,442.0,2150330.0,Trisul Securities & Invt. Ltd.,Dynamic Money Managers Securities Pvt. Ltd.,2026-04-24 11:31:39.072989
2026042404002026,NGPL,28,48,150,441.1,66165.0,Shree Krishna Securities Ltd.,Trishakti Securities Public Limited,2026-04-24 11:31:42.537770
2026042404002027,NGPL,21,48,100,441.0,44100.0,Midas Stock Broking Company Private Limited,Trishakti Securities Public Limited,2026-04-24 11:31:42.538287
2026042404002028,NGPL,28,48,750,441.0,330750.0,Shree Krishna Securities Ltd.,Trishakti Securities Public Limited,2026-04-24 11:31:42.538651
2026042404002049,NGPL,4,44,135,442.0,59670.0,Opal Securities Investment (PVT) Ltd.,Dynamic Money Managers Securities Pvt. Ltd.,2026-04-24 11:32:08.917968
2026042404002153,NGPL,4,44,600,442.7,265620.0,Opal Securities Investment (PVT) Ltd.,Dynamic Money Managers Securities Pvt. Ltd.,2026-04-24 11:33:42.307953
2026042404002161,NGPL,4,60,865,442.0,382330.0,Opal Securities Investment (PVT) Ltd.,Nagarik Stock Dealer ,2026-04-24 11:33:53.739189
2026042404002207,NGPL,44,60,135,442.0,59670.0,Dynamic Money Managers Securities Pvt. Ltd.,Nagarik Stock Dealer ,2026-04-24 11:34:58.575943
2026042404002220,NGPL,58,5,10,442.0,4420.0,Naasa Securities Co. Ltd.,Market Securities & Exchange (PVT) Ltd.,2026-04-24 11:35:10.320772
2026042404002230,NGPL,1,5,500,442.0,221000.0,Kumari Securities Private Limited,Market Securities & Exchange (PVT) Ltd.,2026-04-24 11:35:22.719875
2026042404002245,NGPL,83,5,490,442.0,216580.0,Sanima Securities Limited,Market Securities & Exchange (PVT) Ltd.,2026-04-24 11:35:41.487753
2026042404002246,NGPL,83,44,2400,442.7,1062480.0,Sanima Securities Limited,Dynamic Money Managers Securities Pvt. Ltd.,2026-04-24 11:35:41.487786
2026042404002247,NGPL,83,44,110,442.8,48708.0,Sanima Securities Limited,Dynamic Money Managers Securities Pvt. Ltd.,2026-04-24 11:35:41.487811
2026042404002258,NGPL,58,44,90,442.8,39852.0,Naasa Securities Co. Ltd.,Dynamic Money Managers Securities Pvt. Ltd.,2026-04-24 11:35:52.840075
2026042404002306,NGPL,28,58,249,441.0,109809.0,Shree Krishna Securities Ltd.,Naasa Securities Co. Ltd.,2026-04-24 11:37:46.499079
2026042404002307,NGPL,21,58,170,441.0,74970.0,Midas Stock Broking Company Private Limited,Naasa Securities Co. Ltd.,2026-04-24 11:37:46.499651
2026042404002309,NGPL,7,58,50,441.0,22050.0,J.F. Securites (PVT) Ltd.,Naasa Securities Co. Ltd.,2026-04-24 11:37:51.238254
2026042404002311,NGPL,68,58,10,441.0,4410.0,Elite Stock House Limited,Naasa Securities Co. Ltd.,2026-04-24 11:37:56.290036
2026042404002355,NGPL,56,49,600,440.2,264120.0,Sri Hari Securities Pvt. Ltd.,Online Securities Pvt. Ltd.,2026-04-24 11:38:48.921460
2026042404002356,NGPL,13,49,50,440.1,22005.0,Thrive Brokerage House Pvt. Ltd,Online Securities Pvt. Ltd.,2026-04-24 11:38:48.921779
2026042404002357,NGPL,58,49,100,440.1,44010.0,Naasa Securities Co. Ltd.,Online Securities Pvt. Ltd.,2026-04-24 11:38:48.921911
2026042404002390,NGPL,45,58,21,441.0,9261.0,Imperial Securities Company Pvt. Ltd.,Naasa Securities Co. Ltd.,2026-04-24 11:39:44.827307
2026042404002399,NGPL,5,26,100,442.0,44200.0,Market Securities & Exchange (PVT) Ltd.,Asian Securities Private Ltd.,2026-04-24 11:40:02.317095
2026042404002403,NGPL,74,26,200,442.0,88400.0,KALASH STOCK MARKET PVT. LTD.,Asian Securities Private Ltd.,2026-04-24 11:40:12.615662
2026042404002404,NGPL,74,42,50,442.9,22145.0,KALASH STOCK MARKET PVT. LTD.,Sani Securities Company Ltd.,2026-04-24 11:40:12.615989
2026042404002405,NGPL,74,44,200,442.9,88580.0,KALASH STOCK MARKET PVT. LTD.,Dynamic Money Managers Securities Pvt. Ltd.,2026-04-24 11:40:12.616152
2026042404002406,NGPL,74,58,950,443.0,420850.0,KALASH STOCK MARKET PVT. LTD.,Naasa Securities Co. Ltd.,2026-04-24 11:40:12.616286
2026042404002407,NGPL,74,6,350,443.0,155050.0,KALASH STOCK MARKET PVT. LTD.,Agrawal Securities (PVT) Ltd.,2026-04-24 11:40:12.616423
2026042404002441,NGPL,1,74,100,442.0,44200.0,Kumari Securities Private Limited,KALASH STOCK MARKET PVT. LTD.,2026-04-24 11:40:55.899228
2026042404002451,NGPL,42,99,50,441.0,22050.0,Sani Securities Company Ltd.,Prabhu Stock Market Limited,2026-04-24 11:41:17.290191
2026042404002452,NGPL,42,99,100,441.0,44100.0,Sani Securities Company Ltd.,Prabhu Stock Market Limited,2026-04-24 11:41:17.290276
2026042404002453,NGPL,45,99,479,440.2,210855.8,Imperial Securities Company Pvt. Ltd.,Prabhu Stock Market Limited,2026-04-24 11:41:17.290304
2026042404002454,NGPL,58,99,50,440.1,22005.0,Naasa Securities Co. Ltd.,Prabhu Stock Market Limited,2026-04-24 11:41:17.290335
2026042404002455,NGPL,52,99,321,440.1,141272.1,Sundhara Securities Limited,Prabhu Stock Market Limited,2026-04-24 11:41:17.290470
2026042404002513,NGPL,57,74,80,442.9,35432.0,Aryatara Investment & Securities,KALASH STOCK MARKET PVT. LTD.,2026-04-24 11:43:29.266671
2026042404002514,NGPL,4,74,300,442.9,132870.0,Opal Securities Investment (PVT) Ltd.,KALASH STOCK MARKET PVT. LTD.,2026-04-24 11:43:36.759057
2026042404002518,NGPL,21,74,100,442.9,44290.0,Midas Stock Broking Company Private Limited,KALASH STOCK MARKET PVT. LTD.,2026-04-24 11:43:43.736718
2026042404002817,NGPL,22,58,40,441.0,17640.0,Siprabi Securities Pvt. Ltd.,Naasa Securities Co. Ltd.,2026-04-24 11:50:17.800971
2026042404002818,NGPL,52,58,50,441.0,22050.0,Sundhara Securities Limited,Naasa Securities Co. Ltd.,2026-04-24 11:50:17.801279
2026042404002843,NGPL,88,14,20,440.6,8812.0,Blue Chip Securities Ltd,Nepal Stock House (PVT) Ltd.,2026-04-24 11:51:28.172385
2026042404002844,NGPL,77,14,334,440.6,147160.4,Nabil Stock Dealer Ltd.,Nepal Stock House (PVT) Ltd.,2026-04-24 11:51:28.172677
2026042404002845,NGPL,88,14,350,440.5,154175.0,Blue Chip Securities Ltd,Nepal Stock House (PVT) Ltd.,2026-04-24 11:51:28.172827
2026042404002846,NGPL,88,14,300,440.4,132120.0,Blue Chip Securities Ltd,Nepal Stock House (PVT) Ltd.,2026-04-24 11:51:28.172957
2026042404002847,NGPL,88,14,96,440.3,42268.8,Blue Chip Securities Ltd,Nepal Stock House (PVT) Ltd.,2026-04-24 11:51:28.173092
2026042404002891,NGPL,88,48,204,440.3,89821.2,Blue Chip Securities Ltd,Trishakti Securities Public Limited,2026-04-24 11:51:52.209897
2026042404002892,NGPL,88,48,500,440.2,220100.0,Blue Chip Securities Ltd,Trishakti Securities Public Limited,2026-04-24 11:51:52.210523
2026042404002893,NGPL,52,48,296,440.1,130269.6,Sundhara Securities Limited,Trishakti Securities Public Limited,2026-04-24 11:51:52.210925
2026042404002921,NGPL,52,74,383,440.1,168558.3,Sundhara Securities Limited,KALASH STOCK MARKET PVT. LTD.,2026-04-24 11:52:41.553614
2026042404002922,NGPL,16,74,537,440.1,236333.7,Primo Securities (PVT) Ltd.,KALASH STOCK MARKET PVT. LTD.,2026-04-24 11:52:41.553945
2026042404002924,NGPL,62,58,10,441.0,4410.0,Capital Max Securities Ltd,Naasa Securities Co. Ltd.,2026-04-24 11:52:44.822750
2026042404002936,NGPL,62,34,50,441.0,22050.0,Capital Max Securities Ltd,Vision Securities Pvt. Ltd,2026-04-24 11:52:47.484344
2026042404002937,NGPL,62,38,1200,441.0,529200.0,Capital Max Securities Ltd,Dipshikha Dhitopatra Karobar Co. Pvt Ltd.,2026-04-24 11:52:48.677967
2026042404002946,NGPL,62,22,1000,441.0,441000.0,Capital Max Securities Ltd,Siprabi Securities Pvt. Ltd.,2026-04-24 11:53:04.512383
2026042404002947,NGPL,62,17,2500,441.0,1102500.0,Capital Max Securities Ltd,ABC Securities Private Limited,2026-04-24 11:53:05.186158
2026042404003055,NGPL,62,14,240,441.0,105840.0,Capital Max Securities Ltd,Nepal Stock House (PVT) Ltd.,2026-04-24 11:54:01.000883
2026042404003056,NGPL,44,14,53,441.0,23373.0,Dynamic Money Managers Securities Pvt. Ltd.,Nepal Stock House (PVT) Ltd.,2026-04-24 11:54:01.001514
2026042404003110,NGPL,44,14,200,442.0,88400.0,Dynamic Money Managers Securities Pvt. Ltd.,Nepal Stock House (PVT) Ltd.,2026-04-24 11:55:02.724058
2026042404003144,NGPL,46,14,43,442.0,19006.0,Kalika Securities Pvt. Ltd.,Nepal Stock House (PVT) Ltd.,2026-04-24 11:55:52.078826
2026042404003191,NGPL,44,34,80,441.0,35280.0,Dynamic Money Managers Securities Pvt. Ltd.,Vision Securities Pvt. Ltd,2026-04-24 11:57:01.664405
2026042404003205,NGPL,44,58,300,441.0,132300.0,Dynamic Money Managers Securities Pvt. Ltd.,Naasa Securities Co. Ltd.,2026-04-24 11:57:11.229904
2026042404003244,NGPL,3,14,70,442.0,30940.0,Arun Securities (PVT) Ltd.,Nepal Stock House (PVT) Ltd.,2026-04-24 11:58:36.112218
2026042404003339,NGPL,44,14,567,441.0,250047.0,Dynamic Money Managers Securities Pvt. Ltd.,Nepal Stock House (PVT) Ltd.,2026-04-24 12:00:28.888471
2026042404003368,NGPL,74,26,100,440.7,44070.0,KALASH STOCK MARKET PVT. LTD.,Asian Securities Private Ltd.,2026-04-24 12:01:28.486018
2026042404003369,NGPL,52,26,50,440.5,22025.0,Sundhara Securities Limited,Asian Securities Private Ltd.,2026-04-24 12:01:28.486731
2026042404003370,NGPL,16,26,463,440.1,203766.3,Primo Securities (PVT) Ltd.,Asian Securities Private Ltd.,2026-04-24 12:01:28.487156
2026042404003371,NGPL,1,26,853,440.0,375320.0,Kumari Securities Private Limited,Asian Securities Private Ltd.,2026-04-24 12:01:28.487303
2026042404003372,NGPL,26,26,200,440.0,88000.0,Asian Securities Private Ltd.,Asian Securities Private Ltd.,2026-04-24 12:01:28.487452
2026042404003373,NGPL,57,26,50,440.0,22000.0,Aryatara Investment & Securities,Asian Securities Private Ltd.,2026-04-24 12:01:28.487609
2026042404003374,NGPL,34,26,2000,440.0,880000.0,Vision Securities Pvt. Ltd,Asian Securities Private Ltd.,2026-04-24 12:01:28.487756
2026042404003375,NGPL,26,26,100,440.0,44000.0,Asian Securities Private Ltd.,Asian Securities Private Ltd.,2026-04-24 12:01:28.487896
2026042404003376,NGPL,29,26,70,440.0,30800.0,Trisul Securities & Invt. Ltd.,Asian Securities Private Ltd.,2026-04-24 12:01:28.488035
2026042404003377,NGPL,56,26,3000,440.0,1320000.0,Sri Hari Securities Pvt. Ltd.,Asian Securities Private Ltd.,2026-04-24 12:01:28.488179
2026042404003378,NGPL,49,26,300,440.0,132000.0,Online Securities Pvt. Ltd.,Asian Securities Private Ltd.,2026-04-24 12:01:28.488341
2026042404003379,NGPL,52,26,50,440.0,22000.0,Sundhara Securities Limited,Asian Securities Private Ltd.,2026-04-24 12:01:28.488484
2026042404003380,NGPL,3,26,1000,440.0,440000.0,Arun Securities (PVT) Ltd.,Asian Securities Private Ltd.,2026-04-24 12:01:28.488624
2026042404003381,NGPL,4,26,1000,440.0,440000.0,Opal Securities Investment (PVT) Ltd.,Asian Securities Private Ltd.,2026-04-24 12:01:28.488769
2026042404003382,NGPL,3,26,50,440.0,22000.0,Arun Securities (PVT) Ltd.,Asian Securities Private Ltd.,2026-04-24 12:01:28.488911
2026042404003383,NGPL,41,26,500,440.0,220000.0,Linch Stock Market Ltd.,Asian Securities Private Ltd.,2026-04-24 12:01:28.489049
2026042404003384,NGPL,42,26,100,440.0,44000.0,Sani Securities Company Ltd.,Asian Securities Private Ltd.,2026-04-24 12:01:28.489203
2026042404003385,NGPL,3,26,27,440.0,11880.0,Arun Securities (PVT) Ltd.,Asian Securities Private Ltd.,2026-04-24 12:01:31.182577
2026042404003392,NGPL,58,26,87,440.0,38280.0,Naasa Securities Co. Ltd.,Asian Securities Private Ltd.,2026-04-24 12:01:48.743298
2026042404003432,NGPL,34,32,100,439.6,43960.0,Vision Securities Pvt. Ltd,Premier Securities Company Ltd.,2026-04-24 12:02:47.917171
2026042404003433,NGPL,58,32,200,439.5,87900.0,Naasa Securities Co. Ltd.,Premier Securities Company Ltd.,2026-04-24 12:02:47.917826
2026042404003434,NGPL,25,32,10,439.4,4394.0,Sweta Securities Private Limited,Premier Securities Company Ltd.,2026-04-24 12:02:47.918259
2026042404003435,NGPL,60,32,85,439.4,37349.0,Nagarik Stock Dealer ,Premier Securities Company Ltd.,2026-04-24 12:02:47.918691
2026042404003440,NGPL,60,78,800,439.4,351520.0,Nagarik Stock Dealer ,Garima Securities Limited,2026-04-24 12:03:01.400678
2026042404003462,NGPL,66,77,240,441.9,106056.0,Miyo Securities Pvt Ltd,Nabil Stock Dealer Ltd.,2026-04-24 12:03:29.362944
2026042404003571,NGPL,13,77,100,441.9,44190.0,Thrive Brokerage House Pvt. Ltd,Nabil Stock Dealer Ltd.,2026-04-24 12:05:50.013399
2026042404003618,NGPL,68,77,110,441.9,48609.0,Elite Stock House Limited,Nabil Stock Dealer Ltd.,2026-04-24 12:07:00.560105
2026042404003668,NGPL,38,38,65,440.1,28606.5,Dipshikha Dhitopatra Karobar Co. Pvt Ltd.,Dipshikha Dhitopatra Karobar Co. Pvt Ltd.,2026-04-24 12:07:25.965090
2026042404003669,NGPL,32,38,185,440.1,81418.5,Premier Securities Company Ltd.,Dipshikha Dhitopatra Karobar Co. Pvt Ltd.,2026-04-24 12:07:25.965134
2026042404003685,NGPL,32,26,115,440.1,50611.5,Premier Securities Company Ltd.,Asian Securities Private Ltd.,2026-04-24 12:07:38.430755
2026042404003933,NGPL,58,26,262,440.1,115306.2,Naasa Securities Co. Ltd.,Asian Securities Private Ltd.,2026-04-24 12:12:17.961032
2026042404003968,NGPL,37,26,70,440.0,30800.0,Swarna Laxmi Securities Pvt. Ltd.,Asian Securities Private Ltd.,2026-04-24 12:13:05.956125
2026042404003970,NGPL,53,85,200,441.5,88300.0,Investment Management Nepal Pvt. Ltd.,Capital Hub P. Ltd,2026-04-24 12:13:14.523691
2026042404003972,NGPL,37,14,50,440.0,22000.0,Swarna Laxmi Securities Pvt. Ltd.,Nepal Stock House (PVT) Ltd.,2026-04-24 12:13:21.387842
2026042404004100,NGPL,91,13,100,441.8,44180.0,Citizens Share Broker Limited,Thrive Brokerage House Pvt. Ltd,2026-04-24 12:16:40.070408
2026042404004101,NGPL,91,77,550,441.9,243045.0,Citizens Share Broker Limited,Nabil Stock Dealer Ltd.,2026-04-24 12:16:40.070498
2026042404004102,NGPL,91,14,187,442.0,82654.0,Citizens Share Broker Limited,Nepal Stock House (PVT) Ltd.,2026-04-24 12:16:40.070574
2026042404004103,NGPL,91,83,163,442.0,72046.0,Citizens Share Broker Limited,Sanima Securities Limited,2026-04-24 12:16:40.070640
2026042404004204,NGPL,53,83,200,442.0,88400.0,Investment Management Nepal Pvt. Ltd.,Sanima Securities Limited,2026-04-24 12:19:00.871759
2026042404004216,NGPL,47,83,200,442.0,88400.0,Neev Securities Pvt. Ltd.,Sanima Securities Limited,2026-04-24 12:19:09.072930
2026042404004222,NGPL,57,83,1000,442.0,442000.0,Aryatara Investment & Securities,Sanima Securities Limited,2026-04-24 12:19:19.041214
2026042404004277,NGPL,41,83,30,442.0,13260.0,Linch Stock Market Ltd.,Sanima Securities Limited,2026-04-24 12:19:55.529844
2026042404004281,NGPL,57,83,600,442.0,265200.0,Aryatara Investment & Securities,Sanima Securities Limited,2026-04-24 12:20:04.019595
2026042404004483,NGPL,16,83,1000,442.0,442000.0,Primo Securities (PVT) Ltd.,Sanima Securities Limited,2026-04-24 12:23:43.152358
2026042404004485,NGPL,41,63,90,441.0,39690.0,Linch Stock Market Ltd.,Himalayan Brokerage Company Limited,2026-04-24 12:23:46.617888
2026042404004486,NGPL,8,63,226,441.0,99666.0,Brilliant Securities Pvt. Ltd.,Himalayan Brokerage Company Limited,2026-04-24 12:23:46.618217
2026042404004487,NGPL,38,63,45,441.0,19845.0,Dipshikha Dhitopatra Karobar Co. Pvt Ltd.,Himalayan Brokerage Company Limited,2026-04-24 12:23:46.618382
2026042404004516,NGPL,43,14,2000,440.3,880600.0,South Asian Bulls Pvt. Ltd.,Nepal Stock House (PVT) Ltd.,2026-04-24 12:24:17.377822
2026042404004517,NGPL,60,14,15,440.2,6603.0,Nagarik Stock Dealer ,Nepal Stock House (PVT) Ltd.,2026-04-24 12:24:17.378500
2026042404004522,NGPL,60,91,385,440.2,169477.0,Nagarik Stock Dealer ,Citizens Share Broker Limited,2026-04-24 12:24:25.744685
2026042404004523,NGPL,34,91,100,440.2,44020.0,Vision Securities Pvt. Ltd,Citizens Share Broker Limited,2026-04-24 12:24:25.745042
2026042404004534,NGPL,57,91,15,440.2,6603.0,Aryatara Investment & Securities,Citizens Share Broker Limited,2026-04-24 12:24:38.473077
2026042404004540,NGPL,91,63,139,441.0,61299.0,Citizens Share Broker Limited,Himalayan Brokerage Company Limited,2026-04-24 12:24:49.364301
2026042404004615,NGPL,57,83,197,442.0,87074.0,Aryatara Investment & Securities,Sanima Securities Limited,2026-04-24 12:26:02.944259
2026042404004616,NGPL,57,58,788,442.0,348296.0,Aryatara Investment & Securities,Naasa Securities Co. Ltd.,2026-04-24 12:26:02.944977
2026042404004709,NGPL,14,58,212,442.0,93704.0,Nepal Stock House (PVT) Ltd.,Naasa Securities Co. Ltd.,2026-04-24 12:27:31.150203
2026042404004710,NGPL,14,58,14,442.0,6188.0,Nepal Stock House (PVT) Ltd.,Naasa Securities Co. Ltd.,2026-04-24 12:27:31.150914
2026042404004711,NGPL,14,25,20,442.0,8840.0,Nepal Stock House (PVT) Ltd.,Sweta Securities Private Limited,2026-04-24 12:27:31.151423
2026042404004712,NGPL,14,44,4754,442.7,2104595.8,Nepal Stock House (PVT) Ltd.,Dynamic Money Managers Securities Pvt. Ltd.,2026-04-24 12:27:31.151886
2026042404004772,NGPL,60,44,246,442.7,108904.2,Nagarik Stock Dealer ,Dynamic Money Managers Securities Pvt. Ltd.,2026-04-24 12:27:57.733662
2026042404004817,NGPL,58,6,80,443.0,35440.0,Naasa Securities Co. Ltd.,Agrawal Securities (PVT) Ltd.,2026-04-24 12:28:26.126263
2026042404004818,NGPL,60,6,254,443.0,112522.0,Nagarik Stock Dealer ,Agrawal Securities (PVT) Ltd.,2026-04-24 12:28:33.252405
2026042404004890,NGPL,7,6,200,443.0,88600.0,J.F. Securites (PVT) Ltd.,Agrawal Securities (PVT) Ltd.,2026-04-24 12:29:22.122695
2026042404004907,NGPL,94,6,116,443.0,51388.0,K.B.L. Securities Limited ,Agrawal Securities (PVT) Ltd.,2026-04-24 12:29:34.046620
2026042404004908,NGPL,94,54,219,443.0,97017.0,K.B.L. Securities Limited ,Sewa Securities Pvt. Ltd.,2026-04-24 12:29:34.047347
2026042404004933,NGPL,83,44,2000,443.7,887400.0,Sanima Securities Limited,Dynamic Money Managers Securities Pvt. Ltd.,2026-04-24 12:30:17.112273
2026042404004934,NGPL,46,44,10,443.7,4437.0,Kalika Securities Pvt. Ltd.,Dynamic Money Managers Securities Pvt. Ltd.,2026-04-24 12:30:24.291095
2026042404004943,NGPL,91,44,200,443.7,88740.0,Citizens Share Broker Limited,Dynamic Money Managers Securities Pvt. Ltd.,2026-04-24 12:30:45.397655
2026042404004996,NGPL,83,63,500,443.6,221800.0,Sanima Securities Limited,Himalayan Brokerage Company Limited,2026-04-24 12:31:54.304092
2026042404004997,NGPL,83,44,790,443.7,350523.0,Sanima Securities Limited,Dynamic Money Managers Securities Pvt. Ltd.,2026-04-24 12:31:54.304835
2026042404005050,NGPL,16,58,150,442.0,66300.0,Primo Securities (PVT) Ltd.,Naasa Securities Co. Ltd.,2026-04-24 12:33:06.860038
2026042404005051,NGPL,91,58,161,442.0,71162.0,Citizens Share Broker Limited,Naasa Securities Co. Ltd.,2026-04-24 12:33:07.616471
2026042404005058,NGPL,38,58,539,442.0,238238.0,Dipshikha Dhitopatra Karobar Co. Pvt Ltd.,Naasa Securities Co. Ltd.,2026-04-24 12:33:14.917000
2026042404005059,NGPL,38,44,461,443.7,204545.7,Dipshikha Dhitopatra Karobar Co. Pvt Ltd.,Dynamic Money Managers Securities Pvt. Ltd.,2026-04-24 12:33:14.917701
2026042404005097,NGPL,58,5,100,443.6,44360.0,Naasa Securities Co. Ltd.,Market Securities & Exchange (PVT) Ltd.,2026-04-24 12:33:52.109650
2026042404005114,NGPL,20,5,200,443.6,88720.0,Sipla Securities Private Limited,Market Securities & Exchange (PVT) Ltd.,2026-04-24 12:34:18.129477
2026042404005135,NGPL,17,5,200,443.6,88720.0,ABC Securities Private Limited,Market Securities & Exchange (PVT) Ltd.,2026-04-24 12:34:45.587598
2026042404005137,NGPL,63,5,100,443.6,44360.0,Himalayan Brokerage Company Limited,Market Securities & Exchange (PVT) Ltd.,2026-04-24 12:34:50.478076
2026042404005148,NGPL,83,5,89,443.6,39480.4,Sanima Securities Limited,Market Securities & Exchange (PVT) Ltd.,2026-04-24 12:35:06.990163
2026042404005178,NGPL,38,5,50,443.6,22180.0,Dipshikha Dhitopatra Karobar Co. Pvt Ltd.,Market Securities & Exchange (PVT) Ltd.,2026-04-24 12:35:29.154096
2026042404005238,NGPL,84,36,28,442.3,12384.4,MILKY WAY SHARE BROKER COMPANY LTD ,Secured Securities Ltd.,2026-04-24 12:37:39.525529
2026042404005240,NGPL,17,5,100,443.6,44360.0,ABC Securities Private Limited,Market Securities & Exchange (PVT) Ltd.,2026-04-24 12:37:44.092438
2026042404005243,NGPL,95,5,161,443.6,71419.6,Magnet Securities and Investment Company Private Limited,Market Securities & Exchange (PVT) Ltd.,2026-04-24 12:37:48.126910
2026042404005244,NGPL,95,5,839,443.6,372180.4,Magnet Securities and Investment Company Private Limited,Market Securities & Exchange (PVT) Ltd.,2026-04-24 12:37:48.127642
2026042404005258,NGPL,33,5,161,443.6,71419.6,Dakshinkali Investment & Securities Pvt. Ltd.,Market Securities & Exchange (PVT) Ltd.,2026-04-24 12:37:58.748088
2026042404005263,NGPL,48,44,75,443.7,33277.5,Trishakti Securities Public Limited,Dynamic Money Managers Securities Pvt. Ltd.,2026-04-24 12:38:06.708979
2026042404005328,NGPL,33,6,35,443.6,15526.0,Dakshinkali Investment & Securities Pvt. Ltd.,Agrawal Securities (PVT) Ltd.,2026-04-24 12:39:41.439499
2026042404005333,NGPL,85,44,500,443.7,221850.0,Capital Hub P. Ltd,Dynamic Money Managers Securities Pvt. Ltd.,2026-04-24 12:39:48.504514
2026042404005434,NGPL,91,44,200,443.5,88700.0,Citizens Share Broker Limited,Dynamic Money Managers Securities Pvt. Ltd.,2026-04-24 12:41:35.773169
2026042404005464,NGPL,39,44,100,443.7,44370.0,Sumeru Securities Pvt. Ltd.,Dynamic Money Managers Securities Pvt. Ltd.,2026-04-24 12:42:22.904798
2026042404005471,NGPL,17,44,50,443.7,22185.0,ABC Securities Private Limited,Dynamic Money Managers Securities Pvt. Ltd.,2026-04-24 12:42:27.826336
2026042404005484,NGPL,44,44,814,443.7,361171.8,Dynamic Money Managers Securities Pvt. Ltd.,Dynamic Money Managers Securities Pvt. Ltd.,2026-04-24 12:42:46.420721
2026042404005485,NGPL,44,44,186,443.8,82546.8,Dynamic Money Managers Securities Pvt. Ltd.,Dynamic Money Managers Securities Pvt. Ltd.,2026-04-24 12:42:46.421438
2026042404005617,NGPL,33,44,14,443.8,6213.2,Dakshinkali Investment & Securities Pvt. Ltd.,Dynamic Money Managers Securities Pvt. Ltd.,2026-04-24 12:45:22.397689
2026042404005626,NGPL,26,44,100,443.9,44390.0,Asian Securities Private Ltd.,Dynamic Money Managers Securities Pvt. Ltd.,2026-04-24 12:45:32.782765
2026042404005638,NGPL,26,91,200,443.2,88640.0,Asian Securities Private Ltd.,Citizens Share Broker Limited,2026-04-24 12:45:41.087232
2026042404005693,NGPL,58,62,400,443.4,177360.0,Naasa Securities Co. Ltd.,Capital Max Securities Ltd,2026-04-24 12:46:28.142107
2026042404005709,NGPL,45,44,300,443.8,133140.0,Imperial Securities Company Pvt. Ltd.,Dynamic Money Managers Securities Pvt. Ltd.,2026-04-24 12:46:37.725498
2026042404005710,NGPL,45,5,1000,443.8,443800.0,Imperial Securities Company Pvt. Ltd.,Market Securities & Exchange (PVT) Ltd.,2026-04-24 12:46:37.725888
2026042404005711,NGPL,45,44,2900,443.9,1287310.0,Imperial Securities Company Pvt. Ltd.,Dynamic Money Managers Securities Pvt. Ltd.,2026-04-24 12:46:37.726059
2026042404005712,NGPL,45,49,195,444.0,86580.0,Imperial Securities Company Pvt. Ltd.,Online Securities Pvt. Ltd.,2026-04-24 12:46:37.726226
2026042404005713,NGPL,45,43,10,444.0,4440.0,Imperial Securities Company Pvt. Ltd.,South Asian Bulls Pvt. Ltd.,2026-04-24 12:46:37.726424
2026042404005714,NGPL,45,38,50,444.0,22200.0,Imperial Securities Company Pvt. Ltd.,Dipshikha Dhitopatra Karobar Co. Pvt Ltd.,2026-04-24 12:46:37.726587
2026042404005715,NGPL,45,14,200,444.0,88800.0,Imperial Securities Company Pvt. Ltd.,Nepal Stock House (PVT) Ltd.,2026-04-24 12:46:37.726755
2026042404005719,NGPL,45,91,345,444.0,153180.0,Imperial Securities Company Pvt. Ltd.,Citizens Share Broker Limited,2026-04-24 12:46:48.331900
2026042404005720,NGPL,58,91,305,443.4,135237.0,Naasa Securities Co. Ltd.,Citizens Share Broker Limited,2026-04-24 12:46:48.332303
2026042404005748,NGPL,91,48,200,443.8,88760.0,Citizens Share Broker Limited,Trishakti Securities Public Limited,2026-04-24 12:47:30.595810
2026042404005912,NGPL,35,57,100,444.0,44400.0,Kohinoor Investment & Securities Pvt. Ltd.,Aryatara Investment & Securities,2026-04-24 12:50:07.440776
2026042404005939,NGPL,95,50,500,443.5,221750.0,Magnet Securities and Investment Company Private Limited,Cristal Kanchanjanga Securites Pvt. Ltd.,2026-04-24 12:50:58.385136
2026042404005942,NGPL,54,39,19,443.5,8426.5,Sewa Securities Pvt. Ltd.,Sumeru Securities Pvt. Ltd.,2026-04-24 12:51:00.089798
2026042404005943,NGPL,58,39,595,443.2,263704.0,Naasa Securities Co. Ltd.,Sumeru Securities Pvt. Ltd.,2026-04-24 12:51:00.090548
2026042404005944,NGPL,69,39,386,443.1,171036.6,INDEX SECURITIES LIMITED,Sumeru Securities Pvt. Ltd.,2026-04-24 12:51:00.091064
2026042404005957,NGPL,91,65,343,444.4,152429.2,Citizens Share Broker Limited,Sharepro Securities Private Limited,2026-04-24 12:51:09.719197
2026042404005966,NGPL,69,44,114,443.1,50513.4,INDEX SECURITIES LIMITED,Dynamic Money Managers Securities Pvt. Ltd.,2026-04-24 12:51:23.626385
2026042404005967,NGPL,42,44,150,443.1,66465.0,Sani Securities Company Ltd.,Dynamic Money Managers Securities Pvt. Ltd.,2026-04-24 12:51:23.626760
2026042404005968,NGPL,57,44,500,443.0,221500.0,Aryatara Investment & Securities,Dynamic Money Managers Securities Pvt. Ltd.,2026-04-24 12:51:23.626941
2026042404005969,NGPL,56,44,10,443.0,4430.0,Sri Hari Securities Pvt. Ltd.,Dynamic Money Managers Securities Pvt. Ltd.,2026-04-24 12:51:23.627111
2026042404005970,NGPL,13,44,1000,443.0,443000.0,Thrive Brokerage House Pvt. Ltd,Dynamic Money Managers Securities Pvt. Ltd.,2026-04-24 12:51:23.627321
2026042404005971,NGPL,56,44,10,443.0,4430.0,Sri Hari Securities Pvt. Ltd.,Dynamic Money Managers Securities Pvt. Ltd.,2026-04-24 12:51:23.627488
2026042404005972,NGPL,43,44,10,443.0,4430.0,South Asian Bulls Pvt. Ltd.,Dynamic Money Managers Securities Pvt. Ltd.,2026-04-24 12:51:23.627647
2026042404005982,NGPL,33,44,50,443.0,22150.0,Dakshinkali Investment & Securities Pvt. Ltd.,Dynamic Money Managers Securities Pvt. Ltd.,2026-04-24 12:51:26.425306
2026042404005997,NGPL,58,44,22,443.0,9746.0,Naasa Securities Co. Ltd.,Dynamic Money Managers Securities Pvt. Ltd.,2026-04-24 12:51:49.333952
2026042404005999,NGPL,84,57,972,442.3,429915.6,MILKY WAY SHARE BROKER COMPANY LTD ,Aryatara Investment & Securities,2026-04-24 12:51:53.467178
2026042404006000,NGPL,44,57,1000,442.2,442200.0,Dynamic Money Managers Securities Pvt. Ltd.,Aryatara Investment & Securities,2026-04-24 12:51:53.467910
2026042404006001,NGPL,58,57,28,442.0,12376.0,Naasa Securities Co. Ltd.,Aryatara Investment & Securities,2026-04-24 12:51:53.468419
2026042404006100,NGPL,94,63,400,441.9,176760.0,K.B.L. Securities Limited ,Himalayan Brokerage Company Limited,2026-04-24 12:52:53.903966
2026042404006101,NGPL,94,63,1600,441.8,706880.0,K.B.L. Securities Limited ,Himalayan Brokerage Company Limited,2026-04-24 12:52:53.904348
2026042404006149,NGPL,94,44,400,441.8,176720.0,K.B.L. Securities Limited ,Dynamic Money Managers Securities Pvt. Ltd.,2026-04-24 12:53:39.233023
2026042404006150,NGPL,44,44,500,441.7,220850.0,Dynamic Money Managers Securities Pvt. Ltd.,Dynamic Money Managers Securities Pvt. Ltd.,2026-04-24 12:53:39.233427
2026042404006151,NGPL,43,44,1000,441.5,441500.0,South Asian Bulls Pvt. Ltd.,Dynamic Money Managers Securities Pvt. Ltd.,2026-04-24 12:53:39.233598
2026042404006152,NGPL,42,44,100,441.3,44130.0,Sani Securities Company Ltd.,Dynamic Money Managers Securities Pvt. Ltd.,2026-04-24 12:53:39.233764
2026042404006153,NGPL,34,44,2000,441.3,882600.0,Vision Securities Pvt. Ltd,Dynamic Money Managers Securities Pvt. Ltd.,2026-04-24 12:53:39.233928
2026042404006154,NGPL,14,44,4000,441.2,1764800.0,Nepal Stock House (PVT) Ltd.,Dynamic Money Managers Securities Pvt. Ltd.,2026-04-24 12:53:39.234092
2026042404006267,NGPL,33,32,490,441.3,216237.0,Dakshinkali Investment & Securities Pvt. Ltd.,Premier Securities Company Ltd.,2026-04-24 12:55:20.888608
2026042404006301,NGPL,14,32,10,441.2,4412.0,Nepal Stock House (PVT) Ltd.,Premier Securities Company Ltd.,2026-04-24 12:55:57.876828
2026042404006308,NGPL,14,35,990,441.2,436788.0,Nepal Stock House (PVT) Ltd.,Kohinoor Investment & Securities Pvt. Ltd.,2026-04-24 12:56:15.527457
2026042404006309,NGPL,50,35,10,441.2,4412.0,Cristal Kanchanjanga Securites Pvt. Ltd.,Kohinoor Investment & Securities Pvt. Ltd.,2026-04-24 12:56:15.528223
2026042404006324,NGPL,33,46,90,442.0,39780.0,Dakshinkali Investment & Securities Pvt. Ltd.,Kalika Securities Pvt. Ltd.,2026-04-24 12:56:48.383548
2026042404006376,NGPL,88,44,1134,443.0,502362.0,Blue Chip Securities Ltd,Dynamic Money Managers Securities Pvt. Ltd.,2026-04-24 12:57:29.268357
2026042404006393,NGPL,57,33,20,443.1,8862.0,Aryatara Investment & Securities,Dakshinkali Investment & Securities Pvt. Ltd.,2026-04-24 12:57:43.077875
2026042404006394,NGPL,57,48,700,443.1,310170.0,Aryatara Investment & Securities,Trishakti Securities Public Limited,2026-04-24 12:57:44.566344
2026042404006413,NGPL,57,43,280,443.1,124068.0,Aryatara Investment & Securities,South Asian Bulls Pvt. Ltd.,2026-04-24 12:58:14.089223
2026042404006414,NGPL,88,43,720,443.0,318960.0,Blue Chip Securities Ltd,South Asian Bulls Pvt. Ltd.,2026-04-24 12:58:14.090059
2026042404006430,NGPL,88,44,646,443.0,286178.0,Blue Chip Securities Ltd,Dynamic Money Managers Securities Pvt. Ltd.,2026-04-24 12:58:28.388759
2026042404006510,NGPL,33,58,10,442.0,4420.0,Dakshinkali Investment & Securities Pvt. Ltd.,Naasa Securities Co. Ltd.,2026-04-24 12:59:37.771795
2026042404006511,NGPL,50,58,14,441.2,6176.8,Cristal Kanchanjanga Securites Pvt. Ltd.,Naasa Securities Co. Ltd.,2026-04-24 12:59:37.772645
2026042404006696,NGPL,34,38,10,441.3,4413.0,Vision Securities Pvt. Ltd,Dipshikha Dhitopatra Karobar Co. Pvt Ltd.,2026-04-24 13:04:51.963409
2026042404006709,NGPL,57,38,20,441.3,8826.0,Aryatara Investment & Securities,Dipshikha Dhitopatra Karobar Co. Pvt Ltd.,2026-04-24 13:05:05.606644
2026042404006722,NGPL,57,50,100,442.0,44200.0,Aryatara Investment & Securities,Cristal Kanchanjanga Securites Pvt. Ltd.,2026-04-24 13:05:21.701329
2026042404006723,NGPL,57,59,237,442.0,104754.0,Aryatara Investment & Securities,Deevyaa Securities & Stock House Pvt. Ltd,2026-04-24 13:05:21.701715
2026042404006742,NGPL,57,58,20,442.9,8858.0,Aryatara Investment & Securities,Naasa Securities Co. Ltd.,2026-04-24 13:06:14.116797
2026042404006752,NGPL,50,53,57,441.2,25148.4,Cristal Kanchanjanga Securites Pvt. Ltd.,Investment Management Nepal Pvt. Ltd.,2026-04-24 13:06:37.801697
2026042404006770,NGPL,66,44,430,443.0,190490.0,Miyo Securities Pvt Ltd,Dynamic Money Managers Securities Pvt. Ltd.,2026-04-24 13:08:01.454476
2026042404006840,NGPL,48,25,26,442.0,11492.0,Trishakti Securities Public Limited,Sweta Securities Private Limited,2026-04-24 13:10:02.635822
2026042404006851,NGPL,46,25,33,442.0,14586.0,Kalika Securities Pvt. Ltd.,Sweta Securities Private Limited,2026-04-24 13:10:18.289493
2026042404006852,NGPL,46,62,490,442.9,217021.0,Kalika Securities Pvt. Ltd.,Capital Max Securities Ltd,2026-04-24 13:10:18.290262
2026042404006853,NGPL,46,44,477,443.0,211311.0,Kalika Securities Pvt. Ltd.,Dynamic Money Managers Securities Pvt. Ltd.,2026-04-24 13:10:18.290814
2026042404006881,NGPL,66,44,200,443.0,88600.0,Miyo Securities Pvt Ltd,Dynamic Money Managers Securities Pvt. Ltd.,2026-04-24 13:11:42.788944
2026042404006888,NGPL,62,51,20,442.0,8840.0,Capital Max Securities Ltd,Oxford Securities Pvt. Ltd.,2026-04-24 13:12:29.601455
2026042404006889,NGPL,58,42,200,441.9,88380.0,Naasa Securities Co. Ltd.,Sani Securities Company Ltd.,2026-04-24 13:12:35.941679
2026042404006961,NGPL,66,44,40,443.0,17720.0,Miyo Securities Pvt Ltd,Dynamic Money Managers Securities Pvt. Ltd.,2026-04-24 13:13:51.885406
2026042404006980,NGPL,59,51,18,441.8,7952.4,Deevyaa Securities & Stock House Pvt. Ltd,Oxford Securities Pvt. Ltd.,2026-04-24 13:14:18.866673
2026042404007028,NGPL,66,44,135,443.0,59805.0,Miyo Securities Pvt Ltd,Dynamic Money Managers Securities Pvt. Ltd.,2026-04-24 13:15:30.822803
2026042404007062,NGPL,21,44,500,443.0,221500.0,Midas Stock Broking Company Private Limited,Dynamic Money Managers Securities Pvt. Ltd.,2026-04-24 13:16:49.344681
2026042404007078,NGPL,66,51,105,442.0,46410.0,Miyo Securities Pvt Ltd,Oxford Securities Pvt. Ltd.,2026-04-24 13:17:14.230622
2026042404007166,NGPL,41,51,385,442.0,170170.0,Linch Stock Market Ltd.,Oxford Securities Pvt. Ltd.,2026-04-24 13:19:26.048535
2026042404007192,NGPL,66,44,195,443.0,86385.0,Miyo Securities Pvt Ltd,Dynamic Money Managers Securities Pvt. Ltd.,2026-04-24 13:20:18.594211
2026042404007212,NGPL,66,44,40,443.0,17720.0,Miyo Securities Pvt Ltd,Dynamic Money Managers Securities Pvt. Ltd.,2026-04-24 13:21:38.307218
2026042404007235,NGPL,66,44,85,443.0,37655.0,Miyo Securities Pvt Ltd,Dynamic Money Managers Securities Pvt. Ltd.,2026-04-24 13:22:21.883122
2026042404007395,NGPL,46,44,10,443.0,4430.0,Kalika Securities Pvt. Ltd.,Dynamic Money Managers Securities Pvt. Ltd.,2026-04-24 13:28:35.989967
2026042404007417,NGPL,57,44,40,443.0,17720.0,Aryatara Investment & Securities,Dynamic Money Managers Securities Pvt. Ltd.,2026-04-24 13:29:29.296667
2026042404007423,NGPL,13,44,78,442.1,34483.8,Thrive Brokerage House Pvt. Ltd,Dynamic Money Managers Securities Pvt. Ltd.,2026-04-24 13:29:45.747043
2026042404007424,NGPL,43,44,1125,442.0,497250.0,South Asian Bulls Pvt. Ltd.,Dynamic Money Managers Securities Pvt. Ltd.,2026-04-24 13:29:45.747529
2026042404007425,NGPL,49,44,150,442.0,66300.0,Online Securities Pvt. Ltd.,Dynamic Money Managers Securities Pvt. Ltd.,2026-04-24 13:29:45.747728
2026042404007426,NGPL,13,44,100,442.0,44200.0,Thrive Brokerage House Pvt. Ltd,Dynamic Money Managers Securities Pvt. Ltd.,2026-04-24 13:29:45.747917
2026042404007455,NGPL,60,44,749,442.0,331058.0,Nagarik Stock Dealer ,Dynamic Money Managers Securities Pvt. Ltd.,2026-04-24 13:30:19.036784
2026042404007500,NGPL,25,38,47,442.1,20778.7,Sweta Securities Private Limited,Dipshikha Dhitopatra Karobar Co. Pvt Ltd.,2026-04-24 13:31:46.777180
2026042404007501,NGPL,60,38,251,442.0,110942.0,Nagarik Stock Dealer ,Dipshikha Dhitopatra Karobar Co. Pvt Ltd.,2026-04-24 13:31:46.778083
2026042404007502,NGPL,41,38,202,441.9,89263.8,Linch Stock Market Ltd.,Dipshikha Dhitopatra Karobar Co. Pvt Ltd.,2026-04-24 13:31:46.778839
2026042404007519,NGPL,58,36,80,443.0,35440.0,Naasa Securities Co. Ltd.,Secured Securities Ltd.,2026-04-24 13:32:22.463859
2026042404007528,NGPL,8,36,10,443.0,4430.0,Brilliant Securities Pvt. Ltd.,Secured Securities Ltd.,2026-04-24 13:32:47.250331
2026042404007541,NGPL,58,56,19,442.2,8401.8,Naasa Securities Co. Ltd.,Sri Hari Securities Pvt. Ltd.,2026-04-24 13:33:27.257568
2026042404007551,NGPL,45,36,210,443.0,93030.0,Imperial Securities Company Pvt. Ltd.,Secured Securities Ltd.,2026-04-24 13:34:00.615725
2026042404007552,NGPL,45,41,300,443.0,132900.0,Imperial Securities Company Pvt. Ltd.,Linch Stock Market Ltd.,2026-04-24 13:34:00.616637
2026042404007576,NGPL,96,65,157,443.8,69676.6,Himalayan Securities Limited,Sharepro Securities Private Limited,2026-04-24 13:34:20.348128
2026042404007577,NGPL,96,34,500,443.9,221950.0,Himalayan Securities Limited,Vision Securities Pvt. Ltd,2026-04-24 13:34:20.348650
2026042404007578,NGPL,96,49,100,443.9,44390.0,Himalayan Securities Limited,Online Securities Pvt. Ltd.,2026-04-24 13:34:20.348859
2026042404007579,NGPL,96,7,500,443.9,221950.0,Himalayan Securities Limited,J.F. Securites (PVT) Ltd.,2026-04-24 13:34:20.349107
2026042404007580,NGPL,96,14,500,443.9,221950.0,Himalayan Securities Limited,Nepal Stock House (PVT) Ltd.,2026-04-24 13:34:20.349755
2026042404007581,NGPL,96,49,100,444.0,44400.0,Himalayan Securities Limited,Online Securities Pvt. Ltd.,2026-04-24 13:34:20.350370
2026042404007582,NGPL,96,14,100,444.0,44400.0,Himalayan Securities Limited,Nepal Stock House (PVT) Ltd.,2026-04-24 13:34:20.350806
2026042404007583,NGPL,96,45,1500,444.0,666000.0,Himalayan Securities Limited,Imperial Securities Company Pvt. Ltd.,2026-04-24 13:34:20.351031
2026042404007584,NGPL,96,65,200,444.0,88800.0,Himalayan Securities Limited,Sharepro Securities Private Limited,2026-04-24 13:34:20.351349
2026042404007585,NGPL,96,34,343,444.0,152292.0,Himalayan Securities Limited,Vision Securities Pvt. Ltd,2026-04-24 13:34:20.351726
2026042404007616,NGPL,39,50,100,443.1,44310.0,Sumeru Securities Pvt. Ltd.,Cristal Kanchanjanga Securites Pvt. Ltd.,2026-04-24 13:35:19.420728
2026042404007672,NGPL,39,42,100,443.1,44310.0,Sumeru Securities Pvt. Ltd.,Sani Securities Company Ltd.,2026-04-24 13:36:33.847454
2026042404007685,NGPL,45,42,111,443.0,49173.0,Imperial Securities Company Pvt. Ltd.,Sani Securities Company Ltd.,2026-04-24 13:36:58.686124
2026042404007686,NGPL,45,14,379,443.0,167897.0,Imperial Securities Company Pvt. Ltd.,Nepal Stock House (PVT) Ltd.,2026-04-24 13:36:59.793170
2026042404007704,NGPL,58,14,60,443.0,26580.0,Naasa Securities Co. Ltd.,Nepal Stock House (PVT) Ltd.,2026-04-24 13:37:49.828756
2026042404007707,NGPL,50,14,19,443.0,8417.0,Cristal Kanchanjanga Securites Pvt. Ltd.,Nepal Stock House (PVT) Ltd.,2026-04-24 13:37:59.833654
2026042404007710,NGPL,41,44,1413,442.3,624969.9,Linch Stock Market Ltd.,Dynamic Money Managers Securities Pvt. Ltd.,2026-04-24 13:38:02.830302
2026042404007711,NGPL,96,44,1000,442.1,442100.0,Himalayan Securities Limited,Dynamic Money Managers Securities Pvt. Ltd.,2026-04-24 13:38:02.831218
2026042404007712,NGPL,35,44,200,442.1,88420.0,Kohinoor Investment & Securities Pvt. Ltd.,Dynamic Money Managers Securities Pvt. Ltd.,2026-04-24 13:38:02.831870
2026042404007713,NGPL,42,44,55,442.0,24310.0,Sani Securities Company Ltd.,Dynamic Money Managers Securities Pvt. Ltd.,2026-04-24 13:38:02.832627
2026042404007714,NGPL,91,44,6442,442.0,2847364.0,Citizens Share Broker Limited,Dynamic Money Managers Securities Pvt. Ltd.,2026-04-24 13:38:02.833279
2026042404007717,NGPL,1,14,500,443.0,221500.0,Kumari Securities Private Limited,Nepal Stock House (PVT) Ltd.,2026-04-24 13:38:11.350594
2026042404007776,NGPL,58,85,100,442.1,44210.0,Naasa Securities Co. Ltd.,Capital Hub P. Ltd,2026-04-24 13:40:22.456478
2026042404007777,NGPL,33,85,50,442.0,22100.0,Dakshinkali Investment & Securities Pvt. Ltd.,Capital Hub P. Ltd,2026-04-24 13:40:22.457308
2026042404007778,NGPL,58,85,4000,442.0,1768000.0,Naasa Securities Co. Ltd.,Capital Hub P. Ltd,2026-04-24 13:40:22.457905
2026042404007779,NGPL,43,85,850,442.0,375700.0,South Asian Bulls Pvt. Ltd.,Capital Hub P. Ltd,2026-04-24 13:40:22.458503
2026042404007826,NGPL,49,14,100,442.1,44210.0,Online Securities Pvt. Ltd.,Nepal Stock House (PVT) Ltd.,2026-04-24 13:42:18.963546
2026042404007827,NGPL,43,14,275,442.0,121550.0,South Asian Bulls Pvt. Ltd.,Nepal Stock House (PVT) Ltd.,2026-04-24 13:42:18.964466
2026042404007828,NGPL,25,14,100,442.0,44200.0,Sweta Securities Private Limited,Nepal Stock House (PVT) Ltd.,2026-04-24 13:42:18.965102
2026042404007829,NGPL,36,14,13,442.0,5746.0,Secured Securities Ltd.,Nepal Stock House (PVT) Ltd.,2026-04-24 13:42:18.965726
2026042404007834,NGPL,96,14,242,442.0,106964.0,Himalayan Securities Limited,Nepal Stock House (PVT) Ltd.,2026-04-24 13:42:29.573045
2026042404007860,NGPL,52,79,40,442.5,17700.0,Sundhara Securities Limited,pahiinvestment,2026-04-24 13:43:59.545906
2026042404007909,NGPL,52,45,50,443.5,22175.0,Sundhara Securities Limited,Imperial Securities Company Pvt. Ltd.,2026-04-24 13:44:58.942535
2026042404007910,NGPL,52,58,10,443.8,4438.0,Sundhara Securities Limited,Naasa Securities Co. Ltd.,2026-04-24 13:44:58.943423
2026042404007915,NGPL,45,65,50,443.9,22195.0,Imperial Securities Company Pvt. Ltd.,Sharepro Securities Private Limited,2026-04-24 13:45:20.692753
2026042404008082,NGPL,58,65,450,443.9,199755.0,Naasa Securities Co. Ltd.,Sharepro Securities Private Limited,2026-04-24 13:50:12.207353
2026042404008181,NGPL,67,49,20,444.0,8880.0,Property Wiard Limited,Online Securities Pvt. Ltd.,2026-04-24 13:51:53.988275
2026042404008233,NGPL,14,49,80,444.0,35520.0,Nepal Stock House (PVT) Ltd.,Online Securities Pvt. Ltd.,2026-04-24 13:52:44.868323
2026042404008234,NGPL,14,48,20,444.0,8880.0,Nepal Stock House (PVT) Ltd.,Trishakti Securities Public Limited,2026-04-24 13:52:44.868806
2026042404008242,NGPL,59,26,182,443.0,80626.0,Deevyaa Securities & Stock House Pvt. Ltd,Asian Securities Private Ltd.,2026-04-24 13:53:00.658766
2026042404008243,NGPL,48,26,1000,442.4,442400.0,Trishakti Securities Public Limited,Asian Securities Private Ltd.,2026-04-24 13:53:00.659356
2026042404008244,NGPL,29,26,1000,442.1,442100.0,Trisul Securities & Invt. Ltd.,Asian Securities Private Ltd.,2026-04-24 13:53:00.659803
2026042404008245,NGPL,96,26,1758,442.0,777036.0,Himalayan Securities Limited,Asian Securities Private Ltd.,2026-04-24 13:53:00.660036
2026042404008246,NGPL,41,26,100,442.0,44200.0,Linch Stock Market Ltd.,Asian Securities Private Ltd.,2026-04-24 13:53:00.660274
2026042404008247,NGPL,49,26,100,441.9,44190.0,Online Securities Pvt. Ltd.,Asian Securities Private Ltd.,2026-04-24 13:53:00.660483
2026042404008248,NGPL,75,26,1000,441.9,441900.0,N.I.M.B. Stock Markets Limited,Asian Securities Private Ltd.,2026-04-24 13:53:00.660717
2026042404008249,NGPL,45,26,2000,441.7,883400.0,Imperial Securities Company Pvt. Ltd.,Asian Securities Private Ltd.,2026-04-24 13:53:00.660963
2026042404008250,NGPL,94,26,500,441.5,220750.0,K.B.L. Securities Limited ,Asian Securities Private Ltd.,2026-04-24 13:53:00.661211
2026042404008251,NGPL,88,26,2000,441.5,883000.0,Blue Chip Securities Ltd,Asian Securities Private Ltd.,2026-04-24 13:53:00.661439
2026042404008252,NGPL,58,26,500,441.4,220700.0,Naasa Securities Co. Ltd.,Asian Securities Private Ltd.,2026-04-24 13:53:00.661655
2026042404008253,NGPL,58,26,500,441.4,220700.0,Naasa Securities Co. Ltd.,Asian Securities Private Ltd.,2026-04-24 13:53:00.661920
2026042404008254,NGPL,81,26,1360,441.3,600168.0,Aakashbhairab Securities Ltd.,Asian Securities Private Ltd.,2026-04-24 13:53:00.662208
2026042404008302,NGPL,58,95,100,441.4,44140.0,Naasa Securities Co. Ltd.,Magnet Securities and Investment Company Private Limited,2026-04-24 13:54:11.148121
2026042404008319,NGPL,38,95,40,441.4,17656.0,Dipshikha Dhitopatra Karobar Co. Pvt Ltd.,Magnet Securities and Investment Company Private Limited,2026-04-24 13:54:30.163517
2026042404008321,NGPL,81,95,360,441.4,158904.0,Aakashbhairab Securities Ltd.,Magnet Securities and Investment Company Private Limited,2026-04-24 13:54:34.761851
2026042404008358,NGPL,81,95,40,441.4,17656.0,Aakashbhairab Securities Ltd.,Magnet Securities and Investment Company Private Limited,2026-04-24 13:55:05.575342
2026042404008359,NGPL,59,95,70,441.4,30898.0,Deevyaa Securities & Stock House Pvt. Ltd,Magnet Securities and Investment Company Private Limited,2026-04-24 13:55:05.575799
2026042404008424,NGPL,58,95,119,441.4,52526.6,Naasa Securities Co. Ltd.,Magnet Securities and Investment Company Private Limited,2026-04-24 13:55:56.872693
2026042404008454,NGPL,81,48,640,441.3,282432.0,Aakashbhairab Securities Ltd.,Trishakti Securities Public Limited,2026-04-24 13:56:48.297104
2026042404008455,NGPL,58,48,97,441.3,42806.1,Naasa Securities Co. Ltd.,Trishakti Securities Public Limited,2026-04-24 13:56:48.298015
2026042404008456,NGPL,34,48,20,441.2,8824.0,Vision Securities Pvt. Ltd,Trishakti Securities Public Limited,2026-04-24 13:56:48.298642
2026042404008457,NGPL,51,48,500,441.1,220550.0,Oxford Securities Pvt. Ltd.,Trishakti Securities Public Limited,2026-04-24 13:56:48.299245
2026042404008458,NGPL,21,48,100,441.0,44100.0,Midas Stock Broking Company Private Limited,Trishakti Securities Public Limited,2026-04-24 13:56:48.299874
2026042404008459,NGPL,38,48,25,441.0,11025.0,Dipshikha Dhitopatra Karobar Co. Pvt Ltd.,Trishakti Securities Public Limited,2026-04-24 13:56:48.300480
2026042404008460,NGPL,58,48,20,441.0,8820.0,Naasa Securities Co. Ltd.,Trishakti Securities Public Limited,2026-04-24 13:56:48.301098
2026042404008461,NGPL,41,48,100,441.0,44100.0,Linch Stock Market Ltd.,Trishakti Securities Public Limited,2026-04-24 13:56:48.301720
2026042404008462,NGPL,78,48,1000,441.0,441000.0,Garima Securities Limited,Trishakti Securities Public Limited,2026-04-24 13:56:48.302310
2026042404008513,NGPL,58,34,2,442.0,884.0,Naasa Securities Co. Ltd.,Vision Securities Pvt. Ltd,2026-04-24 13:57:13.970215
2026042404008514,NGPL,94,48,165,440.2,72633.0,K.B.L. Securities Limited ,Trishakti Securities Public Limited,2026-04-24 13:57:17.631473
2026042404008515,NGPL,59,48,100,440.2,44020.0,Deevyaa Securities & Stock House Pvt. Ltd,Trishakti Securities Public Limited,2026-04-24 13:57:17.631936
2026042404008516,NGPL,40,48,10,440.1,4401.0,Creative Securities Pvt Ltd,Trishakti Securities Public Limited,2026-04-24 13:57:17.632147
2026042404008517,NGPL,42,48,200,440.1,88020.0,Sani Securities Company Ltd.,Trishakti Securities Public Limited,2026-04-24 13:57:17.632370
2026042404008518,NGPL,7,48,50,440.1,22005.0,J.F. Securites (PVT) Ltd.,Trishakti Securities Public Limited,2026-04-24 13:57:17.632623
2026042404008519,NGPL,45,48,1604,440.1,705920.4,Imperial Securities Company Pvt. Ltd.,Trishakti Securities Public Limited,2026-04-24 13:57:17.632855
2026042404008550,NGPL,45,44,396,440.1,174279.6,Imperial Securities Company Pvt. Ltd.,Dynamic Money Managers Securities Pvt. Ltd.,2026-04-24 13:57:43.365451
2026042404008551,NGPL,37,44,80,440.0,35200.0,Swarna Laxmi Securities Pvt. Ltd.,Dynamic Money Managers Securities Pvt. Ltd.,2026-04-24 13:57:43.365957
2026042404008552,NGPL,32,44,1000,440.0,440000.0,Premier Securities Company Ltd.,Dynamic Money Managers Securities Pvt. Ltd.,2026-04-24 13:57:43.366177
2026042404008553,NGPL,45,44,460,440.0,202400.0,Imperial Securities Company Pvt. Ltd.,Dynamic Money Managers Securities Pvt. Ltd.,2026-04-24 13:57:43.366437
2026042404008554,NGPL,84,44,675,440.0,297000.0,MILKY WAY SHARE BROKER COMPANY LTD ,Dynamic Money Managers Securities Pvt. Ltd.,2026-04-24 13:57:43.366645
2026042404008555,NGPL,32,44,500,440.0,220000.0,Premier Securities Company Ltd.,Dynamic Money Managers Securities Pvt. Ltd.,2026-04-24 13:57:43.366859
2026042404008556,NGPL,17,44,1000,440.0,440000.0,ABC Securities Private Limited,Dynamic Money Managers Securities Pvt. Ltd.,2026-04-24 13:57:43.367084
2026042404008557,NGPL,39,44,300,440.0,132000.0,Sumeru Securities Pvt. Ltd.,Dynamic Money Managers Securities Pvt. Ltd.,2026-04-24 13:57:43.367298
2026042404008558,NGPL,56,44,300,440.0,132000.0,Sri Hari Securities Pvt. Ltd.,Dynamic Money Managers Securities Pvt. Ltd.,2026-04-24 13:57:43.367509
2026042404008559,NGPL,48,44,100,440.0,44000.0,Trishakti Securities Public Limited,Dynamic Money Managers Securities Pvt. Ltd.,2026-04-24 13:57:43.367740
2026042404008560,NGPL,86,44,500,440.0,220000.0,Stoxkarts Securities Limited,Dynamic Money Managers Securities Pvt. Ltd.,2026-04-24 13:57:43.367945
2026042404008561,NGPL,11,44,50,440.0,22000.0,Malla & Malla Stock Broking Company Pvt. Limited,Dynamic Money Managers Securities Pvt. Ltd.,2026-04-24 13:57:43.368200
2026042404008562,NGPL,38,44,1000,440.0,440000.0,Dipshikha Dhitopatra Karobar Co. Pvt Ltd.,Dynamic Money Managers Securities Pvt. Ltd.,2026-04-24 13:57:43.368443
2026042404008563,NGPL,70,44,300,440.0,132000.0,Infinity Securities Limited,Dynamic Money Managers Securities Pvt. Ltd.,2026-04-24 13:57:43.368660
2026042404008564,NGPL,41,44,290,440.0,127600.0,Linch Stock Market Ltd.,Dynamic Money Managers Securities Pvt. Ltd.,2026-04-24 13:57:43.368870
2026042404008565,NGPL,50,44,200,440.0,88000.0,Cristal Kanchanjanga Securites Pvt. Ltd.,Dynamic Money Managers Securities Pvt. Ltd.,2026-04-24 13:57:43.369432
2026042404008566,NGPL,57,44,20,440.0,8800.0,Aryatara Investment & Securities,Dynamic Money Managers Securities Pvt. Ltd.,2026-04-24 13:57:43.370147
2026042404008567,NGPL,32,44,25,440.0,11000.0,Premier Securities Company Ltd.,Dynamic Money Managers Securities Pvt. Ltd.,2026-04-24 13:57:43.370777
2026042404008568,NGPL,74,44,50,440.0,22000.0,KALASH STOCK MARKET PVT. LTD.,Dynamic Money Managers Securities Pvt. Ltd.,2026-04-24 13:57:43.371383
2026042404008569,NGPL,45,44,100,440.0,44000.0,Imperial Securities Company Pvt. Ltd.,Dynamic Money Managers Securities Pvt. Ltd.,2026-04-24 13:57:43.371990
2026042404008570,NGPL,46,44,1500,440.0,660000.0,Kalika Securities Pvt. Ltd.,Dynamic Money Managers Securities Pvt. Ltd.,2026-04-24 13:57:43.372602
2026042404008571,NGPL,58,44,43,440.0,18920.0,Naasa Securities Co. Ltd.,Dynamic Money Managers Securities Pvt. Ltd.,2026-04-24 13:57:43.373170
2026042404008572,NGPL,44,44,5000,440.0,2200000.0,Dynamic Money Managers Securities Pvt. Ltd.,Dynamic Money Managers Securities Pvt. Ltd.,2026-04-24 13:57:43.373755
2026042404008573,NGPL,43,44,100,440.0,44000.0,South Asian Bulls Pvt. Ltd.,Dynamic Money Managers Securities Pvt. Ltd.,2026-04-24 13:57:43.374371
2026042404008574,NGPL,16,44,300,440.0,132000.0,Primo Securities (PVT) Ltd.,Dynamic Money Managers Securities Pvt. Ltd.,2026-04-24 13:57:43.374974
2026042404008575,NGPL,58,44,40,440.0,17600.0,Naasa Securities Co. Ltd.,Dynamic Money Managers Securities Pvt. Ltd.,2026-04-24 13:57:43.375614
2026042404008576,NGPL,58,44,175,440.0,77000.0,Naasa Securities Co. Ltd.,Dynamic Money Managers Securities Pvt. Ltd.,2026-04-24 13:57:43.376193
2026042404008577,NGPL,58,44,101,440.0,44440.0,Naasa Securities Co. Ltd.,Dynamic Money Managers Securities Pvt. Ltd.,2026-04-24 13:57:43.376779
2026042404008591,NGPL,21,34,1,430.0,430.0,Midas Stock Broking Company Private Limited,Vision Securities Pvt. Ltd,2026-04-24 13:57:54.896967
2026042404008603,NGPL,57,44,10,440.0,4400.0,Aryatara Investment & Securities,Dynamic Money Managers Securities Pvt. Ltd.,2026-04-24 13:58:12.380839
2026042404008604,NGPL,58,44,22,440.0,9680.0,Naasa Securities Co. Ltd.,Dynamic Money Managers Securities Pvt. Ltd.,2026-04-24 13:58:12.550245
2026042404008619,NGPL,58,44,256,440.0,112640.0,Naasa Securities Co. Ltd.,Dynamic Money Managers Securities Pvt. Ltd.,2026-04-24 13:58:33.258255
2026042404008620,NGPL,21,25,9,430.0,3870.0,Midas Stock Broking Company Private Limited,Sweta Securities Private Limited,2026-04-24 13:58:33.296712
2026042404008773,NGPL,43,95,250,441.4,110350.0,South Asian Bulls Pvt. Ltd.,Magnet Securities and Investment Company Private Limited,2026-04-24 14:01:47.597325
2026042404008928,NGPL,45,95,21,441.4,9269.4,Imperial Securities Company Pvt. Ltd.,Magnet Securities and Investment Company Private Limited,2026-04-24 14:07:27.687619
2026042404008955,NGPL,21,32,1,435.0,435.0,Midas Stock Broking Company Private Limited,Premier Securities Company Ltd.,2026-04-24 14:08:40.293955
2026042404008959,NGPL,36,7,20,440.6,8812.0,Secured Securities Ltd.,J.F. Securites (PVT) Ltd.,2026-04-24 14:08:56.167282
2026042404008960,NGPL,54,7,1000,440.5,440500.0,Sewa Securities Pvt. Ltd.,J.F. Securites (PVT) Ltd.,2026-04-24 14:08:56.167371
2026042404008961,NGPL,96,7,1000,440.5,440500.0,Himalayan Securities Limited,J.F. Securites (PVT) Ltd.,2026-04-24 14:08:56.167411
2026042404008962,NGPL,58,7,415,440.3,182724.5,Naasa Securities Co. Ltd.,J.F. Securites (PVT) Ltd.,2026-04-24 14:08:56.167440
2026042404009022,NGPL,34,39,9,440.0,3960.0,Vision Securities Pvt. Ltd,Sumeru Securities Pvt. Ltd.,2026-04-24 14:10:22.213844
2026042404009071,NGPL,34,44,1,440.0,440.0,Vision Securities Pvt. Ltd,Dynamic Money Managers Securities Pvt. Ltd.,2026-04-24 14:11:45.795618
2026042404009104,NGPL,78,4,10,442.0,4420.0,Garima Securities Limited,Opal Securities Investment (PVT) Ltd.,2026-04-24 14:12:31.587478
2026042404009105,NGPL,78,44,40,442.0,17680.0,Garima Securities Limited,Dynamic Money Managers Securities Pvt. Ltd.,2026-04-24 14:12:31.587954
2026042404009106,NGPL,78,57,350,442.0,154700.0,Garima Securities Limited,Aryatara Investment & Securities,2026-04-24 14:12:31.588175
2026042404009147,NGPL,34,57,10,442.0,4420.0,Vision Securities Pvt. Ltd,Aryatara Investment & Securities,2026-04-24 14:13:11.663979
2026042404009175,NGPL,45,57,1000,442.0,442000.0,Imperial Securities Company Pvt. Ltd.,Aryatara Investment & Securities,2026-04-24 14:13:59.560593
2026042404009341,NGPL,96,57,80,442.0,35360.0,Himalayan Securities Limited,Aryatara Investment & Securities,2026-04-24 14:16:37.309774
2026042404009342,NGPL,96,56,80,442.0,35360.0,Himalayan Securities Limited,Sri Hari Securities Pvt. Ltd.,2026-04-24 14:16:37.310239
2026042404009343,NGPL,96,38,840,442.0,371280.0,Himalayan Securities Limited,Dipshikha Dhitopatra Karobar Co. Pvt Ltd.,2026-04-24 14:16:37.310493
2026042404009367,NGPL,34,38,160,442.0,70720.0,Vision Securities Pvt. Ltd,Dipshikha Dhitopatra Karobar Co. Pvt Ltd.,2026-04-24 14:17:01.483129
2026042404009368,NGPL,34,58,300,442.0,132600.0,Vision Securities Pvt. Ltd,Naasa Securities Co. Ltd.,2026-04-24 14:17:01.483645
2026042404009718,NGPL,4,32,20,442.5,8850.0,Opal Securities Investment (PVT) Ltd.,Premier Securities Company Ltd.,2026-04-24 14:24:03.601029
2026042404009805,NGPL,96,14,2500,442.5,1106250.0,Himalayan Securities Limited,Nepal Stock House (PVT) Ltd.,2026-04-24 14:25:37.818623
2026042404009833,NGPL,88,45,10,442.2,4422.0,Blue Chip Securities Ltd,Imperial Securities Company Pvt. Ltd.,2026-04-24 14:26:13.275762
2026042404009834,NGPL,88,45,10,442.1,4421.0,Blue Chip Securities Ltd,Imperial Securities Company Pvt. Ltd.,2026-04-24 14:26:13.276686
2026042404009835,NGPL,6,45,34,442.1,15031.4,Agrawal Securities (PVT) Ltd.,Imperial Securities Company Pvt. Ltd.,2026-04-24 14:26:13.277350
2026042404009868,NGPL,6,32,40,442.1,17684.0,Agrawal Securities (PVT) Ltd.,Premier Securities Company Ltd.,2026-04-24 14:26:50.516006
2026042404009882,NGPL,6,32,20,442.1,8842.0,Agrawal Securities (PVT) Ltd.,Premier Securities Company Ltd.,2026-04-24 14:27:19.291996
2026042404009921,NGPL,49,72,100,442.2,44220.0,Online Securities Pvt. Ltd.,Hatemalo Financial Services Private Limited,2026-04-24 14:28:28.073797
2026042404009922,NGPL,6,72,406,442.1,179492.6,Agrawal Securities (PVT) Ltd.,Hatemalo Financial Services Private Limited,2026-04-24 14:28:28.074721
2026042404009923,NGPL,34,72,140,442.0,61880.0,Vision Securities Pvt. Ltd,Hatemalo Financial Services Private Limited,2026-04-24 14:28:28.075455
2026042404009924,NGPL,38,72,50,442.0,22100.0,Dipshikha Dhitopatra Karobar Co. Pvt Ltd.,Hatemalo Financial Services Private Limited,2026-04-24 14:28:28.076108
2026042404009925,NGPL,96,72,504,442.0,222768.0,Himalayan Securities Limited,Hatemalo Financial Services Private Limited,2026-04-24 14:28:28.076802
2026042404009946,NGPL,96,50,100,442.0,44200.0,Himalayan Securities Limited,Cristal Kanchanjanga Securites Pvt. Ltd.,2026-04-24 14:29:02.196177
2026042404009967,NGPL,96,72,300,442.0,132600.0,Himalayan Securities Limited,Hatemalo Financial Services Private Limited,2026-04-24 14:29:30.830124
2026042404010054,NGPL,96,32,20,442.0,8840.0,Himalayan Securities Limited,Premier Securities Company Ltd.,2026-04-24 14:30:58.146122
2026042404010136,NGPL,96,101,1076,442.0,475592.0,Himalayan Securities Limited,APPLE SECURITIES PRIVATE LIMITED,2026-04-24 14:31:59.289835
2026042404010137,NGPL,35,101,924,442.0,408408.0,Kohinoor Investment & Securities Pvt. Ltd.,APPLE SECURITIES PRIVATE LIMITED,2026-04-24 14:31:59.289930
2026042404010191,NGPL,35,32,60,442.0,26520.0,Kohinoor Investment & Securities Pvt. Ltd.,Premier Securities Company Ltd.,2026-04-24 14:33:01.820258
2026042404010194,NGPL,35,25,16,442.0,7072.0,Kohinoor Investment & Securities Pvt. Ltd.,Sweta Securities Private Limited,2026-04-24 14:33:03.168299
2026042404010195,NGPL,29,25,184,442.0,81328.0,Trisul Securities & Invt. Ltd.,Sweta Securities Private Limited,2026-04-24 14:33:03.168810
2026042404010322,NGPL,21,32,1,430.0,430.0,Midas Stock Broking Company Private Limited,Premier Securities Company Ltd.,2026-04-24 14:34:21.457346
2026042404010354,NGPL,59,32,100,443.0,44300.0,Deevyaa Securities & Stock House Pvt. Ltd,Premier Securities Company Ltd.,2026-04-24 14:34:47.975539
2026042404010355,NGPL,59,36,100,443.0,44300.0,Deevyaa Securities & Stock House Pvt. Ltd,Secured Securities Ltd.,2026-04-24 14:34:47.976014
2026042404010406,NGPL,67,51,1200,442.1,530520.0,Property Wiard Limited,Oxford Securities Pvt. Ltd.,2026-04-24 14:35:18.844914
2026042404010407,NGPL,29,51,116,442.0,51272.0,Trisul Securities & Invt. Ltd.,Oxford Securities Pvt. Ltd.,2026-04-24 14:35:18.845861
2026042404010408,NGPL,58,51,117,442.0,51714.0,Naasa Securities Co. Ltd.,Oxford Securities Pvt. Ltd.,2026-04-24 14:35:18.846534
2026042404010409,NGPL,44,51,100,442.0,44200.0,Dynamic Money Managers Securities Pvt. Ltd.,Oxford Securities Pvt. Ltd.,2026-04-24 14:35:18.847185
2026042404010410,NGPL,96,51,2000,442.0,884000.0,Himalayan Securities Limited,Oxford Securities Pvt. Ltd.,2026-04-24 14:35:18.847856
2026042404010411,NGPL,38,51,150,441.5,66225.0,Dipshikha Dhitopatra Karobar Co. Pvt Ltd.,Oxford Securities Pvt. Ltd.,2026-04-24 14:35:18.848540
2026042404010412,NGPL,58,51,317,441.4,139923.8,Naasa Securities Co. Ltd.,Oxford Securities Pvt. Ltd.,2026-04-24 14:35:18.849190
2026042404010417,NGPL,77,36,501,443.0,221943.0,Nabil Stock Dealer Ltd.,Secured Securities Ltd.,2026-04-24 14:35:19.329294
2026042404010418,NGPL,77,57,499,443.0,221057.0,Nabil Stock Dealer Ltd.,Aryatara Investment & Securities,2026-04-24 14:35:19.329352
2026042404010462,NGPL,77,51,1000,443.1,443100.0,Nabil Stock Dealer Ltd.,Oxford Securities Pvt. Ltd.,2026-04-24 14:35:46.204073
2026042404010728,NGPL,69,38,50,442.1,22105.0,INDEX SECURITIES LIMITED,Dipshikha Dhitopatra Karobar Co. Pvt Ltd.,2026-04-24 14:39:45.190392
2026042404010893,NGPL,58,14,100,442.2,44220.0,Naasa Securities Co. Ltd.,Nepal Stock House (PVT) Ltd.,2026-04-24 14:41:40.297738
2026042404010930,NGPL,53,45,86,443.0,38098.0,Investment Management Nepal Pvt. Ltd.,Imperial Securities Company Pvt. Ltd.,2026-04-24 14:42:05.763844
2026042404010953,NGPL,14,45,64,443.0,28352.0,Nepal Stock House (PVT) Ltd.,Imperial Securities Company Pvt. Ltd.,2026-04-24 14:42:20.616386
2026042404010954,NGPL,14,19,41,443.0,18163.0,Nepal Stock House (PVT) Ltd.,Nepal Investment And Securities Trading Private Limited,2026-04-24 14:42:20.616851
2026042404010955,NGPL,14,80,95,443.0,42085.0,Nepal Stock House (PVT) Ltd.,Indira securities pvt. ltd,2026-04-24 14:42:20.617068
2026042404010995,NGPL,58,11,10,442.2,4422.0,Naasa Securities Co. Ltd.,Malla & Malla Stock Broking Company Pvt. Limited,2026-04-24 14:42:53.477577
2026042404011001,NGPL,58,80,455,443.0,201565.0,Naasa Securities Co. Ltd.,Indira securities pvt. ltd,2026-04-24 14:42:57.278268
2026042404011002,NGPL,58,6,500,443.0,221500.0,Naasa Securities Co. Ltd.,Agrawal Securities (PVT) Ltd.,2026-04-24 14:42:57.278764
2026042404011026,NGPL,58,21,50,442.2,22110.0,Naasa Securities Co. Ltd.,Midas Stock Broking Company Private Limited,2026-04-24 14:43:21.032034
2026042404011041,NGPL,58,32,100,442.9,44290.0,Naasa Securities Co. Ltd.,Premier Securities Company Ltd.,2026-04-24 14:43:36.677689
2026042404011045,NGPL,58,98,1023,442.2,452370.6,Naasa Securities Co. Ltd.,Trademow Securities Private Limited,2026-04-24 14:43:45.106778
2026042404011046,NGPL,95,98,200,442.2,88440.0,Magnet Securities and Investment Company Private Limited,Trademow Securities Private Limited,2026-04-24 14:43:45.107235
2026042404011047,NGPL,69,98,37,442.1,16357.7,INDEX SECURITIES LIMITED,Trademow Securities Private Limited,2026-04-24 14:43:45.107468
2026042404011048,NGPL,36,98,200,442.1,88420.0,Secured Securities Ltd.,Trademow Securities Private Limited,2026-04-24 14:43:45.107683
2026042404011049,NGPL,52,98,140,442.0,61880.0,Sundhara Securities Limited,Trademow Securities Private Limited,2026-04-24 14:43:45.107902
2026042404011277,NGPL,58,57,1000,442.1,442100.0,Naasa Securities Co. Ltd.,Aryatara Investment & Securities,2026-04-24 14:46:17.159676
2026042404011287,NGPL,47,6,100,443.2,44320.0,Neev Securities Pvt. Ltd.,Agrawal Securities (PVT) Ltd.,2026-04-24 14:46:24.279952
2026042404011508,NGPL,56,32,50,443.1,22155.0,Sri Hari Securities Pvt. Ltd.,Premier Securities Company Ltd.,2026-04-24 14:48:42.243921
2026042404011544,NGPL,56,58,30,443.1,13293.0,Sri Hari Securities Pvt. Ltd.,Naasa Securities Co. Ltd.,2026-04-24 14:49:01.813469
2026042404011546,NGPL,56,58,107,443.1,47411.7,Sri Hari Securities Pvt. Ltd.,Naasa Securities Co. Ltd.,2026-04-24 14:49:03.745258
2026042404011547,NGPL,56,58,100,443.0,44300.0,Sri Hari Securities Pvt. Ltd.,Naasa Securities Co. Ltd.,2026-04-24 14:49:03.745783
2026042404011574,NGPL,16,58,200,442.4,88480.0,Primo Securities (PVT) Ltd.,Naasa Securities Co. Ltd.,2026-04-24 14:49:22.038519
2026042404011575,NGPL,35,58,100,442.3,44230.0,Kohinoor Investment & Securities Pvt. Ltd.,Naasa Securities Co. Ltd.,2026-04-24 14:49:22.039000
2026042404011576,NGPL,1,58,293,442.3,129593.9,Kumari Securities Private Limited,Naasa Securities Co. Ltd.,2026-04-24 14:49:22.039230
2026042404011577,NGPL,88,6,400,443.2,177280.0,Blue Chip Securities Ltd,Agrawal Securities (PVT) Ltd.,2026-04-24 14:49:24.715371
2026042404011578,NGPL,88,51,250,443.2,110800.0,Blue Chip Securities Ltd,Oxford Securities Pvt. Ltd.,2026-04-24 14:49:24.716322
2026042404011596,NGPL,88,14,100,443.2,44320.0,Blue Chip Securities Ltd,Nepal Stock House (PVT) Ltd.,2026-04-24 14:49:37.226361
2026042404011691,NGPL,11,6,500,443.3,221650.0,Malla & Malla Stock Broking Company Pvt. Limited,Agrawal Securities (PVT) Ltd.,2026-04-24 14:50:33.030191
2026042404011692,NGPL,88,6,500,443.2,221600.0,Blue Chip Securities Ltd,Agrawal Securities (PVT) Ltd.,2026-04-24 14:50:33.031135
2026042404011775,NGPL,59,98,91,443.4,40349.4,Deevyaa Securities & Stock House Pvt. Ltd,Trademow Securities Private Limited,2026-04-24 14:50:55.417514
2026042404011812,NGPL,41,41,100,443.8,44380.0,Linch Stock Market Ltd.,Linch Stock Market Ltd.,2026-04-24 14:51:11.745599
2026042404011825,NGPL,34,41,50,443.8,22190.0,Vision Securities Pvt. Ltd,Linch Stock Market Ltd.,2026-04-24 14:51:19.268467
2026042404011848,NGPL,45,45,100,443.9,44390.0,Imperial Securities Company Pvt. Ltd.,Imperial Securities Company Pvt. Ltd.,2026-04-24 14:51:28.655186
2026042404011849,NGPL,45,58,100,443.9,44390.0,Imperial Securities Company Pvt. Ltd.,Naasa Securities Co. Ltd.,2026-04-24 14:51:28.656118
2026042404011855,NGPL,4,57,100,444.0,44400.0,Opal Securities Investment (PVT) Ltd.,Aryatara Investment & Securities,2026-04-24 14:51:34.059090
2026042404011856,NGPL,4,52,100,444.0,44400.0,Opal Securities Investment (PVT) Ltd.,Sundhara Securities Limited,2026-04-24 14:51:34.059560
2026042404011857,NGPL,4,57,500,444.0,222000.0,Opal Securities Investment (PVT) Ltd.,Aryatara Investment & Securities,2026-04-24 14:51:34.059784
2026042404011858,NGPL,4,6,300,444.0,133200.0,Opal Securities Investment (PVT) Ltd.,Agrawal Securities (PVT) Ltd.,2026-04-24 14:51:34.059997
2026042404011870,NGPL,34,26,200,443.8,88760.0,Vision Securities Pvt. Ltd,Asian Securities Private Ltd.,2026-04-24 14:51:39.363171
2026042404011908,NGPL,4,6,700,444.0,310800.0,Opal Securities Investment (PVT) Ltd.,Agrawal Securities (PVT) Ltd.,2026-04-24 14:51:51.968984
2026042404011909,NGPL,4,18,100,444.0,44400.0,Opal Securities Investment (PVT) Ltd.,Sagarmatha Securities Private Limited,2026-04-24 14:51:51.969463
2026042404011916,NGPL,34,6,500,443.8,221900.0,Vision Securities Pvt. Ltd,Agrawal Securities (PVT) Ltd.,2026-04-24 14:51:54.074643
2026042404011983,NGPL,59,57,200,444.4,88880.0,Deevyaa Securities & Stock House Pvt. Ltd,Aryatara Investment & Securities,2026-04-24 14:52:02.315714
2026042404011984,NGPL,59,50,100,444.4,44440.0,Deevyaa Securities & Stock House Pvt. Ltd,Cristal Kanchanjanga Securites Pvt. Ltd.,2026-04-24 14:52:02.316622
2026042404012026,NGPL,28,92,1000,444.0,444000.0,Shree Krishna Securities Ltd.,Roadshow securities limited,2026-04-24 14:52:13.247245
2026042404012027,NGPL,74,92,540,444.0,239760.0,KALASH STOCK MARKET PVT. LTD.,Roadshow securities limited,2026-04-24 14:52:13.247285
2026042404012028,NGPL,1,92,100,444.0,44400.0,Kumari Securities Private Limited,Roadshow securities limited,2026-04-24 14:52:13.247308
2026042404012029,NGPL,34,92,250,443.8,110950.0,Vision Securities Pvt. Ltd,Roadshow securities limited,2026-04-24 14:52:13.247341
2026042404012030,NGPL,44,92,500,443.8,221900.0,Dynamic Money Managers Securities Pvt. Ltd.,Roadshow securities limited,2026-04-24 14:52:13.247371
2026042404012031,NGPL,88,92,750,443.2,332400.0,Blue Chip Securities Ltd,Roadshow securities limited,2026-04-24 14:52:13.247396
2026042404012032,NGPL,1,92,57,442.3,25211.1,Kumari Securities Private Limited,Roadshow securities limited,2026-04-24 14:52:13.247419
2026042404012033,NGPL,48,92,200,442.2,88440.0,Trishakti Securities Public Limited,Roadshow securities limited,2026-04-24 14:52:13.247442
2026042404012034,NGPL,58,92,403,442.1,178166.3,Naasa Securities Co. Ltd.,Roadshow securities limited,2026-04-24 14:52:13.247464
2026042404012063,NGPL,45,34,537,444.6,238750.2,Imperial Securities Company Pvt. Ltd.,Vision Securities Pvt. Ltd,2026-04-24 14:52:30.381155
2026042404012097,NGPL,45,13,163,444.6,72469.8,Imperial Securities Company Pvt. Ltd.,Thrive Brokerage House Pvt. Ltd,2026-04-24 14:52:48.585771
2026042404012179,NGPL,56,101,1780,442.6,787828.0,Sri Hari Securities Pvt. Ltd.,APPLE SECURITIES PRIVATE LIMITED,2026-04-24 14:53:28.189721
2026042404012180,NGPL,83,101,3000,442.5,1327500.0,Sanima Securities Limited,APPLE SECURITIES PRIVATE LIMITED,2026-04-24 14:53:28.190728
2026042404012181,NGPL,101,101,2000,442.2,884400.0,APPLE SECURITIES PRIVATE LIMITED,APPLE SECURITIES PRIVATE LIMITED,2026-04-24 14:53:28.191421
2026042404012182,NGPL,58,101,97,442.1,42883.7,Naasa Securities Co. Ltd.,APPLE SECURITIES PRIVATE LIMITED,2026-04-24 14:53:28.192088
2026042404012183,NGPL,52,101,180,442.0,79560.0,Sundhara Securities Limited,APPLE SECURITIES PRIVATE LIMITED,2026-04-24 14:53:28.192761
2026042404012184,NGPL,46,101,85,442.0,37570.0,Kalika Securities Pvt. Ltd.,APPLE SECURITIES PRIVATE LIMITED,2026-04-24 14:53:28.193429
2026042404012185,NGPL,4,101,16,442.0,7072.0,Opal Securities Investment (PVT) Ltd.,APPLE SECURITIES PRIVATE LIMITED,2026-04-24 14:53:28.194082
2026042404012186,NGPL,38,101,1000,442.0,442000.0,Dipshikha Dhitopatra Karobar Co. Pvt Ltd.,APPLE SECURITIES PRIVATE LIMITED,2026-04-24 14:53:28.194748
2026042404012187,NGPL,49,101,245,442.0,108290.0,Online Securities Pvt. Ltd.,APPLE SECURITIES PRIVATE LIMITED,2026-04-24 14:53:28.195409
2026042404012188,NGPL,91,101,1597,442.0,705874.0,Citizens Share Broker Limited,APPLE SECURITIES PRIVATE LIMITED,2026-04-24 14:53:28.196072
2026042404012380,NGPL,16,49,95,442.5,42037.5,Primo Securities (PVT) Ltd.,Online Securities Pvt. Ltd.,2026-04-24 14:54:40.087997
2026042404012417,NGPL,16,77,65,442.5,28762.5,Primo Securities (PVT) Ltd.,Nabil Stock Dealer Ltd.,2026-04-24 14:54:52.760673
2026042404012418,NGPL,11,77,360,442.2,159192.0,Malla & Malla Stock Broking Company Pvt. Limited,Nabil Stock Dealer Ltd.,2026-04-24 14:54:52.761625
2026042404012419,NGPL,81,77,1000,442.2,442200.0,Aakashbhairab Securities Ltd.,Nabil Stock Dealer Ltd.,2026-04-24 14:54:52.762277
2026042404012420,NGPL,45,77,500,442.1,221050.0,Imperial Securities Company Pvt. Ltd.,Nabil Stock Dealer Ltd.,2026-04-24 14:54:52.762931
2026042404012421,NGPL,91,77,8403,442.0,3714126.0,Citizens Share Broker Limited,Nabil Stock Dealer Ltd.,2026-04-24 14:54:52.763583
2026042404012422,NGPL,58,77,46,442.0,20332.0,Naasa Securities Co. Ltd.,Nabil Stock Dealer Ltd.,2026-04-24 14:54:52.764220
2026042404012423,NGPL,58,77,300,442.0,132600.0,Naasa Securities Co. Ltd.,Nabil Stock Dealer Ltd.,2026-04-24 14:54:52.764865
2026042404012424,NGPL,72,77,915,442.0,404430.0,Hatemalo Financial Services Private Limited,Nabil Stock Dealer Ltd.,2026-04-24 14:54:52.765509
2026042404012425,NGPL,49,77,50,442.0,22100.0,Online Securities Pvt. Ltd.,Nabil Stock Dealer Ltd.,2026-04-24 14:54:52.766133
2026042404012426,NGPL,67,77,200,442.0,88400.0,Property Wiard Limited,Nabil Stock Dealer Ltd.,2026-04-24 14:54:52.766773
2026042404012427,NGPL,70,77,8000,441.6,3532800.0,Infinity Securities Limited,Nabil Stock Dealer Ltd.,2026-04-24 14:54:52.767430
2026042404012428,NGPL,56,77,25,441.5,11037.5,Sri Hari Securities Pvt. Ltd.,Nabil Stock Dealer Ltd.,2026-04-24 14:54:52.768084
2026042404012429,NGPL,43,77,20,441.5,8830.0,South Asian Bulls Pvt. Ltd.,Nabil Stock Dealer Ltd.,2026-04-24 14:54:52.768720
2026042404012430,NGPL,88,77,1000,441.3,441300.0,Blue Chip Securities Ltd,Nabil Stock Dealer Ltd.,2026-04-24 14:54:52.769368
2026042404012431,NGPL,91,77,4116,441.3,1816390.8,Citizens Share Broker Limited,Nabil Stock Dealer Ltd.,2026-04-24 14:54:52.769756
2026042404012498,NGPL,11,34,77,442.1,34041.7,Malla & Malla Stock Broking Company Pvt. Limited,Vision Securities Pvt. Ltd,2026-04-24 14:55:17.598561
2026042404012547,NGPL,39,45,20,442.0,8840.0,Sumeru Securities Pvt. Ltd.,Imperial Securities Company Pvt. Ltd.,2026-04-24 14:55:38.451413
2026042404012610,NGPL,39,35,600,442.0,265200.0,Sumeru Securities Pvt. Ltd.,Kohinoor Investment & Securities Pvt. Ltd.,2026-04-24 14:56:00.464537
2026042404012617,NGPL,39,43,380,442.0,167960.0,Sumeru Securities Pvt. Ltd.,South Asian Bulls Pvt. Ltd.,2026-04-24 14:56:04.683547
2026042404012637,NGPL,35,43,620,442.0,274040.0,Kohinoor Investment & Securities Pvt. Ltd.,South Asian Bulls Pvt. Ltd.,2026-04-24 14:56:10.164350
2026042404012645,NGPL,35,66,1000,442.0,442000.0,Kohinoor Investment & Securities Pvt. Ltd.,Miyo Securities Pvt Ltd,2026-04-24 14:56:12.465560
2026042404012654,NGPL,35,38,200,442.0,88400.0,Kohinoor Investment & Securities Pvt. Ltd.,Dipshikha Dhitopatra Karobar Co. Pvt Ltd.,2026-04-24 14:56:15.784075
2026042404012688,NGPL,35,48,82,442.0,36244.0,Kohinoor Investment & Securities Pvt. Ltd.,Trishakti Securities Public Limited,2026-04-24 14:56:26.485588
2026042404012729,NGPL,35,43,965,442.0,426530.0,Kohinoor Investment & Securities Pvt. Ltd.,South Asian Bulls Pvt. Ltd.,2026-04-24 14:56:39.696094
2026042404012749,NGPL,21,43,35,442.0,15470.0,Midas Stock Broking Company Private Limited,South Asian Bulls Pvt. Ltd.,2026-04-24 14:56:47.191836
2026042404012750,NGPL,21,42,465,442.0,205530.0,Midas Stock Broking Company Private Limited,Sani Securities Company Ltd.,2026-04-24 14:56:47.192729
2026042404012783,NGPL,59,42,85,442.0,37570.0,Deevyaa Securities & Stock House Pvt. Ltd,Sani Securities Company Ltd.,2026-04-24 14:56:59.391739
2026042404012787,NGPL,59,49,15,442.0,6630.0,Deevyaa Securities & Stock House Pvt. Ltd,Online Securities Pvt. Ltd.,2026-04-24 14:57:01.696709
2026042404012837,NGPL,100,49,37,442.0,16354.0,Sunrise Securities Limited,Online Securities Pvt. Ltd.,2026-04-24 14:57:11.979639
2026042404012838,NGPL,100,34,23,442.1,10168.3,Sunrise Securities Limited,Vision Securities Pvt. Ltd,2026-04-24 14:57:11.980115
2026042404012839,NGPL,100,19,50,443.0,22150.0,Sunrise Securities Limited,Nepal Investment And Securities Trading Private Limited,2026-04-24 14:57:11.980378
2026042404012840,NGPL,100,36,60,444.0,26640.0,Sunrise Securities Limited,Secured Securities Ltd.,2026-04-24 14:57:11.980603
2026042404012841,NGPL,100,26,100,444.0,44400.0,Sunrise Securities Limited,Asian Securities Private Ltd.,2026-04-24 14:57:11.980839
2026042404012842,NGPL,100,50,25,444.0,11100.0,Sunrise Securities Limited,Cristal Kanchanjanga Securites Pvt. Ltd.,2026-04-24 14:57:11.981057
2026042404012843,NGPL,100,25,100,444.0,44400.0,Sunrise Securities Limited,Sweta Securities Private Limited,2026-04-24 14:57:11.981280
2026042404012922,NGPL,100,32,190,444.1,84379.0,Sunrise Securities Limited,Premier Securities Company Ltd.,2026-04-24 14:57:33.322190
2026042404012923,NGPL,100,13,37,444.4,16442.8,Sunrise Securities Limited,Thrive Brokerage House Pvt. Ltd,2026-04-24 14:57:33.323097
2026042404012924,NGPL,100,42,24,444.5,10668.0,Sunrise Securities Limited,Sani Securities Company Ltd.,2026-04-24 14:57:33.323766
2026042404012925,NGPL,100,6,500,444.6,222300.0,Sunrise Securities Limited,Agrawal Securities (PVT) Ltd.,2026-04-24 14:57:33.324425
2026042404012926,NGPL,100,48,430,444.9,191307.0,Sunrise Securities Limited,Trishakti Securities Public Limited,2026-04-24 14:57:33.324892
2026042404012927,NGPL,100,65,424,444.9,188637.6,Sunrise Securities Limited,Sharepro Securities Private Limited,2026-04-24 14:57:33.325137
2026042404013072,NGPL,39,74,100,444.0,44400.0,Sumeru Securities Pvt. Ltd.,KALASH STOCK MARKET PVT. LTD.,2026-04-24 14:58:05.186143
2026042404013108,NGPL,45,28,500,442.1,221050.0,Imperial Securities Company Pvt. Ltd.,Shree Krishna Securities Ltd.,2026-04-24 14:58:14.438149
2026042404013143,NGPL,42,3,104,443.0,46072.0,Sani Securities Company Ltd.,Arun Securities (PVT) Ltd.,2026-04-24 14:58:20.946584
2026042404013241,NGPL,32,65,20,443.1,8862.0,Premier Securities Company Ltd.,Sharepro Securities Private Limited,2026-04-24 14:58:41.207631
2026042404013242,NGPL,42,65,56,443.0,24808.0,Sani Securities Company Ltd.,Sharepro Securities Private Limited,2026-04-24 14:58:41.208075
2026042404013265,NGPL,100,34,54,443.9,23970.6,Sunrise Securities Limited,Vision Securities Pvt. Ltd,2026-04-24 14:58:43.640003
2026042404013266,NGPL,100,74,40,444.0,17760.0,Sunrise Securities Limited,KALASH STOCK MARKET PVT. LTD.,2026-04-24 14:58:43.640479
2026042404013267,NGPL,100,61,100,444.0,44400.0,Sunrise Securities Limited,BHOLE GANESH SECURITIES LTD,2026-04-24 14:58:43.640932
2026042404013268,NGPL,100,35,19,445.0,8455.0,Sunrise Securities Limited,Kohinoor Investment & Securities Pvt. Ltd.,2026-04-24 14:58:43.641246
2026042404013269,NGPL,100,13,100,445.0,44500.0,Sunrise Securities Limited,Thrive Brokerage House Pvt. Ltd,2026-04-24 14:58:43.641581
2026042404013270,NGPL,100,41,10,445.0,4450.0,Sunrise Securities Limited,Linch Stock Market Ltd.,2026-04-24 14:58:43.641949
2026042404013271,NGPL,100,51,28,445.0,12460.0,Sunrise Securities Limited,Oxford Securities Pvt. Ltd.,2026-04-24 14:58:43.642320
2026042404013272,NGPL,100,34,75,445.0,33375.0,Sunrise Securities Limited,Vision Securities Pvt. Ltd,2026-04-24 14:58:43.642700
2026042404013273,NGPL,100,42,574,445.0,255430.0,Sunrise Securities Limited,Sani Securities Company Ltd.,2026-04-24 14:58:43.643047
2026042404013621,NGPL,82,57,100,444.8,44480.0,N.M.B. SECURITIES LIMITED,Aryatara Investment & Securities,2026-04-24 14:59:34.395625
2026042404013622,NGPL,82,14,900,444.9,400410.0,N.M.B. SECURITIES LIMITED,Nepal Stock House (PVT) Ltd.,2026-04-24 14:59:34.396567
2026042404013767,NGPL,49,33,50,444.0,22200.0,Online Securities Pvt. Ltd.,Dakshinkali Investment & Securities Pvt. Ltd.,2026-04-24 14:59:52.958981
2026042404013899,NGPL,82,41,100,444.8,44480.0,N.M.B. SECURITIES LIMITED,Linch Stock Market Ltd.,2026-04-24 14:59:59.239521
2026042404013900,NGPL,82,14,830,444.9,369267.0,N.M.B. SECURITIES LIMITED,Nepal Stock House (PVT) Ltd.,2026-04-24 14:59:59.240038
2026042404013901,NGPL,82,42,70,445.0,31150.0,N.M.B. SECURITIES LIMITED,Sani Securities Company Ltd.,2026-04-24 14:59:59.240379
