contractId,stockSymbol,buyerMemberId,sellerMemberId,quantity,rate,amount,businessDate,tradeBookId,stockId,buyerBrokerName,sellerBrokerName,transaction_time,securityName
2026042403000035,SAPDBL,17,47,10,830.0,8300.0,2026-04-24,187803924,2860,ABC Securities Private Limited,Neev Securities Pvt. Ltd.,2026-04-24 11:01:30.661574,Saptakoshi Development Bank Ltd
2026042403000038,SAPDBL,29,47,100,830.0,83000.0,2026-04-24,187804050,2860,Trisul Securities & Invt. Ltd.,Neev Securities Pvt. Ltd.,2026-04-24 11:01:38.271511,Saptakoshi Development Bank Ltd
2026042403000066,SAPDBL,58,4,12,807.1,9685.2,2026-04-24,187804800,2860,Naasa Securities Co. Ltd.,Opal Securities Investment (PVT) Ltd.,2026-04-24 11:02:21.684770,Saptakoshi Development Bank Ltd
2026042403000067,SAPDBL,45,4,200,807.0,161400.0,2026-04-24,187804802,2860,Imperial Securities Company Pvt. Ltd.,Opal Securities Investment (PVT) Ltd.,2026-04-24 11:02:21.684945,Saptakoshi Development Bank Ltd
2026042403000092,SAPDBL,45,4,50,807.0,40350.0,2026-04-24,187805152,2860,Imperial Securities Company Pvt. Ltd.,Opal Securities Investment (PVT) Ltd.,2026-04-24 11:02:48.503873,Saptakoshi Development Bank Ltd
2026042403000108,SAPDBL,22,4,100,807.0,80700.0,2026-04-24,187805484,2860,Siprabi Securities Pvt. Ltd.,Opal Securities Investment (PVT) Ltd.,2026-04-24 11:03:15.708849,Saptakoshi Development Bank Ltd
2026042403000109,SAPDBL,64,4,50,807.0,40350.0,2026-04-24,187805534,2860,SUN SECURITIES PVT LTD,Opal Securities Investment (PVT) Ltd.,2026-04-24 11:03:19.037506,Saptakoshi Development Bank Ltd
2026042403000110,SAPDBL,91,4,200,807.0,161400.0,2026-04-24,187805556,2860,Citizens Share Broker Limited,Opal Securities Investment (PVT) Ltd.,2026-04-24 11:03:21.876907,Saptakoshi Development Bank Ltd
2026042403000111,SAPDBL,26,4,20,807.0,16140.0,2026-04-24,187805566,2860,Asian Securities Private Ltd.,Opal Securities Investment (PVT) Ltd.,2026-04-24 11:03:22.469898,Saptakoshi Development Bank Ltd
2026042403000113,SAPDBL,52,4,168,807.0,135576.0,2026-04-24,187805669,2860,Sundhara Securities Limited,Opal Securities Investment (PVT) Ltd.,2026-04-24 11:03:30.762297,Saptakoshi Development Bank Ltd
2026042403000150,SAPDBL,42,36,80,807.5,64600.0,2026-04-24,187807091,2860,Sani Securities Company Ltd.,Secured Securities Ltd.,2026-04-24 11:05:32.814545,Saptakoshi Development Bank Ltd
2026042403000154,SAPDBL,52,36,32,807.0,25824.0,2026-04-24,187807352,2860,Sundhara Securities Limited,Secured Securities Ltd.,2026-04-24 11:05:46.010907,Saptakoshi Development Bank Ltd
2026042403000155,SAPDBL,45,36,50,807.0,40350.0,2026-04-24,187807354,2860,Imperial Securities Company Pvt. Ltd.,Secured Securities Ltd.,2026-04-24 11:05:46.011155,Saptakoshi Development Bank Ltd
2026042403000156,SAPDBL,26,36,18,807.0,14526.0,2026-04-24,187807355,2860,Asian Securities Private Ltd.,Secured Securities Ltd.,2026-04-24 11:05:46.011310,Saptakoshi Development Bank Ltd
2026042403000163,SAPDBL,57,36,70,806.0,56420.0,2026-04-24,187807641,2860,Aryatara Investment & Securities,Secured Securities Ltd.,2026-04-24 11:06:03.364641,Saptakoshi Development Bank Ltd
2026042403000172,SAPDBL,17,44,10,819.9,8199.0,2026-04-24,187808756,2860,ABC Securities Private Limited,Dynamic Money Managers Securities Pvt. Ltd.,2026-04-24 11:07:16.082032,Saptakoshi Development Bank Ltd
2026042403000174,SAPDBL,22,28,10,807.0,8070.0,2026-04-24,187808847,2860,Siprabi Securities Pvt. Ltd.,Shree Krishna Securities Ltd.,2026-04-24 11:07:21.805698,Saptakoshi Development Bank Ltd
2026042403000230,SAPDBL,43,36,50,808.0,40400.0,2026-04-24,187810750,2860,South Asian Bulls Pvt. Ltd.,Secured Securities Ltd.,2026-04-24 11:09:54.480499,Saptakoshi Development Bank Ltd
2026042403000235,SAPDBL,60,36,110,808.0,88880.0,2026-04-24,187810812,2860,Nagarik Stock Dealer ,Secured Securities Ltd.,2026-04-24 11:10:02.248411,Saptakoshi Development Bank Ltd
2026042403000245,SAPDBL,41,36,10,808.0,8080.0,2026-04-24,187811036,2860,Linch Stock Market Ltd.,Secured Securities Ltd.,2026-04-24 11:10:24.923005,Saptakoshi Development Bank Ltd
2026042403000246,SAPDBL,17,36,30,808.0,24240.0,2026-04-24,187811101,2860,ABC Securities Private Limited,Secured Securities Ltd.,2026-04-24 11:10:28.505131,Saptakoshi Development Bank Ltd
2026042403000247,SAPDBL,17,57,20,824.9,16498.0,2026-04-24,187811104,2860,ABC Securities Private Limited,Aryatara Investment & Securities,2026-04-24 11:10:28.505262,Saptakoshi Development Bank Ltd
2026042403000250,SAPDBL,6,28,10,807.0,8070.0,2026-04-24,187811375,2860,Agrawal Securities (PVT) Ltd.,Shree Krishna Securities Ltd.,2026-04-24 11:10:49.013568,Saptakoshi Development Bank Ltd
2026042403000312,SAPDBL,35,42,10,808.1,8081.0,2026-04-24,187813185,2860,Kohinoor Investment & Securities Pvt. Ltd.,Sani Securities Company Ltd.,2026-04-24 11:13:19.063419,Saptakoshi Development Bank Ltd
2026042403000317,SAPDBL,35,45,100,808.0,80800.0,2026-04-24,187813334,2860,Kohinoor Investment & Securities Pvt. Ltd.,Imperial Securities Company Pvt. Ltd.,2026-04-24 11:13:31.472059,Saptakoshi Development Bank Ltd
2026042403000318,SAPDBL,44,45,50,808.0,40400.0,2026-04-24,187813338,2860,Dynamic Money Managers Securities Pvt. Ltd.,Imperial Securities Company Pvt. Ltd.,2026-04-24 11:13:31.472352,Saptakoshi Development Bank Ltd
2026042403000319,SAPDBL,42,45,10,808.0,8080.0,2026-04-24,187813342,2860,Sani Securities Company Ltd.,Imperial Securities Company Pvt. Ltd.,2026-04-24 11:13:31.472541,Saptakoshi Development Bank Ltd
2026042403000320,SAPDBL,8,45,40,808.0,32320.0,2026-04-24,187813344,2860,Brilliant Securities Pvt. Ltd.,Imperial Securities Company Pvt. Ltd.,2026-04-24 11:13:31.472724,Saptakoshi Development Bank Ltd
2026042403000402,SAPDBL,8,33,160,808.0,129280.0,2026-04-24,187815662,2860,Brilliant Securities Pvt. Ltd.,Dakshinkali Investment & Securities Pvt. Ltd.,2026-04-24 11:16:58.338928,Saptakoshi Development Bank Ltd
2026042403000403,SAPDBL,1,33,200,808.0,161600.0,2026-04-24,187815664,2860,Kumari Securities Private Limited,Dakshinkali Investment & Securities Pvt. Ltd.,2026-04-24 11:16:58.338960,Saptakoshi Development Bank Ltd
2026042403000404,SAPDBL,43,33,30,808.0,24240.0,2026-04-24,187815666,2860,South Asian Bulls Pvt. Ltd.,Dakshinkali Investment & Securities Pvt. Ltd.,2026-04-24 11:16:58.338982,Saptakoshi Development Bank Ltd
2026042403000405,SAPDBL,90,33,50,807.0,40350.0,2026-04-24,187815668,2860,Sajilo Broker Limited,Dakshinkali Investment & Securities Pvt. Ltd.,2026-04-24 11:16:58.339003,Saptakoshi Development Bank Ltd
2026042403000406,SAPDBL,41,33,15,807.0,12105.0,2026-04-24,187815670,2860,Linch Stock Market Ltd.,Dakshinkali Investment & Securities Pvt. Ltd.,2026-04-24 11:16:58.339033,Saptakoshi Development Bank Ltd
2026042403000407,SAPDBL,38,33,312,807.0,251784.0,2026-04-24,187815671,2860,Dipshikha Dhitopatra Karobar Co. Pvt Ltd.,Dakshinkali Investment & Securities Pvt. Ltd.,2026-04-24 11:16:58.339069,Saptakoshi Development Bank Ltd
2026042403000412,SAPDBL,38,57,47,807.0,37929.0,2026-04-24,187816120,2860,Dipshikha Dhitopatra Karobar Co. Pvt Ltd.,Aryatara Investment & Securities,2026-04-24 11:17:37.715091,Saptakoshi Development Bank Ltd
2026042403000418,SAPDBL,58,57,10,807.0,8070.0,2026-04-24,187816308,2860,Naasa Securities Co. Ltd.,Aryatara Investment & Securities,2026-04-24 11:17:54.307265,Saptakoshi Development Bank Ltd
2026042403000435,SAPDBL,35,57,43,807.0,34701.0,2026-04-24,187816886,2860,Kohinoor Investment & Securities Pvt. Ltd.,Aryatara Investment & Securities,2026-04-24 11:18:53.399982,Saptakoshi Development Bank Ltd
2026042403000520,SAPDBL,28,41,10,814.0,8140.0,2026-04-24,187819902,2860,Shree Krishna Securities Ltd.,Linch Stock Market Ltd.,2026-04-24 11:23:22.330227,Saptakoshi Development Bank Ltd
2026042403000642,SAPDBL,66,35,15,810.0,12150.0,2026-04-24,187823545,2860,Miyo Securities Pvt Ltd,Kohinoor Investment & Securities Pvt. Ltd.,2026-04-24 11:28:01.828918,Saptakoshi Development Bank Ltd
2026042403000658,SAPDBL,28,34,10,813.0,8130.0,2026-04-24,187824180,2860,Shree Krishna Securities Ltd.,Vision Securities Pvt. Ltd,2026-04-24 11:29:04.248544,Saptakoshi Development Bank Ltd
2026042403000659,SAPDBL,58,34,122,813.0,99186.0,2026-04-24,187824362,2860,Naasa Securities Co. Ltd.,Vision Securities Pvt. Ltd,2026-04-24 11:29:25.358058,Saptakoshi Development Bank Ltd
2026042403000675,SAPDBL,28,34,10,815.0,8150.0,2026-04-24,187825357,2860,Shree Krishna Securities Ltd.,Vision Securities Pvt. Ltd,2026-04-24 11:30:52.031515,Saptakoshi Development Bank Ltd
2026042403000676,SAPDBL,28,49,10,819.8,8198.0,2026-04-24,187825360,2860,Shree Krishna Securities Ltd.,Online Securities Pvt. Ltd.,2026-04-24 11:30:52.031557,Saptakoshi Development Bank Ltd
2026042403000805,SAPDBL,8,28,10,810.1,8101.0,2026-04-24,187828184,2860,Brilliant Securities Pvt. Ltd.,Shree Krishna Securities Ltd.,2026-04-24 11:36:00.772312,Saptakoshi Development Bank Ltd
2026042403000806,SAPDBL,85,28,200,810.0,162000.0,2026-04-24,187828186,2860,Capital Hub P. Ltd,Shree Krishna Securities Ltd.,2026-04-24 11:36:00.772503,Saptakoshi Development Bank Ltd
2026042403000807,SAPDBL,6,28,100,810.0,81000.0,2026-04-24,187828188,2860,Agrawal Securities (PVT) Ltd.,Shree Krishna Securities Ltd.,2026-04-24 11:36:00.772596,Saptakoshi Development Bank Ltd
2026042403000808,SAPDBL,6,28,100,810.0,81000.0,2026-04-24,187828190,2860,Agrawal Securities (PVT) Ltd.,Shree Krishna Securities Ltd.,2026-04-24 11:36:00.772685,Saptakoshi Development Bank Ltd
2026042403000809,SAPDBL,6,28,100,810.0,81000.0,2026-04-24,187828192,2860,Agrawal Securities (PVT) Ltd.,Shree Krishna Securities Ltd.,2026-04-24 11:36:00.772772,Saptakoshi Development Bank Ltd
2026042403000810,SAPDBL,42,28,50,810.0,40500.0,2026-04-24,187828194,2860,Sani Securities Company Ltd.,Shree Krishna Securities Ltd.,2026-04-24 11:36:00.772859,Saptakoshi Development Bank Ltd
2026042403000851,SAPDBL,6,34,100,809.0,80900.0,2026-04-24,187829010,2860,Agrawal Securities (PVT) Ltd.,Vision Securities Pvt. Ltd,2026-04-24 11:37:03.513393,Saptakoshi Development Bank Ltd
2026042403000852,SAPDBL,6,34,100,809.0,80900.0,2026-04-24,187829012,2860,Agrawal Securities (PVT) Ltd.,Vision Securities Pvt. Ltd,2026-04-24 11:37:03.513604,Saptakoshi Development Bank Ltd
2026042403000853,SAPDBL,34,34,100,809.0,80900.0,2026-04-24,187829013,2860,Vision Securities Pvt. Ltd,Vision Securities Pvt. Ltd,2026-04-24 11:37:03.513698,Saptakoshi Development Bank Ltd
2026042403000855,SAPDBL,62,28,20,810.0,16200.0,2026-04-24,187829048,2860,Capital Max Securities Ltd,Shree Krishna Securities Ltd.,2026-04-24 11:37:08.554905,Saptakoshi Development Bank Ltd
2026042403000879,SAPDBL,6,35,40,808.0,32320.0,2026-04-24,187829641,2860,Agrawal Securities (PVT) Ltd.,Kohinoor Investment & Securities Pvt. Ltd.,2026-04-24 11:38:16.154957,Saptakoshi Development Bank Ltd
2026042403000882,SAPDBL,1,47,100,809.0,80900.0,2026-04-24,187829710,2860,Kumari Securities Private Limited,Neev Securities Pvt. Ltd.,2026-04-24 11:38:26.841118,Saptakoshi Development Bank Ltd
2026042403000888,SAPDBL,58,47,50,809.0,40450.0,2026-04-24,187830062,2860,Naasa Securities Co. Ltd.,Neev Securities Pvt. Ltd.,2026-04-24 11:38:54.929455,Saptakoshi Development Bank Ltd
2026042403000908,SAPDBL,62,47,10,809.0,8090.0,2026-04-24,187830498,2860,Capital Max Securities Ltd,Neev Securities Pvt. Ltd.,2026-04-24 11:40:07.765652,Saptakoshi Development Bank Ltd
2026042403000911,SAPDBL,35,47,40,809.0,32360.0,2026-04-24,187830558,2860,Kohinoor Investment & Securities Pvt. Ltd.,Neev Securities Pvt. Ltd.,2026-04-24 11:40:15.286227,Saptakoshi Development Bank Ltd
2026042403000920,SAPDBL,17,28,10,809.0,8090.0,2026-04-24,187830873,2860,ABC Securities Private Limited,Shree Krishna Securities Ltd.,2026-04-24 11:40:57.767558,Saptakoshi Development Bank Ltd
2026042403000946,SAPDBL,52,58,100,809.0,80900.0,2026-04-24,187831348,2860,Sundhara Securities Limited,Naasa Securities Co. Ltd.,2026-04-24 11:41:58.582248,Saptakoshi Development Bank Ltd
2026042403000955,SAPDBL,6,52,30,808.0,24240.0,2026-04-24,187831837,2860,Agrawal Securities (PVT) Ltd.,Sundhara Securities Limited,2026-04-24 11:42:58.827355,Saptakoshi Development Bank Ltd
2026042403000958,SAPDBL,6,52,22,808.0,17776.0,2026-04-24,187831905,2860,Agrawal Securities (PVT) Ltd.,Sundhara Securities Limited,2026-04-24 11:43:10.050216,Saptakoshi Development Bank Ltd
2026042403000960,SAPDBL,41,57,40,809.8,32392.0,2026-04-24,187832015,2860,Linch Stock Market Ltd.,Aryatara Investment & Securities,2026-04-24 11:43:29.885337,Saptakoshi Development Bank Ltd
2026042403000961,SAPDBL,41,41,60,809.9,48594.0,2026-04-24,187832018,2860,Linch Stock Market Ltd.,Linch Stock Market Ltd.,2026-04-24 11:43:29.885558,Saptakoshi Development Bank Ltd
2026042403000969,SAPDBL,41,41,50,809.9,40495.0,2026-04-24,187832316,2860,Linch Stock Market Ltd.,Linch Stock Market Ltd.,2026-04-24 11:44:05.252091,Saptakoshi Development Bank Ltd
2026042403000978,SAPDBL,49,41,60,809.9,48594.0,2026-04-24,187832706,2860,Online Securities Pvt. Ltd.,Linch Stock Market Ltd.,2026-04-24 11:44:43.828704,Saptakoshi Development Bank Ltd
2026042403001033,SAPDBL,35,28,20,808.3,16166.0,2026-04-24,187833744,2860,Kohinoor Investment & Securities Pvt. Ltd.,Shree Krishna Securities Ltd.,2026-04-24 11:46:27.061487,Saptakoshi Development Bank Ltd
2026042403001034,SAPDBL,34,28,10,808.2,8082.0,2026-04-24,187833746,2860,Vision Securities Pvt. Ltd,Shree Krishna Securities Ltd.,2026-04-24 11:46:27.061586,Saptakoshi Development Bank Ltd
2026042403001035,SAPDBL,8,28,10,808.1,8081.0,2026-04-24,187833747,2860,Brilliant Securities Pvt. Ltd.,Shree Krishna Securities Ltd.,2026-04-24 11:46:27.061674,Saptakoshi Development Bank Ltd
2026042403001066,SAPDBL,34,41,200,809.9,161980.0,2026-04-24,187834972,2860,Vision Securities Pvt. Ltd,Linch Stock Market Ltd.,2026-04-24 11:48:58.472236,Saptakoshi Development Bank Ltd
2026042403001079,SAPDBL,35,41,500,809.9,404950.0,2026-04-24,187835194,2860,Kohinoor Investment & Securities Pvt. Ltd.,Linch Stock Market Ltd.,2026-04-24 11:49:28.648066,Saptakoshi Development Bank Ltd
2026042403001082,SAPDBL,49,41,80,809.9,64792.0,2026-04-24,187835290,2860,Online Securities Pvt. Ltd.,Linch Stock Market Ltd.,2026-04-24 11:49:37.891649,Saptakoshi Development Bank Ltd
2026042403001086,SAPDBL,54,41,40,809.9,32396.0,2026-04-24,187835391,2860,Sewa Securities Pvt. Ltd.,Linch Stock Market Ltd.,2026-04-24 11:49:50.870019,Saptakoshi Development Bank Ltd
2026042403001088,SAPDBL,35,11,40,809.9,32396.0,2026-04-24,187835484,2860,Kohinoor Investment & Securities Pvt. Ltd.,Malla & Malla Stock Broking Company Pvt. Limited,2026-04-24 11:50:09.476647,Saptakoshi Development Bank Ltd
2026042403001089,SAPDBL,6,11,100,809.0,80900.0,2026-04-24,187835486,2860,Agrawal Securities (PVT) Ltd.,Malla & Malla Stock Broking Company Pvt. Limited,2026-04-24 11:50:09.477130,Saptakoshi Development Bank Ltd
2026042403001090,SAPDBL,41,11,50,809.0,40450.0,2026-04-24,187835488,2860,Linch Stock Market Ltd.,Malla & Malla Stock Broking Company Pvt. Limited,2026-04-24 11:50:09.477424,Saptakoshi Development Bank Ltd
2026042403001091,SAPDBL,54,11,80,808.4,64672.0,2026-04-24,187835490,2860,Sewa Securities Pvt. Ltd.,Malla & Malla Stock Broking Company Pvt. Limited,2026-04-24 11:50:09.477715,Saptakoshi Development Bank Ltd
2026042403001092,SAPDBL,49,11,100,808.3,80830.0,2026-04-24,187835492,2860,Online Securities Pvt. Ltd.,Malla & Malla Stock Broking Company Pvt. Limited,2026-04-24 11:50:09.478034,Saptakoshi Development Bank Ltd
2026042403001093,SAPDBL,22,11,100,808.2,80820.0,2026-04-24,187835494,2860,Siprabi Securities Pvt. Ltd.,Malla & Malla Stock Broking Company Pvt. Limited,2026-04-24 11:50:09.478316,Saptakoshi Development Bank Ltd
2026042403001094,SAPDBL,35,11,100,808.0,80800.0,2026-04-24,187835496,2860,Kohinoor Investment & Securities Pvt. Ltd.,Malla & Malla Stock Broking Company Pvt. Limited,2026-04-24 11:50:09.478604,Saptakoshi Development Bank Ltd
2026042403001095,SAPDBL,58,11,45,808.0,36360.0,2026-04-24,187835498,2860,Naasa Securities Co. Ltd.,Malla & Malla Stock Broking Company Pvt. Limited,2026-04-24 11:50:09.478893,Saptakoshi Development Bank Ltd
2026042403001096,SAPDBL,58,11,20,808.0,16160.0,2026-04-24,187835500,2860,Naasa Securities Co. Ltd.,Malla & Malla Stock Broking Company Pvt. Limited,2026-04-24 11:50:09.479183,Saptakoshi Development Bank Ltd
2026042403001097,SAPDBL,6,11,100,808.0,80800.0,2026-04-24,187835502,2860,Agrawal Securities (PVT) Ltd.,Malla & Malla Stock Broking Company Pvt. Limited,2026-04-24 11:50:09.479468,Saptakoshi Development Bank Ltd
2026042403001098,SAPDBL,58,11,25,808.0,20200.0,2026-04-24,187835504,2860,Naasa Securities Co. Ltd.,Malla & Malla Stock Broking Company Pvt. Limited,2026-04-24 11:50:09.479769,Saptakoshi Development Bank Ltd
2026042403001099,SAPDBL,28,11,240,808.0,193920.0,2026-04-24,187835505,2860,Shree Krishna Securities Ltd.,Malla & Malla Stock Broking Company Pvt. Limited,2026-04-24 11:50:09.480062,Saptakoshi Development Bank Ltd
2026042403001106,SAPDBL,29,28,300,810.0,243000.0,2026-04-24,187835657,2860,Trisul Securities & Invt. Ltd.,Shree Krishna Securities Ltd.,2026-04-24 11:50:32.424599,Saptakoshi Development Bank Ltd
2026042403001194,SAPDBL,52,58,15,810.1,12151.5,2026-04-24,187838189,2860,Sundhara Securities Limited,Naasa Securities Co. Ltd.,2026-04-24 11:55:23.276123,Saptakoshi Development Bank Ltd
2026042403001197,SAPDBL,52,28,185,810.1,149868.5,2026-04-24,187838292,2860,Sundhara Securities Limited,Shree Krishna Securities Ltd.,2026-04-24 11:55:37.686974,Saptakoshi Development Bank Ltd
2026042403001198,SAPDBL,58,28,500,810.0,405000.0,2026-04-24,187838294,2860,Naasa Securities Co. Ltd.,Shree Krishna Securities Ltd.,2026-04-24 11:55:37.687467,Saptakoshi Development Bank Ltd
2026042403001209,SAPDBL,72,58,20,809.2,16184.0,2026-04-24,187838630,2860,Hatemalo Financial Services Private Limited,Naasa Securities Co. Ltd.,2026-04-24 11:56:18.269231,Saptakoshi Development Bank Ltd
2026042403001210,SAPDBL,45,58,80,809.2,64736.0,2026-04-24,187838631,2860,Imperial Securities Company Pvt. Ltd.,Naasa Securities Co. Ltd.,2026-04-24 11:56:18.269327,Saptakoshi Development Bank Ltd
2026042403001212,SAPDBL,34,28,100,810.0,81000.0,2026-04-24,187838726,2860,Vision Securities Pvt. Ltd,Shree Krishna Securities Ltd.,2026-04-24 11:56:36.184251,Saptakoshi Development Bank Ltd
2026042403001228,SAPDBL,44,28,1400,810.0,1134000.0,2026-04-24,187839314,2860,Dynamic Money Managers Securities Pvt. Ltd.,Shree Krishna Securities Ltd.,2026-04-24 11:58:03.791571,Saptakoshi Development Bank Ltd
2026042403001262,SAPDBL,1,28,50,810.0,40500.0,2026-04-24,187839614,2860,Kumari Securities Private Limited,Shree Krishna Securities Ltd.,2026-04-24 11:58:43.693013,Saptakoshi Development Bank Ltd
2026042403001271,SAPDBL,45,58,20,809.2,16184.0,2026-04-24,187839844,2860,Imperial Securities Company Pvt. Ltd.,Naasa Securities Co. Ltd.,2026-04-24 11:59:06.004510,Saptakoshi Development Bank Ltd
2026042403001272,SAPDBL,52,58,80,809.1,64728.0,2026-04-24,187839845,2860,Sundhara Securities Limited,Naasa Securities Co. Ltd.,2026-04-24 11:59:06.004745,Saptakoshi Development Bank Ltd
2026042403001280,SAPDBL,52,28,6000,810.0,4860000.0,2026-04-24,187840124,2860,Sundhara Securities Limited,Shree Krishna Securities Ltd.,2026-04-24 11:59:41.160906,Saptakoshi Development Bank Ltd
2026042403001284,SAPDBL,94,28,100,810.0,81000.0,2026-04-24,187840310,2860,K.B.L. Securities Limited ,Shree Krishna Securities Ltd.,2026-04-24 12:00:07.692509,Saptakoshi Development Bank Ltd
2026042403001318,SAPDBL,52,19,20,809.1,16182.0,2026-04-24,187840788,2860,Sundhara Securities Limited,Nepal Investment And Securities Trading Private Limited,2026-04-24 12:00:57.778458,Saptakoshi Development Bank Ltd
2026042403001319,SAPDBL,43,19,30,808.0,24240.0,2026-04-24,187840790,2860,South Asian Bulls Pvt. Ltd.,Nepal Investment And Securities Trading Private Limited,2026-04-24 12:00:57.778707,Saptakoshi Development Bank Ltd
2026042403001320,SAPDBL,94,19,100,808.0,80800.0,2026-04-24,187840792,2860,K.B.L. Securities Limited ,Nepal Investment And Securities Trading Private Limited,2026-04-24 12:00:57.778821,Saptakoshi Development Bank Ltd
2026042403001321,SAPDBL,72,19,10,807.4,8074.0,2026-04-24,187840794,2860,Hatemalo Financial Services Private Limited,Nepal Investment And Securities Trading Private Limited,2026-04-24 12:00:57.778948,Saptakoshi Development Bank Ltd
2026042403001322,SAPDBL,72,19,10,807.3,8073.0,2026-04-24,187840796,2860,Hatemalo Financial Services Private Limited,Nepal Investment And Securities Trading Private Limited,2026-04-24 12:00:57.779084,Saptakoshi Development Bank Ltd
2026042403001323,SAPDBL,28,19,1000,807.3,807300.0,2026-04-24,187840798,2860,Shree Krishna Securities Ltd.,Nepal Investment And Securities Trading Private Limited,2026-04-24 12:00:57.779211,Saptakoshi Development Bank Ltd
2026042403001324,SAPDBL,65,19,100,807.2,80720.0,2026-04-24,187840800,2860,Sharepro Securities Private Limited,Nepal Investment And Securities Trading Private Limited,2026-04-24 12:00:57.779344,Saptakoshi Development Bank Ltd
2026042403001325,SAPDBL,28,19,1000,807.2,807200.0,2026-04-24,187840802,2860,Shree Krishna Securities Ltd.,Nepal Investment And Securities Trading Private Limited,2026-04-24 12:00:57.779459,Saptakoshi Development Bank Ltd
2026042403001326,SAPDBL,58,19,100,807.1,80710.0,2026-04-24,187840804,2860,Naasa Securities Co. Ltd.,Nepal Investment And Securities Trading Private Limited,2026-04-24 12:00:57.779622,Saptakoshi Development Bank Ltd
2026042403001327,SAPDBL,60,19,100,807.1,80710.0,2026-04-24,187840806,2860,Nagarik Stock Dealer ,Nepal Investment And Securities Trading Private Limited,2026-04-24 12:00:57.779731,Saptakoshi Development Bank Ltd
2026042403001328,SAPDBL,6,19,100,807.0,80700.0,2026-04-24,187840808,2860,Agrawal Securities (PVT) Ltd.,Nepal Investment And Securities Trading Private Limited,2026-04-24 12:00:57.779837,Saptakoshi Development Bank Ltd
2026042403001329,SAPDBL,6,19,100,807.0,80700.0,2026-04-24,187840810,2860,Agrawal Securities (PVT) Ltd.,Nepal Investment And Securities Trading Private Limited,2026-04-24 12:00:57.779942,Saptakoshi Development Bank Ltd
2026042403001330,SAPDBL,58,19,280,807.0,225960.0,2026-04-24,187840812,2860,Naasa Securities Co. Ltd.,Nepal Investment And Securities Trading Private Limited,2026-04-24 12:00:57.780071,Saptakoshi Development Bank Ltd
2026042403001331,SAPDBL,21,19,50,807.0,40350.0,2026-04-24,187840813,2860,Midas Stock Broking Company Private Limited,Nepal Investment And Securities Trading Private Limited,2026-04-24 12:00:57.780188,Saptakoshi Development Bank Ltd
2026042403001346,SAPDBL,21,19,50,807.0,40350.0,2026-04-24,187841466,2860,Midas Stock Broking Company Private Limited,Nepal Investment And Securities Trading Private Limited,2026-04-24 12:02:14.824258,Saptakoshi Development Bank Ltd
2026042403001347,SAPDBL,35,19,423,807.0,341361.0,2026-04-24,187841468,2860,Kohinoor Investment & Securities Pvt. Ltd.,Nepal Investment And Securities Trading Private Limited,2026-04-24 12:02:14.824723,Saptakoshi Development Bank Ltd
2026042403001348,SAPDBL,35,19,18,807.0,14526.0,2026-04-24,187841469,2860,Kohinoor Investment & Securities Pvt. Ltd.,Nepal Investment And Securities Trading Private Limited,2026-04-24 12:02:14.825042,Saptakoshi Development Bank Ltd
2026042403001354,SAPDBL,33,28,100,810.0,81000.0,2026-04-24,187841688,2860,Dakshinkali Investment & Securities Pvt. Ltd.,Shree Krishna Securities Ltd.,2026-04-24 12:02:37.044044,Saptakoshi Development Bank Ltd
2026042403001363,SAPDBL,35,28,200,810.0,162000.0,2026-04-24,187842022,2860,Kohinoor Investment & Securities Pvt. Ltd.,Shree Krishna Securities Ltd.,2026-04-24 12:03:22.251700,Saptakoshi Development Bank Ltd
2026042403001384,SAPDBL,58,58,10,807.1,8071.0,2026-04-24,187842649,2860,Naasa Securities Co. Ltd.,Naasa Securities Co. Ltd.,2026-04-24 12:04:57.966799,Saptakoshi Development Bank Ltd
2026042403001433,SAPDBL,44,28,200,810.0,162000.0,2026-04-24,187844252,2860,Dynamic Money Managers Securities Pvt. Ltd.,Shree Krishna Securities Ltd.,2026-04-24 12:08:15.550477,Saptakoshi Development Bank Ltd
2026042403001440,SAPDBL,14,28,26,810.0,21060.0,2026-04-24,187844480,2860,Nepal Stock House (PVT) Ltd.,Shree Krishna Securities Ltd.,2026-04-24 12:08:44.943354,Saptakoshi Development Bank Ltd
2026042403001472,SAPDBL,22,44,100,809.0,80900.0,2026-04-24,187845342,2860,Siprabi Securities Pvt. Ltd.,Dynamic Money Managers Securities Pvt. Ltd.,2026-04-24 12:10:14.997123,Saptakoshi Development Bank Ltd
2026042403001517,SAPDBL,45,28,80,810.0,64800.0,2026-04-24,187846814,2860,Imperial Securities Company Pvt. Ltd.,Shree Krishna Securities Ltd.,2026-04-24 12:12:57.715681,Saptakoshi Development Bank Ltd
2026042403001521,SAPDBL,74,28,10,810.0,8100.0,2026-04-24,187846886,2860,KALASH STOCK MARKET PVT. LTD.,Shree Krishna Securities Ltd.,2026-04-24 12:13:05.072757,Saptakoshi Development Bank Ltd
2026042403001550,SAPDBL,8,44,40,809.0,32360.0,2026-04-24,187847265,2860,Brilliant Securities Pvt. Ltd.,Dynamic Money Managers Securities Pvt. Ltd.,2026-04-24 12:14:01.123763,Saptakoshi Development Bank Ltd
2026042403001551,SAPDBL,74,28,90,810.0,72900.0,2026-04-24,187847312,2860,KALASH STOCK MARKET PVT. LTD.,Shree Krishna Securities Ltd.,2026-04-24 12:14:12.093100,Saptakoshi Development Bank Ltd
2026042403001584,SAPDBL,14,28,90,810.0,72900.0,2026-04-24,187847822,2860,Nepal Stock House (PVT) Ltd.,Shree Krishna Securities Ltd.,2026-04-24 12:15:03.738822,Saptakoshi Development Bank Ltd
2026042403001635,SAPDBL,28,56,10,816.9,8169.0,2026-04-24,187850210,2860,Shree Krishna Securities Ltd.,Sri Hari Securities Pvt. Ltd.,2026-04-24 12:19:54.005965,Saptakoshi Development Bank Ltd
2026042403001688,SAPDBL,34,28,10,808.0,8080.0,2026-04-24,187852061,2860,Vision Securities Pvt. Ltd,Shree Krishna Securities Ltd.,2026-04-24 12:23:07.453755,Saptakoshi Development Bank Ltd
2026042403001727,SAPDBL,45,28,25,810.0,20250.0,2026-04-24,187853670,2860,Imperial Securities Company Pvt. Ltd.,Shree Krishna Securities Ltd.,2026-04-24 12:26:26.467260,Saptakoshi Development Bank Ltd
2026042403001758,SAPDBL,70,74,100,808.1,80810.0,2026-04-24,187854791,2860,Infinity Securities Limited,KALASH STOCK MARKET PVT. LTD.,2026-04-24 12:28:31.185263,Saptakoshi Development Bank Ltd
2026042403001918,SAPDBL,32,28,250,810.0,202500.0,2026-04-24,187856808,2860,Premier Securities Company Ltd.,Shree Krishna Securities Ltd.,2026-04-24 12:32:18.800004,Saptakoshi Development Bank Ltd
2026042403001921,SAPDBL,14,25,500,808.2,404100.0,2026-04-24,187856844,2860,Nepal Stock House (PVT) Ltd.,Sweta Securities Private Limited,2026-04-24 12:32:22.045109,Saptakoshi Development Bank Ltd
2026042403001922,SAPDBL,70,25,100,808.1,80810.0,2026-04-24,187856846,2860,Infinity Securities Limited,Sweta Securities Private Limited,2026-04-24 12:32:22.045682,Saptakoshi Development Bank Ltd
2026042403001923,SAPDBL,34,25,40,808.0,32320.0,2026-04-24,187856848,2860,Vision Securities Pvt. Ltd,Sweta Securities Private Limited,2026-04-24 12:32:22.046066,Saptakoshi Development Bank Ltd
2026042403001924,SAPDBL,29,25,300,808.0,242400.0,2026-04-24,187856850,2860,Trisul Securities & Invt. Ltd.,Sweta Securities Private Limited,2026-04-24 12:32:22.046412,Saptakoshi Development Bank Ltd
2026042403001925,SAPDBL,67,25,60,808.0,48480.0,2026-04-24,187856851,2860,Property Wiard Limited,Sweta Securities Private Limited,2026-04-24 12:32:22.046745,Saptakoshi Development Bank Ltd
2026042403002093,SAPDBL,54,28,55,810.0,44550.0,2026-04-24,187861602,2860,Sewa Securities Pvt. Ltd.,Shree Krishna Securities Ltd.,2026-04-24 12:41:37.517425,Saptakoshi Development Bank Ltd
2026042403002110,SAPDBL,91,28,100,810.0,81000.0,2026-04-24,187861924,2860,Citizens Share Broker Limited,Shree Krishna Securities Ltd.,2026-04-24 12:42:22.005405,Saptakoshi Development Bank Ltd
2026042403002131,SAPDBL,35,28,150,810.0,121500.0,2026-04-24,187862480,2860,Kohinoor Investment & Securities Pvt. Ltd.,Shree Krishna Securities Ltd.,2026-04-24 12:43:36.726347,Saptakoshi Development Bank Ltd
2026042403002132,SAPDBL,35,28,123,810.0,99630.0,2026-04-24,187862580,2860,Kohinoor Investment & Securities Pvt. Ltd.,Shree Krishna Securities Ltd.,2026-04-24 12:43:45.690105,Saptakoshi Development Bank Ltd
2026042403002162,SAPDBL,22,28,10,810.0,8100.0,2026-04-24,187863384,2860,Siprabi Securities Pvt. Ltd.,Shree Krishna Securities Ltd.,2026-04-24 12:45:27.815232,Saptakoshi Development Bank Ltd
2026042403002216,SAPDBL,70,39,61,808.3,49306.3,2026-04-24,187864232,2860,Infinity Securities Limited,Sumeru Securities Pvt. Ltd.,2026-04-24 12:46:47.862080,Saptakoshi Development Bank Ltd
2026042403002217,SAPDBL,58,39,81,808.3,65472.3,2026-04-24,187864233,2860,Naasa Securities Co. Ltd.,Sumeru Securities Pvt. Ltd.,2026-04-24 12:46:47.862653,Saptakoshi Development Bank Ltd
2026042403002221,SAPDBL,52,58,100,809.0,80900.0,2026-04-24,187864382,2860,Sundhara Securities Limited,Naasa Securities Co. Ltd.,2026-04-24 12:46:57.710791,Saptakoshi Development Bank Ltd
2026042403002228,SAPDBL,4,39,108,808.2,87285.6,2026-04-24,187864525,2860,Opal Securities Investment (PVT) Ltd.,Sumeru Securities Pvt. Ltd.,2026-04-24 12:47:14.753483,Saptakoshi Development Bank Ltd
2026042403002268,SAPDBL,8,58,80,809.0,64720.0,2026-04-24,187865294,2860,Brilliant Securities Pvt. Ltd.,Naasa Securities Co. Ltd.,2026-04-24 12:48:32.426463,Saptakoshi Development Bank Ltd
2026042403002286,SAPDBL,8,35,125,810.0,101250.0,2026-04-24,187866128,2860,Brilliant Securities Pvt. Ltd.,Kohinoor Investment & Securities Pvt. Ltd.,2026-04-24 12:49:58.155952,Saptakoshi Development Bank Ltd
2026042403002301,SAPDBL,42,35,100,810.0,81000.0,2026-04-24,187866578,2860,Sani Securities Company Ltd.,Kohinoor Investment & Securities Pvt. Ltd.,2026-04-24 12:51:05.829567,Saptakoshi Development Bank Ltd
2026042403002312,SAPDBL,49,35,30,810.0,24300.0,2026-04-24,187867046,2860,Online Securities Pvt. Ltd.,Kohinoor Investment & Securities Pvt. Ltd.,2026-04-24 12:51:45.879652,Saptakoshi Development Bank Ltd
2026042403002320,SAPDBL,36,35,10,810.0,8100.0,2026-04-24,187867206,2860,Secured Securities Ltd.,Kohinoor Investment & Securities Pvt. Ltd.,2026-04-24 12:52:04.886556,Saptakoshi Development Bank Ltd
2026042403002341,SAPDBL,52,38,100,809.0,80900.0,2026-04-24,187867684,2860,Sundhara Securities Limited,Dipshikha Dhitopatra Karobar Co. Pvt Ltd.,2026-04-24 12:52:46.710717,Saptakoshi Development Bank Ltd
2026042403002342,SAPDBL,62,38,20,808.3,16166.0,2026-04-24,187867686,2860,Capital Max Securities Ltd,Dipshikha Dhitopatra Karobar Co. Pvt Ltd.,2026-04-24 12:52:46.711332,Saptakoshi Development Bank Ltd
2026042403002343,SAPDBL,4,38,542,808.2,438044.4,2026-04-24,187867688,2860,Opal Securities Investment (PVT) Ltd.,Dipshikha Dhitopatra Karobar Co. Pvt Ltd.,2026-04-24 12:52:46.711683,Saptakoshi Development Bank Ltd
2026042403002344,SAPDBL,34,38,90,808.1,72729.0,2026-04-24,187867690,2860,Vision Securities Pvt. Ltd,Dipshikha Dhitopatra Karobar Co. Pvt Ltd.,2026-04-24 12:52:46.712040,Saptakoshi Development Bank Ltd
2026042403002345,SAPDBL,28,38,56,808.1,45253.6,2026-04-24,187867691,2860,Shree Krishna Securities Ltd.,Dipshikha Dhitopatra Karobar Co. Pvt Ltd.,2026-04-24 12:52:46.712374,Saptakoshi Development Bank Ltd
2026042403002376,SAPDBL,75,35,35,810.0,28350.0,2026-04-24,187868179,2860,N.I.M.B. Stock Markets Limited,Kohinoor Investment & Securities Pvt. Ltd.,2026-04-24 12:53:25.274333,Saptakoshi Development Bank Ltd
2026042403002377,SAPDBL,75,35,400,810.0,324000.0,2026-04-24,187868181,2860,N.I.M.B. Stock Markets Limited,Kohinoor Investment & Securities Pvt. Ltd.,2026-04-24 12:53:25.274831,Saptakoshi Development Bank Ltd
2026042403002378,SAPDBL,28,35,10,813.0,8130.0,2026-04-24,187868460,2860,Shree Krishna Securities Ltd.,Kohinoor Investment & Securities Pvt. Ltd.,2026-04-24 12:53:43.852056,Saptakoshi Development Bank Ltd
2026042403002454,SAPDBL,75,42,50,810.0,40500.0,2026-04-24,187869705,2860,N.I.M.B. Stock Markets Limited,Sani Securities Company Ltd.,2026-04-24 12:55:41.611162,Saptakoshi Development Bank Ltd
2026042403002458,SAPDBL,28,19,10,812.9,8129.0,2026-04-24,187869850,2860,Shree Krishna Securities Ltd.,Nepal Investment And Securities Trading Private Limited,2026-04-24 12:56:00.078416,Saptakoshi Development Bank Ltd
2026042403002512,SAPDBL,58,19,650,812.9,528385.0,2026-04-24,187870422,2860,Naasa Securities Co. Ltd.,Nepal Investment And Securities Trading Private Limited,2026-04-24 12:57:09.947169,Saptakoshi Development Bank Ltd
2026042403002580,SAPDBL,75,58,15,810.0,12150.0,2026-04-24,187871772,2860,N.I.M.B. Stock Markets Limited,Naasa Securities Co. Ltd.,2026-04-24 13:00:01.430913,Saptakoshi Development Bank Ltd
2026042403002581,SAPDBL,54,58,10,810.0,8100.0,2026-04-24,187871773,2860,Sewa Securities Pvt. Ltd.,Naasa Securities Co. Ltd.,2026-04-24 13:00:01.431495,Saptakoshi Development Bank Ltd
2026042403002598,SAPDBL,28,22,10,812.6,8126.0,2026-04-24,187872368,2860,Shree Krishna Securities Ltd.,Siprabi Securities Pvt. Ltd.,2026-04-24 13:01:04.492463,Saptakoshi Development Bank Ltd
2026042403002657,SAPDBL,52,58,100,809.0,80900.0,2026-04-24,187873405,2860,Sundhara Securities Limited,Naasa Securities Co. Ltd.,2026-04-24 13:03:46.055579,Saptakoshi Development Bank Ltd
2026042403002735,SAPDBL,28,19,10,812.9,8129.0,2026-04-24,187875454,2860,Shree Krishna Securities Ltd.,Nepal Investment And Securities Trading Private Limited,2026-04-24 13:09:32.939146,Saptakoshi Development Bank Ltd
2026042403002786,SAPDBL,36,22,30,809.0,24270.0,2026-04-24,187876926,2860,Secured Securities Ltd.,Siprabi Securities Pvt. Ltd.,2026-04-24 13:13:28.538756,Saptakoshi Development Bank Ltd
2026042403002787,SAPDBL,8,22,10,809.0,8090.0,2026-04-24,187876928,2860,Brilliant Securities Pvt. Ltd.,Siprabi Securities Pvt. Ltd.,2026-04-24 13:13:28.539082,Saptakoshi Development Bank Ltd
2026042403002788,SAPDBL,54,22,10,808.3,8083.0,2026-04-24,187876930,2860,Sewa Securities Pvt. Ltd.,Siprabi Securities Pvt. Ltd.,2026-04-24 13:13:28.539204,Saptakoshi Development Bank Ltd
2026042403002789,SAPDBL,45,22,70,808.3,56581.0,2026-04-24,187876932,2860,Imperial Securities Company Pvt. Ltd.,Siprabi Securities Pvt. Ltd.,2026-04-24 13:13:28.539325,Saptakoshi Development Bank Ltd
2026042403002790,SAPDBL,38,22,100,808.3,80830.0,2026-04-24,187876934,2860,Dipshikha Dhitopatra Karobar Co. Pvt Ltd.,Siprabi Securities Pvt. Ltd.,2026-04-24 13:13:28.539444,Saptakoshi Development Bank Ltd
2026042403002791,SAPDBL,39,22,100,808.2,80820.0,2026-04-24,187876936,2860,Sumeru Securities Pvt. Ltd.,Siprabi Securities Pvt. Ltd.,2026-04-24 13:13:28.539564,Saptakoshi Development Bank Ltd
2026042403002792,SAPDBL,54,22,20,808.2,16164.0,2026-04-24,187876938,2860,Sewa Securities Pvt. Ltd.,Siprabi Securities Pvt. Ltd.,2026-04-24 13:13:28.539681,Saptakoshi Development Bank Ltd
2026042403002793,SAPDBL,38,22,60,808.2,48492.0,2026-04-24,187876939,2860,Dipshikha Dhitopatra Karobar Co. Pvt Ltd.,Siprabi Securities Pvt. Ltd.,2026-04-24 13:13:28.539798,Saptakoshi Development Bank Ltd
2026042403002797,SAPDBL,28,74,10,812.8,8128.0,2026-04-24,187877000,2860,Shree Krishna Securities Ltd.,KALASH STOCK MARKET PVT. LTD.,2026-04-24 13:13:36.034474,Saptakoshi Development Bank Ltd
2026042403002935,SAPDBL,38,19,11,812.0,8932.0,2026-04-24,187879876,2860,Dipshikha Dhitopatra Karobar Co. Pvt Ltd.,Nepal Investment And Securities Trading Private Limited,2026-04-24 13:20:32.754185,Saptakoshi Development Bank Ltd
2026042403002936,SAPDBL,58,34,125,809.0,101125.0,2026-04-24,187879880,2860,Naasa Securities Co. Ltd.,Vision Securities Pvt. Ltd,2026-04-24 13:20:33.382528,Saptakoshi Development Bank Ltd
2026042403002937,SAPDBL,72,34,250,809.0,202250.0,2026-04-24,187879881,2860,Hatemalo Financial Services Private Limited,Vision Securities Pvt. Ltd,2026-04-24 13:20:33.383103,Saptakoshi Development Bank Ltd
2026042403002949,SAPDBL,38,34,40,808.2,32328.0,2026-04-24,187880244,2860,Dipshikha Dhitopatra Karobar Co. Pvt Ltd.,Vision Securities Pvt. Ltd,2026-04-24 13:21:47.281163,Saptakoshi Development Bank Ltd
2026042403002950,SAPDBL,20,34,200,808.2,161640.0,2026-04-24,187880246,2860,Sipla Securities Private Limited,Vision Securities Pvt. Ltd,2026-04-24 13:21:47.281691,Saptakoshi Development Bank Ltd
2026042403002951,SAPDBL,57,34,50,808.2,40410.0,2026-04-24,187880247,2860,Aryatara Investment & Securities,Vision Securities Pvt. Ltd,2026-04-24 13:21:47.282077,Saptakoshi Development Bank Ltd
2026042403002956,SAPDBL,28,4,1000,808.1,808100.0,2026-04-24,187880453,2860,Shree Krishna Securities Ltd.,Opal Securities Investment (PVT) Ltd.,2026-04-24 13:22:08.574174,Saptakoshi Development Bank Ltd
2026042403002964,SAPDBL,38,19,25,812.0,20300.0,2026-04-24,187880646,2860,Dipshikha Dhitopatra Karobar Co. Pvt Ltd.,Nepal Investment And Securities Trading Private Limited,2026-04-24 13:22:24.280866,Saptakoshi Development Bank Ltd
2026042403003034,SAPDBL,49,21,100,811.9,81190.0,2026-04-24,187882274,2860,Online Securities Pvt. Ltd.,Midas Stock Broking Company Private Limited,2026-04-24 13:25:54.340912,Saptakoshi Development Bank Ltd
2026042403003046,SAPDBL,67,56,40,808.0,32320.0,2026-04-24,187882610,2860,Property Wiard Limited,Sri Hari Securities Pvt. Ltd.,2026-04-24 13:26:26.896665,Saptakoshi Development Bank Ltd
2026042403003047,SAPDBL,41,56,50,808.0,40400.0,2026-04-24,187882612,2860,Linch Stock Market Ltd.,Sri Hari Securities Pvt. Ltd.,2026-04-24 13:26:26.897220,Saptakoshi Development Bank Ltd
2026042403003048,SAPDBL,56,56,100,808.0,80800.0,2026-04-24,187882614,2860,Sri Hari Securities Pvt. Ltd.,Sri Hari Securities Pvt. Ltd.,2026-04-24 13:26:26.897575,Saptakoshi Development Bank Ltd
2026042403003049,SAPDBL,33,56,97,808.0,78376.0,2026-04-24,187882615,2860,Dakshinkali Investment & Securities Pvt. Ltd.,Sri Hari Securities Pvt. Ltd.,2026-04-24 13:26:26.897940,Saptakoshi Development Bank Ltd
2026042403003053,SAPDBL,28,19,10,812.0,8120.0,2026-04-24,187882726,2860,Shree Krishna Securities Ltd.,Nepal Investment And Securities Trading Private Limited,2026-04-24 13:26:38.306254,Saptakoshi Development Bank Ltd
2026042403003054,SAPDBL,41,56,10,808.0,8080.0,2026-04-24,187882757,2860,Linch Stock Market Ltd.,Sri Hari Securities Pvt. Ltd.,2026-04-24 13:26:43.050486,Saptakoshi Development Bank Ltd
2026042403003071,SAPDBL,28,19,10,812.0,8120.0,2026-04-24,187883072,2860,Shree Krishna Securities Ltd.,Nepal Investment And Securities Trading Private Limited,2026-04-24 13:27:29.319233,Saptakoshi Development Bank Ltd
2026042403003121,SAPDBL,33,19,40,812.0,32480.0,2026-04-24,187884654,2860,Dakshinkali Investment & Securities Pvt. Ltd.,Nepal Investment And Securities Trading Private Limited,2026-04-24 13:30:32.471001,Saptakoshi Development Bank Ltd
2026042403003266,SAPDBL,17,19,50,812.0,40600.0,2026-04-24,187889390,2860,ABC Securities Private Limited,Nepal Investment And Securities Trading Private Limited,2026-04-24 13:40:30.106775,Saptakoshi Development Bank Ltd
2026042403003272,SAPDBL,36,19,23,812.0,18676.0,2026-04-24,187889872,2860,Secured Securities Ltd.,Nepal Investment And Securities Trading Private Limited,2026-04-24 13:41:37.848146,Saptakoshi Development Bank Ltd
2026042403003276,SAPDBL,14,14,50,812.7,40635.0,2026-04-24,187890172,2860,Nepal Stock House (PVT) Ltd.,Nepal Stock House (PVT) Ltd.,2026-04-24 13:42:01.346805,Saptakoshi Development Bank Ltd
2026042403003383,SAPDBL,35,14,18,812.7,14628.6,2026-04-24,187894394,2860,Kohinoor Investment & Securities Pvt. Ltd.,Nepal Stock House (PVT) Ltd.,2026-04-24 13:50:56.336171,Saptakoshi Development Bank Ltd
2026042403003407,SAPDBL,34,58,10,811.0,8110.0,2026-04-24,187895063,2860,Vision Securities Pvt. Ltd,Naasa Securities Co. Ltd.,2026-04-24 13:52:12.053076,Saptakoshi Development Bank Ltd
2026042403003412,SAPDBL,48,58,50,810.5,40525.0,2026-04-24,187895207,2860,Trishakti Securities Public Limited,Naasa Securities Co. Ltd.,2026-04-24 13:52:22.862568,Saptakoshi Development Bank Ltd
2026042403003416,SAPDBL,36,44,60,810.3,48618.0,2026-04-24,187895334,2860,Secured Securities Ltd.,Dynamic Money Managers Securities Pvt. Ltd.,2026-04-24 13:52:48.943916,Saptakoshi Development Bank Ltd
2026042403003417,SAPDBL,48,44,50,810.3,40515.0,2026-04-24,187895336,2860,Trishakti Securities Public Limited,Dynamic Money Managers Securities Pvt. Ltd.,2026-04-24 13:52:48.944226,Saptakoshi Development Bank Ltd
2026042403003418,SAPDBL,57,44,50,810.2,40510.0,2026-04-24,187895338,2860,Aryatara Investment & Securities,Dynamic Money Managers Securities Pvt. Ltd.,2026-04-24 13:52:48.944368,Saptakoshi Development Bank Ltd
2026042403003420,SAPDBL,25,28,200,810.0,162000.0,2026-04-24,187895366,2860,Sweta Securities Private Limited,Shree Krishna Securities Ltd.,2026-04-24 13:52:51.132540,Saptakoshi Development Bank Ltd
2026042403003421,SAPDBL,42,28,100,810.0,81000.0,2026-04-24,187895368,2860,Sani Securities Company Ltd.,Shree Krishna Securities Ltd.,2026-04-24 13:52:51.132800,Saptakoshi Development Bank Ltd
2026042403003422,SAPDBL,10,28,38,810.0,30780.0,2026-04-24,187895370,2860,Pragyan Securities (PVT) Ltd.,Shree Krishna Securities Ltd.,2026-04-24 13:52:51.132922,Saptakoshi Development Bank Ltd
2026042403003434,SAPDBL,89,44,20,808.2,16164.0,2026-04-24,187895686,2860,Global IME Securities Limited,Dynamic Money Managers Securities Pvt. Ltd.,2026-04-24 13:53:15.417172,Saptakoshi Development Bank Ltd
2026042403003435,SAPDBL,58,44,20,808.2,16164.0,2026-04-24,187895687,2860,Naasa Securities Co. Ltd.,Dynamic Money Managers Securities Pvt. Ltd.,2026-04-24 13:53:15.417430,Saptakoshi Development Bank Ltd
2026042403003445,SAPDBL,49,28,120,810.0,97200.0,2026-04-24,187896062,2860,Online Securities Pvt. Ltd.,Shree Krishna Securities Ltd.,2026-04-24 13:54:05.461329,Saptakoshi Development Bank Ltd
2026042403003476,SAPDBL,39,14,30,809.9,24297.0,2026-04-24,187896951,2860,Sumeru Securities Pvt. Ltd.,Nepal Stock House (PVT) Ltd.,2026-04-24 13:55:54.133186,Saptakoshi Development Bank Ltd
2026042403003478,SAPDBL,49,28,15,810.0,12150.0,2026-04-24,187896994,2860,Online Securities Pvt. Ltd.,Shree Krishna Securities Ltd.,2026-04-24 13:56:02.279294,Saptakoshi Development Bank Ltd
2026042403003485,SAPDBL,58,57,100,808.2,80820.0,2026-04-24,187897249,2860,Naasa Securities Co. Ltd.,Aryatara Investment & Securities,2026-04-24 13:56:36.184346,Saptakoshi Development Bank Ltd
2026042403003560,SAPDBL,3,14,40,809.5,32380.0,2026-04-24,187898791,2860,Arun Securities (PVT) Ltd.,Nepal Stock House (PVT) Ltd.,2026-04-24 13:59:14.905059,Saptakoshi Development Bank Ltd
2026042403003579,SAPDBL,3,89,10,809.5,8095.0,2026-04-24,187899228,2860,Arun Securities (PVT) Ltd.,Global IME Securities Limited,2026-04-24 14:00:04.768801,Saptakoshi Development Bank Ltd
2026042403003580,SAPDBL,22,89,75,809.0,60675.0,2026-04-24,187899229,2860,Siprabi Securities Pvt. Ltd.,Global IME Securities Limited,2026-04-24 14:00:04.769442,Saptakoshi Development Bank Ltd
2026042403003595,SAPDBL,22,49,10,809.0,8090.0,2026-04-24,187899396,2860,Siprabi Securities Pvt. Ltd.,Online Securities Pvt. Ltd.,2026-04-24 14:00:32.905404,Saptakoshi Development Bank Ltd
2026042403003644,SAPDBL,6,49,50,808.4,40420.0,2026-04-24,187900342,2860,Agrawal Securities (PVT) Ltd.,Online Securities Pvt. Ltd.,2026-04-24 14:03:05.790584,Saptakoshi Development Bank Ltd
2026042403003645,SAPDBL,14,49,70,808.4,56588.0,2026-04-24,187900387,2860,Nepal Stock House (PVT) Ltd.,Online Securities Pvt. Ltd.,2026-04-24 14:03:14.047153,Saptakoshi Development Bank Ltd
2026042403003713,SAPDBL,39,46,120,808.5,97020.0,2026-04-24,187901210,2860,Sumeru Securities Pvt. Ltd.,Kalika Securities Pvt. Ltd.,2026-04-24 14:05:00.241189,Saptakoshi Development Bank Ltd
2026042403003714,SAPDBL,14,46,330,808.4,266772.0,2026-04-24,187901212,2860,Nepal Stock House (PVT) Ltd.,Kalika Securities Pvt. Ltd.,2026-04-24 14:05:00.241747,Saptakoshi Development Bank Ltd
2026042403003715,SAPDBL,58,46,20,808.3,16166.0,2026-04-24,187901214,2860,Naasa Securities Co. Ltd.,Kalika Securities Pvt. Ltd.,2026-04-24 14:05:00.242157,Saptakoshi Development Bank Ltd
2026042403003716,SAPDBL,58,46,160,808.2,129312.0,2026-04-24,187901216,2860,Naasa Securities Co. Ltd.,Kalika Securities Pvt. Ltd.,2026-04-24 14:05:00.242529,Saptakoshi Development Bank Ltd
2026042403003717,SAPDBL,36,46,100,808.1,80810.0,2026-04-24,187901218,2860,Secured Securities Ltd.,Kalika Securities Pvt. Ltd.,2026-04-24 14:05:00.242886,Saptakoshi Development Bank Ltd
2026042403003718,SAPDBL,70,46,300,808.1,242430.0,2026-04-24,187901220,2860,Infinity Securities Limited,Kalika Securities Pvt. Ltd.,2026-04-24 14:05:00.243250,Saptakoshi Development Bank Ltd
2026042403003719,SAPDBL,6,46,100,808.0,80800.0,2026-04-24,187901222,2860,Agrawal Securities (PVT) Ltd.,Kalika Securities Pvt. Ltd.,2026-04-24 14:05:00.243607,Saptakoshi Development Bank Ltd
2026042403003720,SAPDBL,58,46,170,808.0,137360.0,2026-04-24,187901224,2860,Naasa Securities Co. Ltd.,Kalika Securities Pvt. Ltd.,2026-04-24 14:05:00.243966,Saptakoshi Development Bank Ltd
2026042403003721,SAPDBL,50,46,100,808.0,80800.0,2026-04-24,187901226,2860,Cristal Kanchanjanga Securites Pvt. Ltd.,Kalika Securities Pvt. Ltd.,2026-04-24 14:05:00.244333,Saptakoshi Development Bank Ltd
2026042403003722,SAPDBL,42,46,150,808.0,121200.0,2026-04-24,187901228,2860,Sani Securities Company Ltd.,Kalika Securities Pvt. Ltd.,2026-04-24 14:05:00.244696,Saptakoshi Development Bank Ltd
2026042403003723,SAPDBL,34,46,10,808.0,8080.0,2026-04-24,187901230,2860,Vision Securities Pvt. Ltd,Kalika Securities Pvt. Ltd.,2026-04-24 14:05:00.245071,Saptakoshi Development Bank Ltd
2026042403003724,SAPDBL,35,46,100,808.0,80800.0,2026-04-24,187901232,2860,Kohinoor Investment & Securities Pvt. Ltd.,Kalika Securities Pvt. Ltd.,2026-04-24 14:05:00.245498,Saptakoshi Development Bank Ltd
2026042403003725,SAPDBL,91,46,250,808.0,202000.0,2026-04-24,187901234,2860,Citizens Share Broker Limited,Kalika Securities Pvt. Ltd.,2026-04-24 14:05:00.245831,Saptakoshi Development Bank Ltd
2026042403003726,SAPDBL,38,46,10,808.0,8080.0,2026-04-24,187901236,2860,Dipshikha Dhitopatra Karobar Co. Pvt Ltd.,Kalika Securities Pvt. Ltd.,2026-04-24 14:05:00.246213,Saptakoshi Development Bank Ltd
2026042403003727,SAPDBL,57,46,300,807.8,242340.0,2026-04-24,187901238,2860,Aryatara Investment & Securities,Kalika Securities Pvt. Ltd.,2026-04-24 14:05:00.246563,Saptakoshi Development Bank Ltd
2026042403003728,SAPDBL,4,46,1000,807.5,807500.0,2026-04-24,187901240,2860,Opal Securities Investment (PVT) Ltd.,Kalika Securities Pvt. Ltd.,2026-04-24 14:05:00.246938,Saptakoshi Development Bank Ltd
2026042403003729,SAPDBL,54,46,20,807.2,16144.0,2026-04-24,187901242,2860,Sewa Securities Pvt. Ltd.,Kalika Securities Pvt. Ltd.,2026-04-24 14:05:00.247312,Saptakoshi Development Bank Ltd
2026042403003730,SAPDBL,58,46,10,807.1,8071.0,2026-04-24,187901244,2860,Naasa Securities Co. Ltd.,Kalika Securities Pvt. Ltd.,2026-04-24 14:05:00.247650,Saptakoshi Development Bank Ltd
2026042403003731,SAPDBL,6,46,40,807.0,32280.0,2026-04-24,187901246,2860,Agrawal Securities (PVT) Ltd.,Kalika Securities Pvt. Ltd.,2026-04-24 14:05:00.247996,Saptakoshi Development Bank Ltd
2026042403003732,SAPDBL,60,46,50,807.0,40350.0,2026-04-24,187901248,2860,Nagarik Stock Dealer ,Kalika Securities Pvt. Ltd.,2026-04-24 14:05:00.248341,Saptakoshi Development Bank Ltd
2026042403003733,SAPDBL,14,46,50,806.9,40345.0,2026-04-24,187901250,2860,Nepal Stock House (PVT) Ltd.,Kalika Securities Pvt. Ltd.,2026-04-24 14:05:00.248700,Saptakoshi Development Bank Ltd
2026042403003734,SAPDBL,72,46,10,806.4,8064.0,2026-04-24,187901252,2860,Hatemalo Financial Services Private Limited,Kalika Securities Pvt. Ltd.,2026-04-24 14:05:00.249056,Saptakoshi Development Bank Ltd
2026042403003735,SAPDBL,94,46,2000,806.3,1612600.0,2026-04-24,187901254,2860,K.B.L. Securities Limited ,Kalika Securities Pvt. Ltd.,2026-04-24 14:05:00.249406,Saptakoshi Development Bank Ltd
2026042403003736,SAPDBL,57,46,30,806.0,24180.0,2026-04-24,187901256,2860,Aryatara Investment & Securities,Kalika Securities Pvt. Ltd.,2026-04-24 14:05:00.249792,Saptakoshi Development Bank Ltd
2026042403003737,SAPDBL,42,46,10,806.0,8060.0,2026-04-24,187901258,2860,Sani Securities Company Ltd.,Kalika Securities Pvt. Ltd.,2026-04-24 14:05:00.250168,Saptakoshi Development Bank Ltd
2026042403003738,SAPDBL,59,46,10,806.0,8060.0,2026-04-24,187901260,2860,Deevyaa Securities & Stock House Pvt. Ltd,Kalika Securities Pvt. Ltd.,2026-04-24 14:05:00.250550,Saptakoshi Development Bank Ltd
2026042403003739,SAPDBL,59,46,100,806.0,80600.0,2026-04-24,187901262,2860,Deevyaa Securities & Stock House Pvt. Ltd,Kalika Securities Pvt. Ltd.,2026-04-24 14:05:00.250899,Saptakoshi Development Bank Ltd
2026042403003740,SAPDBL,44,46,200,805.0,161000.0,2026-04-24,187901264,2860,Dynamic Money Managers Securities Pvt. Ltd.,Kalika Securities Pvt. Ltd.,2026-04-24 14:05:00.251254,Saptakoshi Development Bank Ltd
2026042403003741,SAPDBL,57,46,100,805.0,80500.0,2026-04-24,187901266,2860,Aryatara Investment & Securities,Kalika Securities Pvt. Ltd.,2026-04-24 14:05:00.251575,Saptakoshi Development Bank Ltd
2026042403003742,SAPDBL,49,46,40,805.0,32200.0,2026-04-24,187901268,2860,Online Securities Pvt. Ltd.,Kalika Securities Pvt. Ltd.,2026-04-24 14:05:00.251914,Saptakoshi Development Bank Ltd
2026042403003743,SAPDBL,22,46,100,805.0,80500.0,2026-04-24,187901270,2860,Siprabi Securities Pvt. Ltd.,Kalika Securities Pvt. Ltd.,2026-04-24 14:05:00.252257,Saptakoshi Development Bank Ltd
2026042403003744,SAPDBL,7,46,20,805.0,16100.0,2026-04-24,187901272,2860,J.F. Securites (PVT) Ltd.,Kalika Securities Pvt. Ltd.,2026-04-24 14:05:00.252586,Saptakoshi Development Bank Ltd
2026042403003745,SAPDBL,52,46,100,805.0,80500.0,2026-04-24,187901274,2860,Sundhara Securities Limited,Kalika Securities Pvt. Ltd.,2026-04-24 14:05:00.252910,Saptakoshi Development Bank Ltd
2026042403003746,SAPDBL,45,46,500,805.0,402500.0,2026-04-24,187901276,2860,Imperial Securities Company Pvt. Ltd.,Kalika Securities Pvt. Ltd.,2026-04-24 14:05:00.253245,Saptakoshi Development Bank Ltd
2026042403003776,SAPDBL,6,57,8,808.0,6464.0,2026-04-24,187901777,2860,Agrawal Securities (PVT) Ltd.,Aryatara Investment & Securities,2026-04-24 14:05:55.695420,Saptakoshi Development Bank Ltd
2026042403003820,SAPDBL,58,49,40,805.0,32200.0,2026-04-24,187902828,2860,Naasa Securities Co. Ltd.,Online Securities Pvt. Ltd.,2026-04-24 14:08:12.387996,Saptakoshi Development Bank Ltd
2026042403003842,SAPDBL,39,49,60,805.0,48300.0,2026-04-24,187902967,2860,Sumeru Securities Pvt. Ltd.,Online Securities Pvt. Ltd.,2026-04-24 14:08:26.724873,Saptakoshi Development Bank Ltd
2026042403003848,SAPDBL,36,50,4,808.0,3232.0,2026-04-24,187903065,2860,Secured Securities Ltd.,Cristal Kanchanjanga Securites Pvt. Ltd.,2026-04-24 14:08:41.280607,Saptakoshi Development Bank Ltd
2026042403003858,SAPDBL,36,43,1,806.0,806.0,2026-04-24,187903425,2860,Secured Securities Ltd.,South Asian Bulls Pvt. Ltd.,2026-04-24 14:09:18.024337,Saptakoshi Development Bank Ltd
2026042403003884,SAPDBL,28,58,10,808.0,8080.0,2026-04-24,187904098,2860,Shree Krishna Securities Ltd.,Naasa Securities Co. Ltd.,2026-04-24 14:10:47.507531,Saptakoshi Development Bank Ltd
2026042403003932,SAPDBL,48,46,50,805.1,40255.0,2026-04-24,187904798,2860,Trishakti Securities Public Limited,Kalika Securities Pvt. Ltd.,2026-04-24 14:11:54.098879,Saptakoshi Development Bank Ltd
2026042403003933,SAPDBL,43,46,50,805.0,40250.0,2026-04-24,187904800,2860,South Asian Bulls Pvt. Ltd.,Kalika Securities Pvt. Ltd.,2026-04-24 14:11:54.099472,Saptakoshi Development Bank Ltd
2026042403003934,SAPDBL,57,46,10,805.0,8050.0,2026-04-24,187904802,2860,Aryatara Investment & Securities,Kalika Securities Pvt. Ltd.,2026-04-24 14:11:54.099855,Saptakoshi Development Bank Ltd
2026042403003935,SAPDBL,41,46,20,805.0,16100.0,2026-04-24,187904804,2860,Linch Stock Market Ltd.,Kalika Securities Pvt. Ltd.,2026-04-24 14:11:54.100232,Saptakoshi Development Bank Ltd
2026042403003936,SAPDBL,54,46,20,805.0,16100.0,2026-04-24,187904806,2860,Sewa Securities Pvt. Ltd.,Kalika Securities Pvt. Ltd.,2026-04-24 14:11:54.100586,Saptakoshi Development Bank Ltd
2026042403003937,SAPDBL,38,46,250,805.0,201250.0,2026-04-24,187904808,2860,Dipshikha Dhitopatra Karobar Co. Pvt Ltd.,Kalika Securities Pvt. Ltd.,2026-04-24 14:11:54.100935,Saptakoshi Development Bank Ltd
2026042403003992,SAPDBL,5,46,100,805.0,80500.0,2026-04-24,187905638,2860,Market Securities & Exchange (PVT) Ltd.,Kalika Securities Pvt. Ltd.,2026-04-24 14:13:26.816443,Saptakoshi Development Bank Ltd
2026042403003994,SAPDBL,49,46,10,805.0,8050.0,2026-04-24,187905664,2860,Online Securities Pvt. Ltd.,Kalika Securities Pvt. Ltd.,2026-04-24 14:13:30.883590,Saptakoshi Development Bank Ltd
2026042403003996,SAPDBL,36,36,63,804.1,50658.3,2026-04-24,187905841,2860,Secured Securities Ltd.,Secured Securities Ltd.,2026-04-24 14:13:48.957413,Saptakoshi Development Bank Ltd
2026042403004000,SAPDBL,36,14,37,804.1,29751.7,2026-04-24,187905928,2860,Secured Securities Ltd.,Nepal Stock House (PVT) Ltd.,2026-04-24 14:13:57.887942,Saptakoshi Development Bank Ltd
2026042403004003,SAPDBL,74,14,10,804.1,8041.0,2026-04-24,187906085,2860,KALASH STOCK MARKET PVT. LTD.,Nepal Stock House (PVT) Ltd.,2026-04-24 14:14:11.246538,Saptakoshi Development Bank Ltd
2026042403004010,SAPDBL,70,46,339,805.0,272895.0,2026-04-24,187907036,2860,Infinity Securities Limited,Kalika Securities Pvt. Ltd.,2026-04-24 14:15:07.791797,Saptakoshi Development Bank Ltd
2026042403004011,SAPDBL,14,46,100,805.0,80500.0,2026-04-24,187907058,2860,Nepal Stock House (PVT) Ltd.,Kalika Securities Pvt. Ltd.,2026-04-24 14:15:11.276316,Saptakoshi Development Bank Ltd
2026042403004012,SAPDBL,14,46,200,805.0,161000.0,2026-04-24,187907094,2860,Nepal Stock House (PVT) Ltd.,Kalika Securities Pvt. Ltd.,2026-04-24 14:15:17.397239,Saptakoshi Development Bank Ltd
2026042403004036,SAPDBL,45,46,55,805.0,44275.0,2026-04-24,187907472,2860,Imperial Securities Company Pvt. Ltd.,Kalika Securities Pvt. Ltd.,2026-04-24 14:15:59.519332,Saptakoshi Development Bank Ltd
2026042403004045,SAPDBL,51,46,20,805.0,16100.0,2026-04-24,187907748,2860,Oxford Securities Pvt. Ltd.,Kalika Securities Pvt. Ltd.,2026-04-24 14:16:31.633911,Saptakoshi Development Bank Ltd
2026042403004070,SAPDBL,74,46,80,805.0,64400.0,2026-04-24,187908118,2860,KALASH STOCK MARKET PVT. LTD.,Kalika Securities Pvt. Ltd.,2026-04-24 14:17:11.457511,Saptakoshi Development Bank Ltd
2026042403004078,SAPDBL,74,46,50,805.0,40250.0,2026-04-24,187908176,2860,KALASH STOCK MARKET PVT. LTD.,Kalika Securities Pvt. Ltd.,2026-04-24 14:17:17.791729,Saptakoshi Development Bank Ltd
2026042403004099,SAPDBL,32,46,50,805.0,40250.0,2026-04-24,187908466,2860,Premier Securities Company Ltd.,Kalika Securities Pvt. Ltd.,2026-04-24 14:17:49.121010,Saptakoshi Development Bank Ltd
2026042403004148,SAPDBL,58,46,10,805.0,8050.0,2026-04-24,187909490,2860,Naasa Securities Co. Ltd.,Kalika Securities Pvt. Ltd.,2026-04-24 14:19:10.890343,Saptakoshi Development Bank Ltd
2026042403004154,SAPDBL,17,46,10,805.0,8050.0,2026-04-24,187909798,2860,ABC Securities Private Limited,Kalika Securities Pvt. Ltd.,2026-04-24 14:19:27.860403,Saptakoshi Development Bank Ltd
2026042403004169,SAPDBL,34,46,10,805.0,8050.0,2026-04-24,187910144,2860,Vision Securities Pvt. Ltd,Kalika Securities Pvt. Ltd.,2026-04-24 14:20:04.253010,Saptakoshi Development Bank Ltd
2026042403004183,SAPDBL,63,46,150,805.0,120750.0,2026-04-24,187910478,2860,Himalayan Brokerage Company Limited,Kalika Securities Pvt. Ltd.,2026-04-24 14:20:33.533110,Saptakoshi Development Bank Ltd
2026042403004187,SAPDBL,34,46,30,805.0,24150.0,2026-04-24,187910558,2860,Vision Securities Pvt. Ltd,Kalika Securities Pvt. Ltd.,2026-04-24 14:20:38.741156,Saptakoshi Development Bank Ltd
2026042403004189,SAPDBL,35,46,10,805.0,8050.0,2026-04-24,187910566,2860,Kohinoor Investment & Securities Pvt. Ltd.,Kalika Securities Pvt. Ltd.,2026-04-24 14:20:40.230922,Saptakoshi Development Bank Ltd
2026042403004190,SAPDBL,42,46,345,805.0,277725.0,2026-04-24,187910572,2860,Sani Securities Company Ltd.,Kalika Securities Pvt. Ltd.,2026-04-24 14:20:40.593146,Saptakoshi Development Bank Ltd
2026042403004191,SAPDBL,58,46,10,805.0,8050.0,2026-04-24,187910664,2860,Naasa Securities Co. Ltd.,Kalika Securities Pvt. Ltd.,2026-04-24 14:20:44.590882,Saptakoshi Development Bank Ltd
2026042403004196,SAPDBL,14,46,20,805.0,16100.0,2026-04-24,187910692,2860,Nepal Stock House (PVT) Ltd.,Kalika Securities Pvt. Ltd.,2026-04-24 14:20:49.605669,Saptakoshi Development Bank Ltd
2026042403004202,SAPDBL,74,46,30,805.0,24150.0,2026-04-24,187910758,2860,KALASH STOCK MARKET PVT. LTD.,Kalika Securities Pvt. Ltd.,2026-04-24 14:20:58.429345,Saptakoshi Development Bank Ltd
2026042403004212,SAPDBL,74,46,20,805.0,16100.0,2026-04-24,187911234,2860,KALASH STOCK MARKET PVT. LTD.,Kalika Securities Pvt. Ltd.,2026-04-24 14:21:25.240467,Saptakoshi Development Bank Ltd
2026042403004214,SAPDBL,58,58,20,804.2,16084.0,2026-04-24,187911368,2860,Naasa Securities Co. Ltd.,Naasa Securities Co. Ltd.,2026-04-24 14:21:32.846853,Saptakoshi Development Bank Ltd
2026042403004215,SAPDBL,14,58,47,804.1,37792.7,2026-04-24,187911369,2860,Nepal Stock House (PVT) Ltd.,Naasa Securities Co. Ltd.,2026-04-24 14:21:32.847202,Saptakoshi Development Bank Ltd
2026042403004261,SAPDBL,74,46,50,805.0,40250.0,2026-04-24,187911634,2860,KALASH STOCK MARKET PVT. LTD.,Kalika Securities Pvt. Ltd.,2026-04-24 14:21:49.634504,Saptakoshi Development Bank Ltd
2026042403004262,SAPDBL,49,46,200,805.0,161000.0,2026-04-24,187911648,2860,Online Securities Pvt. Ltd.,Kalika Securities Pvt. Ltd.,2026-04-24 14:21:50.600228,Saptakoshi Development Bank Ltd
2026042403004284,SAPDBL,72,45,50,804.2,40210.0,2026-04-24,187912316,2860,Hatemalo Financial Services Private Limited,Imperial Securities Company Pvt. Ltd.,2026-04-24 14:22:47.416558,Saptakoshi Development Bank Ltd
2026042403004285,SAPDBL,14,45,353,804.1,283847.3,2026-04-24,187912318,2860,Nepal Stock House (PVT) Ltd.,Imperial Securities Company Pvt. Ltd.,2026-04-24 14:22:47.417150,Saptakoshi Development Bank Ltd
2026042403004286,SAPDBL,22,45,100,804.1,80410.0,2026-04-24,187912320,2860,Siprabi Securities Pvt. Ltd.,Imperial Securities Company Pvt. Ltd.,2026-04-24 14:22:47.417531,Saptakoshi Development Bank Ltd
2026042403004287,SAPDBL,42,45,500,804.0,402000.0,2026-04-24,187912322,2860,Sani Securities Company Ltd.,Imperial Securities Company Pvt. Ltd.,2026-04-24 14:22:47.417898,Saptakoshi Development Bank Ltd
2026042403004288,SAPDBL,42,45,50,804.0,40200.0,2026-04-24,187912324,2860,Sani Securities Company Ltd.,Imperial Securities Company Pvt. Ltd.,2026-04-24 14:22:47.418273,Saptakoshi Development Bank Ltd
2026042403004289,SAPDBL,26,45,30,804.0,24120.0,2026-04-24,187912326,2860,Asian Securities Private Ltd.,Imperial Securities Company Pvt. Ltd.,2026-04-24 14:22:47.418666,Saptakoshi Development Bank Ltd
2026042403004290,SAPDBL,6,45,100,804.0,80400.0,2026-04-24,187912328,2860,Agrawal Securities (PVT) Ltd.,Imperial Securities Company Pvt. Ltd.,2026-04-24 14:22:47.419043,Saptakoshi Development Bank Ltd
2026042403004291,SAPDBL,6,45,67,804.0,53868.0,2026-04-24,187912329,2860,Agrawal Securities (PVT) Ltd.,Imperial Securities Company Pvt. Ltd.,2026-04-24 14:22:47.419413,Saptakoshi Development Bank Ltd
2026042403004302,SAPDBL,74,46,50,805.0,40250.0,2026-04-24,187912842,2860,KALASH STOCK MARKET PVT. LTD.,Kalika Securities Pvt. Ltd.,2026-04-24 14:23:10.442310,Saptakoshi Development Bank Ltd
2026042403004320,SAPDBL,42,46,100,805.0,80500.0,2026-04-24,187913342,2860,Sani Securities Company Ltd.,Kalika Securities Pvt. Ltd.,2026-04-24 14:23:47.393525,Saptakoshi Development Bank Ltd
2026042403004330,SAPDBL,42,46,200,805.0,161000.0,2026-04-24,187913470,2860,Sani Securities Company Ltd.,Kalika Securities Pvt. Ltd.,2026-04-24 14:24:03.739854,Saptakoshi Development Bank Ltd
2026042403004339,SAPDBL,74,46,50,805.0,40250.0,2026-04-24,187913618,2860,KALASH STOCK MARKET PVT. LTD.,Kalika Securities Pvt. Ltd.,2026-04-24 14:24:19.992061,Saptakoshi Development Bank Ltd
2026042403004348,SAPDBL,58,46,50,805.0,40250.0,2026-04-24,187913886,2860,Naasa Securities Co. Ltd.,Kalika Securities Pvt. Ltd.,2026-04-24 14:24:52.555726,Saptakoshi Development Bank Ltd
2026042403004349,SAPDBL,38,46,100,805.0,80500.0,2026-04-24,187913970,2860,Dipshikha Dhitopatra Karobar Co. Pvt Ltd.,Kalika Securities Pvt. Ltd.,2026-04-24 14:24:55.289446,Saptakoshi Development Bank Ltd
2026042403004360,SAPDBL,74,51,10,804.1,8041.0,2026-04-24,187914250,2860,KALASH STOCK MARKET PVT. LTD.,Oxford Securities Pvt. Ltd.,2026-04-24 14:25:11.999530,Saptakoshi Development Bank Ltd
2026042403004361,SAPDBL,42,51,90,804.1,72369.0,2026-04-24,187914251,2860,Sani Securities Company Ltd.,Oxford Securities Pvt. Ltd.,2026-04-24 14:25:12.000120,Saptakoshi Development Bank Ltd
2026042403004362,SAPDBL,58,46,241,805.0,194005.0,2026-04-24,187914254,2860,Naasa Securities Co. Ltd.,Kalika Securities Pvt. Ltd.,2026-04-24 14:25:12.625667,Saptakoshi Development Bank Ltd
2026042403004373,SAPDBL,101,46,500,805.0,402500.0,2026-04-24,187914774,2860,APPLE SECURITIES PRIVATE LIMITED,Kalika Securities Pvt. Ltd.,2026-04-24 14:25:57.574619,Saptakoshi Development Bank Ltd
2026042403004375,SAPDBL,14,46,500,805.0,402500.0,2026-04-24,187914792,2860,Nepal Stock House (PVT) Ltd.,Kalika Securities Pvt. Ltd.,2026-04-24 14:26:00.321526,Saptakoshi Development Bank Ltd
2026042403004379,SAPDBL,4,46,800,805.0,644000.0,2026-04-24,187915004,2860,Opal Securities Investment (PVT) Ltd.,Kalika Securities Pvt. Ltd.,2026-04-24 14:26:22.261353,Saptakoshi Development Bank Ltd
2026042403004385,SAPDBL,38,46,90,805.0,72450.0,2026-04-24,187915078,2860,Dipshikha Dhitopatra Karobar Co. Pvt Ltd.,Kalika Securities Pvt. Ltd.,2026-04-24 14:26:30.909890,Saptakoshi Development Bank Ltd
2026042403004389,SAPDBL,14,46,500,805.0,402500.0,2026-04-24,187915238,2860,Nepal Stock House (PVT) Ltd.,Kalika Securities Pvt. Ltd.,2026-04-24 14:26:44.320588,Saptakoshi Development Bank Ltd
2026042403004400,SAPDBL,46,46,20,805.0,16100.0,2026-04-24,187915472,2860,Kalika Securities Pvt. Ltd.,Kalika Securities Pvt. Ltd.,2026-04-24 14:27:07.916475,Saptakoshi Development Bank Ltd
2026042403004403,SAPDBL,5,46,200,805.0,161000.0,2026-04-24,187915556,2860,Market Securities & Exchange (PVT) Ltd.,Kalika Securities Pvt. Ltd.,2026-04-24 14:27:17.041283,Saptakoshi Development Bank Ltd
2026042403004430,SAPDBL,4,46,25,805.0,20125.0,2026-04-24,187915942,2860,Opal Securities Investment (PVT) Ltd.,Kalika Securities Pvt. Ltd.,2026-04-24 14:28:01.334056,Saptakoshi Development Bank Ltd
2026042403004436,SAPDBL,64,46,80,805.0,64400.0,2026-04-24,187916110,2860,SUN SECURITIES PVT LTD,Kalika Securities Pvt. Ltd.,2026-04-24 14:28:21.030894,Saptakoshi Development Bank Ltd
2026042403004437,SAPDBL,52,46,200,805.0,161000.0,2026-04-24,187916120,2860,Sundhara Securities Limited,Kalika Securities Pvt. Ltd.,2026-04-24 14:28:21.890787,Saptakoshi Development Bank Ltd
2026042403004465,SAPDBL,64,46,10,805.0,8050.0,2026-04-24,187916466,2860,SUN SECURITIES PVT LTD,Kalika Securities Pvt. Ltd.,2026-04-24 14:28:51.019236,Saptakoshi Development Bank Ltd
2026042403004477,SAPDBL,45,46,50,805.0,40250.0,2026-04-24,187916722,2860,Imperial Securities Company Pvt. Ltd.,Kalika Securities Pvt. Ltd.,2026-04-24 14:29:21.573400,Saptakoshi Development Bank Ltd
2026042403004479,SAPDBL,49,46,10,805.0,8050.0,2026-04-24,187916812,2860,Online Securities Pvt. Ltd.,Kalika Securities Pvt. Ltd.,2026-04-24 14:29:29.036200,Saptakoshi Development Bank Ltd
2026042403004495,SAPDBL,22,46,50,805.0,40250.0,2026-04-24,187917254,2860,Siprabi Securities Pvt. Ltd.,Kalika Securities Pvt. Ltd.,2026-04-24 14:30:21.770388,Saptakoshi Development Bank Ltd
2026042403004497,SAPDBL,14,46,300,805.0,241500.0,2026-04-24,187917325,2860,Nepal Stock House (PVT) Ltd.,Kalika Securities Pvt. Ltd.,2026-04-24 14:30:28.412102,Saptakoshi Development Bank Ltd
2026042403004506,SAPDBL,58,51,150,804.3,120645.0,2026-04-24,187917606,2860,Naasa Securities Co. Ltd.,Oxford Securities Pvt. Ltd.,2026-04-24 14:30:51.390764,Saptakoshi Development Bank Ltd
2026042403004507,SAPDBL,45,51,50,804.2,40210.0,2026-04-24,187917607,2860,Imperial Securities Company Pvt. Ltd.,Oxford Securities Pvt. Ltd.,2026-04-24 14:30:51.391086,Saptakoshi Development Bank Ltd
2026042403004516,SAPDBL,74,44,10,804.2,8042.0,2026-04-24,187918116,2860,KALASH STOCK MARKET PVT. LTD.,Dynamic Money Managers Securities Pvt. Ltd.,2026-04-24 14:31:22.282423,Saptakoshi Development Bank Ltd
2026042403004517,SAPDBL,42,44,110,804.2,88462.0,2026-04-24,187918118,2860,Sani Securities Company Ltd.,Dynamic Money Managers Securities Pvt. Ltd.,2026-04-24 14:31:22.283088,Saptakoshi Development Bank Ltd
2026042403004520,SAPDBL,22,44,100,804.2,80420.0,2026-04-24,187918126,2860,Siprabi Securities Pvt. Ltd.,Dynamic Money Managers Securities Pvt. Ltd.,2026-04-24 14:31:23.352485,Saptakoshi Development Bank Ltd
2026042403004535,SAPDBL,28,44,80,804.1,64328.0,2026-04-24,187918429,2860,Shree Krishna Securities Ltd.,Dynamic Money Managers Securities Pvt. Ltd.,2026-04-24 14:31:49.735540,Saptakoshi Development Bank Ltd
2026042403004544,SAPDBL,57,51,20,804.1,16082.0,2026-04-24,187918627,2860,Aryatara Investment & Securities,Oxford Securities Pvt. Ltd.,2026-04-24 14:32:15.667455,Saptakoshi Development Bank Ltd
2026042403004573,SAPDBL,41,66,200,805.0,161000.0,2026-04-24,187919084,2860,Linch Stock Market Ltd.,Miyo Securities Pvt Ltd,2026-04-24 14:33:01.612427,Saptakoshi Development Bank Ltd
2026042403004580,SAPDBL,49,66,25,805.0,20125.0,2026-04-24,187919181,2860,Online Securities Pvt. Ltd.,Miyo Securities Pvt Ltd,2026-04-24 14:33:12.160778,Saptakoshi Development Bank Ltd
2026042403004581,SAPDBL,49,46,35,805.0,28175.0,2026-04-24,187919184,2860,Online Securities Pvt. Ltd.,Kalika Securities Pvt. Ltd.,2026-04-24 14:33:12.161393,Saptakoshi Development Bank Ltd
2026042403004589,SAPDBL,54,45,20,804.2,16084.0,2026-04-24,187919472,2860,Sewa Securities Pvt. Ltd.,Imperial Securities Company Pvt. Ltd.,2026-04-24 14:33:32.939259,Saptakoshi Development Bank Ltd
2026042403004590,SAPDBL,57,45,30,804.1,24123.0,2026-04-24,187919474,2860,Aryatara Investment & Securities,Imperial Securities Company Pvt. Ltd.,2026-04-24 14:33:32.939840,Saptakoshi Development Bank Ltd
2026042403004591,SAPDBL,62,45,35,804.1,28143.5,2026-04-24,187919476,2860,Capital Max Securities Ltd,Imperial Securities Company Pvt. Ltd.,2026-04-24 14:33:32.940235,Saptakoshi Development Bank Ltd
2026042403004592,SAPDBL,38,45,100,804.1,80410.0,2026-04-24,187919478,2860,Dipshikha Dhitopatra Karobar Co. Pvt Ltd.,Imperial Securities Company Pvt. Ltd.,2026-04-24 14:33:32.940612,Saptakoshi Development Bank Ltd
2026042403004593,SAPDBL,74,45,10,804.1,8041.0,2026-04-24,187919480,2860,KALASH STOCK MARKET PVT. LTD.,Imperial Securities Company Pvt. Ltd.,2026-04-24 14:33:32.940982,Saptakoshi Development Bank Ltd
2026042403004594,SAPDBL,74,45,10,804.1,8041.0,2026-04-24,187919482,2860,KALASH STOCK MARKET PVT. LTD.,Imperial Securities Company Pvt. Ltd.,2026-04-24 14:33:32.941388,Saptakoshi Development Bank Ltd
2026042403004595,SAPDBL,74,45,15,804.1,12061.5,2026-04-24,187919484,2860,KALASH STOCK MARKET PVT. LTD.,Imperial Securities Company Pvt. Ltd.,2026-04-24 14:33:32.941757,Saptakoshi Development Bank Ltd
2026042403004596,SAPDBL,49,45,22,804.1,17690.2,2026-04-24,187919486,2860,Online Securities Pvt. Ltd.,Imperial Securities Company Pvt. Ltd.,2026-04-24 14:33:32.942134,Saptakoshi Development Bank Ltd
2026042403004597,SAPDBL,28,45,71,804.1,57091.1,2026-04-24,187919487,2860,Shree Krishna Securities Ltd.,Imperial Securities Company Pvt. Ltd.,2026-04-24 14:33:32.942521,Saptakoshi Development Bank Ltd
2026042403004602,SAPDBL,58,46,230,805.0,185150.0,2026-04-24,187919596,2860,Naasa Securities Co. Ltd.,Kalika Securities Pvt. Ltd.,2026-04-24 14:33:41.970184,Saptakoshi Development Bank Ltd
2026042403004605,SAPDBL,17,46,130,805.0,104650.0,2026-04-24,187919676,2860,ABC Securities Private Limited,Kalika Securities Pvt. Ltd.,2026-04-24 14:33:52.456740,Saptakoshi Development Bank Ltd
2026042403004622,SAPDBL,43,46,100,805.0,80500.0,2026-04-24,187919970,2860,South Asian Bulls Pvt. Ltd.,Kalika Securities Pvt. Ltd.,2026-04-24 14:34:21.609195,Saptakoshi Development Bank Ltd
2026042403004635,SAPDBL,21,46,160,805.0,128800.0,2026-04-24,187920098,2860,Midas Stock Broking Company Private Limited,Kalika Securities Pvt. Ltd.,2026-04-24 14:34:35.929014,Saptakoshi Development Bank Ltd
2026042403004650,SAPDBL,28,39,100,804.1,80410.0,2026-04-24,187920309,2860,Shree Krishna Securities Ltd.,Sumeru Securities Pvt. Ltd.,2026-04-24 14:34:54.442483,Saptakoshi Development Bank Ltd
2026042403004670,SAPDBL,58,46,13,805.0,10465.0,2026-04-24,187920466,2860,Naasa Securities Co. Ltd.,Kalika Securities Pvt. Ltd.,2026-04-24 14:35:05.393412,Saptakoshi Development Bank Ltd
2026042403004682,SAPDBL,21,46,150,805.0,120750.0,2026-04-24,187920775,2860,Midas Stock Broking Company Private Limited,Kalika Securities Pvt. Ltd.,2026-04-24 14:35:32.703569,Saptakoshi Development Bank Ltd
2026042403004722,SAPDBL,58,46,90,805.0,72450.0,2026-04-24,187921374,2860,Naasa Securities Co. Ltd.,Kalika Securities Pvt. Ltd.,2026-04-24 14:36:18.539474,Saptakoshi Development Bank Ltd
2026042403004727,SAPDBL,28,49,10,804.1,8041.0,2026-04-24,187921393,2860,Shree Krishna Securities Ltd.,Online Securities Pvt. Ltd.,2026-04-24 14:36:21.064089,Saptakoshi Development Bank Ltd
2026042403004758,SAPDBL,58,32,50,804.2,40210.0,2026-04-24,187921872,2860,Naasa Securities Co. Ltd.,Premier Securities Company Ltd.,2026-04-24 14:37:04.788111,Saptakoshi Development Bank Ltd
2026042403004759,SAPDBL,28,32,450,804.1,361845.0,2026-04-24,187921873,2860,Shree Krishna Securities Ltd.,Premier Securities Company Ltd.,2026-04-24 14:37:04.788731,Saptakoshi Development Bank Ltd
2026042403004833,SAPDBL,58,46,248,805.0,199640.0,2026-04-24,187923466,2860,Naasa Securities Co. Ltd.,Kalika Securities Pvt. Ltd.,2026-04-24 14:39:24.283289,Saptakoshi Development Bank Ltd
2026042403004836,SAPDBL,60,46,100,805.0,80500.0,2026-04-24,187923576,2860,Nagarik Stock Dealer ,Kalika Securities Pvt. Ltd.,2026-04-24 14:39:34.381437,Saptakoshi Development Bank Ltd
2026042403004847,SAPDBL,42,46,50,805.0,40250.0,2026-04-24,187923912,2860,Sani Securities Company Ltd.,Kalika Securities Pvt. Ltd.,2026-04-24 14:40:06.045700,Saptakoshi Development Bank Ltd
2026042403004848,SAPDBL,42,46,502,805.0,404110.0,2026-04-24,187923917,2860,Sani Securities Company Ltd.,Kalika Securities Pvt. Ltd.,2026-04-24 14:40:06.783071,Saptakoshi Development Bank Ltd
2026042403004852,SAPDBL,42,46,50,805.0,40250.0,2026-04-24,187924066,2860,Sani Securities Company Ltd.,Kalika Securities Pvt. Ltd.,2026-04-24 14:40:21.765338,Saptakoshi Development Bank Ltd
2026042403004853,SAPDBL,60,46,25,805.0,20125.0,2026-04-24,187924068,2860,Nagarik Stock Dealer ,Kalika Securities Pvt. Ltd.,2026-04-24 14:40:21.765965,Saptakoshi Development Bank Ltd
2026042403004859,SAPDBL,59,46,19,805.0,15295.0,2026-04-24,187924174,2860,Deevyaa Securities & Stock House Pvt. Ltd,Kalika Securities Pvt. Ltd.,2026-04-24 14:40:29.680211,Saptakoshi Development Bank Ltd
2026042403004884,SAPDBL,22,46,20,805.0,16100.0,2026-04-24,187924542,2860,Siprabi Securities Pvt. Ltd.,Kalika Securities Pvt. Ltd.,2026-04-24 14:40:55.907700,Saptakoshi Development Bank Ltd
2026042403004905,SAPDBL,58,34,33,804.2,26538.6,2026-04-24,187925103,2860,Naasa Securities Co. Ltd.,Vision Securities Pvt. Ltd,2026-04-24 14:41:38.501556,Saptakoshi Development Bank Ltd
2026042403004915,SAPDBL,42,46,450,805.0,362250.0,2026-04-24,187925542,2860,Sani Securities Company Ltd.,Kalika Securities Pvt. Ltd.,2026-04-24 14:42:06.975943,Saptakoshi Development Bank Ltd
2026042403004930,SAPDBL,58,74,55,804.9,44269.5,2026-04-24,187926024,2860,Naasa Securities Co. Ltd.,KALASH STOCK MARKET PVT. LTD.,2026-04-24 14:42:41.993805,Saptakoshi Development Bank Ltd
2026042403004937,SAPDBL,57,74,400,804.9,321960.0,2026-04-24,187926164,2860,Aryatara Investment & Securities,KALASH STOCK MARKET PVT. LTD.,2026-04-24 14:42:54.023940,Saptakoshi Development Bank Ltd
2026042403004940,SAPDBL,50,74,45,804.9,36220.5,2026-04-24,187926301,2860,Cristal Kanchanjanga Securites Pvt. Ltd.,KALASH STOCK MARKET PVT. LTD.,2026-04-24 14:43:04.700740,Saptakoshi Development Bank Ltd
2026042403004942,SAPDBL,50,46,55,804.9,44269.5,2026-04-24,187926402,2860,Cristal Kanchanjanga Securites Pvt. Ltd.,Kalika Securities Pvt. Ltd.,2026-04-24 14:43:16.620784,Saptakoshi Development Bank Ltd
2026042403004943,SAPDBL,58,46,67,804.2,53881.4,2026-04-24,187926404,2860,Naasa Securities Co. Ltd.,Kalika Securities Pvt. Ltd.,2026-04-24 14:43:16.621439,Saptakoshi Development Bank Ltd
2026042403004944,SAPDBL,58,46,40,804.2,32168.0,2026-04-24,187926406,2860,Naasa Securities Co. Ltd.,Kalika Securities Pvt. Ltd.,2026-04-24 14:43:16.621908,Saptakoshi Development Bank Ltd
2026042403004945,SAPDBL,38,46,10,804.2,8042.0,2026-04-24,187926408,2860,Dipshikha Dhitopatra Karobar Co. Pvt Ltd.,Kalika Securities Pvt. Ltd.,2026-04-24 14:43:16.622368,Saptakoshi Development Bank Ltd
2026042403004946,SAPDBL,16,46,50,804.2,40210.0,2026-04-24,187926410,2860,Primo Securities (PVT) Ltd.,Kalika Securities Pvt. Ltd.,2026-04-24 14:43:16.622792,Saptakoshi Development Bank Ltd
2026042403004947,SAPDBL,42,46,40,804.1,32164.0,2026-04-24,187926412,2860,Sani Securities Company Ltd.,Kalika Securities Pvt. Ltd.,2026-04-24 14:43:16.623289,Saptakoshi Development Bank Ltd
2026042403004948,SAPDBL,22,46,100,804.1,80410.0,2026-04-24,187926414,2860,Siprabi Securities Pvt. Ltd.,Kalika Securities Pvt. Ltd.,2026-04-24 14:43:16.623737,Saptakoshi Development Bank Ltd
2026042403004949,SAPDBL,6,46,33,804.0,26532.0,2026-04-24,187926416,2860,Agrawal Securities (PVT) Ltd.,Kalika Securities Pvt. Ltd.,2026-04-24 14:43:16.624191,Saptakoshi Development Bank Ltd
2026042403004950,SAPDBL,33,46,200,804.0,160800.0,2026-04-24,187926418,2860,Dakshinkali Investment & Securities Pvt. Ltd.,Kalika Securities Pvt. Ltd.,2026-04-24 14:43:16.624617,Saptakoshi Development Bank Ltd
2026042403004951,SAPDBL,40,46,500,804.0,402000.0,2026-04-24,187926420,2860,Creative Securities Pvt Ltd,Kalika Securities Pvt. Ltd.,2026-04-24 14:43:16.625094,Saptakoshi Development Bank Ltd
2026042403004952,SAPDBL,50,46,50,804.0,40200.0,2026-04-24,187926422,2860,Cristal Kanchanjanga Securites Pvt. Ltd.,Kalika Securities Pvt. Ltd.,2026-04-24 14:43:16.625532,Saptakoshi Development Bank Ltd
2026042403004953,SAPDBL,38,46,10,804.0,8040.0,2026-04-24,187926424,2860,Dipshikha Dhitopatra Karobar Co. Pvt Ltd.,Kalika Securities Pvt. Ltd.,2026-04-24 14:43:16.625968,Saptakoshi Development Bank Ltd
2026042403004954,SAPDBL,49,46,23,804.0,18492.0,2026-04-24,187926426,2860,Online Securities Pvt. Ltd.,Kalika Securities Pvt. Ltd.,2026-04-24 14:43:16.626402,Saptakoshi Development Bank Ltd
2026042403004955,SAPDBL,52,46,247,804.0,198588.0,2026-04-24,187926430,2860,Sundhara Securities Limited,Kalika Securities Pvt. Ltd.,2026-04-24 14:43:17.606408,Saptakoshi Development Bank Ltd
2026042403004956,SAPDBL,51,46,10,804.0,8040.0,2026-04-24,187926446,2860,Oxford Securities Pvt. Ltd.,Kalika Securities Pvt. Ltd.,2026-04-24 14:43:20.153426,Saptakoshi Development Bank Ltd
2026042403004967,SAPDBL,38,46,100,804.0,80400.0,2026-04-24,187926788,2860,Dipshikha Dhitopatra Karobar Co. Pvt Ltd.,Kalika Securities Pvt. Ltd.,2026-04-24 14:43:42.894508,Saptakoshi Development Bank Ltd
2026042403004986,SAPDBL,35,46,20,804.0,16080.0,2026-04-24,187927052,2860,Kohinoor Investment & Securities Pvt. Ltd.,Kalika Securities Pvt. Ltd.,2026-04-24 14:43:59.075270,Saptakoshi Development Bank Ltd
2026042403004988,SAPDBL,51,46,10,804.0,8040.0,2026-04-24,187927070,2860,Oxford Securities Pvt. Ltd.,Kalika Securities Pvt. Ltd.,2026-04-24 14:43:59.923584,Saptakoshi Development Bank Ltd
2026042403005000,SAPDBL,4,46,120,804.0,96480.0,2026-04-24,187927286,2860,Opal Securities Investment (PVT) Ltd.,Kalika Securities Pvt. Ltd.,2026-04-24 14:44:15.954434,Saptakoshi Development Bank Ltd
2026042403005037,SAPDBL,42,46,50,803.0,40150.0,2026-04-24,187928296,2860,Sani Securities Company Ltd.,Kalika Securities Pvt. Ltd.,2026-04-24 14:45:16.671078,Saptakoshi Development Bank Ltd
2026042403005038,SAPDBL,59,46,124,803.0,99572.0,2026-04-24,187928298,2860,Deevyaa Securities & Stock House Pvt. Ltd,Kalika Securities Pvt. Ltd.,2026-04-24 14:45:16.671735,Saptakoshi Development Bank Ltd
2026042403005039,SAPDBL,13,46,165,803.0,132495.0,2026-04-24,187928300,2860,Thrive Brokerage House Pvt. Ltd,Kalika Securities Pvt. Ltd.,2026-04-24 14:45:16.672389,Saptakoshi Development Bank Ltd
2026042403005040,SAPDBL,50,46,25,802.1,20052.5,2026-04-24,187928302,2860,Cristal Kanchanjanga Securites Pvt. Ltd.,Kalika Securities Pvt. Ltd.,2026-04-24 14:45:16.673000,Saptakoshi Development Bank Ltd
2026042403005041,SAPDBL,34,46,20,802.0,16040.0,2026-04-24,187928304,2860,Vision Securities Pvt. Ltd,Kalika Securities Pvt. Ltd.,2026-04-24 14:45:16.673617,Saptakoshi Development Bank Ltd
2026042403005042,SAPDBL,72,46,100,801.6,80160.0,2026-04-24,187928306,2860,Hatemalo Financial Services Private Limited,Kalika Securities Pvt. Ltd.,2026-04-24 14:45:16.674196,Saptakoshi Development Bank Ltd
2026042403005043,SAPDBL,52,46,100,801.5,80150.0,2026-04-24,187928308,2860,Sundhara Securities Limited,Kalika Securities Pvt. Ltd.,2026-04-24 14:45:16.674772,Saptakoshi Development Bank Ltd
2026042403005044,SAPDBL,70,46,200,801.5,160300.0,2026-04-24,187928310,2860,Infinity Securities Limited,Kalika Securities Pvt. Ltd.,2026-04-24 14:45:16.675363,Saptakoshi Development Bank Ltd
2026042403005045,SAPDBL,42,46,100,801.1,80110.0,2026-04-24,187928312,2860,Sani Securities Company Ltd.,Kalika Securities Pvt. Ltd.,2026-04-24 14:45:16.675908,Saptakoshi Development Bank Ltd
2026042403005046,SAPDBL,34,46,500,801.0,400500.0,2026-04-24,187928314,2860,Vision Securities Pvt. Ltd,Kalika Securities Pvt. Ltd.,2026-04-24 14:45:16.676485,Saptakoshi Development Bank Ltd
2026042403005047,SAPDBL,26,46,200,801.0,160200.0,2026-04-24,187928316,2860,Asian Securities Private Ltd.,Kalika Securities Pvt. Ltd.,2026-04-24 14:45:16.677055,Saptakoshi Development Bank Ltd
2026042403005048,SAPDBL,14,46,200,800.1,160020.0,2026-04-24,187928318,2860,Nepal Stock House (PVT) Ltd.,Kalika Securities Pvt. Ltd.,2026-04-24 14:45:16.677559,Saptakoshi Development Bank Ltd
2026042403005049,SAPDBL,22,46,200,800.0,160000.0,2026-04-24,187928320,2860,Siprabi Securities Pvt. Ltd.,Kalika Securities Pvt. Ltd.,2026-04-24 14:45:16.678104,Saptakoshi Development Bank Ltd
2026042403005050,SAPDBL,14,46,50,800.0,40000.0,2026-04-24,187928322,2860,Nepal Stock House (PVT) Ltd.,Kalika Securities Pvt. Ltd.,2026-04-24 14:45:16.678620,Saptakoshi Development Bank Ltd
2026042403005051,SAPDBL,42,46,10,800.0,8000.0,2026-04-24,187928324,2860,Sani Securities Company Ltd.,Kalika Securities Pvt. Ltd.,2026-04-24 14:45:16.679239,Saptakoshi Development Bank Ltd
2026042403005052,SAPDBL,90,46,50,800.0,40000.0,2026-04-24,187928326,2860,Sajilo Broker Limited,Kalika Securities Pvt. Ltd.,2026-04-24 14:45:16.679789,Saptakoshi Development Bank Ltd
2026042403005053,SAPDBL,95,46,100,800.0,80000.0,2026-04-24,187928328,2860,Magnet Securities and Investment Company Private Limited,Kalika Securities Pvt. Ltd.,2026-04-24 14:45:16.680331,Saptakoshi Development Bank Ltd
2026042403005054,SAPDBL,33,46,500,800.0,400000.0,2026-04-24,187928330,2860,Dakshinkali Investment & Securities Pvt. Ltd.,Kalika Securities Pvt. Ltd.,2026-04-24 14:45:16.680840,Saptakoshi Development Bank Ltd
2026042403005055,SAPDBL,45,46,30,800.0,24000.0,2026-04-24,187928332,2860,Imperial Securities Company Pvt. Ltd.,Kalika Securities Pvt. Ltd.,2026-04-24 14:45:16.681369,Saptakoshi Development Bank Ltd
2026042403005056,SAPDBL,45,46,20,800.0,16000.0,2026-04-24,187928334,2860,Imperial Securities Company Pvt. Ltd.,Kalika Securities Pvt. Ltd.,2026-04-24 14:45:16.681885,Saptakoshi Development Bank Ltd
2026042403005057,SAPDBL,8,46,100,800.0,80000.0,2026-04-24,187928244,2860,Brilliant Securities Pvt. Ltd.,Kalika Securities Pvt. Ltd.,2026-04-24 14:45:16.682410,Saptakoshi Development Bank Ltd
2026042403005058,SAPDBL,50,46,50,800.0,40000.0,2026-04-24,187928246,2860,Cristal Kanchanjanga Securites Pvt. Ltd.,Kalika Securities Pvt. Ltd.,2026-04-24 14:45:16.682958,Saptakoshi Development Bank Ltd
2026042403005059,SAPDBL,6,46,20,800.0,16000.0,2026-04-24,187928248,2860,Agrawal Securities (PVT) Ltd.,Kalika Securities Pvt. Ltd.,2026-04-24 14:45:16.683140,Saptakoshi Development Bank Ltd
2026042403005060,SAPDBL,19,46,40,800.0,32000.0,2026-04-24,187928250,2860,Nepal Investment And Securities Trading Private Limited,Kalika Securities Pvt. Ltd.,2026-04-24 14:45:16.683288,Saptakoshi Development Bank Ltd
2026042403005061,SAPDBL,34,46,60,800.0,48000.0,2026-04-24,187928252,2860,Vision Securities Pvt. Ltd,Kalika Securities Pvt. Ltd.,2026-04-24 14:45:16.683413,Saptakoshi Development Bank Ltd
2026042403005062,SAPDBL,45,46,500,800.0,400000.0,2026-04-24,187928254,2860,Imperial Securities Company Pvt. Ltd.,Kalika Securities Pvt. Ltd.,2026-04-24 14:45:16.683563,Saptakoshi Development Bank Ltd
2026042403005063,SAPDBL,6,46,10,800.0,8000.0,2026-04-24,187928256,2860,Agrawal Securities (PVT) Ltd.,Kalika Securities Pvt. Ltd.,2026-04-24 14:45:16.683710,Saptakoshi Development Bank Ltd
2026042403005064,SAPDBL,58,46,60,800.0,48000.0,2026-04-24,187928258,2860,Naasa Securities Co. Ltd.,Kalika Securities Pvt. Ltd.,2026-04-24 14:45:16.683828,Saptakoshi Development Bank Ltd
2026042403005065,SAPDBL,59,46,10,800.0,8000.0,2026-04-24,187928260,2860,Deevyaa Securities & Stock House Pvt. Ltd,Kalika Securities Pvt. Ltd.,2026-04-24 14:45:16.683991,Saptakoshi Development Bank Ltd
2026042403005066,SAPDBL,42,46,20,800.0,16000.0,2026-04-24,187928262,2860,Sani Securities Company Ltd.,Kalika Securities Pvt. Ltd.,2026-04-24 14:45:16.684174,Saptakoshi Development Bank Ltd
2026042403005067,SAPDBL,62,46,10,800.0,8000.0,2026-04-24,187928264,2860,Capital Max Securities Ltd,Kalika Securities Pvt. Ltd.,2026-04-24 14:45:16.684304,Saptakoshi Development Bank Ltd
2026042403005068,SAPDBL,35,46,10,800.0,8000.0,2026-04-24,187928266,2860,Kohinoor Investment & Securities Pvt. Ltd.,Kalika Securities Pvt. Ltd.,2026-04-24 14:45:16.684440,Saptakoshi Development Bank Ltd
2026042403005069,SAPDBL,22,46,68,800.0,54400.0,2026-04-24,187928268,2860,Siprabi Securities Pvt. Ltd.,Kalika Securities Pvt. Ltd.,2026-04-24 14:45:16.684588,Saptakoshi Development Bank Ltd
2026042403005070,SAPDBL,74,46,50,800.0,40000.0,2026-04-24,187928270,2860,KALASH STOCK MARKET PVT. LTD.,Kalika Securities Pvt. Ltd.,2026-04-24 14:45:16.684705,Saptakoshi Development Bank Ltd
2026042403005071,SAPDBL,34,46,20,800.0,16000.0,2026-04-24,187928272,2860,Vision Securities Pvt. Ltd,Kalika Securities Pvt. Ltd.,2026-04-24 14:45:16.684828,Saptakoshi Development Bank Ltd
2026042403005072,SAPDBL,42,46,500,800.0,400000.0,2026-04-24,187928274,2860,Sani Securities Company Ltd.,Kalika Securities Pvt. Ltd.,2026-04-24 14:45:16.684986,Saptakoshi Development Bank Ltd
2026042403005073,SAPDBL,29,46,17,800.0,13600.0,2026-04-24,187928276,2860,Trisul Securities & Invt. Ltd.,Kalika Securities Pvt. Ltd.,2026-04-24 14:45:16.685134,Saptakoshi Development Bank Ltd
2026042403005074,SAPDBL,5,46,200,800.0,160000.0,2026-04-24,187928278,2860,Market Securities & Exchange (PVT) Ltd.,Kalika Securities Pvt. Ltd.,2026-04-24 14:45:16.685278,Saptakoshi Development Bank Ltd
2026042403005075,SAPDBL,22,46,20,800.0,16000.0,2026-04-24,187928280,2860,Siprabi Securities Pvt. Ltd.,Kalika Securities Pvt. Ltd.,2026-04-24 14:45:16.685403,Saptakoshi Development Bank Ltd
2026042403005076,SAPDBL,17,46,10,800.0,8000.0,2026-04-24,187928282,2860,ABC Securities Private Limited,Kalika Securities Pvt. Ltd.,2026-04-24 14:45:16.685524,Saptakoshi Development Bank Ltd
2026042403005077,SAPDBL,32,46,10,800.0,8000.0,2026-04-24,187928284,2860,Premier Securities Company Ltd.,Kalika Securities Pvt. Ltd.,2026-04-24 14:45:16.685634,Saptakoshi Development Bank Ltd
2026042403005078,SAPDBL,46,46,40,800.0,32000.0,2026-04-24,187928286,2860,Kalika Securities Pvt. Ltd.,Kalika Securities Pvt. Ltd.,2026-04-24 14:45:16.685753,Saptakoshi Development Bank Ltd
2026042403005079,SAPDBL,58,46,100,800.0,80000.0,2026-04-24,187928288,2860,Naasa Securities Co. Ltd.,Kalika Securities Pvt. Ltd.,2026-04-24 14:45:16.685904,Saptakoshi Development Bank Ltd
2026042403005080,SAPDBL,46,46,20,800.0,16000.0,2026-04-24,187928290,2860,Kalika Securities Pvt. Ltd.,Kalika Securities Pvt. Ltd.,2026-04-24 14:45:16.686040,Saptakoshi Development Bank Ltd
2026042403005081,SAPDBL,6,46,50,800.0,40000.0,2026-04-24,187928292,2860,Agrawal Securities (PVT) Ltd.,Kalika Securities Pvt. Ltd.,2026-04-24 14:45:16.686179,Saptakoshi Development Bank Ltd
2026042403005086,SAPDBL,51,46,30,800.0,24000.0,2026-04-24,187928758,2860,Oxford Securities Pvt. Ltd.,Kalika Securities Pvt. Ltd.,2026-04-24 14:45:36.481644,Saptakoshi Development Bank Ltd
2026042403005088,SAPDBL,39,46,100,800.0,80000.0,2026-04-24,187928898,2860,Sumeru Securities Pvt. Ltd.,Kalika Securities Pvt. Ltd.,2026-04-24 14:45:45.573160,Saptakoshi Development Bank Ltd
2026042403005089,SAPDBL,39,46,40,800.0,32000.0,2026-04-24,187929068,2860,Sumeru Securities Pvt. Ltd.,Kalika Securities Pvt. Ltd.,2026-04-24 14:45:51.917830,Saptakoshi Development Bank Ltd
2026042403005098,SAPDBL,74,38,150,799.1,119865.0,2026-04-24,187929286,2860,KALASH STOCK MARKET PVT. LTD.,Dipshikha Dhitopatra Karobar Co. Pvt Ltd.,2026-04-24 14:46:04.623743,Saptakoshi Development Bank Ltd
2026042403005099,SAPDBL,45,38,50,799.0,39950.0,2026-04-24,187929288,2860,Imperial Securities Company Pvt. Ltd.,Dipshikha Dhitopatra Karobar Co. Pvt Ltd.,2026-04-24 14:46:04.624044,Saptakoshi Development Bank Ltd
2026042403005100,SAPDBL,6,38,100,799.0,79900.0,2026-04-24,187929289,2860,Agrawal Securities (PVT) Ltd.,Dipshikha Dhitopatra Karobar Co. Pvt Ltd.,2026-04-24 14:46:04.624203,Saptakoshi Development Bank Ltd
2026042403005101,SAPDBL,57,46,100,800.0,80000.0,2026-04-24,187929300,2860,Aryatara Investment & Securities,Kalika Securities Pvt. Ltd.,2026-04-24 14:46:05.898150,Saptakoshi Development Bank Ltd
2026042403005110,SAPDBL,49,46,10,800.0,8000.0,2026-04-24,187929432,2860,Online Securities Pvt. Ltd.,Kalika Securities Pvt. Ltd.,2026-04-24 14:46:12.447232,Saptakoshi Development Bank Ltd
2026042403005119,SAPDBL,74,46,50,800.0,40000.0,2026-04-24,187929694,2860,KALASH STOCK MARKET PVT. LTD.,Kalika Securities Pvt. Ltd.,2026-04-24 14:46:28.170406,Saptakoshi Development Bank Ltd
2026042403005122,SAPDBL,6,34,100,799.0,79900.0,2026-04-24,187929844,2860,Agrawal Securities (PVT) Ltd.,Vision Securities Pvt. Ltd,2026-04-24 14:46:33.239368,Saptakoshi Development Bank Ltd
2026042403005123,SAPDBL,58,34,10,799.0,7990.0,2026-04-24,187929846,2860,Naasa Securities Co. Ltd.,Vision Securities Pvt. Ltd,2026-04-24 14:46:33.239615,Saptakoshi Development Bank Ltd
2026042403005150,SAPDBL,49,34,15,799.0,11985.0,2026-04-24,187930078,2860,Online Securities Pvt. Ltd.,Vision Securities Pvt. Ltd,2026-04-24 14:46:47.870100,Saptakoshi Development Bank Ltd
2026042403005159,SAPDBL,39,34,30,799.0,23970.0,2026-04-24,187930448,2860,Sumeru Securities Pvt. Ltd.,Vision Securities Pvt. Ltd,2026-04-24 14:47:11.167557,Saptakoshi Development Bank Ltd
2026042403005164,SAPDBL,57,34,55,799.0,43945.0,2026-04-24,187930563,2860,Aryatara Investment & Securities,Vision Securities Pvt. Ltd,2026-04-24 14:47:18.171446,Saptakoshi Development Bank Ltd
2026042403005177,SAPDBL,58,57,25,799.9,19997.5,2026-04-24,187930734,2860,Naasa Securities Co. Ltd.,Aryatara Investment & Securities,2026-04-24 14:47:26.125094,Saptakoshi Development Bank Ltd
2026042403005184,SAPDBL,57,74,45,799.0,35955.0,2026-04-24,187930812,2860,Aryatara Investment & Securities,KALASH STOCK MARKET PVT. LTD.,2026-04-24 14:47:32.387540,Saptakoshi Development Bank Ltd
2026042403005185,SAPDBL,51,74,10,799.0,7990.0,2026-04-24,187930814,2860,Oxford Securities Pvt. Ltd.,KALASH STOCK MARKET PVT. LTD.,2026-04-24 14:47:32.387784,Saptakoshi Development Bank Ltd
2026042403005186,SAPDBL,38,74,195,798.0,155610.0,2026-04-24,187930815,2860,Dipshikha Dhitopatra Karobar Co. Pvt Ltd.,KALASH STOCK MARKET PVT. LTD.,2026-04-24 14:47:32.387889,Saptakoshi Development Bank Ltd
2026042403005188,SAPDBL,34,58,14,799.0,11186.0,2026-04-24,187931123,2860,Vision Securities Pvt. Ltd,Naasa Securities Co. Ltd.,2026-04-24 14:47:42.902641,Saptakoshi Development Bank Ltd
2026042403005189,SAPDBL,38,57,15,799.9,11998.5,2026-04-24,187931211,2860,Dipshikha Dhitopatra Karobar Co. Pvt Ltd.,Aryatara Investment & Securities,2026-04-24 14:47:47.681071,Saptakoshi Development Bank Ltd
2026042403005203,SAPDBL,59,46,200,800.0,160000.0,2026-04-24,187931598,2860,Deevyaa Securities & Stock House Pvt. Ltd,Kalika Securities Pvt. Ltd.,2026-04-24 14:48:08.379236,Saptakoshi Development Bank Ltd
2026042403005208,SAPDBL,42,46,10,800.0,8000.0,2026-04-24,187931726,2860,Sani Securities Company Ltd.,Kalika Securities Pvt. Ltd.,2026-04-24 14:48:15.635911,Saptakoshi Development Bank Ltd
2026042403005226,SAPDBL,38,46,25,800.0,20000.0,2026-04-24,187931974,2860,Dipshikha Dhitopatra Karobar Co. Pvt Ltd.,Kalika Securities Pvt. Ltd.,2026-04-24 14:48:31.849447,Saptakoshi Development Bank Ltd
2026042403005229,SAPDBL,34,46,50,800.0,40000.0,2026-04-24,187932022,2860,Vision Securities Pvt. Ltd,Kalika Securities Pvt. Ltd.,2026-04-24 14:48:34.544380,Saptakoshi Development Bank Ltd
2026042403005232,SAPDBL,74,46,200,800.0,160000.0,2026-04-24,187932102,2860,KALASH STOCK MARKET PVT. LTD.,Kalika Securities Pvt. Ltd.,2026-04-24 14:48:40.702724,Saptakoshi Development Bank Ltd
2026042403005246,SAPDBL,56,46,100,800.0,80000.0,2026-04-24,187932302,2860,Sri Hari Securities Pvt. Ltd.,Kalika Securities Pvt. Ltd.,2026-04-24 14:48:52.082708,Saptakoshi Development Bank Ltd
2026042403005253,SAPDBL,74,46,100,800.0,80000.0,2026-04-24,187932390,2860,KALASH STOCK MARKET PVT. LTD.,Kalika Securities Pvt. Ltd.,2026-04-24 14:48:56.864001,Saptakoshi Development Bank Ltd
2026042403005256,SAPDBL,45,46,100,800.0,80000.0,2026-04-24,187932422,2860,Imperial Securities Company Pvt. Ltd.,Kalika Securities Pvt. Ltd.,2026-04-24 14:48:59.989109,Saptakoshi Development Bank Ltd
2026042403005269,SAPDBL,42,46,30,800.0,24000.0,2026-04-24,187932594,2860,Sani Securities Company Ltd.,Kalika Securities Pvt. Ltd.,2026-04-24 14:49:08.409876,Saptakoshi Development Bank Ltd
2026042403005272,SAPDBL,58,46,80,800.0,64000.0,2026-04-24,187932674,2860,Naasa Securities Co. Ltd.,Kalika Securities Pvt. Ltd.,2026-04-24 14:49:12.403073,Saptakoshi Development Bank Ltd
2026042403005282,SAPDBL,42,46,80,800.0,64000.0,2026-04-24,187933120,2860,Sani Securities Company Ltd.,Kalika Securities Pvt. Ltd.,2026-04-24 14:49:23.421259,Saptakoshi Development Bank Ltd
2026042403005283,SAPDBL,60,46,50,800.0,40000.0,2026-04-24,187933124,2860,Nagarik Stock Dealer ,Kalika Securities Pvt. Ltd.,2026-04-24 14:49:23.670326,Saptakoshi Development Bank Ltd
2026042403005286,SAPDBL,74,46,100,800.0,80000.0,2026-04-24,187933174,2860,KALASH STOCK MARKET PVT. LTD.,Kalika Securities Pvt. Ltd.,2026-04-24 14:49:26.106532,Saptakoshi Development Bank Ltd
2026042403005287,SAPDBL,42,46,50,800.0,40000.0,2026-04-24,187933180,2860,Sani Securities Company Ltd.,Kalika Securities Pvt. Ltd.,2026-04-24 14:49:27.173570,Saptakoshi Development Bank Ltd
2026042403005289,SAPDBL,58,46,100,800.0,80000.0,2026-04-24,187933232,2860,Naasa Securities Co. Ltd.,Kalika Securities Pvt. Ltd.,2026-04-24 14:49:33.217879,Saptakoshi Development Bank Ltd
2026042403005290,SAPDBL,4,46,190,800.0,152000.0,2026-04-24,187933260,2860,Opal Securities Investment (PVT) Ltd.,Kalika Securities Pvt. Ltd.,2026-04-24 14:49:34.729618,Saptakoshi Development Bank Ltd
2026042403005292,SAPDBL,74,46,110,800.0,88000.0,2026-04-24,187933472,2860,KALASH STOCK MARKET PVT. LTD.,Kalika Securities Pvt. Ltd.,2026-04-24 14:49:39.978842,Saptakoshi Development Bank Ltd
2026042403005305,SAPDBL,74,46,50,800.0,40000.0,2026-04-24,187933662,2860,KALASH STOCK MARKET PVT. LTD.,Kalika Securities Pvt. Ltd.,2026-04-24 14:49:51.863137,Saptakoshi Development Bank Ltd
2026042403005307,SAPDBL,34,46,20,800.0,16000.0,2026-04-24,187933682,2860,Vision Securities Pvt. Ltd,Kalika Securities Pvt. Ltd.,2026-04-24 14:49:54.008251,Saptakoshi Development Bank Ltd
2026042403005320,SAPDBL,35,46,50,800.0,40000.0,2026-04-24,187933870,2860,Kohinoor Investment & Securities Pvt. Ltd.,Kalika Securities Pvt. Ltd.,2026-04-24 14:50:09.058033,Saptakoshi Development Bank Ltd
2026042403005322,SAPDBL,74,46,20,800.0,16000.0,2026-04-24,187933942,2860,KALASH STOCK MARKET PVT. LTD.,Kalika Securities Pvt. Ltd.,2026-04-24 14:50:15.660617,Saptakoshi Development Bank Ltd
2026042403005323,SAPDBL,6,46,100,800.0,80000.0,2026-04-24,187934590,2860,Agrawal Securities (PVT) Ltd.,Kalika Securities Pvt. Ltd.,2026-04-24 14:50:27.851281,Saptakoshi Development Bank Ltd
2026042403005336,SAPDBL,45,46,800,800.0,640000.0,2026-04-24,187935172,2860,Imperial Securities Company Pvt. Ltd.,Kalika Securities Pvt. Ltd.,2026-04-24 14:50:45.031195,Saptakoshi Development Bank Ltd
2026042403005344,SAPDBL,19,46,14,800.0,11200.0,2026-04-24,187935372,2860,Nepal Investment And Securities Trading Private Limited,Kalika Securities Pvt. Ltd.,2026-04-24 14:50:54.543569,Saptakoshi Development Bank Ltd
2026042403005362,SAPDBL,42,46,550,800.0,440000.0,2026-04-24,187935570,2860,Sani Securities Company Ltd.,Kalika Securities Pvt. Ltd.,2026-04-24 14:51:03.863186,Saptakoshi Development Bank Ltd
2026042403005366,SAPDBL,58,47,40,799.1,31964.0,2026-04-24,187935584,2860,Naasa Securities Co. Ltd.,Neev Securities Pvt. Ltd.,2026-04-24 14:51:04.718555,Saptakoshi Development Bank Ltd
2026042403005367,SAPDBL,45,47,45,799.1,35959.5,2026-04-24,187935585,2860,Imperial Securities Company Pvt. Ltd.,Neev Securities Pvt. Ltd.,2026-04-24 14:51:04.719087,Saptakoshi Development Bank Ltd
2026042403005401,SAPDBL,22,46,100,800.0,80000.0,2026-04-24,187936370,2860,Siprabi Securities Pvt. Ltd.,Kalika Securities Pvt. Ltd.,2026-04-24 14:51:42.472542,Saptakoshi Development Bank Ltd
2026042403005405,SAPDBL,54,46,500,800.0,400000.0,2026-04-24,187936442,2860,Sewa Securities Pvt. Ltd.,Kalika Securities Pvt. Ltd.,2026-04-24 14:51:45.731711,Saptakoshi Development Bank Ltd
2026042403005439,SAPDBL,42,46,62,800.0,49600.0,2026-04-24,187937120,2860,Sani Securities Company Ltd.,Kalika Securities Pvt. Ltd.,2026-04-24 14:52:12.936993,Saptakoshi Development Bank Ltd
2026042403005450,SAPDBL,52,46,150,800.0,120000.0,2026-04-24,187937366,2860,Sundhara Securities Limited,Kalika Securities Pvt. Ltd.,2026-04-24 14:52:26.970911,Saptakoshi Development Bank Ltd
2026042403005451,SAPDBL,49,46,10,800.0,8000.0,2026-04-24,187937390,2860,Online Securities Pvt. Ltd.,Kalika Securities Pvt. Ltd.,2026-04-24 14:52:28.494691,Saptakoshi Development Bank Ltd
2026042403005452,SAPDBL,49,46,50,800.0,40000.0,2026-04-24,187937404,2860,Online Securities Pvt. Ltd.,Kalika Securities Pvt. Ltd.,2026-04-24 14:52:29.278640,Saptakoshi Development Bank Ltd
2026042403005460,SAPDBL,57,46,100,800.0,80000.0,2026-04-24,187937568,2860,Aryatara Investment & Securities,Kalika Securities Pvt. Ltd.,2026-04-24 14:52:39.180881,Saptakoshi Development Bank Ltd
2026042403005466,SAPDBL,26,46,562,800.0,449600.0,2026-04-24,187937620,2860,Asian Securities Private Ltd.,Kalika Securities Pvt. Ltd.,2026-04-24 14:52:42.527956,Saptakoshi Development Bank Ltd
2026042403005474,SAPDBL,72,46,40,800.0,32000.0,2026-04-24,187937914,2860,Hatemalo Financial Services Private Limited,Kalika Securities Pvt. Ltd.,2026-04-24 14:52:54.473005,Saptakoshi Development Bank Ltd
2026042403005478,SAPDBL,34,46,100,800.0,80000.0,2026-04-24,187937994,2860,Vision Securities Pvt. Ltd,Kalika Securities Pvt. Ltd.,2026-04-24 14:53:00.247246,Saptakoshi Development Bank Ltd
2026042403005486,SAPDBL,74,46,200,800.0,160000.0,2026-04-24,187938082,2860,KALASH STOCK MARKET PVT. LTD.,Kalika Securities Pvt. Ltd.,2026-04-24 14:53:03.665674,Saptakoshi Development Bank Ltd
2026042403005488,SAPDBL,42,48,20,799.5,15990.0,2026-04-24,187938128,2860,Sani Securities Company Ltd.,Trishakti Securities Public Limited,2026-04-24 14:53:05.955229,Saptakoshi Development Bank Ltd
2026042403005489,SAPDBL,92,48,30,799.3,23979.0,2026-04-24,187938129,2860,Roadshow securities limited,Trishakti Securities Public Limited,2026-04-24 14:53:05.955775,Saptakoshi Development Bank Ltd
2026042403005495,SAPDBL,6,46,40,800.0,32000.0,2026-04-24,187938164,2860,Agrawal Securities (PVT) Ltd.,Kalika Securities Pvt. Ltd.,2026-04-24 14:53:07.936788,Saptakoshi Development Bank Ltd
2026042403005499,SAPDBL,54,46,50,800.0,40000.0,2026-04-24,187938254,2860,Sewa Securities Pvt. Ltd.,Kalika Securities Pvt. Ltd.,2026-04-24 14:53:13.627004,Saptakoshi Development Bank Ltd
2026042403005517,SAPDBL,38,46,50,800.0,40000.0,2026-04-24,187938518,2860,Dipshikha Dhitopatra Karobar Co. Pvt Ltd.,Kalika Securities Pvt. Ltd.,2026-04-24 14:53:25.796260,Saptakoshi Development Bank Ltd
2026042403005520,SAPDBL,36,46,10,800.0,8000.0,2026-04-24,187938610,2860,Secured Securities Ltd.,Kalika Securities Pvt. Ltd.,2026-04-24 14:53:29.545584,Saptakoshi Development Bank Ltd
2026042403005528,SAPDBL,34,46,5000,800.0,4000000.0,2026-04-24,187938708,2860,Vision Securities Pvt. Ltd,Kalika Securities Pvt. Ltd.,2026-04-24 14:53:35.372443,Saptakoshi Development Bank Ltd
2026042403005544,SAPDBL,45,46,955,800.0,764000.0,2026-04-24,187939118,2860,Imperial Securities Company Pvt. Ltd.,Kalika Securities Pvt. Ltd.,2026-04-24 14:53:50.286706,Saptakoshi Development Bank Ltd
2026042403005553,SAPDBL,54,46,300,800.0,240000.0,2026-04-24,187939263,2860,Sewa Securities Pvt. Ltd.,Kalika Securities Pvt. Ltd.,2026-04-24 14:54:01.702720,Saptakoshi Development Bank Ltd
2026042403005566,SAPDBL,52,46,1500,800.0,1200000.0,2026-04-24,187939640,2860,Sundhara Securities Limited,Kalika Securities Pvt. Ltd.,2026-04-24 14:54:13.674859,Saptakoshi Development Bank Ltd
2026042403005577,SAPDBL,58,46,100,800.0,80000.0,2026-04-24,187939810,2860,Naasa Securities Co. Ltd.,Kalika Securities Pvt. Ltd.,2026-04-24 14:54:21.689173,Saptakoshi Development Bank Ltd
2026042403005588,SAPDBL,92,46,70,800.0,56000.0,2026-04-24,187940048,2860,Roadshow securities limited,Kalika Securities Pvt. Ltd.,2026-04-24 14:54:27.520123,Saptakoshi Development Bank Ltd
2026042403005590,SAPDBL,44,46,70,800.0,56000.0,2026-04-24,187940056,2860,Dynamic Money Managers Securities Pvt. Ltd.,Kalika Securities Pvt. Ltd.,2026-04-24 14:54:28.017160,Saptakoshi Development Bank Ltd
2026042403005592,SAPDBL,34,42,50,799.9,39995.0,2026-04-24,187940084,2860,Vision Securities Pvt. Ltd,Sani Securities Company Ltd.,2026-04-24 14:54:29.949720,Saptakoshi Development Bank Ltd
2026042403005593,SAPDBL,17,42,50,799.9,39995.0,2026-04-24,187940086,2860,ABC Securities Private Limited,Sani Securities Company Ltd.,2026-04-24 14:54:29.950324,Saptakoshi Development Bank Ltd
2026042403005594,SAPDBL,58,42,100,799.4,79940.0,2026-04-24,187940088,2860,Naasa Securities Co. Ltd.,Sani Securities Company Ltd.,2026-04-24 14:54:29.950719,Saptakoshi Development Bank Ltd
2026042403005595,SAPDBL,46,42,1420,799.3,1135006.0,2026-04-24,187940089,2860,Kalika Securities Pvt. Ltd.,Sani Securities Company Ltd.,2026-04-24 14:54:29.951122,Saptakoshi Development Bank Ltd
2026042403005601,SAPDBL,16,46,100,800.0,80000.0,2026-04-24,187940386,2860,Primo Securities (PVT) Ltd.,Kalika Securities Pvt. Ltd.,2026-04-24 14:54:45.205667,Saptakoshi Development Bank Ltd
2026042403005616,SAPDBL,22,46,30,800.0,24000.0,2026-04-24,187940518,2860,Siprabi Securities Pvt. Ltd.,Kalika Securities Pvt. Ltd.,2026-04-24 14:54:50.464848,Saptakoshi Development Bank Ltd
2026042403005619,SAPDBL,49,46,120,800.0,96000.0,2026-04-24,187940608,2860,Online Securities Pvt. Ltd.,Kalika Securities Pvt. Ltd.,2026-04-24 14:54:52.439745,Saptakoshi Development Bank Ltd
2026042403005623,SAPDBL,10,46,300,800.0,240000.0,2026-04-24,187940716,2860,Pragyan Securities (PVT) Ltd.,Kalika Securities Pvt. Ltd.,2026-04-24 14:54:55.835410,Saptakoshi Development Bank Ltd
2026042403005658,SAPDBL,33,38,103,800.0,82400.0,2026-04-24,187941116,2860,Dakshinkali Investment & Securities Pvt. Ltd.,Dipshikha Dhitopatra Karobar Co. Pvt Ltd.,2026-04-24 14:55:11.336914,Saptakoshi Development Bank Ltd
2026042403005674,SAPDBL,51,58,75,800.0,60000.0,2026-04-24,187941208,2860,Oxford Securities Pvt. Ltd.,Naasa Securities Co. Ltd.,2026-04-24 14:55:15.251859,Saptakoshi Development Bank Ltd
