contractId,stockSymbol,buyerMemberId,sellerMemberId,quantity,rate,amount,businessDate,tradeBookId,stockId,buyerBrokerName,sellerBrokerName,transaction_time,securityName
2026042401000747,SBI,42,45,2500,401.0,1002500.0,2026-04-24,187805373,135,Sani Securities Company Ltd.,Imperial Securities Company Pvt. Ltd.,2026-04-24 11:03:06.681002,Nepal SBI Bank Limited
2026042401003445,SBI,62,41,100,402.0,40200.0,2026-04-24,187814741,135,Capital Max Securities Ltd,Linch Stock Market Ltd.,2026-04-24 11:15:35.335099,Nepal SBI Bank Limited
2026042401003753,SBI,48,13,10,409.0,4090.0,2026-04-24,187815918,135,Trishakti Securities Public Limited,Thrive Brokerage House Pvt. Ltd,2026-04-24 11:17:21.491117,Nepal SBI Bank Limited
2026042401004387,SBI,57,45,20,408.7,8174.0,2026-04-24,187818048,135,Aryatara Investment & Securities,Imperial Securities Company Pvt. Ltd.,2026-04-24 11:20:54.281430,Nepal SBI Bank Limited
2026042401007512,SBI,59,51,50,401.3,20065.0,2026-04-24,187829256,135,Deevyaa Securities & Stock House Pvt. Ltd,Oxford Securities Pvt. Ltd.,2026-04-24 11:37:32.911105,Nepal SBI Bank Limited
2026042401007513,SBI,13,51,50,401.3,20065.0,2026-04-24,187829257,135,Thrive Brokerage House Pvt. Ltd,Oxford Securities Pvt. Ltd.,2026-04-24 11:37:32.911325,Nepal SBI Bank Limited
2026042401007772,SBI,13,41,190,401.3,76247.0,2026-04-24,187830097,135,Thrive Brokerage House Pvt. Ltd,Linch Stock Market Ltd.,2026-04-24 11:38:59.303514,Nepal SBI Bank Limited
2026042401008779,SBI,58,6,10,406.0,4060.0,2026-04-24,187833620,135,Naasa Securities Co. Ltd.,Agrawal Securities (PVT) Ltd.,2026-04-24 11:46:14.743880,Nepal SBI Bank Limited
2026042401009208,SBI,34,6,24,406.0,9744.0,2026-04-24,187835064,135,Vision Securities Pvt. Ltd,Agrawal Securities (PVT) Ltd.,2026-04-24 11:49:13.263976,Nepal SBI Bank Limited
2026042401009434,SBI,13,7,10,401.7,4017.0,2026-04-24,187835937,135,Thrive Brokerage House Pvt. Ltd,J.F. Securites (PVT) Ltd.,2026-04-24 11:51:09.359965,Nepal SBI Bank Limited
2026042401009971,SBI,42,22,93,403.0,37479.0,2026-04-24,187838513,135,Sani Securities Company Ltd.,Siprabi Securities Pvt. Ltd.,2026-04-24 11:56:02.328282,Nepal SBI Bank Limited
2026042401010465,SBI,42,41,207,403.0,83421.0,2026-04-24,187840429,135,Sani Securities Company Ltd.,Linch Stock Market Ltd.,2026-04-24 12:00:13.878553,Nepal SBI Bank Limited
2026042401014652,SBI,48,38,10,405.0,4050.0,2026-04-24,187856406,135,Trishakti Securities Public Limited,Dipshikha Dhitopatra Karobar Co. Pvt Ltd.,2026-04-24 12:31:34.167593,Nepal SBI Bank Limited
2026042401014808,SBI,32,91,32,403.0,12896.0,2026-04-24,187856956,135,Premier Securities Company Ltd.,Citizens Share Broker Limited,2026-04-24 12:32:30.802123,Nepal SBI Bank Limited
2026042401014809,SBI,13,91,68,402.3,27356.4,2026-04-24,187856957,135,Thrive Brokerage House Pvt. Ltd,Citizens Share Broker Limited,2026-04-24 12:32:30.802157,Nepal SBI Bank Limited
2026042401014866,SBI,48,46,49,403.0,19747.0,2026-04-24,187857261,135,Trishakti Securities Public Limited,Kalika Securities Pvt. Ltd.,2026-04-24 12:33:06.143891,Nepal SBI Bank Limited
2026042401014867,SBI,48,38,11,405.0,4455.0,2026-04-24,187857264,135,Trishakti Securities Public Limited,Dipshikha Dhitopatra Karobar Co. Pvt Ltd.,2026-04-24 12:33:06.143976,Nepal SBI Bank Limited
2026042401014874,SBI,48,13,10,406.0,4060.0,2026-04-24,187857300,135,Trishakti Securities Public Limited,Thrive Brokerage House Pvt. Ltd,2026-04-24 12:33:14.612257,Nepal SBI Bank Limited
2026042401017780,SBI,59,39,21,402.5,8452.5,2026-04-24,187869031,135,Deevyaa Securities & Stock House Pvt. Ltd,Sumeru Securities Pvt. Ltd.,2026-04-24 12:54:32.153347,Nepal SBI Bank Limited
2026042401018854,SBI,48,4,10,405.0,4050.0,2026-04-24,187873584,135,Trishakti Securities Public Limited,Opal Securities Investment (PVT) Ltd.,2026-04-24 13:04:18.038993,Nepal SBI Bank Limited
2026042401020216,SBI,49,38,77,403.0,31031.0,2026-04-24,187878211,135,Online Securities Pvt. Ltd.,Dipshikha Dhitopatra Karobar Co. Pvt Ltd.,2026-04-24 13:16:35.477366,Nepal SBI Bank Limited
2026042401020652,SBI,48,13,10,406.0,4060.0,2026-04-24,187879970,135,Trishakti Securities Public Limited,Thrive Brokerage House Pvt. Ltd,2026-04-24 13:20:52.210838,Nepal SBI Bank Limited
2026042401025176,SBI,32,32,22,405.9,8929.8,2026-04-24,187894203,135,Premier Securities Company Ltd.,Premier Securities Company Ltd.,2026-04-24 13:50:25.759494,Nepal SBI Bank Limited
2026042401025177,SBI,32,13,28,406.0,11368.0,2026-04-24,187894206,135,Premier Securities Company Ltd.,Thrive Brokerage House Pvt. Ltd,2026-04-24 13:50:25.759741,Nepal SBI Bank Limited
2026042401025198,SBI,32,39,50,406.0,20300.0,2026-04-24,187894312,135,Premier Securities Company Ltd.,Sumeru Securities Pvt. Ltd.,2026-04-24 13:50:43.947633,Nepal SBI Bank Limited
2026042401025334,SBI,32,39,50,406.0,20300.0,2026-04-24,187894844,135,Premier Securities Company Ltd.,Sumeru Securities Pvt. Ltd.,2026-04-24 13:51:52.091991,Nepal SBI Bank Limited
2026042401027812,SBI,58,41,15,404.9,6073.5,2026-04-24,187904966,135,Naasa Securities Co. Ltd.,Linch Stock Market Ltd.,2026-04-24 14:12:16.612145,Nepal SBI Bank Limited
2026042401030672,SBI,38,71,1000,405.0,405000.0,2026-04-24,187915459,135,Dipshikha Dhitopatra Karobar Co. Pvt Ltd.,SHUBHAKAMANA SECURITIES PVT. LTD,2026-04-24 14:27:06.390520,Nepal SBI Bank Limited
2026042401030673,SBI,38,41,265,405.0,107325.0,2026-04-24,187915461,135,Dipshikha Dhitopatra Karobar Co. Pvt Ltd.,Linch Stock Market Ltd.,2026-04-24 14:27:06.390663,Nepal SBI Bank Limited
2026042401030826,SBI,38,4,1000,405.0,405000.0,2026-04-24,187916059,135,Dipshikha Dhitopatra Karobar Co. Pvt Ltd.,Opal Securities Investment (PVT) Ltd.,2026-04-24 14:28:16.555272,Nepal SBI Bank Limited
2026042401031663,SBI,47,43,2,395.0,790.0,2026-04-24,187919741,135,Neev Securities Pvt. Ltd.,South Asian Bulls Pvt. Ltd.,2026-04-24 14:34:03.075618,Nepal SBI Bank Limited
2026042401031847,SBI,38,45,895,405.0,362475.0,2026-04-24,187920721,135,Dipshikha Dhitopatra Karobar Co. Pvt Ltd.,Imperial Securities Company Pvt. Ltd.,2026-04-24 14:35:28.385169,Nepal SBI Bank Limited
2026042401032081,SBI,59,39,19,406.0,7714.0,2026-04-24,187921926,135,Deevyaa Securities & Stock House Pvt. Ltd,Sumeru Securities Pvt. Ltd.,2026-04-24 14:37:09.183224,Nepal SBI Bank Limited
2026042401033030,SBI,38,45,50,403.0,20150.0,2026-04-24,187925930,135,Dipshikha Dhitopatra Karobar Co. Pvt Ltd.,Imperial Securities Company Pvt. Ltd.,2026-04-24 14:42:34.177585,Nepal SBI Bank Limited
2026042401033031,SBI,49,45,123,403.0,49569.0,2026-04-24,187925932,135,Online Securities Pvt. Ltd.,Imperial Securities Company Pvt. Ltd.,2026-04-24 14:42:34.177628,Nepal SBI Bank Limited
2026042401033032,SBI,44,45,867,402.8,349227.6,2026-04-24,187925933,135,Dynamic Money Managers Securities Pvt. Ltd.,Imperial Securities Company Pvt. Ltd.,2026-04-24 14:42:34.177676,Nepal SBI Bank Limited
2026042401034616,SBI,65,39,681,406.0,276486.0,2026-04-24,187931435,135,Sharepro Securities Private Limited,Sumeru Securities Pvt. Ltd.,2026-04-24 14:47:57.557953,Nepal SBI Bank Limited
2026042401034617,SBI,65,44,300,406.0,121800.0,2026-04-24,187931437,135,Sharepro Securities Private Limited,Dynamic Money Managers Securities Pvt. Ltd.,2026-04-24 14:47:57.558096,Nepal SBI Bank Limited
2026042401034618,SBI,65,56,576,406.0,233856.0,2026-04-24,187931439,135,Sharepro Securities Private Limited,Sri Hari Securities Pvt. Ltd.,2026-04-24 14:47:57.558184,Nepal SBI Bank Limited
2026042401034619,SBI,65,43,100,407.0,40700.0,2026-04-24,187931441,135,Sharepro Securities Private Limited,South Asian Bulls Pvt. Ltd.,2026-04-24 14:47:57.558263,Nepal SBI Bank Limited
2026042401034620,SBI,65,52,100,407.0,40700.0,2026-04-24,187931443,135,Sharepro Securities Private Limited,Sundhara Securities Limited,2026-04-24 14:47:57.558392,Nepal SBI Bank Limited
2026042401034621,SBI,65,52,200,407.0,81400.0,2026-04-24,187931445,135,Sharepro Securities Private Limited,Sundhara Securities Limited,2026-04-24 14:47:57.558487,Nepal SBI Bank Limited
2026042401034622,SBI,65,44,910,407.0,370370.0,2026-04-24,187931447,135,Sharepro Securities Private Limited,Dynamic Money Managers Securities Pvt. Ltd.,2026-04-24 14:47:57.558609,Nepal SBI Bank Limited
2026042401034623,SBI,65,45,133,407.0,54131.0,2026-04-24,187931450,135,Sharepro Securities Private Limited,Imperial Securities Company Pvt. Ltd.,2026-04-24 14:47:57.558666,Nepal SBI Bank Limited
2026042401036137,SBI,44,101,133,402.8,53572.4,2026-04-24,187937012,135,Dynamic Money Managers Securities Pvt. Ltd.,APPLE SECURITIES PRIVATE LIMITED,2026-04-24 14:52:11.492111,Nepal SBI Bank Limited
2026042401036138,SBI,34,101,800,402.5,322000.0,2026-04-24,187937016,135,Vision Securities Pvt. Ltd,APPLE SECURITIES PRIVATE LIMITED,2026-04-24 14:52:11.492346,Nepal SBI Bank Limited
2026042401036139,SBI,13,101,19,402.3,7643.7,2026-04-24,187937020,135,Thrive Brokerage House Pvt. Ltd,APPLE SECURITIES PRIVATE LIMITED,2026-04-24 14:52:11.492408,Nepal SBI Bank Limited
2026042401036140,SBI,34,101,500,402.0,201000.0,2026-04-24,187937024,135,Vision Securities Pvt. Ltd,APPLE SECURITIES PRIVATE LIMITED,2026-04-24 14:52:11.492516,Nepal SBI Bank Limited
2026042401036141,SBI,49,101,47,402.0,18894.0,2026-04-24,187937026,135,Online Securities Pvt. Ltd.,APPLE SECURITIES PRIVATE LIMITED,2026-04-24 14:52:11.492593,Nepal SBI Bank Limited
2026042401036142,SBI,13,101,25,402.0,10050.0,2026-04-24,187937028,135,Thrive Brokerage House Pvt. Ltd,APPLE SECURITIES PRIVATE LIMITED,2026-04-24 14:52:11.492657,Nepal SBI Bank Limited
2026042401036143,SBI,29,101,30,402.0,12060.0,2026-04-24,187937030,135,Trisul Securities & Invt. Ltd.,APPLE SECURITIES PRIVATE LIMITED,2026-04-24 14:52:11.492716,Nepal SBI Bank Limited
2026042401036144,SBI,22,101,135,402.0,54270.0,2026-04-24,187937032,135,Siprabi Securities Pvt. Ltd.,APPLE SECURITIES PRIVATE LIMITED,2026-04-24 14:52:11.492771,Nepal SBI Bank Limited
2026042401036145,SBI,47,101,20,402.0,8040.0,2026-04-24,187937034,135,Neev Securities Pvt. Ltd.,APPLE SECURITIES PRIVATE LIMITED,2026-04-24 14:52:11.492852,Nepal SBI Bank Limited
2026042401036146,SBI,52,101,50,401.3,20065.0,2026-04-24,187937036,135,Sundhara Securities Limited,APPLE SECURITIES PRIVATE LIMITED,2026-04-24 14:52:11.492922,Nepal SBI Bank Limited
2026042401036147,SBI,42,101,20,401.2,8024.0,2026-04-24,187937040,135,Sani Securities Company Ltd.,APPLE SECURITIES PRIVATE LIMITED,2026-04-24 14:52:11.492992,Nepal SBI Bank Limited
2026042401036148,SBI,43,101,100,401.1,40110.0,2026-04-24,187937044,135,South Asian Bulls Pvt. Ltd.,APPLE SECURITIES PRIVATE LIMITED,2026-04-24 14:52:11.493073,Nepal SBI Bank Limited
2026042401036149,SBI,14,101,20,401.0,8020.0,2026-04-24,187937048,135,Nepal Stock House (PVT) Ltd.,APPLE SECURITIES PRIVATE LIMITED,2026-04-24 14:52:11.493138,Nepal SBI Bank Limited
2026042401036150,SBI,14,101,30,401.0,12030.0,2026-04-24,187937052,135,Nepal Stock House (PVT) Ltd.,APPLE SECURITIES PRIVATE LIMITED,2026-04-24 14:52:11.493194,Nepal SBI Bank Limited
2026042401036151,SBI,14,101,20,401.0,8020.0,2026-04-24,187937056,135,Nepal Stock House (PVT) Ltd.,APPLE SECURITIES PRIVATE LIMITED,2026-04-24 14:52:11.493248,Nepal SBI Bank Limited
2026042401036152,SBI,14,101,30,401.0,12030.0,2026-04-24,187937058,135,Nepal Stock House (PVT) Ltd.,APPLE SECURITIES PRIVATE LIMITED,2026-04-24 14:52:11.493297,Nepal SBI Bank Limited
2026042401036153,SBI,51,101,10,401.0,4010.0,2026-04-24,187937060,135,Oxford Securities Pvt. Ltd.,APPLE SECURITIES PRIVATE LIMITED,2026-04-24 14:52:11.493345,Nepal SBI Bank Limited
2026042401036154,SBI,19,101,138,401.0,55338.0,2026-04-24,187937061,135,Nepal Investment And Securities Trading Private Limited,APPLE SECURITIES PRIVATE LIMITED,2026-04-24 14:52:11.493399,Nepal SBI Bank Limited
2026042401036235,SBI,65,35,215,406.7,87440.5,2026-04-24,187937533,135,Sharepro Securities Private Limited,Kohinoor Investment & Securities Pvt. Ltd.,2026-04-24 14:52:38.170217,Nepal SBI Bank Limited
2026042401036236,SBI,65,17,985,406.8,400698.0,2026-04-24,187937536,135,Sharepro Securities Private Limited,ABC Securities Private Limited,2026-04-24 14:52:38.170469,Nepal SBI Bank Limited
2026042401036504,SBI,42,17,10,406.8,4068.0,2026-04-24,187938894,135,Sani Securities Company Ltd.,ABC Securities Private Limited,2026-04-24 14:53:42.059363,Nepal SBI Bank Limited
2026042401037805,SBI,58,89,200,406.9,81380.0,2026-04-24,187944399,135,Naasa Securities Co. Ltd.,Global IME Securities Limited,2026-04-24 14:57:10.460967,Nepal SBI Bank Limited
2026042401037806,SBI,58,45,367,407.0,149369.0,2026-04-24,187944401,135,Naasa Securities Co. Ltd.,Imperial Securities Company Pvt. Ltd.,2026-04-24 14:57:10.461030,Nepal SBI Bank Limited
2026042401037807,SBI,58,42,20,407.0,8140.0,2026-04-24,187944403,135,Naasa Securities Co. Ltd.,Sani Securities Company Ltd.,2026-04-24 14:57:10.461056,Nepal SBI Bank Limited
2026042401037808,SBI,58,45,470,407.7,191619.0,2026-04-24,187944405,135,Naasa Securities Co. Ltd.,Imperial Securities Company Pvt. Ltd.,2026-04-24 14:57:10.461083,Nepal SBI Bank Limited
2026042401037809,SBI,58,8,500,407.9,203950.0,2026-04-24,187944407,135,Naasa Securities Co. Ltd.,Brilliant Securities Pvt. Ltd.,2026-04-24 14:57:10.461121,Nepal SBI Bank Limited
2026042401037810,SBI,58,59,1000,408.0,408000.0,2026-04-24,187944409,135,Naasa Securities Co. Ltd.,Deevyaa Securities & Stock House Pvt. Ltd,2026-04-24 14:57:10.461146,Nepal SBI Bank Limited
2026042401037811,SBI,58,16,500,408.0,204000.0,2026-04-24,187944411,135,Naasa Securities Co. Ltd.,Primo Securities (PVT) Ltd.,2026-04-24 14:57:10.461173,Nepal SBI Bank Limited
2026042401037812,SBI,58,7,492,408.0,200736.0,2026-04-24,187944413,135,Naasa Securities Co. Ltd.,J.F. Securites (PVT) Ltd.,2026-04-24 14:57:10.461196,Nepal SBI Bank Limited
2026042401037813,SBI,58,29,1000,408.7,408700.0,2026-04-24,187944415,135,Naasa Securities Co. Ltd.,Trisul Securities & Invt. Ltd.,2026-04-24 14:57:10.461220,Nepal SBI Bank Limited
2026042401037814,SBI,58,7,10,408.9,4089.0,2026-04-24,187944417,135,Naasa Securities Co. Ltd.,J.F. Securites (PVT) Ltd.,2026-04-24 14:57:10.461251,Nepal SBI Bank Limited
2026042401037815,SBI,58,42,35,408.9,14311.5,2026-04-24,187944419,135,Naasa Securities Co. Ltd.,Sani Securities Company Ltd.,2026-04-24 14:57:10.461277,Nepal SBI Bank Limited
2026042401037816,SBI,58,5,233,409.0,95297.0,2026-04-24,187944421,135,Naasa Securities Co. Ltd.,Market Securities & Exchange (PVT) Ltd.,2026-04-24 14:57:10.461300,Nepal SBI Bank Limited
2026042401037817,SBI,58,47,20,409.0,8180.0,2026-04-24,187944423,135,Naasa Securities Co. Ltd.,Neev Securities Pvt. Ltd.,2026-04-24 14:57:10.461323,Nepal SBI Bank Limited
2026042401037818,SBI,58,33,153,410.0,62730.0,2026-04-24,187944426,135,Naasa Securities Co. Ltd.,Dakshinkali Investment & Securities Pvt. Ltd.,2026-04-24 14:57:10.461348,Nepal SBI Bank Limited
2026042401039057,SBI,59,48,90,405.0,36450.0,2026-04-24,187950940,135,Deevyaa Securities & Stock House Pvt. Ltd,Trishakti Securities Public Limited,2026-04-24 14:59:39.339754,Nepal SBI Bank Limited
2026042401039177,SBI,42,8,10,409.9,4099.0,2026-04-24,187951568,135,Sani Securities Company Ltd.,Brilliant Securities Pvt. Ltd.,2026-04-24 14:59:48.960238,Nepal SBI Bank Limited
2026042401039288,SBI,42,8,240,409.9,98376.0,2026-04-24,187952302,135,Sani Securities Company Ltd.,Brilliant Securities Pvt. Ltd.,2026-04-24 14:59:56.900328,Nepal SBI Bank Limited
2026042401039289,SBI,42,33,130,410.0,53300.0,2026-04-24,187952308,135,Sani Securities Company Ltd.,Dakshinkali Investment & Securities Pvt. Ltd.,2026-04-24 14:59:56.900369,Nepal SBI Bank Limited
