contractId,stockSymbol,buyerMemberId,sellerMemberId,quantity,rate,amount,businessDate,tradeBookId,stockId,buyerBrokerName,sellerBrokerName,transaction_time,securityName
2026042404000025,UPPER,58,49,23,208.5,4795.5,2026-04-24,187802936,2792,Naasa Securities Co. Ltd.,Online Securities Pvt. Ltd.,2026-04-24 10:46:00.095351,Upper Tamakoshi Hydropower Ltd
2026042404000026,UPPER,49,49,10,208.5,2085.0,2026-04-24,187802938,2792,Online Securities Pvt. Ltd.,Online Securities Pvt. Ltd.,2026-04-24 10:46:00.095375,Upper Tamakoshi Hydropower Ltd
2026042404000064,UPPER,42,49,23,208.5,4795.5,2026-04-24,187803516,2792,Sani Securities Company Ltd.,Online Securities Pvt. Ltd.,2026-04-24 11:00:50.857924,Upper Tamakoshi Hydropower Ltd
2026042404000076,UPPER,45,49,27,208.5,5629.5,2026-04-24,187803624,2792,Imperial Securities Company Pvt. Ltd.,Online Securities Pvt. Ltd.,2026-04-24 11:01:02.400673,Upper Tamakoshi Hydropower Ltd
2026042404000096,UPPER,45,49,13,208.5,2710.5,2026-04-24,187803904,2792,Imperial Securities Company Pvt. Ltd.,Online Securities Pvt. Ltd.,2026-04-24 11:01:26.760576,Upper Tamakoshi Hydropower Ltd
2026042404000112,UPPER,68,40,500,208.0,104000.0,2026-04-24,187804245,2792,Elite Stock House Limited,Creative Securities Pvt Ltd,2026-04-24 11:01:51.860011,Upper Tamakoshi Hydropower Ltd
2026042404000174,UPPER,38,40,100,207.0,20700.0,2026-04-24,187804875,2792,Dipshikha Dhitopatra Karobar Co. Pvt Ltd.,Creative Securities Pvt Ltd,2026-04-24 11:02:26.739713,Upper Tamakoshi Hydropower Ltd
2026042404000275,UPPER,40,58,10,208.0,2080.0,2026-04-24,187806436,2792,Creative Securities Pvt Ltd,Naasa Securities Co. Ltd.,2026-04-24 11:04:35.129817,Upper Tamakoshi Hydropower Ltd
2026042404000280,UPPER,11,26,50,207.0,10350.0,2026-04-24,187806570,2792,Malla & Malla Stock Broking Company Pvt. Limited,Asian Securities Private Ltd.,2026-04-24 11:04:46.635742,Upper Tamakoshi Hydropower Ltd
2026042404000285,UPPER,57,26,15,207.0,3105.0,2026-04-24,187806618,2792,Aryatara Investment & Securities,Asian Securities Private Ltd.,2026-04-24 11:04:49.468729,Upper Tamakoshi Hydropower Ltd
2026042404000296,UPPER,62,41,100,206.0,20600.0,2026-04-24,187806731,2792,Capital Max Securities Ltd,Linch Stock Market Ltd.,2026-04-24 11:05:00.380371,Upper Tamakoshi Hydropower Ltd
2026042404000314,UPPER,62,43,900,206.0,185400.0,2026-04-24,187807056,2792,Capital Max Securities Ltd,South Asian Bulls Pvt. Ltd.,2026-04-24 11:05:30.810529,Upper Tamakoshi Hydropower Ltd
2026042404000315,UPPER,42,43,76,206.0,15656.0,2026-04-24,187807058,2792,Sani Securities Company Ltd.,South Asian Bulls Pvt. Ltd.,2026-04-24 11:05:30.810631,Upper Tamakoshi Hydropower Ltd
2026042404000316,UPPER,58,43,4024,206.0,828944.0,2026-04-24,187807059,2792,Naasa Securities Co. Ltd.,South Asian Bulls Pvt. Ltd.,2026-04-24 11:05:30.810682,Upper Tamakoshi Hydropower Ltd
2026042404000324,UPPER,58,26,976,206.0,201056.0,2026-04-24,187807146,2792,Naasa Securities Co. Ltd.,Asian Securities Private Ltd.,2026-04-24 11:05:35.175651,Upper Tamakoshi Hydropower Ltd
2026042404000381,UPPER,58,50,15,205.0,3075.0,2026-04-24,187807518,2792,Naasa Securities Co. Ltd.,Cristal Kanchanjanga Securites Pvt. Ltd.,2026-04-24 11:05:57.422209,Upper Tamakoshi Hydropower Ltd
2026042404000382,UPPER,17,50,85,205.0,17425.0,2026-04-24,187807519,2792,ABC Securities Private Limited,Cristal Kanchanjanga Securites Pvt. Ltd.,2026-04-24 11:05:57.422442,Upper Tamakoshi Hydropower Ltd
2026042404000454,UPPER,52,16,104,205.3,21351.2,2026-04-24,187808715,2792,Sundhara Securities Limited,Primo Securities (PVT) Ltd.,2026-04-24 11:07:10.389809,Upper Tamakoshi Hydropower Ltd
2026042404000508,UPPER,57,26,500,206.0,103000.0,2026-04-24,187809506,2792,Aryatara Investment & Securities,Asian Securities Private Ltd.,2026-04-24 11:08:13.734705,Upper Tamakoshi Hydropower Ltd
2026042404000509,UPPER,25,26,874,206.0,180044.0,2026-04-24,187809509,2792,Sweta Securities Private Limited,Asian Securities Private Ltd.,2026-04-24 11:08:13.954123,Upper Tamakoshi Hydropower Ltd
2026042404000510,UPPER,25,43,126,206.0,25956.0,2026-04-24,187809512,2792,Sweta Securities Private Limited,South Asian Bulls Pvt. Ltd.,2026-04-24 11:08:13.954406,Upper Tamakoshi Hydropower Ltd
2026042404000554,UPPER,52,43,406,205.3,83351.8,2026-04-24,187809866,2792,Sundhara Securities Limited,South Asian Bulls Pvt. Ltd.,2026-04-24 11:08:43.249987,Upper Tamakoshi Hydropower Ltd
2026042404000555,UPPER,46,43,20,205.2,4104.0,2026-04-24,187809868,2792,Kalika Securities Pvt. Ltd.,South Asian Bulls Pvt. Ltd.,2026-04-24 11:08:43.250258,Upper Tamakoshi Hydropower Ltd
2026042404000556,UPPER,57,43,100,205.1,20510.0,2026-04-24,187809870,2792,Aryatara Investment & Securities,South Asian Bulls Pvt. Ltd.,2026-04-24 11:08:43.250476,Upper Tamakoshi Hydropower Ltd
2026042404000557,UPPER,17,43,1915,205.0,392575.0,2026-04-24,187809872,2792,ABC Securities Private Limited,South Asian Bulls Pvt. Ltd.,2026-04-24 11:08:43.250650,Upper Tamakoshi Hydropower Ltd
2026042404000558,UPPER,21,43,59,205.0,12095.0,2026-04-24,187809873,2792,Midas Stock Broking Company Private Limited,South Asian Bulls Pvt. Ltd.,2026-04-24 11:08:43.250811,Upper Tamakoshi Hydropower Ltd
2026042404000618,UPPER,25,43,74,206.0,15244.0,2026-04-24,187810363,2792,Sweta Securities Private Limited,South Asian Bulls Pvt. Ltd.,2026-04-24 11:09:29.211480,Upper Tamakoshi Hydropower Ltd
2026042404000619,UPPER,25,58,300,206.0,61800.0,2026-04-24,187810365,2792,Sweta Securities Private Limited,Naasa Securities Co. Ltd.,2026-04-24 11:09:29.211642,Upper Tamakoshi Hydropower Ltd
2026042404000620,UPPER,25,50,72,206.0,14832.0,2026-04-24,187810368,2792,Sweta Securities Private Limited,Cristal Kanchanjanga Securites Pvt. Ltd.,2026-04-24 11:09:29.211701,Upper Tamakoshi Hydropower Ltd
2026042404000762,UPPER,38,43,500,205.1,102550.0,2026-04-24,187812050,2792,Dipshikha Dhitopatra Karobar Co. Pvt Ltd.,South Asian Bulls Pvt. Ltd.,2026-04-24 11:11:45.294282,Upper Tamakoshi Hydropower Ltd
2026042404000763,UPPER,21,43,301,205.0,61705.0,2026-04-24,187812052,2792,Midas Stock Broking Company Private Limited,South Asian Bulls Pvt. Ltd.,2026-04-24 11:11:45.294469,Upper Tamakoshi Hydropower Ltd
2026042404000764,UPPER,57,43,50,205.0,10250.0,2026-04-24,187812054,2792,Aryatara Investment & Securities,South Asian Bulls Pvt. Ltd.,2026-04-24 11:11:45.294558,Upper Tamakoshi Hydropower Ltd
2026042404000765,UPPER,94,43,100,205.0,20500.0,2026-04-24,187812056,2792,K.B.L. Securities Limited ,South Asian Bulls Pvt. Ltd.,2026-04-24 11:11:45.294634,Upper Tamakoshi Hydropower Ltd
2026042404000766,UPPER,42,43,200,205.0,41000.0,2026-04-24,187812058,2792,Sani Securities Company Ltd.,South Asian Bulls Pvt. Ltd.,2026-04-24 11:11:45.294710,Upper Tamakoshi Hydropower Ltd
2026042404000767,UPPER,58,43,10,205.0,2050.0,2026-04-24,187812060,2792,Naasa Securities Co. Ltd.,South Asian Bulls Pvt. Ltd.,2026-04-24 11:11:45.294784,Upper Tamakoshi Hydropower Ltd
2026042404000768,UPPER,58,43,1100,205.0,225500.0,2026-04-24,187812062,2792,Naasa Securities Co. Ltd.,South Asian Bulls Pvt. Ltd.,2026-04-24 11:11:45.294864,Upper Tamakoshi Hydropower Ltd
2026042404000769,UPPER,57,43,100,205.0,20500.0,2026-04-24,187812064,2792,Aryatara Investment & Securities,South Asian Bulls Pvt. Ltd.,2026-04-24 11:11:45.294940,Upper Tamakoshi Hydropower Ltd
2026042404000770,UPPER,58,43,10,205.0,2050.0,2026-04-24,187812066,2792,Naasa Securities Co. Ltd.,South Asian Bulls Pvt. Ltd.,2026-04-24 11:11:45.295016,Upper Tamakoshi Hydropower Ltd
2026042404000771,UPPER,38,43,50,205.0,10250.0,2026-04-24,187812068,2792,Dipshikha Dhitopatra Karobar Co. Pvt Ltd.,South Asian Bulls Pvt. Ltd.,2026-04-24 11:11:45.295089,Upper Tamakoshi Hydropower Ltd
2026042404000772,UPPER,16,43,200,205.0,41000.0,2026-04-24,187812070,2792,Primo Securities (PVT) Ltd.,South Asian Bulls Pvt. Ltd.,2026-04-24 11:11:45.295159,Upper Tamakoshi Hydropower Ltd
2026042404000843,UPPER,58,42,85,206.0,17510.0,2026-04-24,187812836,2792,Naasa Securities Co. Ltd.,Sani Securities Company Ltd.,2026-04-24 11:12:54.648142,Upper Tamakoshi Hydropower Ltd
2026042404000852,UPPER,58,58,20,205.0,4100.0,2026-04-24,187812907,2792,Naasa Securities Co. Ltd.,Naasa Securities Co. Ltd.,2026-04-24 11:12:59.845874,Upper Tamakoshi Hydropower Ltd
2026042404000876,UPPER,38,42,13,206.0,2678.0,2026-04-24,187813130,2792,Dipshikha Dhitopatra Karobar Co. Pvt Ltd.,Sani Securities Company Ltd.,2026-04-24 11:13:12.779388,Upper Tamakoshi Hydropower Ltd
2026042404000882,UPPER,40,42,10,206.0,2060.0,2026-04-24,187813258,2792,Creative Securities Pvt Ltd,Sani Securities Company Ltd.,2026-04-24 11:13:24.145425,Upper Tamakoshi Hydropower Ltd
2026042404000883,UPPER,36,42,103,206.0,21218.0,2026-04-24,187813282,2792,Secured Securities Ltd.,Sani Securities Company Ltd.,2026-04-24 11:13:28.054762,Upper Tamakoshi Hydropower Ltd
2026042404000912,UPPER,58,43,133,205.2,27291.6,2026-04-24,187813673,2792,Naasa Securities Co. Ltd.,South Asian Bulls Pvt. Ltd.,2026-04-24 11:13:56.973883,Upper Tamakoshi Hydropower Ltd
2026042404000928,UPPER,16,42,789,206.0,162534.0,2026-04-24,187813835,2792,Primo Securities (PVT) Ltd.,Sani Securities Company Ltd.,2026-04-24 11:14:13.748251,Upper Tamakoshi Hydropower Ltd
2026042404000929,UPPER,16,58,211,206.0,43466.0,2026-04-24,187813838,2792,Primo Securities (PVT) Ltd.,Naasa Securities Co. Ltd.,2026-04-24 11:14:13.748471,Upper Tamakoshi Hydropower Ltd
2026042404000941,UPPER,98,58,420,206.0,86520.0,2026-04-24,187814013,2792,Trademow Securities Private Limited,Naasa Securities Co. Ltd.,2026-04-24 11:14:27.066701,Upper Tamakoshi Hydropower Ltd
2026042404000942,UPPER,98,58,72,206.0,14832.0,2026-04-24,187814016,2792,Trademow Securities Private Limited,Naasa Securities Co. Ltd.,2026-04-24 11:14:27.066902,Upper Tamakoshi Hydropower Ltd
2026042404000983,UPPER,49,58,10,208.0,2080.0,2026-04-24,187814318,2792,Online Securities Pvt. Ltd.,Naasa Securities Co. Ltd.,2026-04-24 11:14:58.419889,Upper Tamakoshi Hydropower Ltd
2026042404000996,UPPER,8,47,51,206.0,10506.0,2026-04-24,187814441,2792,Brilliant Securities Pvt. Ltd.,Neev Securities Pvt. Ltd.,2026-04-24 11:15:10.959383,Upper Tamakoshi Hydropower Ltd
2026042404001067,UPPER,8,21,245,206.0,50470.0,2026-04-24,187815077,2792,Brilliant Securities Pvt. Ltd.,Midas Stock Broking Company Private Limited,2026-04-24 11:16:11.067432,Upper Tamakoshi Hydropower Ltd
2026042404001166,UPPER,16,58,40,206.1,8244.0,2026-04-24,187816139,2792,Primo Securities (PVT) Ltd.,Naasa Securities Co. Ltd.,2026-04-24 11:17:39.684139,Upper Tamakoshi Hydropower Ltd
2026042404001202,UPPER,57,58,50,207.0,10350.0,2026-04-24,187816617,2792,Aryatara Investment & Securities,Naasa Securities Co. Ltd.,2026-04-24 11:18:26.296257,Upper Tamakoshi Hydropower Ltd
2026042404001226,UPPER,40,58,10,208.0,2080.0,2026-04-24,187816868,2792,Creative Securities Pvt Ltd,Naasa Securities Co. Ltd.,2026-04-24 11:18:50.848526,Upper Tamakoshi Hydropower Ltd
2026042404001255,UPPER,36,58,44,208.0,9152.0,2026-04-24,187817324,2792,Secured Securities Ltd.,Naasa Securities Co. Ltd.,2026-04-24 11:19:44.353112,Upper Tamakoshi Hydropower Ltd
2026042404001258,UPPER,57,42,68,207.0,14076.0,2026-04-24,187817435,2792,Aryatara Investment & Securities,Sani Securities Company Ltd.,2026-04-24 11:19:55.844644,Upper Tamakoshi Hydropower Ltd
2026042404001290,UPPER,57,58,26,207.0,5382.0,2026-04-24,187817705,2792,Aryatara Investment & Securities,Naasa Securities Co. Ltd.,2026-04-24 11:20:23.354464,Upper Tamakoshi Hydropower Ltd
2026042404001302,UPPER,57,48,100,207.0,20700.0,2026-04-24,187817883,2792,Aryatara Investment & Securities,Trishakti Securities Public Limited,2026-04-24 11:20:40.843341,Upper Tamakoshi Hydropower Ltd
2026042404001410,UPPER,57,4,256,207.0,52992.0,2026-04-24,187818968,2792,Aryatara Investment & Securities,Opal Securities Investment (PVT) Ltd.,2026-04-24 11:22:07.396508,Upper Tamakoshi Hydropower Ltd
2026042404001411,UPPER,19,4,20,207.0,4140.0,2026-04-24,187818970,2792,Nepal Investment And Securities Trading Private Limited,Opal Securities Investment (PVT) Ltd.,2026-04-24 11:22:07.396609,Upper Tamakoshi Hydropower Ltd
2026042404001412,UPPER,49,4,100,206.2,20620.0,2026-04-24,187818972,2792,Online Securities Pvt. Ltd.,Opal Securities Investment (PVT) Ltd.,2026-04-24 11:22:07.396671,Upper Tamakoshi Hydropower Ltd
2026042404001413,UPPER,1,4,500,206.2,103100.0,2026-04-24,187818974,2792,Kumari Securities Private Limited,Opal Securities Investment (PVT) Ltd.,2026-04-24 11:22:07.396759,Upper Tamakoshi Hydropower Ltd
2026042404001414,UPPER,16,4,160,206.1,32976.0,2026-04-24,187818976,2792,Primo Securities (PVT) Ltd.,Opal Securities Investment (PVT) Ltd.,2026-04-24 11:22:07.396835,Upper Tamakoshi Hydropower Ltd
2026042404001415,UPPER,58,4,367,206.1,75638.7,2026-04-24,187818978,2792,Naasa Securities Co. Ltd.,Opal Securities Investment (PVT) Ltd.,2026-04-24 11:22:07.396910,Upper Tamakoshi Hydropower Ltd
2026042404001416,UPPER,8,4,104,206.0,21424.0,2026-04-24,187818980,2792,Brilliant Securities Pvt. Ltd.,Opal Securities Investment (PVT) Ltd.,2026-04-24 11:22:07.396984,Upper Tamakoshi Hydropower Ltd
2026042404001417,UPPER,49,4,713,206.0,146878.0,2026-04-24,187818981,2792,Online Securities Pvt. Ltd.,Opal Securities Investment (PVT) Ltd.,2026-04-24 11:22:07.397067,Upper Tamakoshi Hydropower Ltd
2026042404001452,UPPER,49,81,287,206.0,59122.0,2026-04-24,187819468,2792,Online Securities Pvt. Ltd.,Aakashbhairab Securities Ltd.,2026-04-24 11:22:49.246555,Upper Tamakoshi Hydropower Ltd
2026042404001453,UPPER,38,81,500,206.0,103000.0,2026-04-24,187819470,2792,Dipshikha Dhitopatra Karobar Co. Pvt Ltd.,Aakashbhairab Securities Ltd.,2026-04-24 11:22:49.246600,Upper Tamakoshi Hydropower Ltd
2026042404001454,UPPER,74,81,50,206.0,10300.0,2026-04-24,187819472,2792,KALASH STOCK MARKET PVT. LTD.,Aakashbhairab Securities Ltd.,2026-04-24 11:22:49.246627,Upper Tamakoshi Hydropower Ltd
2026042404001455,UPPER,32,81,400,206.0,82400.0,2026-04-24,187819474,2792,Premier Securities Company Ltd.,Aakashbhairab Securities Ltd.,2026-04-24 11:22:49.246651,Upper Tamakoshi Hydropower Ltd
2026042404001456,UPPER,44,81,145,206.0,29870.0,2026-04-24,187819476,2792,Dynamic Money Managers Securities Pvt. Ltd.,Aakashbhairab Securities Ltd.,2026-04-24 11:22:49.246677,Upper Tamakoshi Hydropower Ltd
2026042404001457,UPPER,45,81,118,206.0,24308.0,2026-04-24,187819477,2792,Imperial Securities Company Pvt. Ltd.,Aakashbhairab Securities Ltd.,2026-04-24 11:22:49.246700,Upper Tamakoshi Hydropower Ltd
2026042404001531,UPPER,45,25,290,206.0,59740.0,2026-04-24,187820409,2792,Imperial Securities Company Pvt. Ltd.,Sweta Securities Private Limited,2026-04-24 11:23:59.904244,Upper Tamakoshi Hydropower Ltd
2026042404001634,UPPER,45,58,10,206.0,2060.0,2026-04-24,187821239,2792,Imperial Securities Company Pvt. Ltd.,Naasa Securities Co. Ltd.,2026-04-24 11:24:48.120642,Upper Tamakoshi Hydropower Ltd
2026042404001646,UPPER,58,58,21,206.5,4336.5,2026-04-24,187821419,2792,Naasa Securities Co. Ltd.,Naasa Securities Co. Ltd.,2026-04-24 11:25:08.662678,Upper Tamakoshi Hydropower Ltd
2026042404001652,UPPER,42,58,10,207.0,2070.0,2026-04-24,187821590,2792,Sani Securities Company Ltd.,Naasa Securities Co. Ltd.,2026-04-24 11:25:23.201382,Upper Tamakoshi Hydropower Ltd
2026042404001662,UPPER,36,57,250,206.5,51625.0,2026-04-24,187821663,2792,Secured Securities Ltd.,Aryatara Investment & Securities,2026-04-24 11:25:31.169345,Upper Tamakoshi Hydropower Ltd
2026042404001663,UPPER,36,58,623,207.0,128961.0,2026-04-24,187821665,2792,Secured Securities Ltd.,Naasa Securities Co. Ltd.,2026-04-24 11:25:31.169933,Upper Tamakoshi Hydropower Ltd
2026042404001664,UPPER,36,44,100,207.0,20700.0,2026-04-24,187821667,2792,Secured Securities Ltd.,Dynamic Money Managers Securities Pvt. Ltd.,2026-04-24 11:25:31.170408,Upper Tamakoshi Hydropower Ltd
2026042404001670,UPPER,33,42,150,208.0,31200.0,2026-04-24,187821718,2792,Dakshinkali Investment & Securities Pvt. Ltd.,Sani Securities Company Ltd.,2026-04-24 11:25:35.292481,Upper Tamakoshi Hydropower Ltd
2026042404001696,UPPER,36,45,100,207.0,20700.0,2026-04-24,187822059,2792,Secured Securities Ltd.,Imperial Securities Company Pvt. Ltd.,2026-04-24 11:25:52.682145,Upper Tamakoshi Hydropower Ltd
2026042404001722,UPPER,36,42,427,207.0,88389.0,2026-04-24,187822317,2792,Secured Securities Ltd.,Sani Securities Company Ltd.,2026-04-24 11:26:18.177539,Upper Tamakoshi Hydropower Ltd
2026042404001781,UPPER,58,58,10,207.0,2070.0,2026-04-24,187823154,2792,Naasa Securities Co. Ltd.,Naasa Securities Co. Ltd.,2026-04-24 11:27:29.294084,Upper Tamakoshi Hydropower Ltd
2026042404001798,UPPER,65,58,30,207.0,6210.0,2026-04-24,187823456,2792,Sharepro Securities Private Limited,Naasa Securities Co. Ltd.,2026-04-24 11:27:52.658471,Upper Tamakoshi Hydropower Ltd
2026042404001834,UPPER,38,58,10,207.0,2070.0,2026-04-24,187824042,2792,Dipshikha Dhitopatra Karobar Co. Pvt Ltd.,Naasa Securities Co. Ltd.,2026-04-24 11:28:50.650141,Upper Tamakoshi Hydropower Ltd
2026042404001852,UPPER,58,58,10,207.0,2070.0,2026-04-24,187824098,2792,Naasa Securities Co. Ltd.,Naasa Securities Co. Ltd.,2026-04-24 11:28:54.886648,Upper Tamakoshi Hydropower Ltd
2026042404001875,UPPER,45,58,36,207.0,7452.0,2026-04-24,187824227,2792,Imperial Securities Company Pvt. Ltd.,Naasa Securities Co. Ltd.,2026-04-24 11:29:09.478495,Upper Tamakoshi Hydropower Ltd
2026042404001936,UPPER,58,57,18,207.9,3742.2,2026-04-24,187824746,2792,Naasa Securities Co. Ltd.,Aryatara Investment & Securities,2026-04-24 11:30:11.662737,Upper Tamakoshi Hydropower Ltd
2026042404001950,UPPER,94,57,20,207.9,4158.0,2026-04-24,187825052,2792,K.B.L. Securities Limited ,Aryatara Investment & Securities,2026-04-24 11:30:17.364608,Upper Tamakoshi Hydropower Ltd
2026042404001997,UPPER,45,63,34,207.0,7038.0,2026-04-24,187825449,2792,Imperial Securities Company Pvt. Ltd.,Himalayan Brokerage Company Limited,2026-04-24 11:31:04.077062,Upper Tamakoshi Hydropower Ltd
2026042404002032,UPPER,45,5,30,207.0,6210.0,2026-04-24,187825856,2792,Imperial Securities Company Pvt. Ltd.,Market Securities & Exchange (PVT) Ltd.,2026-04-24 11:31:48.845725,Upper Tamakoshi Hydropower Ltd
2026042404002033,UPPER,57,5,50,207.0,10350.0,2026-04-24,187825858,2792,Aryatara Investment & Securities,Market Securities & Exchange (PVT) Ltd.,2026-04-24 11:31:48.846072,Upper Tamakoshi Hydropower Ltd
2026042404002034,UPPER,38,5,100,207.0,20700.0,2026-04-24,187825860,2792,Dipshikha Dhitopatra Karobar Co. Pvt Ltd.,Market Securities & Exchange (PVT) Ltd.,2026-04-24 11:31:48.846232,Upper Tamakoshi Hydropower Ltd
2026042404002035,UPPER,57,5,20,207.0,4140.0,2026-04-24,187825861,2792,Aryatara Investment & Securities,Market Securities & Exchange (PVT) Ltd.,2026-04-24 11:31:48.846394,Upper Tamakoshi Hydropower Ltd
2026042404002155,UPPER,87,57,100,207.9,20790.0,2026-04-24,187826804,2792,S.P.S.A. Securities Limited,Aryatara Investment & Securities,2026-04-24 11:33:44.521569,Upper Tamakoshi Hydropower Ltd
2026042404002208,UPPER,59,57,100,207.9,20790.0,2026-04-24,187827534,2792,Deevyaa Securities & Stock House Pvt. Ltd,Aryatara Investment & Securities,2026-04-24 11:34:59.378530,Upper Tamakoshi Hydropower Ltd
2026042404002221,UPPER,22,57,12,207.9,2494.8,2026-04-24,187827637,2792,Siprabi Securities Pvt. Ltd.,Aryatara Investment & Securities,2026-04-24 11:35:11.261505,Upper Tamakoshi Hydropower Ltd
2026042404002242,UPPER,25,6,300,208.0,62400.0,2026-04-24,187827973,2792,Sweta Securities Private Limited,Agrawal Securities (PVT) Ltd.,2026-04-24 11:35:40.455337,Upper Tamakoshi Hydropower Ltd
2026042404002243,UPPER,25,16,85,208.0,17680.0,2026-04-24,187827975,2792,Sweta Securities Private Limited,Primo Securities (PVT) Ltd.,2026-04-24 11:35:40.456054,Upper Tamakoshi Hydropower Ltd
2026042404002244,UPPER,25,44,50,208.0,10400.0,2026-04-24,187827977,2792,Sweta Securities Private Limited,Dynamic Money Managers Securities Pvt. Ltd.,2026-04-24 11:35:40.456549,Upper Tamakoshi Hydropower Ltd
2026042404002273,UPPER,25,58,65,208.0,13520.0,2026-04-24,187828294,2792,Sweta Securities Private Limited,Naasa Securities Co. Ltd.,2026-04-24 11:36:06.931876,Upper Tamakoshi Hydropower Ltd
2026042404002274,UPPER,45,58,39,208.0,8112.0,2026-04-24,187828295,2792,Imperial Securities Company Pvt. Ltd.,Naasa Securities Co. Ltd.,2026-04-24 11:36:06.932778,Upper Tamakoshi Hydropower Ltd
2026042404002286,UPPER,22,49,100,208.5,20850.0,2026-04-24,187828868,2792,Siprabi Securities Pvt. Ltd.,Online Securities Pvt. Ltd.,2026-04-24 11:36:50.750341,Upper Tamakoshi Hydropower Ltd
2026042404002297,UPPER,45,44,50,208.0,10400.0,2026-04-24,187829157,2792,Imperial Securities Company Pvt. Ltd.,Dynamic Money Managers Securities Pvt. Ltd.,2026-04-24 11:37:19.560847,Upper Tamakoshi Hydropower Ltd
2026042404002302,UPPER,45,42,350,208.0,72800.0,2026-04-24,187829271,2792,Imperial Securities Company Pvt. Ltd.,Sani Securities Company Ltd.,2026-04-24 11:37:35.486298,Upper Tamakoshi Hydropower Ltd
2026042404002324,UPPER,45,44,50,208.0,10400.0,2026-04-24,187829645,2792,Imperial Securities Company Pvt. Ltd.,Dynamic Money Managers Securities Pvt. Ltd.,2026-04-24 11:38:16.989573,Upper Tamakoshi Hydropower Ltd
2026042404002416,UPPER,45,58,11,208.0,2288.0,2026-04-24,187830666,2792,Imperial Securities Company Pvt. Ltd.,Naasa Securities Co. Ltd.,2026-04-24 11:40:30.017659,Upper Tamakoshi Hydropower Ltd
2026042404002417,UPPER,36,58,183,208.0,38064.0,2026-04-24,187830667,2792,Secured Securities Ltd.,Naasa Securities Co. Ltd.,2026-04-24 11:40:30.018047,Upper Tamakoshi Hydropower Ltd
2026042404002427,UPPER,36,17,317,208.0,65936.0,2026-04-24,187830730,2792,Secured Securities Ltd.,ABC Securities Private Limited,2026-04-24 11:40:36.858253,Upper Tamakoshi Hydropower Ltd
2026042404002428,UPPER,53,17,100,208.0,20800.0,2026-04-24,187830732,2792,Investment Management Nepal Pvt. Ltd.,ABC Securities Private Limited,2026-04-24 11:40:36.858663,Upper Tamakoshi Hydropower Ltd
2026042404002429,UPPER,57,17,50,208.0,10400.0,2026-04-24,187830734,2792,Aryatara Investment & Securities,ABC Securities Private Limited,2026-04-24 11:40:36.858845,Upper Tamakoshi Hydropower Ltd
2026042404002439,UPPER,77,17,10,208.0,2080.0,2026-04-24,187830836,2792,Nabil Stock Dealer Ltd.,ABC Securities Private Limited,2026-04-24 11:40:53.244137,Upper Tamakoshi Hydropower Ltd
2026042404002471,UPPER,42,17,13,208.0,2704.0,2026-04-24,187831357,2792,Sani Securities Company Ltd.,ABC Securities Private Limited,2026-04-24 11:41:59.947575,Upper Tamakoshi Hydropower Ltd
2026042404002472,UPPER,42,38,34,208.5,7089.0,2026-04-24,187831359,2792,Sani Securities Company Ltd.,Dipshikha Dhitopatra Karobar Co. Pvt Ltd.,2026-04-24 11:41:59.947923,Upper Tamakoshi Hydropower Ltd
2026042404002509,UPPER,58,5,16,208.9,3342.4,2026-04-24,187831972,2792,Naasa Securities Co. Ltd.,Market Securities & Exchange (PVT) Ltd.,2026-04-24 11:43:22.454613,Upper Tamakoshi Hydropower Ltd
2026042404002510,UPPER,58,5,50,208.9,10445.0,2026-04-24,187831984,2792,Naasa Securities Co. Ltd.,Market Securities & Exchange (PVT) Ltd.,2026-04-24 11:43:24.556596,Upper Tamakoshi Hydropower Ltd
2026042404002535,UPPER,58,58,15,208.5,3127.5,2026-04-24,187832347,2792,Naasa Securities Co. Ltd.,Naasa Securities Co. Ltd.,2026-04-24 11:44:11.738237,Upper Tamakoshi Hydropower Ltd
2026042404002545,UPPER,58,53,70,208.5,14595.0,2026-04-24,187832620,2792,Naasa Securities Co. Ltd.,Investment Management Nepal Pvt. Ltd.,2026-04-24 11:44:37.224068,Upper Tamakoshi Hydropower Ltd
2026042404002546,UPPER,58,53,10,208.0,2080.0,2026-04-24,187832622,2792,Naasa Securities Co. Ltd.,Investment Management Nepal Pvt. Ltd.,2026-04-24 11:44:37.224470,Upper Tamakoshi Hydropower Ltd
2026042404002547,UPPER,41,53,1000,208.0,208000.0,2026-04-24,187832624,2792,Linch Stock Market Ltd.,Investment Management Nepal Pvt. Ltd.,2026-04-24 11:44:37.224644,Upper Tamakoshi Hydropower Ltd
2026042404002619,UPPER,58,36,55,207.9,11434.5,2026-04-24,187833124,2792,Naasa Securities Co. Ltd.,Secured Securities Ltd.,2026-04-24 11:45:23.705128,Upper Tamakoshi Hydropower Ltd
2026042404002620,UPPER,21,36,400,207.5,83000.0,2026-04-24,187833126,2792,Midas Stock Broking Company Private Limited,Secured Securities Ltd.,2026-04-24 11:45:23.705486,Upper Tamakoshi Hydropower Ltd
2026042404002621,UPPER,57,36,80,207.0,16560.0,2026-04-24,187833128,2792,Aryatara Investment & Securities,Secured Securities Ltd.,2026-04-24 11:45:23.705661,Upper Tamakoshi Hydropower Ltd
2026042404002622,UPPER,58,36,40,207.0,8280.0,2026-04-24,187833130,2792,Naasa Securities Co. Ltd.,Secured Securities Ltd.,2026-04-24 11:45:23.705840,Upper Tamakoshi Hydropower Ltd
2026042404002623,UPPER,49,36,100,207.0,20700.0,2026-04-24,187833132,2792,Online Securities Pvt. Ltd.,Secured Securities Ltd.,2026-04-24 11:45:23.706006,Upper Tamakoshi Hydropower Ltd
2026042404002624,UPPER,58,36,182,207.0,37674.0,2026-04-24,187833134,2792,Naasa Securities Co. Ltd.,Secured Securities Ltd.,2026-04-24 11:45:23.706175,Upper Tamakoshi Hydropower Ltd
2026042404002625,UPPER,56,36,500,207.0,103500.0,2026-04-24,187833136,2792,Sri Hari Securities Pvt. Ltd.,Secured Securities Ltd.,2026-04-24 11:45:23.706362,Upper Tamakoshi Hydropower Ltd
2026042404002626,UPPER,42,36,136,207.0,28152.0,2026-04-24,187833138,2792,Sani Securities Company Ltd.,Secured Securities Ltd.,2026-04-24 11:45:23.706533,Upper Tamakoshi Hydropower Ltd
2026042404002627,UPPER,45,36,10,207.0,2070.0,2026-04-24,187833140,2792,Imperial Securities Company Pvt. Ltd.,Secured Securities Ltd.,2026-04-24 11:45:23.706700,Upper Tamakoshi Hydropower Ltd
2026042404002628,UPPER,42,36,10,207.0,2070.0,2026-04-24,187833142,2792,Sani Securities Company Ltd.,Secured Securities Ltd.,2026-04-24 11:45:23.706871,Upper Tamakoshi Hydropower Ltd
2026042404002629,UPPER,52,36,850,207.0,175950.0,2026-04-24,187833144,2792,Sundhara Securities Limited,Secured Securities Ltd.,2026-04-24 11:45:23.707056,Upper Tamakoshi Hydropower Ltd
2026042404002630,UPPER,13,36,100,207.0,20700.0,2026-04-24,187833146,2792,Thrive Brokerage House Pvt. Ltd,Secured Securities Ltd.,2026-04-24 11:45:23.707221,Upper Tamakoshi Hydropower Ltd
2026042404002631,UPPER,34,36,37,207.0,7659.0,2026-04-24,187833147,2792,Vision Securities Pvt. Ltd,Secured Securities Ltd.,2026-04-24 11:45:23.707394,Upper Tamakoshi Hydropower Ltd
2026042404002653,UPPER,40,17,10,208.5,2085.0,2026-04-24,187833512,2792,Creative Securities Pvt Ltd,ABC Securities Private Limited,2026-04-24 11:46:03.601075,Upper Tamakoshi Hydropower Ltd
2026042404002655,UPPER,44,25,700,208.0,145600.0,2026-04-24,187833538,2792,Dynamic Money Managers Securities Pvt. Ltd.,Sweta Securities Private Limited,2026-04-24 11:46:06.600715,Upper Tamakoshi Hydropower Ltd
2026042404002686,UPPER,22,25,88,208.0,18304.0,2026-04-24,187834120,2792,Siprabi Securities Pvt. Ltd.,Sweta Securities Private Limited,2026-04-24 11:47:17.522116,Upper Tamakoshi Hydropower Ltd
2026042404002687,UPPER,58,25,110,208.0,22880.0,2026-04-24,187834148,2792,Naasa Securities Co. Ltd.,Sweta Securities Private Limited,2026-04-24 11:47:21.220617,Upper Tamakoshi Hydropower Ltd
2026042404002703,UPPER,58,25,10,208.0,2080.0,2026-04-24,187834498,2792,Naasa Securities Co. Ltd.,Sweta Securities Private Limited,2026-04-24 11:47:54.779470,Upper Tamakoshi Hydropower Ltd
2026042404002704,UPPER,34,48,100,207.0,20700.0,2026-04-24,187834499,2792,Vision Securities Pvt. Ltd,Trishakti Securities Public Limited,2026-04-24 11:47:55.680279,Upper Tamakoshi Hydropower Ltd
2026042404002834,UPPER,39,50,10,207.1,2071.0,2026-04-24,187835840,2792,Sumeru Securities Pvt. Ltd.,Cristal Kanchanjanga Securites Pvt. Ltd.,2026-04-24 11:50:55.544468,Upper Tamakoshi Hydropower Ltd
2026042404002835,UPPER,34,50,10,207.0,2070.0,2026-04-24,187835841,2792,Vision Securities Pvt. Ltd,Cristal Kanchanjanga Securites Pvt. Ltd.,2026-04-24 11:50:55.544845,Upper Tamakoshi Hydropower Ltd
2026042404002856,UPPER,34,57,153,207.0,31671.0,2026-04-24,187836174,2792,Vision Securities Pvt. Ltd,Aryatara Investment & Securities,2026-04-24 11:51:37.410533,Upper Tamakoshi Hydropower Ltd
2026042404002857,UPPER,34,57,28,207.0,5796.0,2026-04-24,187836176,2792,Vision Securities Pvt. Ltd,Aryatara Investment & Securities,2026-04-24 11:51:37.410607,Upper Tamakoshi Hydropower Ltd
2026042404002858,UPPER,34,57,50,207.0,10350.0,2026-04-24,187836178,2792,Vision Securities Pvt. Ltd,Aryatara Investment & Securities,2026-04-24 11:51:37.410628,Upper Tamakoshi Hydropower Ltd
2026042404002859,UPPER,42,57,10,207.0,2070.0,2026-04-24,187836180,2792,Sani Securities Company Ltd.,Aryatara Investment & Securities,2026-04-24 11:51:37.410671,Upper Tamakoshi Hydropower Ltd
2026042404002860,UPPER,17,57,11,206.7,2273.7,2026-04-24,187836182,2792,ABC Securities Private Limited,Aryatara Investment & Securities,2026-04-24 11:51:37.410692,Upper Tamakoshi Hydropower Ltd
2026042404002861,UPPER,89,57,50,206.6,10330.0,2026-04-24,187836184,2792,Global IME Securities Limited,Aryatara Investment & Securities,2026-04-24 11:51:37.410716,Upper Tamakoshi Hydropower Ltd
2026042404002862,UPPER,49,57,34,206.5,7021.0,2026-04-24,187836186,2792,Online Securities Pvt. Ltd.,Aryatara Investment & Securities,2026-04-24 11:51:37.410777,Upper Tamakoshi Hydropower Ltd
2026042404002863,UPPER,49,57,100,206.2,20620.0,2026-04-24,187836188,2792,Online Securities Pvt. Ltd.,Aryatara Investment & Securities,2026-04-24 11:51:37.410815,Upper Tamakoshi Hydropower Ltd
2026042404002864,UPPER,49,57,64,206.2,13196.8,2026-04-24,187836189,2792,Online Securities Pvt. Ltd.,Aryatara Investment & Securities,2026-04-24 11:51:37.410837,Upper Tamakoshi Hydropower Ltd
2026042404002980,UPPER,49,35,36,206.2,7423.2,2026-04-24,187837092,2792,Online Securities Pvt. Ltd.,Kohinoor Investment & Securities Pvt. Ltd.,2026-04-24 11:53:09.011970,Upper Tamakoshi Hydropower Ltd
2026042404002981,UPPER,8,35,1100,206.2,226820.0,2026-04-24,187837094,2792,Brilliant Securities Pvt. Ltd.,Kohinoor Investment & Securities Pvt. Ltd.,2026-04-24 11:53:09.012775,Upper Tamakoshi Hydropower Ltd
2026042404002982,UPPER,58,35,10,206.1,2061.0,2026-04-24,187837096,2792,Naasa Securities Co. Ltd.,Kohinoor Investment & Securities Pvt. Ltd.,2026-04-24 11:53:09.013357,Upper Tamakoshi Hydropower Ltd
2026042404002983,UPPER,38,35,200,206.1,41220.0,2026-04-24,187837098,2792,Dipshikha Dhitopatra Karobar Co. Pvt Ltd.,Kohinoor Investment & Securities Pvt. Ltd.,2026-04-24 11:53:09.013909,Upper Tamakoshi Hydropower Ltd
2026042404002984,UPPER,42,35,654,206.1,134789.4,2026-04-24,187837099,2792,Sani Securities Company Ltd.,Kohinoor Investment & Securities Pvt. Ltd.,2026-04-24 11:53:09.014466,Upper Tamakoshi Hydropower Ltd
2026042404002991,UPPER,42,35,146,206.1,30090.6,2026-04-24,187837176,2792,Sani Securities Company Ltd.,Kohinoor Investment & Securities Pvt. Ltd.,2026-04-24 11:53:16.335251,Upper Tamakoshi Hydropower Ltd
2026042404002992,UPPER,45,35,582,206.0,119892.0,2026-04-24,187837178,2792,Imperial Securities Company Pvt. Ltd.,Kohinoor Investment & Securities Pvt. Ltd.,2026-04-24 11:53:16.336047,Upper Tamakoshi Hydropower Ltd
2026042404002993,UPPER,3,35,100,206.0,20600.0,2026-04-24,187837180,2792,Arun Securities (PVT) Ltd.,Kohinoor Investment & Securities Pvt. Ltd.,2026-04-24 11:53:16.336617,Upper Tamakoshi Hydropower Ltd
2026042404002994,UPPER,38,35,39,206.0,8034.0,2026-04-24,187837182,2792,Dipshikha Dhitopatra Karobar Co. Pvt Ltd.,Kohinoor Investment & Securities Pvt. Ltd.,2026-04-24 11:53:16.337136,Upper Tamakoshi Hydropower Ltd
2026042404002995,UPPER,58,35,200,206.0,41200.0,2026-04-24,187837184,2792,Naasa Securities Co. Ltd.,Kohinoor Investment & Securities Pvt. Ltd.,2026-04-24 11:53:16.337666,Upper Tamakoshi Hydropower Ltd
2026042404002996,UPPER,54,35,360,206.0,74160.0,2026-04-24,187837186,2792,Sewa Securities Pvt. Ltd.,Kohinoor Investment & Securities Pvt. Ltd.,2026-04-24 11:53:16.338196,Upper Tamakoshi Hydropower Ltd
2026042404002997,UPPER,38,35,40,206.0,8240.0,2026-04-24,187837188,2792,Dipshikha Dhitopatra Karobar Co. Pvt Ltd.,Kohinoor Investment & Securities Pvt. Ltd.,2026-04-24 11:53:16.338737,Upper Tamakoshi Hydropower Ltd
2026042404002998,UPPER,58,35,500,206.0,103000.0,2026-04-24,187837190,2792,Naasa Securities Co. Ltd.,Kohinoor Investment & Securities Pvt. Ltd.,2026-04-24 11:53:16.339258,Upper Tamakoshi Hydropower Ltd
2026042404002999,UPPER,38,35,33,206.0,6798.0,2026-04-24,187837191,2792,Dipshikha Dhitopatra Karobar Co. Pvt Ltd.,Kohinoor Investment & Securities Pvt. Ltd.,2026-04-24 11:53:16.339824,Upper Tamakoshi Hydropower Ltd
2026042404003018,UPPER,38,35,17,206.0,3502.0,2026-04-24,187837272,2792,Dipshikha Dhitopatra Karobar Co. Pvt Ltd.,Kohinoor Investment & Securities Pvt. Ltd.,2026-04-24 11:53:23.763878,Upper Tamakoshi Hydropower Ltd
2026042404003019,UPPER,58,35,10,206.0,2060.0,2026-04-24,187837274,2792,Naasa Securities Co. Ltd.,Kohinoor Investment & Securities Pvt. Ltd.,2026-04-24 11:53:23.764657,Upper Tamakoshi Hydropower Ltd
2026042404003020,UPPER,54,35,500,206.0,103000.0,2026-04-24,187837276,2792,Sewa Securities Pvt. Ltd.,Kohinoor Investment & Securities Pvt. Ltd.,2026-04-24 11:53:23.765171,Upper Tamakoshi Hydropower Ltd
2026042404003021,UPPER,45,35,100,206.0,20600.0,2026-04-24,187837278,2792,Imperial Securities Company Pvt. Ltd.,Kohinoor Investment & Securities Pvt. Ltd.,2026-04-24 11:53:23.765709,Upper Tamakoshi Hydropower Ltd
2026042404003022,UPPER,41,35,50,206.0,10300.0,2026-04-24,187837280,2792,Linch Stock Market Ltd.,Kohinoor Investment & Securities Pvt. Ltd.,2026-04-24 11:53:23.766223,Upper Tamakoshi Hydropower Ltd
2026042404003023,UPPER,42,35,790,206.0,162740.0,2026-04-24,187837282,2792,Sani Securities Company Ltd.,Kohinoor Investment & Securities Pvt. Ltd.,2026-04-24 11:53:23.766789,Upper Tamakoshi Hydropower Ltd
2026042404003024,UPPER,95,35,500,206.0,103000.0,2026-04-24,187837284,2792,Magnet Securities and Investment Company Private Limited,Kohinoor Investment & Securities Pvt. Ltd.,2026-04-24 11:53:23.767310,Upper Tamakoshi Hydropower Ltd
2026042404003025,UPPER,49,35,33,206.0,6798.0,2026-04-24,187837285,2792,Online Securities Pvt. Ltd.,Kohinoor Investment & Securities Pvt. Ltd.,2026-04-24 11:53:23.767834,Upper Tamakoshi Hydropower Ltd
2026042404003100,UPPER,13,41,30,206.2,6186.0,2026-04-24,187837867,2792,Thrive Brokerage House Pvt. Ltd,Linch Stock Market Ltd.,2026-04-24 11:54:35.839375,Upper Tamakoshi Hydropower Ltd
2026042404003123,UPPER,13,89,40,206.2,8248.0,2026-04-24,187838233,2792,Thrive Brokerage House Pvt. Ltd,Global IME Securities Limited,2026-04-24 11:55:28.736098,Upper Tamakoshi Hydropower Ltd
2026042404003180,UPPER,7,49,10,206.5,2065.0,2026-04-24,187838694,2792,J.F. Securites (PVT) Ltd.,Online Securities Pvt. Ltd.,2026-04-24 11:56:32.076805,Upper Tamakoshi Hydropower Ltd
2026042404003187,UPPER,62,49,70,206.5,14455.0,2026-04-24,187838799,2792,Capital Max Securities Ltd,Online Securities Pvt. Ltd.,2026-04-24 11:56:46.584873,Upper Tamakoshi Hydropower Ltd
2026042404003188,UPPER,62,45,130,207.0,26910.0,2026-04-24,187838802,2792,Capital Max Securities Ltd,Imperial Securities Company Pvt. Ltd.,2026-04-24 11:56:46.585675,Upper Tamakoshi Hydropower Ltd
2026042404003221,UPPER,62,45,70,207.0,14490.0,2026-04-24,187839193,2792,Capital Max Securities Ltd,Imperial Securities Company Pvt. Ltd.,2026-04-24 11:57:50.721262,Upper Tamakoshi Hydropower Ltd
2026042404003222,UPPER,62,25,130,208.0,27040.0,2026-04-24,187839196,2792,Capital Max Securities Ltd,Sweta Securities Private Limited,2026-04-24 11:57:50.721653,Upper Tamakoshi Hydropower Ltd
2026042404003239,UPPER,44,42,12,207.0,2484.0,2026-04-24,187839444,2792,Dynamic Money Managers Securities Pvt. Ltd.,Sani Securities Company Ltd.,2026-04-24 11:58:19.861003,Upper Tamakoshi Hydropower Ltd
2026042404003282,UPPER,71,58,20,206.3,4126.0,2026-04-24,187839913,2792,SHUBHAKAMANA SECURITIES PVT. LTD,Naasa Securities Co. Ltd.,2026-04-24 11:59:10.177770,Upper Tamakoshi Hydropower Ltd
2026042404003296,UPPER,71,47,800,206.3,165040.0,2026-04-24,187840129,2792,SHUBHAKAMANA SECURITIES PVT. LTD,Neev Securities Pvt. Ltd.,2026-04-24 11:59:41.946487,Upper Tamakoshi Hydropower Ltd
2026042404003308,UPPER,57,42,14,207.0,2898.0,2026-04-24,187840246,2792,Aryatara Investment & Securities,Sani Securities Company Ltd.,2026-04-24 11:59:56.734994,Upper Tamakoshi Hydropower Ltd
2026042404003414,UPPER,4,25,23,207.0,4761.0,2026-04-24,187841616,2792,Opal Securities Investment (PVT) Ltd.,Sweta Securities Private Limited,2026-04-24 12:02:28.421877,Upper Tamakoshi Hydropower Ltd
2026042404003418,UPPER,29,25,50,207.0,10350.0,2026-04-24,187841651,2792,Trisul Securities & Invt. Ltd.,Sweta Securities Private Limited,2026-04-24 12:02:32.646209,Upper Tamakoshi Hydropower Ltd
2026042404003517,UPPER,58,45,10,207.0,2070.0,2026-04-24,187842711,2792,Naasa Securities Co. Ltd.,Imperial Securities Company Pvt. Ltd.,2026-04-24 12:05:07.820122,Upper Tamakoshi Hydropower Ltd
2026042404003570,UPPER,58,42,14,207.0,2898.0,2026-04-24,187843050,2792,Naasa Securities Co. Ltd.,Sani Securities Company Ltd.,2026-04-24 12:05:47.254604,Upper Tamakoshi Hydropower Ltd
2026042404003574,UPPER,43,89,20,208.0,4160.0,2026-04-24,187843159,2792,South Asian Bulls Pvt. Ltd.,Global IME Securities Limited,2026-04-24 12:06:02.021349,Upper Tamakoshi Hydropower Ltd
2026042404003575,UPPER,43,38,160,208.0,33280.0,2026-04-24,187843161,2792,South Asian Bulls Pvt. Ltd.,Dipshikha Dhitopatra Karobar Co. Pvt Ltd.,2026-04-24 12:06:02.021763,Upper Tamakoshi Hydropower Ltd
2026042404003576,UPPER,43,22,25,208.0,5200.0,2026-04-24,187843163,2792,South Asian Bulls Pvt. Ltd.,Siprabi Securities Pvt. Ltd.,2026-04-24 12:06:02.021973,Upper Tamakoshi Hydropower Ltd
2026042404003577,UPPER,43,42,200,208.0,41600.0,2026-04-24,187843165,2792,South Asian Bulls Pvt. Ltd.,Sani Securities Company Ltd.,2026-04-24 12:06:02.022179,Upper Tamakoshi Hydropower Ltd
2026042404003578,UPPER,43,11,95,208.0,19760.0,2026-04-24,187843168,2792,South Asian Bulls Pvt. Ltd.,Malla & Malla Stock Broking Company Pvt. Limited,2026-04-24 12:06:02.022390,Upper Tamakoshi Hydropower Ltd
2026042404003619,UPPER,25,11,105,208.0,21840.0,2026-04-24,187843569,2792,Sweta Securities Private Limited,Malla & Malla Stock Broking Company Pvt. Limited,2026-04-24 12:07:03.219568,Upper Tamakoshi Hydropower Ltd
2026042404003620,UPPER,25,22,68,208.0,14144.0,2026-04-24,187843572,2792,Sweta Securities Private Limited,Siprabi Securities Pvt. Ltd.,2026-04-24 12:07:03.220020,Upper Tamakoshi Hydropower Ltd
2026042404003647,UPPER,74,45,40,207.0,8280.0,2026-04-24,187843745,2792,KALASH STOCK MARKET PVT. LTD.,Imperial Securities Company Pvt. Ltd.,2026-04-24 12:07:09.296091,Upper Tamakoshi Hydropower Ltd
2026042404003773,UPPER,34,74,10,207.1,2071.0,2026-04-24,187844846,2792,Vision Securities Pvt. Ltd,KALASH STOCK MARKET PVT. LTD.,2026-04-24 12:09:24.594458,Upper Tamakoshi Hydropower Ltd
2026042404003869,UPPER,42,38,10,207.2,2072.0,2026-04-24,187845818,2792,Sani Securities Company Ltd.,Dipshikha Dhitopatra Karobar Co. Pvt Ltd.,2026-04-24 12:11:11.937042,Upper Tamakoshi Hydropower Ltd
2026042404003870,UPPER,22,38,40,207.1,8284.0,2026-04-24,187845819,2792,Siprabi Securities Pvt. Ltd.,Dipshikha Dhitopatra Karobar Co. Pvt Ltd.,2026-04-24 12:11:11.937569,Upper Tamakoshi Hydropower Ltd
2026042404003898,UPPER,22,58,10,207.1,2071.0,2026-04-24,187846174,2792,Siprabi Securities Pvt. Ltd.,Naasa Securities Co. Ltd.,2026-04-24 12:11:43.728387,Upper Tamakoshi Hydropower Ltd
2026042404003899,UPPER,74,58,30,207.0,6210.0,2026-04-24,187846175,2792,KALASH STOCK MARKET PVT. LTD.,Naasa Securities Co. Ltd.,2026-04-24 12:11:43.729297,Upper Tamakoshi Hydropower Ltd
2026042404003925,UPPER,74,58,100,207.0,20700.0,2026-04-24,187846535,2792,KALASH STOCK MARKET PVT. LTD.,Naasa Securities Co. Ltd.,2026-04-24 12:12:09.092578,Upper Tamakoshi Hydropower Ltd
2026042404003985,UPPER,76,22,15,208.0,3120.0,2026-04-24,187847200,2792,Machhapuchchhre Securities Limited,Siprabi Securities Pvt. Ltd.,2026-04-24 12:13:52.965897,Upper Tamakoshi Hydropower Ltd
2026042404003988,UPPER,60,1,475,207.2,98420.0,2026-04-24,187847248,2792,Nagarik Stock Dealer ,Kumari Securities Private Limited,2026-04-24 12:13:58.414509,Upper Tamakoshi Hydropower Ltd
2026042404004014,UPPER,34,10,71,207.1,14704.1,2026-04-24,187847414,2792,Vision Securities Pvt. Ltd,Pragyan Securities (PVT) Ltd.,2026-04-24 12:14:21.452448,Upper Tamakoshi Hydropower Ltd
2026042404004015,UPPER,74,10,429,207.0,88803.0,2026-04-24,187847415,2792,KALASH STOCK MARKET PVT. LTD.,Pragyan Securities (PVT) Ltd.,2026-04-24 12:14:21.453394,Upper Tamakoshi Hydropower Ltd
2026042404004022,UPPER,42,1,525,207.2,108780.0,2026-04-24,187847477,2792,Sani Securities Company Ltd.,Kumari Securities Private Limited,2026-04-24 12:14:29.066618,Upper Tamakoshi Hydropower Ltd
2026042404004023,UPPER,42,21,10,207.2,2072.0,2026-04-24,187847479,2792,Sani Securities Company Ltd.,Midas Stock Broking Company Private Limited,2026-04-24 12:14:29.067542,Upper Tamakoshi Hydropower Ltd
2026042404004138,UPPER,42,22,10,208.0,2080.0,2026-04-24,187848908,2792,Sani Securities Company Ltd.,Siprabi Securities Pvt. Ltd.,2026-04-24 12:17:38.147457,Upper Tamakoshi Hydropower Ltd
2026042404004145,UPPER,13,22,100,208.0,20800.0,2026-04-24,187848962,2792,Thrive Brokerage House Pvt. Ltd,Siprabi Securities Pvt. Ltd.,2026-04-24 12:17:47.250984,Upper Tamakoshi Hydropower Ltd
2026042404004150,UPPER,48,38,100,207.2,20720.0,2026-04-24,187849026,2792,Trishakti Securities Public Limited,Dipshikha Dhitopatra Karobar Co. Pvt Ltd.,2026-04-24 12:18:00.931547,Upper Tamakoshi Hydropower Ltd
2026042404004151,UPPER,38,38,94,207.1,19467.4,2026-04-24,187849027,2792,Dipshikha Dhitopatra Karobar Co. Pvt Ltd.,Dipshikha Dhitopatra Karobar Co. Pvt Ltd.,2026-04-24 12:18:00.931653,Upper Tamakoshi Hydropower Ltd
2026042404004181,UPPER,14,49,5,208.0,1040.0,2026-04-24,187849401,2792,Nepal Stock House (PVT) Ltd.,Online Securities Pvt. Ltd.,2026-04-24 12:18:35.018007,Upper Tamakoshi Hydropower Ltd
2026042404004215,UPPER,42,49,3,209.0,627.0,2026-04-24,187849671,2792,Sani Securities Company Ltd.,Online Securities Pvt. Ltd.,2026-04-24 12:19:08.756506,Upper Tamakoshi Hydropower Ltd
2026042404004378,UPPER,36,51,50,208.0,10400.0,2026-04-24,187851525,2792,Secured Securities Ltd.,Oxford Securities Pvt. Ltd.,2026-04-24 12:22:16.298496,Upper Tamakoshi Hydropower Ltd
2026042404004379,UPPER,36,22,25,208.5,5212.5,2026-04-24,187851527,2792,Secured Securities Ltd.,Siprabi Securities Pvt. Ltd.,2026-04-24 12:22:16.299515,Upper Tamakoshi Hydropower Ltd
2026042404004380,UPPER,36,5,325,208.9,67892.5,2026-04-24,187851530,2792,Secured Securities Ltd.,Market Securities & Exchange (PVT) Ltd.,2026-04-24 12:22:16.300267,Upper Tamakoshi Hydropower Ltd
2026042404004510,UPPER,58,5,10,208.9,2089.0,2026-04-24,187852584,2792,Naasa Securities Co. Ltd.,Market Securities & Exchange (PVT) Ltd.,2026-04-24 12:24:09.538192,Upper Tamakoshi Hydropower Ltd
2026042404004545,UPPER,70,5,500,208.9,104450.0,2026-04-24,187852962,2792,Infinity Securities Limited,Market Securities & Exchange (PVT) Ltd.,2026-04-24 12:24:59.308243,Upper Tamakoshi Hydropower Ltd
2026042404004635,UPPER,43,45,200,208.5,41700.0,2026-04-24,187853682,2792,South Asian Bulls Pvt. Ltd.,Imperial Securities Company Pvt. Ltd.,2026-04-24 12:26:29.129687,Upper Tamakoshi Hydropower Ltd
2026042404004713,UPPER,38,45,50,208.5,10425.0,2026-04-24,187854229,2792,Dipshikha Dhitopatra Karobar Co. Pvt Ltd.,Imperial Securities Company Pvt. Ltd.,2026-04-24 12:27:31.794329,Upper Tamakoshi Hydropower Ltd
2026042404004714,UPPER,38,17,50,208.5,10425.0,2026-04-24,187854232,2792,Dipshikha Dhitopatra Karobar Co. Pvt Ltd.,ABC Securities Private Limited,2026-04-24 12:27:31.795447,Upper Tamakoshi Hydropower Ltd
2026042404004741,UPPER,43,58,20,208.3,4166.0,2026-04-24,187854446,2792,South Asian Bulls Pvt. Ltd.,Naasa Securities Co. Ltd.,2026-04-24 12:27:45.546603,Upper Tamakoshi Hydropower Ltd
2026042404004742,UPPER,17,58,830,208.0,172640.0,2026-04-24,187854447,2792,ABC Securities Private Limited,Naasa Securities Co. Ltd.,2026-04-24 12:27:45.547607,Upper Tamakoshi Hydropower Ltd
2026042404004776,UPPER,13,17,10,208.5,2085.0,2026-04-24,187854582,2792,Thrive Brokerage House Pvt. Ltd,ABC Securities Private Limited,2026-04-24 12:28:02.649959,Upper Tamakoshi Hydropower Ltd
2026042404004915,UPPER,41,17,130,208.5,27105.0,2026-04-24,187855513,2792,Linch Stock Market Ltd.,ABC Securities Private Limited,2026-04-24 12:29:56.641706,Upper Tamakoshi Hydropower Ltd
2026042404004927,UPPER,14,5,99,208.9,20681.1,2026-04-24,187855607,2792,Nepal Stock House (PVT) Ltd.,Market Securities & Exchange (PVT) Ltd.,2026-04-24 12:30:14.020774,Upper Tamakoshi Hydropower Ltd
2026042404004928,UPPER,14,33,101,208.9,21098.9,2026-04-24,187855610,2792,Nepal Stock House (PVT) Ltd.,Dakshinkali Investment & Securities Pvt. Ltd.,2026-04-24 12:30:14.021806,Upper Tamakoshi Hydropower Ltd
2026042404004985,UPPER,35,33,229,208.9,47838.1,2026-04-24,187856573,2792,Kohinoor Investment & Securities Pvt. Ltd.,Dakshinkali Investment & Securities Pvt. Ltd.,2026-04-24 12:31:52.948750,Upper Tamakoshi Hydropower Ltd
2026042404005015,UPPER,35,7,10,208.9,2089.0,2026-04-24,187856855,2792,Kohinoor Investment & Securities Pvt. Ltd.,J.F. Securites (PVT) Ltd.,2026-04-24 12:32:22.769621,Upper Tamakoshi Hydropower Ltd
2026042404005024,UPPER,35,97,40,208.9,8356.0,2026-04-24,187856911,2792,Kohinoor Investment & Securities Pvt. Ltd.,R.B.B. Securities Company Ltd,2026-04-24 12:32:26.849255,Upper Tamakoshi Hydropower Ltd
2026042404005029,UPPER,58,39,10,209.0,2090.0,2026-04-24,187856978,2792,Naasa Securities Co. Ltd.,Sumeru Securities Pvt. Ltd.,2026-04-24 12:32:31.980071,Upper Tamakoshi Hydropower Ltd
2026042404005049,UPPER,58,39,20,209.0,4180.0,2026-04-24,187857250,2792,Naasa Securities Co. Ltd.,Sumeru Securities Pvt. Ltd.,2026-04-24 12:33:01.438849,Upper Tamakoshi Hydropower Ltd
2026042404005090,UPPER,39,39,470,209.0,98230.0,2026-04-24,187857605,2792,Sumeru Securities Pvt. Ltd.,Sumeru Securities Pvt. Ltd.,2026-04-24 12:33:39.285552,Upper Tamakoshi Hydropower Ltd
2026042404005091,UPPER,39,22,25,209.0,5225.0,2026-04-24,187857607,2792,Sumeru Securities Pvt. Ltd.,Siprabi Securities Pvt. Ltd.,2026-04-24 12:33:39.286581,Upper Tamakoshi Hydropower Ltd
2026042404005188,UPPER,28,82,142,209.0,29678.0,2026-04-24,187858731,2792,Shree Krishna Securities Ltd.,N.M.B. SECURITIES LIMITED,2026-04-24 12:35:56.648900,Upper Tamakoshi Hydropower Ltd
2026042404005189,UPPER,28,72,60,209.0,12540.0,2026-04-24,187858733,2792,Shree Krishna Securities Ltd.,Hatemalo Financial Services Private Limited,2026-04-24 12:35:56.649456,Upper Tamakoshi Hydropower Ltd
2026042404005190,UPPER,28,45,98,209.0,20482.0,2026-04-24,187858736,2792,Shree Krishna Securities Ltd.,Imperial Securities Company Pvt. Ltd.,2026-04-24 12:35:56.649717,Upper Tamakoshi Hydropower Ltd
2026042404005219,UPPER,58,45,152,209.0,31768.0,2026-04-24,187859098,2792,Naasa Securities Co. Ltd.,Imperial Securities Company Pvt. Ltd.,2026-04-24 12:36:55.373395,Upper Tamakoshi Hydropower Ltd
2026042404005267,UPPER,49,40,100,209.0,20900.0,2026-04-24,187859751,2792,Online Securities Pvt. Ltd.,Creative Securities Pvt Ltd,2026-04-24 12:38:07.993681,Upper Tamakoshi Hydropower Ltd
2026042404005293,UPPER,58,58,75,209.9,15742.5,2026-04-24,187860162,2792,Naasa Securities Co. Ltd.,Naasa Securities Co. Ltd.,2026-04-24 12:38:47.252181,Upper Tamakoshi Hydropower Ltd
2026042404005298,UPPER,41,58,100,209.9,20990.0,2026-04-24,187860264,2792,Linch Stock Market Ltd.,Naasa Securities Co. Ltd.,2026-04-24 12:38:57.397124,Upper Tamakoshi Hydropower Ltd
2026042404005317,UPPER,38,58,17,209.1,3554.7,2026-04-24,187860585,2792,Dipshikha Dhitopatra Karobar Co. Pvt Ltd.,Naasa Securities Co. Ltd.,2026-04-24 12:39:28.824799,Upper Tamakoshi Hydropower Ltd
2026042404005367,UPPER,38,40,50,209.1,10455.0,2026-04-24,187861011,2792,Dipshikha Dhitopatra Karobar Co. Pvt Ltd.,Creative Securities Pvt Ltd,2026-04-24 12:40:28.105035,Upper Tamakoshi Hydropower Ltd
2026042404005389,UPPER,54,58,54,209.9,11334.6,2026-04-24,187861268,2792,Sewa Securities Pvt. Ltd.,Naasa Securities Co. Ltd.,2026-04-24 12:41:04.068360,Upper Tamakoshi Hydropower Ltd
2026042404005390,UPPER,21,58,321,209.9,67377.9,2026-04-24,187861273,2792,Midas Stock Broking Company Private Limited,Naasa Securities Co. Ltd.,2026-04-24 12:41:05.007147,Upper Tamakoshi Hydropower Ltd
2026042404005391,UPPER,21,95,100,209.9,20990.0,2026-04-24,187861275,2792,Midas Stock Broking Company Private Limited,Magnet Securities and Investment Company Private Limited,2026-04-24 12:41:05.007667,Upper Tamakoshi Hydropower Ltd
2026042404005392,UPPER,21,36,100,209.9,20990.0,2026-04-24,187861277,2792,Midas Stock Broking Company Private Limited,Secured Securities Ltd.,2026-04-24 12:41:05.007939,Upper Tamakoshi Hydropower Ltd
2026042404005393,UPPER,21,63,320,209.9,67168.0,2026-04-24,187861279,2792,Midas Stock Broking Company Private Limited,Himalayan Brokerage Company Limited,2026-04-24 12:41:05.008201,Upper Tamakoshi Hydropower Ltd
2026042404005394,UPPER,21,45,150,210.0,31500.0,2026-04-24,187861281,2792,Midas Stock Broking Company Private Limited,Imperial Securities Company Pvt. Ltd.,2026-04-24 12:41:05.008483,Upper Tamakoshi Hydropower Ltd
2026042404005395,UPPER,21,49,600,210.0,126000.0,2026-04-24,187861283,2792,Midas Stock Broking Company Private Limited,Online Securities Pvt. Ltd.,2026-04-24 12:41:05.008748,Upper Tamakoshi Hydropower Ltd
2026042404005396,UPPER,21,42,500,210.0,105000.0,2026-04-24,187861285,2792,Midas Stock Broking Company Private Limited,Sani Securities Company Ltd.,2026-04-24 12:41:05.009010,Upper Tamakoshi Hydropower Ltd
2026042404005397,UPPER,21,57,30,210.0,6300.0,2026-04-24,187861287,2792,Midas Stock Broking Company Private Limited,Aryatara Investment & Securities,2026-04-24 12:41:05.009271,Upper Tamakoshi Hydropower Ltd
2026042404005398,UPPER,21,21,44,210.0,9240.0,2026-04-24,187861289,2792,Midas Stock Broking Company Private Limited,Midas Stock Broking Company Private Limited,2026-04-24 12:41:05.009537,Upper Tamakoshi Hydropower Ltd
2026042404005399,UPPER,21,19,44,210.0,9240.0,2026-04-24,187861291,2792,Midas Stock Broking Company Private Limited,Nepal Investment And Securities Trading Private Limited,2026-04-24 12:41:05.009798,Upper Tamakoshi Hydropower Ltd
2026042404005400,UPPER,21,22,90,210.0,18900.0,2026-04-24,187861293,2792,Midas Stock Broking Company Private Limited,Siprabi Securities Pvt. Ltd.,2026-04-24 12:41:05.010058,Upper Tamakoshi Hydropower Ltd
2026042404005401,UPPER,21,45,300,210.0,63000.0,2026-04-24,187861295,2792,Midas Stock Broking Company Private Limited,Imperial Securities Company Pvt. Ltd.,2026-04-24 12:41:05.010320,Upper Tamakoshi Hydropower Ltd
2026042404005402,UPPER,21,58,100,210.0,21000.0,2026-04-24,187861297,2792,Midas Stock Broking Company Private Limited,Naasa Securities Co. Ltd.,2026-04-24 12:41:05.010573,Upper Tamakoshi Hydropower Ltd
2026042404005403,UPPER,21,22,25,210.0,5250.0,2026-04-24,187861299,2792,Midas Stock Broking Company Private Limited,Siprabi Securities Pvt. Ltd.,2026-04-24 12:41:05.010831,Upper Tamakoshi Hydropower Ltd
2026042404005404,UPPER,21,58,10,210.0,2100.0,2026-04-24,187861301,2792,Midas Stock Broking Company Private Limited,Naasa Securities Co. Ltd.,2026-04-24 12:41:05.011101,Upper Tamakoshi Hydropower Ltd
2026042404005405,UPPER,21,14,700,210.0,147000.0,2026-04-24,187861303,2792,Midas Stock Broking Company Private Limited,Nepal Stock House (PVT) Ltd.,2026-04-24 12:41:05.011356,Upper Tamakoshi Hydropower Ltd
2026042404005406,UPPER,21,42,350,210.0,73500.0,2026-04-24,187861305,2792,Midas Stock Broking Company Private Limited,Sani Securities Company Ltd.,2026-04-24 12:41:05.011611,Upper Tamakoshi Hydropower Ltd
2026042404005407,UPPER,21,11,80,210.0,16800.0,2026-04-24,187861307,2792,Midas Stock Broking Company Private Limited,Malla & Malla Stock Broking Company Pvt. Limited,2026-04-24 12:41:05.011868,Upper Tamakoshi Hydropower Ltd
2026042404005408,UPPER,21,52,2000,210.0,420000.0,2026-04-24,187861309,2792,Midas Stock Broking Company Private Limited,Sundhara Securities Limited,2026-04-24 12:41:05.012122,Upper Tamakoshi Hydropower Ltd
2026042404005409,UPPER,21,16,280,210.0,58800.0,2026-04-24,187861311,2792,Midas Stock Broking Company Private Limited,Primo Securities (PVT) Ltd.,2026-04-24 12:41:05.012384,Upper Tamakoshi Hydropower Ltd
2026042404005410,UPPER,21,42,1000,210.0,210000.0,2026-04-24,187861313,2792,Midas Stock Broking Company Private Limited,Sani Securities Company Ltd.,2026-04-24 12:41:05.012641,Upper Tamakoshi Hydropower Ltd
2026042404005411,UPPER,21,49,700,210.0,147000.0,2026-04-24,187861315,2792,Midas Stock Broking Company Private Limited,Online Securities Pvt. Ltd.,2026-04-24 12:41:05.012890,Upper Tamakoshi Hydropower Ltd
2026042404005412,UPPER,21,35,50,210.0,10500.0,2026-04-24,187861317,2792,Midas Stock Broking Company Private Limited,Kohinoor Investment & Securities Pvt. Ltd.,2026-04-24 12:41:05.013145,Upper Tamakoshi Hydropower Ltd
2026042404005413,UPPER,21,17,1000,210.0,210000.0,2026-04-24,187861319,2792,Midas Stock Broking Company Private Limited,ABC Securities Private Limited,2026-04-24 12:41:05.013407,Upper Tamakoshi Hydropower Ltd
2026042404005414,UPPER,21,7,365,210.0,76650.0,2026-04-24,187861321,2792,Midas Stock Broking Company Private Limited,J.F. Securites (PVT) Ltd.,2026-04-24 12:41:05.013661,Upper Tamakoshi Hydropower Ltd
2026042404005415,UPPER,21,58,23,210.0,4830.0,2026-04-24,187861323,2792,Midas Stock Broking Company Private Limited,Naasa Securities Co. Ltd.,2026-04-24 12:41:05.013914,Upper Tamakoshi Hydropower Ltd
2026042404005416,UPPER,21,4,500,210.0,105000.0,2026-04-24,187861325,2792,Midas Stock Broking Company Private Limited,Opal Securities Investment (PVT) Ltd.,2026-04-24 12:41:05.014199,Upper Tamakoshi Hydropower Ltd
2026042404005417,UPPER,21,3,300,210.0,63000.0,2026-04-24,187861327,2792,Midas Stock Broking Company Private Limited,Arun Securities (PVT) Ltd.,2026-04-24 12:41:05.014456,Upper Tamakoshi Hydropower Ltd
2026042404005473,UPPER,21,59,50,210.0,10500.0,2026-04-24,187861991,2792,Midas Stock Broking Company Private Limited,Deevyaa Securities & Stock House Pvt. Ltd,2026-04-24 12:42:29.279158,Upper Tamakoshi Hydropower Ltd
2026042404005596,UPPER,62,22,25,210.5,5262.5,2026-04-24,187863099,2792,Capital Max Securities Ltd,Siprabi Securities Pvt. Ltd.,2026-04-24 12:44:50.668980,Upper Tamakoshi Hydropower Ltd
2026042404005597,UPPER,62,68,92,210.9,19402.8,2026-04-24,187863102,2792,Capital Max Securities Ltd,Elite Stock House Limited,2026-04-24 12:44:50.670228,Upper Tamakoshi Hydropower Ltd
2026042404005618,UPPER,42,68,408,210.9,86047.2,2026-04-24,187863373,2792,Sani Securities Company Ltd.,Elite Stock House Limited,2026-04-24 12:45:27.432538,Upper Tamakoshi Hydropower Ltd
2026042404005619,UPPER,42,35,500,210.9,105450.0,2026-04-24,187863375,2792,Sani Securities Company Ltd.,Kohinoor Investment & Securities Pvt. Ltd.,2026-04-24 12:45:27.433596,Upper Tamakoshi Hydropower Ltd
2026042404005620,UPPER,42,28,1000,210.9,210900.0,2026-04-24,187863377,2792,Sani Securities Company Ltd.,Shree Krishna Securities Ltd.,2026-04-24 12:45:27.434394,Upper Tamakoshi Hydropower Ltd
2026042404005678,UPPER,65,62,300,211.0,63300.0,2026-04-24,187863865,2792,Sharepro Securities Private Limited,Capital Max Securities Ltd,2026-04-24 12:46:10.119282,Upper Tamakoshi Hydropower Ltd
2026042404005679,UPPER,65,26,100,211.0,21100.0,2026-04-24,187863867,2792,Sharepro Securities Private Limited,Asian Securities Private Ltd.,2026-04-24 12:46:10.119382,Upper Tamakoshi Hydropower Ltd
2026042404005680,UPPER,65,40,2575,211.0,543325.0,2026-04-24,187863869,2792,Sharepro Securities Private Limited,Creative Securities Pvt Ltd,2026-04-24 12:46:10.119410,Upper Tamakoshi Hydropower Ltd
2026042404005681,UPPER,65,42,80,211.0,16880.0,2026-04-24,187863871,2792,Sharepro Securities Private Limited,Sani Securities Company Ltd.,2026-04-24 12:46:10.119440,Upper Tamakoshi Hydropower Ltd
2026042404005682,UPPER,65,57,1945,211.0,410395.0,2026-04-24,187863874,2792,Sharepro Securities Private Limited,Aryatara Investment & Securities,2026-04-24 12:46:10.119466,Upper Tamakoshi Hydropower Ltd
2026042404005700,UPPER,14,57,55,211.0,11605.0,2026-04-24,187864101,2792,Nepal Stock House (PVT) Ltd.,Aryatara Investment & Securities,2026-04-24 12:46:32.287636,Upper Tamakoshi Hydropower Ltd
2026042404005701,UPPER,14,22,25,211.0,5275.0,2026-04-24,187864104,2792,Nepal Stock House (PVT) Ltd.,Siprabi Securities Pvt. Ltd.,2026-04-24 12:46:32.288757,Upper Tamakoshi Hydropower Ltd
2026042404005703,UPPER,19,25,80,211.0,16880.0,2026-04-24,187864109,2792,Nepal Investment And Securities Trading Private Limited,Sweta Securities Private Limited,2026-04-24 12:46:36.248349,Upper Tamakoshi Hydropower Ltd
2026042404005704,UPPER,19,58,25,211.0,5275.0,2026-04-24,187864111,2792,Nepal Investment And Securities Trading Private Limited,Naasa Securities Co. Ltd.,2026-04-24 12:46:36.248900,Upper Tamakoshi Hydropower Ltd
2026042404005705,UPPER,19,22,25,211.5,5287.5,2026-04-24,187864113,2792,Nepal Investment And Securities Trading Private Limited,Siprabi Securities Pvt. Ltd.,2026-04-24 12:46:36.249222,Upper Tamakoshi Hydropower Ltd
2026042404005725,UPPER,21,43,20,211.8,4236.0,2026-04-24,187864386,2792,Midas Stock Broking Company Private Limited,South Asian Bulls Pvt. Ltd.,2026-04-24 12:46:58.631700,Upper Tamakoshi Hydropower Ltd
2026042404005732,UPPER,19,43,80,211.8,16944.0,2026-04-24,187864514,2792,Nepal Investment And Securities Trading Private Limited,South Asian Bulls Pvt. Ltd.,2026-04-24 12:47:11.136147,Upper Tamakoshi Hydropower Ltd
2026042404005763,UPPER,50,42,156,210.2,32791.2,2026-04-24,187864984,2792,Cristal Kanchanjanga Securites Pvt. Ltd.,Sani Securities Company Ltd.,2026-04-24 12:47:56.043577,Upper Tamakoshi Hydropower Ltd
2026042404005764,UPPER,19,42,80,210.2,16816.0,2026-04-24,187864986,2792,Nepal Investment And Securities Trading Private Limited,Sani Securities Company Ltd.,2026-04-24 12:47:56.044155,Upper Tamakoshi Hydropower Ltd
2026042404005795,UPPER,57,10,100,210.1,21010.0,2026-04-24,187865281,2792,Aryatara Investment & Securities,Pragyan Securities (PVT) Ltd.,2026-04-24 12:48:31.059255,Upper Tamakoshi Hydropower Ltd
2026042404005800,UPPER,14,42,10,210.2,2102.0,2026-04-24,187865330,2792,Nepal Stock House (PVT) Ltd.,Sani Securities Company Ltd.,2026-04-24 12:48:35.667786,Upper Tamakoshi Hydropower Ltd
2026042404005801,UPPER,21,96,2500,210.0,525000.0,2026-04-24,187865337,2792,Midas Stock Broking Company Private Limited,Himalayan Securities Limited,2026-04-24 12:48:36.459968,Upper Tamakoshi Hydropower Ltd
2026042404005819,UPPER,21,96,2500,210.0,525000.0,2026-04-24,187865455,2792,Midas Stock Broking Company Private Limited,Himalayan Securities Limited,2026-04-24 12:48:51.684392,Upper Tamakoshi Hydropower Ltd
2026042404005822,UPPER,21,33,150,210.0,31500.0,2026-04-24,187865481,2792,Midas Stock Broking Company Private Limited,Dakshinkali Investment & Securities Pvt. Ltd.,2026-04-24 12:48:55.139222,Upper Tamakoshi Hydropower Ltd
2026042404005835,UPPER,21,52,3750,210.0,787500.0,2026-04-24,187865727,2792,Midas Stock Broking Company Private Limited,Sundhara Securities Limited,2026-04-24 12:49:08.877564,Upper Tamakoshi Hydropower Ltd
2026042404005862,UPPER,21,6,431,210.0,90510.0,2026-04-24,187865815,2792,Midas Stock Broking Company Private Limited,Agrawal Securities (PVT) Ltd.,2026-04-24 12:49:18.203539,Upper Tamakoshi Hydropower Ltd
2026042404005866,UPPER,21,7,300,210.0,63000.0,2026-04-24,187865833,2792,Midas Stock Broking Company Private Limited,J.F. Securites (PVT) Ltd.,2026-04-24 12:49:20.505321,Upper Tamakoshi Hydropower Ltd
2026042404005872,UPPER,21,96,237,210.0,49770.0,2026-04-24,187865866,2792,Midas Stock Broking Company Private Limited,Himalayan Securities Limited,2026-04-24 12:49:25.440473,Upper Tamakoshi Hydropower Ltd
2026042404005873,UPPER,17,96,25,210.0,5250.0,2026-04-24,187865868,2792,ABC Securities Private Limited,Himalayan Securities Limited,2026-04-24 12:49:25.441593,Upper Tamakoshi Hydropower Ltd
2026042404005874,UPPER,58,96,50,210.0,10500.0,2026-04-24,187865870,2792,Naasa Securities Co. Ltd.,Himalayan Securities Limited,2026-04-24 12:49:25.442428,Upper Tamakoshi Hydropower Ltd
2026042404005875,UPPER,59,96,120,210.0,25200.0,2026-04-24,187865872,2792,Deevyaa Securities & Stock House Pvt. Ltd,Himalayan Securities Limited,2026-04-24 12:49:25.443210,Upper Tamakoshi Hydropower Ltd
2026042404005891,UPPER,38,42,319,209.1,66702.9,2026-04-24,187866019,2792,Dipshikha Dhitopatra Karobar Co. Pvt Ltd.,Sani Securities Company Ltd.,2026-04-24 12:49:42.686557,Upper Tamakoshi Hydropower Ltd
2026042404005948,UPPER,58,49,10,209.1,2091.0,2026-04-24,187866588,2792,Naasa Securities Co. Ltd.,Online Securities Pvt. Ltd.,2026-04-24 12:51:06.742383,Upper Tamakoshi Hydropower Ltd
2026042404005949,UPPER,34,49,15,209.1,3136.5,2026-04-24,187866590,2792,Vision Securities Pvt. Ltd,Online Securities Pvt. Ltd.,2026-04-24 12:51:06.742907,Upper Tamakoshi Hydropower Ltd
2026042404006046,UPPER,49,14,11,209.0,2299.0,2026-04-24,187867360,2792,Online Securities Pvt. Ltd.,Nepal Stock House (PVT) Ltd.,2026-04-24 12:52:17.276964,Upper Tamakoshi Hydropower Ltd
2026042404006047,UPPER,35,14,71,208.9,14831.9,2026-04-24,187867362,2792,Kohinoor Investment & Securities Pvt. Ltd.,Nepal Stock House (PVT) Ltd.,2026-04-24 12:52:17.278034,Upper Tamakoshi Hydropower Ltd
2026042404006048,UPPER,41,14,70,208.5,14595.0,2026-04-24,187867364,2792,Linch Stock Market Ltd.,Nepal Stock House (PVT) Ltd.,2026-04-24 12:52:17.278865,Upper Tamakoshi Hydropower Ltd
2026042404006049,UPPER,19,14,38,208.5,7923.0,2026-04-24,187867366,2792,Nepal Investment And Securities Trading Private Limited,Nepal Stock House (PVT) Ltd.,2026-04-24 12:52:17.279686,Upper Tamakoshi Hydropower Ltd
2026042404006050,UPPER,58,14,50,208.5,10425.0,2026-04-24,187867368,2792,Naasa Securities Co. Ltd.,Nepal Stock House (PVT) Ltd.,2026-04-24 12:52:17.280512,Upper Tamakoshi Hydropower Ltd
2026042404006051,UPPER,17,14,160,208.0,33280.0,2026-04-24,187867369,2792,ABC Securities Private Limited,Nepal Stock House (PVT) Ltd.,2026-04-24 12:52:17.281328,Upper Tamakoshi Hydropower Ltd
2026042404006090,UPPER,17,58,10,208.0,2080.0,2026-04-24,187867702,2792,ABC Securities Private Limited,Naasa Securities Co. Ltd.,2026-04-24 12:52:48.051595,Upper Tamakoshi Hydropower Ltd
2026042404006091,UPPER,17,58,90,208.0,18720.0,2026-04-24,187867703,2792,ABC Securities Private Limited,Naasa Securities Co. Ltd.,2026-04-24 12:52:48.052165,Upper Tamakoshi Hydropower Ltd
2026042404006125,UPPER,17,74,500,208.0,104000.0,2026-04-24,187868161,2792,ABC Securities Private Limited,KALASH STOCK MARKET PVT. LTD.,2026-04-24 12:53:23.676685,Upper Tamakoshi Hydropower Ltd
2026042404006135,UPPER,17,51,410,208.0,85280.0,2026-04-24,187868290,2792,ABC Securities Private Limited,Oxford Securities Pvt. Ltd.,2026-04-24 12:53:31.773231,Upper Tamakoshi Hydropower Ltd
2026042404006136,UPPER,6,51,50,208.0,10400.0,2026-04-24,187868292,2792,Agrawal Securities (PVT) Ltd.,Oxford Securities Pvt. Ltd.,2026-04-24 12:53:31.773853,Upper Tamakoshi Hydropower Ltd
2026042404006137,UPPER,58,51,350,208.0,72800.0,2026-04-24,187868294,2792,Naasa Securities Co. Ltd.,Oxford Securities Pvt. Ltd.,2026-04-24 12:53:31.774171,Upper Tamakoshi Hydropower Ltd
2026042404006138,UPPER,42,51,10,208.0,2080.0,2026-04-24,187868296,2792,Sani Securities Company Ltd.,Oxford Securities Pvt. Ltd.,2026-04-24 12:53:31.774477,Upper Tamakoshi Hydropower Ltd
2026042404006139,UPPER,42,51,180,208.0,37440.0,2026-04-24,187868297,2792,Sani Securities Company Ltd.,Oxford Securities Pvt. Ltd.,2026-04-24 12:53:31.774785,Upper Tamakoshi Hydropower Ltd
2026042404006159,UPPER,42,42,100,208.0,20800.0,2026-04-24,187868527,2792,Sani Securities Company Ltd.,Sani Securities Company Ltd.,2026-04-24 12:53:49.872753,Upper Tamakoshi Hydropower Ltd
2026042404006161,UPPER,42,42,277,208.0,57616.0,2026-04-24,187868548,2792,Sani Securities Company Ltd.,Sani Securities Company Ltd.,2026-04-24 12:53:51.270619,Upper Tamakoshi Hydropower Ltd
2026042404006162,UPPER,8,42,50,208.0,10400.0,2026-04-24,187868550,2792,Brilliant Securities Pvt. Ltd.,Sani Securities Company Ltd.,2026-04-24 12:53:51.271736,Upper Tamakoshi Hydropower Ltd
2026042404006163,UPPER,58,42,50,208.0,10400.0,2026-04-24,187868552,2792,Naasa Securities Co. Ltd.,Sani Securities Company Ltd.,2026-04-24 12:53:51.272598,Upper Tamakoshi Hydropower Ltd
2026042404006239,UPPER,16,21,18,207.2,3729.6,2026-04-24,187869182,2792,Primo Securities (PVT) Ltd.,Midas Stock Broking Company Private Limited,2026-04-24 12:54:48.525589,Upper Tamakoshi Hydropower Ltd
2026042404006240,UPPER,58,21,100,207.1,20710.0,2026-04-24,187869184,2792,Naasa Securities Co. Ltd.,Midas Stock Broking Company Private Limited,2026-04-24 12:54:48.526734,Upper Tamakoshi Hydropower Ltd
2026042404006241,UPPER,33,21,377,207.1,78076.7,2026-04-24,187869185,2792,Dakshinkali Investment & Securities Pvt. Ltd.,Midas Stock Broking Company Private Limited,2026-04-24 12:54:48.527559,Upper Tamakoshi Hydropower Ltd
2026042404006304,UPPER,33,74,500,207.1,103550.0,2026-04-24,187869879,2792,Dakshinkali Investment & Securities Pvt. Ltd.,KALASH STOCK MARKET PVT. LTD.,2026-04-24 12:56:06.260950,Upper Tamakoshi Hydropower Ltd
2026042404006335,UPPER,33,42,100,207.1,20710.0,2026-04-24,187870273,2792,Dakshinkali Investment & Securities Pvt. Ltd.,Sani Securities Company Ltd.,2026-04-24 12:56:56.685230,Upper Tamakoshi Hydropower Ltd
2026042404006354,UPPER,33,95,10,207.1,2071.0,2026-04-24,187870425,2792,Dakshinkali Investment & Securities Pvt. Ltd.,Magnet Securities and Investment Company Private Limited,2026-04-24 12:57:10.694495,Upper Tamakoshi Hydropower Ltd
2026042404006487,UPPER,35,42,10,208.0,2080.0,2026-04-24,187871481,2792,Kohinoor Investment & Securities Pvt. Ltd.,Sani Securities Company Ltd.,2026-04-24 12:59:15.162384,Upper Tamakoshi Hydropower Ltd
2026042404006540,UPPER,35,20,130,208.0,27040.0,2026-04-24,187872028,2792,Kohinoor Investment & Securities Pvt. Ltd.,Sipla Securities Private Limited,2026-04-24 13:00:24.734826,Upper Tamakoshi Hydropower Ltd
2026042404006541,UPPER,49,20,15,208.0,3120.0,2026-04-24,187872030,2792,Online Securities Pvt. Ltd.,Sipla Securities Private Limited,2026-04-24 13:00:24.735993,Upper Tamakoshi Hydropower Ltd
2026042404006542,UPPER,34,20,250,208.0,52000.0,2026-04-24,187872032,2792,Vision Securities Pvt. Ltd,Sipla Securities Private Limited,2026-04-24 13:00:24.736867,Upper Tamakoshi Hydropower Ltd
2026042404006543,UPPER,32,20,50,207.5,10375.0,2026-04-24,187872034,2792,Premier Securities Company Ltd.,Sipla Securities Private Limited,2026-04-24 13:00:24.737732,Upper Tamakoshi Hydropower Ltd
2026042404006544,UPPER,44,20,300,207.3,62190.0,2026-04-24,187872036,2792,Dynamic Money Managers Securities Pvt. Ltd.,Sipla Securities Private Limited,2026-04-24 13:00:24.738590,Upper Tamakoshi Hydropower Ltd
2026042404006545,UPPER,33,20,1255,207.1,259910.5,2026-04-24,187872037,2792,Dakshinkali Investment & Securities Pvt. Ltd.,Sipla Securities Private Limited,2026-04-24 13:00:24.739435,Upper Tamakoshi Hydropower Ltd
2026042404006585,UPPER,33,20,1500,207.1,310650.0,2026-04-24,187872325,2792,Dakshinkali Investment & Securities Pvt. Ltd.,Sipla Securities Private Limited,2026-04-24 13:00:58.091194,Upper Tamakoshi Hydropower Ltd
2026042404006610,UPPER,33,20,258,207.1,53431.8,2026-04-24,187872522,2792,Dakshinkali Investment & Securities Pvt. Ltd.,Sipla Securities Private Limited,2026-04-24 13:01:24.918947,Upper Tamakoshi Hydropower Ltd
2026042404006611,UPPER,44,20,242,207.1,50118.2,2026-04-24,187872523,2792,Dynamic Money Managers Securities Pvt. Ltd.,Sipla Securities Private Limited,2026-04-24 13:01:24.919580,Upper Tamakoshi Hydropower Ltd
2026042404006619,UPPER,40,7,10,209.0,2090.0,2026-04-24,187872614,2792,Creative Securities Pvt Ltd,J.F. Securites (PVT) Ltd.,2026-04-24 13:01:42.538640,Upper Tamakoshi Hydropower Ltd
2026042404006627,UPPER,44,49,54,207.1,11183.4,2026-04-24,187872691,2792,Dynamic Money Managers Securities Pvt. Ltd.,Online Securities Pvt. Ltd.,2026-04-24 13:01:53.367499,Upper Tamakoshi Hydropower Ltd
2026042404006628,UPPER,44,20,500,207.1,103550.0,2026-04-24,187872697,2792,Dynamic Money Managers Securities Pvt. Ltd.,Sipla Securities Private Limited,2026-04-24 13:01:54.287823,Upper Tamakoshi Hydropower Ltd
2026042404006647,UPPER,17,98,10,208.5,2085.0,2026-04-24,187873083,2792,ABC Securities Private Limited,Trademow Securities Private Limited,2026-04-24 13:03:02.515014,Upper Tamakoshi Hydropower Ltd
2026042404006695,UPPER,17,58,23,208.9,4804.7,2026-04-24,187873702,2792,ABC Securities Private Limited,Naasa Securities Co. Ltd.,2026-04-24 13:04:41.589417,Upper Tamakoshi Hydropower Ltd
2026042404006727,UPPER,6,34,20,208.0,4160.0,2026-04-24,187873980,2792,Agrawal Securities (PVT) Ltd.,Vision Securities Pvt. Ltd,2026-04-24 13:05:31.048780,Upper Tamakoshi Hydropower Ltd
2026042404006728,UPPER,34,34,40,208.0,8320.0,2026-04-24,187873982,2792,Vision Securities Pvt. Ltd,Vision Securities Pvt. Ltd,2026-04-24 13:05:31.050007,Upper Tamakoshi Hydropower Ltd
2026042404006734,UPPER,58,34,38,208.0,7904.0,2026-04-24,187874074,2792,Naasa Securities Co. Ltd.,Vision Securities Pvt. Ltd,2026-04-24 13:05:47.483238,Upper Tamakoshi Hydropower Ltd
2026042404006748,UPPER,58,25,30,208.0,6240.0,2026-04-24,187874315,2792,Naasa Securities Co. Ltd.,Sweta Securities Private Limited,2026-04-24 13:06:19.081279,Upper Tamakoshi Hydropower Ltd
2026042404006759,UPPER,49,34,500,208.8,104400.0,2026-04-24,187874725,2792,Online Securities Pvt. Ltd.,Vision Securities Pvt. Ltd,2026-04-24 13:07:33.670027,Upper Tamakoshi Hydropower Ltd
2026042404006760,UPPER,49,58,472,208.9,98600.8,2026-04-24,187874727,2792,Online Securities Pvt. Ltd.,Naasa Securities Co. Ltd.,2026-04-24 13:07:33.671390,Upper Tamakoshi Hydropower Ltd
2026042404006761,UPPER,49,14,28,208.9,5849.2,2026-04-24,187874730,2792,Online Securities Pvt. Ltd.,Nepal Stock House (PVT) Ltd.,2026-04-24 13:07:33.672268,Upper Tamakoshi Hydropower Ltd
2026042404006807,UPPER,58,14,70,208.9,14623.0,2026-04-24,187875264,2792,Naasa Securities Co. Ltd.,Nepal Stock House (PVT) Ltd.,2026-04-24 13:09:01.153405,Upper Tamakoshi Hydropower Ltd
2026042404006845,UPPER,58,26,75,208.0,15600.0,2026-04-24,187875636,2792,Naasa Securities Co. Ltd.,Asian Securities Private Ltd.,2026-04-24 13:10:11.447149,Upper Tamakoshi Hydropower Ltd
2026042404006846,UPPER,35,26,525,208.0,109200.0,2026-04-24,187875637,2792,Kohinoor Investment & Securities Pvt. Ltd.,Asian Securities Private Ltd.,2026-04-24 13:10:11.448453,Upper Tamakoshi Hydropower Ltd
2026042404006854,UPPER,35,29,375,208.0,78000.0,2026-04-24,187875700,2792,Kohinoor Investment & Securities Pvt. Ltd.,Trisul Securities & Invt. Ltd.,2026-04-24 13:10:21.136561,Upper Tamakoshi Hydropower Ltd
2026042404006865,UPPER,58,58,10,207.3,2073.0,2026-04-24,187875997,2792,Naasa Securities Co. Ltd.,Naasa Securities Co. Ltd.,2026-04-24 13:11:05.137923,Upper Tamakoshi Hydropower Ltd
2026042404006875,UPPER,17,51,23,207.9,4781.7,2026-04-24,187876106,2792,ABC Securities Private Limited,Oxford Securities Pvt. Ltd.,2026-04-24 13:11:28.762593,Upper Tamakoshi Hydropower Ltd
2026042404006913,UPPER,40,51,10,207.9,2079.0,2026-04-24,187876640,2792,Creative Securities Pvt Ltd,Oxford Securities Pvt. Ltd.,2026-04-24 13:12:54.795359,Upper Tamakoshi Hydropower Ltd
2026042404006936,UPPER,65,51,100,207.9,20790.0,2026-04-24,187876816,2792,Sharepro Securities Private Limited,Oxford Securities Pvt. Ltd.,2026-04-24 13:13:16.639540,Upper Tamakoshi Hydropower Ltd
2026042404006943,UPPER,58,51,172,207.9,35758.8,2026-04-24,187876849,2792,Naasa Securities Co. Ltd.,Oxford Securities Pvt. Ltd.,2026-04-24 13:13:20.730697,Upper Tamakoshi Hydropower Ltd
2026042404006954,UPPER,58,29,125,208.0,26000.0,2026-04-24,187876977,2792,Naasa Securities Co. Ltd.,Trisul Securities & Invt. Ltd.,2026-04-24 13:13:33.149815,Upper Tamakoshi Hydropower Ltd
2026042404006955,UPPER,58,58,74,208.0,15392.0,2026-04-24,187876979,2792,Naasa Securities Co. Ltd.,Naasa Securities Co. Ltd.,2026-04-24 13:13:33.151143,Upper Tamakoshi Hydropower Ltd
2026042404006956,UPPER,58,45,1629,208.0,338832.0,2026-04-24,187876982,2792,Naasa Securities Co. Ltd.,Imperial Securities Company Pvt. Ltd.,2026-04-24 13:13:33.152072,Upper Tamakoshi Hydropower Ltd
2026042404006975,UPPER,58,45,331,208.0,68848.0,2026-04-24,187877290,2792,Naasa Securities Co. Ltd.,Imperial Securities Company Pvt. Ltd.,2026-04-24 13:14:09.243613,Upper Tamakoshi Hydropower Ltd
2026042404007037,UPPER,94,42,100,207.5,20750.0,2026-04-24,187878004,2792,K.B.L. Securities Limited ,Sani Securities Company Ltd.,2026-04-24 13:16:04.273511,Upper Tamakoshi Hydropower Ltd
2026042404007038,UPPER,58,42,100,207.5,20750.0,2026-04-24,187878006,2792,Naasa Securities Co. Ltd.,Sani Securities Company Ltd.,2026-04-24 13:16:04.274109,Upper Tamakoshi Hydropower Ltd
2026042404007039,UPPER,59,42,100,207.5,20750.0,2026-04-24,187878008,2792,Deevyaa Securities & Stock House Pvt. Ltd,Sani Securities Company Ltd.,2026-04-24 13:16:04.274433,Upper Tamakoshi Hydropower Ltd
2026042404007040,UPPER,58,42,120,207.3,24876.0,2026-04-24,187878010,2792,Naasa Securities Co. Ltd.,Sani Securities Company Ltd.,2026-04-24 13:16:04.274732,Upper Tamakoshi Hydropower Ltd
2026042404007041,UPPER,44,42,1704,207.1,352898.4,2026-04-24,187878012,2792,Dynamic Money Managers Securities Pvt. Ltd.,Sani Securities Company Ltd.,2026-04-24 13:16:04.275028,Upper Tamakoshi Hydropower Ltd
2026042404007042,UPPER,49,42,30,207.1,6213.0,2026-04-24,187878014,2792,Online Securities Pvt. Ltd.,Sani Securities Company Ltd.,2026-04-24 13:16:04.275326,Upper Tamakoshi Hydropower Ltd
2026042404007043,UPPER,62,42,400,207.1,82840.0,2026-04-24,187878016,2792,Capital Max Securities Ltd,Sani Securities Company Ltd.,2026-04-24 13:16:04.275623,Upper Tamakoshi Hydropower Ltd
2026042404007044,UPPER,58,42,55,207.0,11385.0,2026-04-24,187878018,2792,Naasa Securities Co. Ltd.,Sani Securities Company Ltd.,2026-04-24 13:16:04.275916,Upper Tamakoshi Hydropower Ltd
2026042404007045,UPPER,17,42,1000,207.0,207000.0,2026-04-24,187878020,2792,ABC Securities Private Limited,Sani Securities Company Ltd.,2026-04-24 13:16:04.276209,Upper Tamakoshi Hydropower Ltd
2026042404007046,UPPER,38,42,500,207.0,103500.0,2026-04-24,187878022,2792,Dipshikha Dhitopatra Karobar Co. Pvt Ltd.,Sani Securities Company Ltd.,2026-04-24 13:16:04.276506,Upper Tamakoshi Hydropower Ltd
2026042404007047,UPPER,35,42,25,207.0,5175.0,2026-04-24,187878024,2792,Kohinoor Investment & Securities Pvt. Ltd.,Sani Securities Company Ltd.,2026-04-24 13:16:04.276797,Upper Tamakoshi Hydropower Ltd
2026042404007048,UPPER,58,42,70,207.0,14490.0,2026-04-24,187878026,2792,Naasa Securities Co. Ltd.,Sani Securities Company Ltd.,2026-04-24 13:16:04.277119,Upper Tamakoshi Hydropower Ltd
2026042404007049,UPPER,56,42,100,207.0,20700.0,2026-04-24,187878028,2792,Sri Hari Securities Pvt. Ltd.,Sani Securities Company Ltd.,2026-04-24 13:16:04.277509,Upper Tamakoshi Hydropower Ltd
2026042404007050,UPPER,32,42,50,207.0,10350.0,2026-04-24,187878030,2792,Premier Securities Company Ltd.,Sani Securities Company Ltd.,2026-04-24 13:16:04.277838,Upper Tamakoshi Hydropower Ltd
2026042404007051,UPPER,49,42,1000,207.0,207000.0,2026-04-24,187878032,2792,Online Securities Pvt. Ltd.,Sani Securities Company Ltd.,2026-04-24 13:16:04.278159,Upper Tamakoshi Hydropower Ltd
2026042404007052,UPPER,14,42,20,207.0,4140.0,2026-04-24,187878034,2792,Nepal Stock House (PVT) Ltd.,Sani Securities Company Ltd.,2026-04-24 13:16:04.278481,Upper Tamakoshi Hydropower Ltd
2026042404007053,UPPER,53,42,126,207.0,26082.0,2026-04-24,187878035,2792,Investment Management Nepal Pvt. Ltd.,Sani Securities Company Ltd.,2026-04-24 13:16:04.278788,Upper Tamakoshi Hydropower Ltd
2026042404007058,UPPER,58,42,25,208.0,5200.0,2026-04-24,187878152,2792,Naasa Securities Co. Ltd.,Sani Securities Company Ltd.,2026-04-24 13:16:21.842538,Upper Tamakoshi Hydropower Ltd
2026042404007064,UPPER,3,42,661,208.0,137488.0,2026-04-24,187878346,2792,Arun Securities (PVT) Ltd.,Sani Securities Company Ltd.,2026-04-24 13:16:54.821118,Upper Tamakoshi Hydropower Ltd
2026042404007090,UPPER,6,42,20,208.0,4160.0,2026-04-24,187878488,2792,Agrawal Securities (PVT) Ltd.,Sani Securities Company Ltd.,2026-04-24 13:17:18.027846,Upper Tamakoshi Hydropower Ltd
2026042404007101,UPPER,58,42,50,208.0,10400.0,2026-04-24,187878700,2792,Naasa Securities Co. Ltd.,Sani Securities Company Ltd.,2026-04-24 13:17:56.758485,Upper Tamakoshi Hydropower Ltd
2026042404007115,UPPER,53,35,114,207.0,23598.0,2026-04-24,187878862,2792,Investment Management Nepal Pvt. Ltd.,Kohinoor Investment & Securities Pvt. Ltd.,2026-04-24 13:18:17.980279,Upper Tamakoshi Hydropower Ltd
2026042404007116,UPPER,94,35,100,207.0,20700.0,2026-04-24,187878864,2792,K.B.L. Securities Limited ,Kohinoor Investment & Securities Pvt. Ltd.,2026-04-24 13:18:17.981506,Upper Tamakoshi Hydropower Ltd
2026042404007117,UPPER,32,35,50,207.0,10350.0,2026-04-24,187878866,2792,Premier Securities Company Ltd.,Kohinoor Investment & Securities Pvt. Ltd.,2026-04-24 13:18:17.982424,Upper Tamakoshi Hydropower Ltd
2026042404007118,UPPER,45,35,100,207.0,20700.0,2026-04-24,187878868,2792,Imperial Securities Company Pvt. Ltd.,Kohinoor Investment & Securities Pvt. Ltd.,2026-04-24 13:18:17.983310,Upper Tamakoshi Hydropower Ltd
2026042404007119,UPPER,47,35,45,207.0,9315.0,2026-04-24,187878870,2792,Neev Securities Pvt. Ltd.,Kohinoor Investment & Securities Pvt. Ltd.,2026-04-24 13:18:17.984211,Upper Tamakoshi Hydropower Ltd
2026042404007120,UPPER,40,35,70,207.0,14490.0,2026-04-24,187878872,2792,Creative Securities Pvt Ltd,Kohinoor Investment & Securities Pvt. Ltd.,2026-04-24 13:18:17.985113,Upper Tamakoshi Hydropower Ltd
2026042404007121,UPPER,45,35,300,206.9,62070.0,2026-04-24,187878874,2792,Imperial Securities Company Pvt. Ltd.,Kohinoor Investment & Securities Pvt. Ltd.,2026-04-24 13:18:17.986007,Upper Tamakoshi Hydropower Ltd
2026042404007122,UPPER,49,35,100,206.7,20670.0,2026-04-24,187878876,2792,Online Securities Pvt. Ltd.,Kohinoor Investment & Securities Pvt. Ltd.,2026-04-24 13:18:17.986883,Upper Tamakoshi Hydropower Ltd
2026042404007123,UPPER,42,35,500,206.6,103300.0,2026-04-24,187878878,2792,Sani Securities Company Ltd.,Kohinoor Investment & Securities Pvt. Ltd.,2026-04-24 13:18:17.987773,Upper Tamakoshi Hydropower Ltd
2026042404007124,UPPER,17,35,300,206.6,61980.0,2026-04-24,187878880,2792,ABC Securities Private Limited,Kohinoor Investment & Securities Pvt. Ltd.,2026-04-24 13:18:17.988667,Upper Tamakoshi Hydropower Ltd
2026042404007125,UPPER,58,35,25,206.5,5162.5,2026-04-24,187878882,2792,Naasa Securities Co. Ltd.,Kohinoor Investment & Securities Pvt. Ltd.,2026-04-24 13:18:17.989578,Upper Tamakoshi Hydropower Ltd
2026042404007126,UPPER,48,35,8296,206.5,1713124.0,2026-04-24,187878883,2792,Trishakti Securities Public Limited,Kohinoor Investment & Securities Pvt. Ltd.,2026-04-24 13:18:17.990454,Upper Tamakoshi Hydropower Ltd
2026042404007149,UPPER,52,42,35,208.0,7280.0,2026-04-24,187879134,2792,Sundhara Securities Limited,Sani Securities Company Ltd.,2026-04-24 13:18:38.546108,Upper Tamakoshi Hydropower Ltd
2026042404007190,UPPER,53,42,29,208.0,6032.0,2026-04-24,187879711,2792,Investment Management Nepal Pvt. Ltd.,Sani Securities Company Ltd.,2026-04-24 13:20:01.909589,Upper Tamakoshi Hydropower Ltd
2026042404007202,UPPER,1,45,20,207.1,4142.0,2026-04-24,187880014,2792,Kumari Securities Private Limited,Imperial Securities Company Pvt. Ltd.,2026-04-24 13:21:01.364840,Upper Tamakoshi Hydropower Ltd
2026042404007203,UPPER,33,45,280,207.0,57960.0,2026-04-24,187880015,2792,Dakshinkali Investment & Securities Pvt. Ltd.,Imperial Securities Company Pvt. Ltd.,2026-04-24 13:21:01.366305,Upper Tamakoshi Hydropower Ltd
2026042404007206,UPPER,70,13,50,206.6,10330.0,2026-04-24,187880051,2792,Infinity Securities Limited,Thrive Brokerage House Pvt. Ltd,2026-04-24 13:21:10.653723,Upper Tamakoshi Hydropower Ltd
2026042404007225,UPPER,3,63,65,208.0,13520.0,2026-04-24,187880361,2792,Arun Securities (PVT) Ltd.,Himalayan Brokerage Company Limited,2026-04-24 13:22:03.036102,Upper Tamakoshi Hydropower Ltd
2026042404007226,UPPER,3,26,103,208.0,21424.0,2026-04-24,187880364,2792,Arun Securities (PVT) Ltd.,Asian Securities Private Ltd.,2026-04-24 13:22:03.037389,Upper Tamakoshi Hydropower Ltd
2026042404007240,UPPER,50,44,19,206.8,3929.2,2026-04-24,187880754,2792,Cristal Kanchanjanga Securites Pvt. Ltd.,Dynamic Money Managers Securities Pvt. Ltd.,2026-04-24 13:22:37.253690,Upper Tamakoshi Hydropower Ltd
2026042404007241,UPPER,36,44,31,206.7,6407.7,2026-04-24,187880755,2792,Secured Securities Ltd.,Dynamic Money Managers Securities Pvt. Ltd.,2026-04-24 13:22:37.254319,Upper Tamakoshi Hydropower Ltd
2026042404007275,UPPER,51,26,150,208.0,31200.0,2026-04-24,187881260,2792,Oxford Securities Pvt. Ltd.,Asian Securities Private Ltd.,2026-04-24 13:23:46.539988,Upper Tamakoshi Hydropower Ltd
2026042404007281,UPPER,58,45,50,207.0,10350.0,2026-04-24,187881645,2792,Naasa Securities Co. Ltd.,Imperial Securities Company Pvt. Ltd.,2026-04-24 13:24:26.982520,Upper Tamakoshi Hydropower Ltd
2026042404007296,UPPER,11,26,295,208.0,61360.0,2026-04-24,187881989,2792,Malla & Malla Stock Broking Company Pvt. Limited,Asian Securities Private Ltd.,2026-04-24 13:25:13.289070,Upper Tamakoshi Hydropower Ltd
2026042404007362,UPPER,59,7,10,209.0,2090.0,2026-04-24,187883058,2792,Deevyaa Securities & Stock House Pvt. Ltd,J.F. Securites (PVT) Ltd.,2026-04-24 13:27:25.066643,Upper Tamakoshi Hydropower Ltd
2026042404007381,UPPER,19,7,50,209.0,10450.0,2026-04-24,187883642,2792,Nepal Investment And Securities Trading Private Limited,J.F. Securites (PVT) Ltd.,2026-04-24 13:28:07.620444,Upper Tamakoshi Hydropower Ltd
2026042404007415,UPPER,58,7,30,209.0,6270.0,2026-04-24,187884114,2792,Naasa Securities Co. Ltd.,J.F. Securites (PVT) Ltd.,2026-04-24 13:29:22.184146,Upper Tamakoshi Hydropower Ltd
2026042404007456,UPPER,58,7,20,209.0,4180.0,2026-04-24,187884592,2792,Naasa Securities Co. Ltd.,J.F. Securites (PVT) Ltd.,2026-04-24 13:30:19.115764,Upper Tamakoshi Hydropower Ltd
2026042404007511,UPPER,59,58,10,208.9,2089.0,2026-04-24,187885239,2792,Deevyaa Securities & Stock House Pvt. Ltd,Naasa Securities Co. Ltd.,2026-04-24 13:32:01.594392,Upper Tamakoshi Hydropower Ltd
2026042404007534,UPPER,26,45,10,208.5,2085.0,2026-04-24,187885774,2792,Asian Securities Private Ltd.,Imperial Securities Company Pvt. Ltd.,2026-04-24 13:33:11.079675,Upper Tamakoshi Hydropower Ltd
2026042404007549,UPPER,38,45,240,208.5,50040.0,2026-04-24,187886187,2792,Dipshikha Dhitopatra Karobar Co. Pvt Ltd.,Imperial Securities Company Pvt. Ltd.,2026-04-24 13:33:48.917975,Upper Tamakoshi Hydropower Ltd
2026042404007664,UPPER,44,7,360,209.0,75240.0,2026-04-24,187887557,2792,Dynamic Money Managers Securities Pvt. Ltd.,J.F. Securites (PVT) Ltd.,2026-04-24 13:36:31.437156,Upper Tamakoshi Hydropower Ltd
2026042404007665,UPPER,44,58,10,209.0,2090.0,2026-04-24,187887559,2792,Dynamic Money Managers Securities Pvt. Ltd.,Naasa Securities Co. Ltd.,2026-04-24 13:36:31.437807,Upper Tamakoshi Hydropower Ltd
2026042404007666,UPPER,44,38,200,209.0,41800.0,2026-04-24,187887561,2792,Dynamic Money Managers Securities Pvt. Ltd.,Dipshikha Dhitopatra Karobar Co. Pvt Ltd.,2026-04-24 13:36:31.438209,Upper Tamakoshi Hydropower Ltd
2026042404007667,UPPER,44,14,252,209.0,52668.0,2026-04-24,187887563,2792,Dynamic Money Managers Securities Pvt. Ltd.,Nepal Stock House (PVT) Ltd.,2026-04-24 13:36:31.438619,Upper Tamakoshi Hydropower Ltd
2026042404007668,UPPER,44,7,500,209.0,104500.0,2026-04-24,187887565,2792,Dynamic Money Managers Securities Pvt. Ltd.,J.F. Securites (PVT) Ltd.,2026-04-24 13:36:31.439046,Upper Tamakoshi Hydropower Ltd
2026042404007669,UPPER,44,8,678,209.0,141702.0,2026-04-24,187887568,2792,Dynamic Money Managers Securities Pvt. Ltd.,Brilliant Securities Pvt. Ltd.,2026-04-24 13:36:31.439442,Upper Tamakoshi Hydropower Ltd
2026042404007693,UPPER,4,8,500,209.0,104500.0,2026-04-24,187887962,2792,Opal Securities Investment (PVT) Ltd.,Brilliant Securities Pvt. Ltd.,2026-04-24 13:37:32.372946,Upper Tamakoshi Hydropower Ltd
2026042404007732,UPPER,58,8,40,209.0,8360.0,2026-04-24,187888382,2792,Naasa Securities Co. Ltd.,Brilliant Securities Pvt. Ltd.,2026-04-24 13:38:51.327592,Upper Tamakoshi Hydropower Ltd
2026042404007783,UPPER,21,8,30,209.0,6270.0,2026-04-24,187889432,2792,Midas Stock Broking Company Private Limited,Brilliant Securities Pvt. Ltd.,2026-04-24 13:40:37.373120,Upper Tamakoshi Hydropower Ltd
2026042404007793,UPPER,4,8,220,209.0,45980.0,2026-04-24,187889584,2792,Opal Securities Investment (PVT) Ltd.,Brilliant Securities Pvt. Ltd.,2026-04-24 13:41:04.165296,Upper Tamakoshi Hydropower Ltd
2026042404007815,UPPER,58,8,10,209.0,2090.0,2026-04-24,187890224,2792,Naasa Securities Co. Ltd.,Brilliant Securities Pvt. Ltd.,2026-04-24 13:42:05.853380,Upper Tamakoshi Hydropower Ltd
2026042404007837,UPPER,4,26,24,208.8,5011.2,2026-04-24,187890524,2792,Opal Securities Investment (PVT) Ltd.,Asian Securities Private Ltd.,2026-04-24 13:42:49.762935,Upper Tamakoshi Hydropower Ltd
2026042404007866,UPPER,43,14,100,208.6,20860.0,2026-04-24,187891077,2792,South Asian Bulls Pvt. Ltd.,Nepal Stock House (PVT) Ltd.,2026-04-24 13:44:09.315666,Upper Tamakoshi Hydropower Ltd
2026042404007874,UPPER,38,36,100,208.7,20870.0,2026-04-24,187891115,2792,Dipshikha Dhitopatra Karobar Co. Pvt Ltd.,Secured Securities Ltd.,2026-04-24 13:44:14.488150,Upper Tamakoshi Hydropower Ltd
2026042404007900,UPPER,38,38,30,208.7,6261.0,2026-04-24,187891225,2792,Dipshikha Dhitopatra Karobar Co. Pvt Ltd.,Dipshikha Dhitopatra Karobar Co. Pvt Ltd.,2026-04-24 13:44:25.035849,Upper Tamakoshi Hydropower Ltd
2026042404007923,UPPER,38,26,16,208.8,3340.8,2026-04-24,187892155,2792,Dipshikha Dhitopatra Karobar Co. Pvt Ltd.,Asian Securities Private Ltd.,2026-04-24 13:45:48.267273,Upper Tamakoshi Hydropower Ltd
2026042404007924,UPPER,38,8,249,209.0,52041.0,2026-04-24,187892158,2792,Dipshikha Dhitopatra Karobar Co. Pvt Ltd.,Brilliant Securities Pvt. Ltd.,2026-04-24 13:45:48.267946,Upper Tamakoshi Hydropower Ltd
2026042404007926,UPPER,43,65,1000,208.6,208600.0,2026-04-24,187892175,2792,South Asian Bulls Pvt. Ltd.,Sharepro Securities Private Limited,2026-04-24 13:45:55.975695,Upper Tamakoshi Hydropower Ltd
2026042404007956,UPPER,43,35,10,208.6,2086.0,2026-04-24,187892789,2792,South Asian Bulls Pvt. Ltd.,Kohinoor Investment & Securities Pvt. Ltd.,2026-04-24 13:46:55.585639,Upper Tamakoshi Hydropower Ltd
2026042404007973,UPPER,40,8,10,209.0,2090.0,2026-04-24,187892998,2792,Creative Securities Pvt Ltd,Brilliant Securities Pvt. Ltd.,2026-04-24 13:47:27.220248,Upper Tamakoshi Hydropower Ltd
2026042404008005,UPPER,70,8,450,209.0,94050.0,2026-04-24,187893376,2792,Infinity Securities Limited,Brilliant Securities Pvt. Ltd.,2026-04-24 13:48:09.315947,Upper Tamakoshi Hydropower Ltd
2026042404008029,UPPER,4,8,30,209.0,6270.0,2026-04-24,187893564,2792,Opal Securities Investment (PVT) Ltd.,Brilliant Securities Pvt. Ltd.,2026-04-24 13:48:49.658567,Upper Tamakoshi Hydropower Ltd
2026042404008031,UPPER,4,8,60,209.0,12540.0,2026-04-24,187893638,2792,Opal Securities Investment (PVT) Ltd.,Brilliant Securities Pvt. Ltd.,2026-04-24 13:49:02.166222,Upper Tamakoshi Hydropower Ltd
2026042404008056,UPPER,11,8,78,209.0,16302.0,2026-04-24,187893798,2792,Malla & Malla Stock Broking Company Pvt. Limited,Brilliant Securities Pvt. Ltd.,2026-04-24 13:49:29.590088,Upper Tamakoshi Hydropower Ltd
2026042404008077,UPPER,43,57,1000,208.6,208600.0,2026-04-24,187894055,2792,South Asian Bulls Pvt. Ltd.,Aryatara Investment & Securities,2026-04-24 13:50:04.296282,Upper Tamakoshi Hydropower Ltd
2026042404008078,UPPER,59,8,20,209.0,4180.0,2026-04-24,187894058,2792,Deevyaa Securities & Stock House Pvt. Ltd,Brilliant Securities Pvt. Ltd.,2026-04-24 13:50:05.042749,Upper Tamakoshi Hydropower Ltd
2026042404008090,UPPER,4,8,50,209.0,10450.0,2026-04-24,187894194,2792,Opal Securities Investment (PVT) Ltd.,Brilliant Securities Pvt. Ltd.,2026-04-24 13:50:22.695748,Upper Tamakoshi Hydropower Ltd
2026042404008120,UPPER,22,8,10,209.0,2090.0,2026-04-24,187894356,2792,Siprabi Securities Pvt. Ltd.,Brilliant Securities Pvt. Ltd.,2026-04-24 13:50:49.871665,Upper Tamakoshi Hydropower Ltd
2026042404008135,UPPER,43,8,111,209.0,23199.0,2026-04-24,187894556,2792,South Asian Bulls Pvt. Ltd.,Brilliant Securities Pvt. Ltd.,2026-04-24 13:51:19.769088,Upper Tamakoshi Hydropower Ltd
2026042404008139,UPPER,4,8,10,209.0,2090.0,2026-04-24,187894634,2792,Opal Securities Investment (PVT) Ltd.,Brilliant Securities Pvt. Ltd.,2026-04-24 13:51:26.327567,Upper Tamakoshi Hydropower Ltd
2026042404008220,UPPER,46,8,100,209.0,20900.0,2026-04-24,187895234,2792,Kalika Securities Pvt. Ltd.,Brilliant Securities Pvt. Ltd.,2026-04-24 13:52:29.755026,Upper Tamakoshi Hydropower Ltd
2026042404008259,UPPER,43,65,285,208.6,59451.0,2026-04-24,187895594,2792,South Asian Bulls Pvt. Ltd.,Sharepro Securities Private Limited,2026-04-24 13:53:05.668835,Upper Tamakoshi Hydropower Ltd
2026042404008260,UPPER,43,65,2395,208.6,499597.0,2026-04-24,187895596,2792,South Asian Bulls Pvt. Ltd.,Sharepro Securities Private Limited,2026-04-24 13:53:05.670181,Upper Tamakoshi Hydropower Ltd
2026042404008261,UPPER,1,65,1222,208.5,254787.0,2026-04-24,187895598,2792,Kumari Securities Private Limited,Sharepro Securities Private Limited,2026-04-24 13:53:05.671224,Upper Tamakoshi Hydropower Ltd
2026042404008262,UPPER,7,65,16,208.3,3332.8,2026-04-24,187895600,2792,J.F. Securites (PVT) Ltd.,Sharepro Securities Private Limited,2026-04-24 13:53:05.672228,Upper Tamakoshi Hydropower Ltd
2026042404008263,UPPER,36,65,10,208.0,2080.0,2026-04-24,187895602,2792,Secured Securities Ltd.,Sharepro Securities Private Limited,2026-04-24 13:53:05.673225,Upper Tamakoshi Hydropower Ltd
2026042404008264,UPPER,42,65,300,208.0,62400.0,2026-04-24,187895604,2792,Sani Securities Company Ltd.,Sharepro Securities Private Limited,2026-04-24 13:53:05.674214,Upper Tamakoshi Hydropower Ltd
2026042404008265,UPPER,35,65,50,208.0,10400.0,2026-04-24,187895606,2792,Kohinoor Investment & Securities Pvt. Ltd.,Sharepro Securities Private Limited,2026-04-24 13:53:05.675205,Upper Tamakoshi Hydropower Ltd
2026042404008266,UPPER,58,65,12,208.0,2496.0,2026-04-24,187895608,2792,Naasa Securities Co. Ltd.,Sharepro Securities Private Limited,2026-04-24 13:53:05.676189,Upper Tamakoshi Hydropower Ltd
2026042404008280,UPPER,59,8,144,207.5,29880.0,2026-04-24,187895765,2792,Deevyaa Securities & Stock House Pvt. Ltd,Brilliant Securities Pvt. Ltd.,2026-04-24 13:53:29.851481,Upper Tamakoshi Hydropower Ltd
2026042404008287,UPPER,59,4,100,207.5,20750.0,2026-04-24,187895899,2792,Deevyaa Securities & Stock House Pvt. Ltd,Opal Securities Investment (PVT) Ltd.,2026-04-24 13:53:48.059057,Upper Tamakoshi Hydropower Ltd
2026042404008298,UPPER,7,65,43,208.0,8944.0,2026-04-24,187896092,2792,J.F. Securites (PVT) Ltd.,Sharepro Securities Private Limited,2026-04-24 13:54:09.505866,Upper Tamakoshi Hydropower Ltd
2026042404008348,UPPER,4,65,400,208.0,83200.0,2026-04-24,187896416,2792,Opal Securities Investment (PVT) Ltd.,Sharepro Securities Private Limited,2026-04-24 13:54:55.151839,Upper Tamakoshi Hydropower Ltd
2026042404008383,UPPER,11,20,500,207.6,103800.0,2026-04-24,187896531,2792,Malla & Malla Stock Broking Company Pvt. Limited,Sipla Securities Private Limited,2026-04-24 13:55:09.370944,Upper Tamakoshi Hydropower Ltd
2026042404008386,UPPER,59,58,28,207.5,5810.0,2026-04-24,187896561,2792,Deevyaa Securities & Stock House Pvt. Ltd,Naasa Securities Co. Ltd.,2026-04-24 13:55:16.763113,Upper Tamakoshi Hydropower Ltd
2026042404008415,UPPER,38,65,365,208.0,75920.0,2026-04-24,187896766,2792,Dipshikha Dhitopatra Karobar Co. Pvt Ltd.,Sharepro Securities Private Limited,2026-04-24 13:55:38.588515,Upper Tamakoshi Hydropower Ltd
2026042404008417,UPPER,42,16,20,207.6,4152.0,2026-04-24,187896939,2792,Sani Securities Company Ltd.,Primo Securities (PVT) Ltd.,2026-04-24 13:55:51.223601,Upper Tamakoshi Hydropower Ltd
2026042404008442,UPPER,49,65,30,208.0,6240.0,2026-04-24,187897234,2792,Online Securities Pvt. Ltd.,Sharepro Securities Private Limited,2026-04-24 13:56:34.274248,Upper Tamakoshi Hydropower Ltd
2026042404008505,UPPER,67,65,30,208.0,6240.0,2026-04-24,187897566,2792,Property Wiard Limited,Sharepro Securities Private Limited,2026-04-24 13:57:03.490784,Upper Tamakoshi Hydropower Ltd
2026042404008531,UPPER,42,65,180,207.6,37368.0,2026-04-24,187897894,2792,Sani Securities Company Ltd.,Sharepro Securities Private Limited,2026-04-24 13:57:41.083859,Upper Tamakoshi Hydropower Ltd
2026042404008532,UPPER,59,65,228,207.5,47310.0,2026-04-24,187897896,2792,Deevyaa Securities & Stock House Pvt. Ltd,Sharepro Securities Private Limited,2026-04-24 13:57:41.085405,Upper Tamakoshi Hydropower Ltd
2026042404008533,UPPER,42,65,50,207.3,10365.0,2026-04-24,187897898,2792,Sani Securities Company Ltd.,Sharepro Securities Private Limited,2026-04-24 13:57:41.086437,Upper Tamakoshi Hydropower Ltd
2026042404008534,UPPER,71,65,180,207.1,37278.0,2026-04-24,187897900,2792,SHUBHAKAMANA SECURITIES PVT. LTD,Sharepro Securities Private Limited,2026-04-24 13:57:41.087445,Upper Tamakoshi Hydropower Ltd
2026042404008535,UPPER,58,65,285,207.0,58995.0,2026-04-24,187897902,2792,Naasa Securities Co. Ltd.,Sharepro Securities Private Limited,2026-04-24 13:57:41.088471,Upper Tamakoshi Hydropower Ltd
2026042404008536,UPPER,58,65,50,207.0,10350.0,2026-04-24,187897904,2792,Naasa Securities Co. Ltd.,Sharepro Securities Private Limited,2026-04-24 13:57:41.089511,Upper Tamakoshi Hydropower Ltd
2026042404008537,UPPER,59,65,30,207.0,6210.0,2026-04-24,187897906,2792,Deevyaa Securities & Stock House Pvt. Ltd,Sharepro Securities Private Limited,2026-04-24 13:57:41.089904,Upper Tamakoshi Hydropower Ltd
2026042404008538,UPPER,45,65,100,207.0,20700.0,2026-04-24,187897908,2792,Imperial Securities Company Pvt. Ltd.,Sharepro Securities Private Limited,2026-04-24 13:57:41.090244,Upper Tamakoshi Hydropower Ltd
2026042404008539,UPPER,58,65,487,207.0,100809.0,2026-04-24,187897910,2792,Naasa Securities Co. Ltd.,Sharepro Securities Private Limited,2026-04-24 13:57:41.090579,Upper Tamakoshi Hydropower Ltd
2026042404008540,UPPER,58,65,480,207.0,99360.0,2026-04-24,187897912,2792,Naasa Securities Co. Ltd.,Sharepro Securities Private Limited,2026-04-24 13:57:41.090907,Upper Tamakoshi Hydropower Ltd
2026042404008541,UPPER,45,65,30,207.0,6210.0,2026-04-24,187897914,2792,Imperial Securities Company Pvt. Ltd.,Sharepro Securities Private Limited,2026-04-24 13:57:41.091238,Upper Tamakoshi Hydropower Ltd
2026042404008542,UPPER,74,65,1000,207.0,207000.0,2026-04-24,187897916,2792,KALASH STOCK MARKET PVT. LTD.,Sharepro Securities Private Limited,2026-04-24 13:57:41.091570,Upper Tamakoshi Hydropower Ltd
2026042404008543,UPPER,42,65,45,207.0,9315.0,2026-04-24,187897918,2792,Sani Securities Company Ltd.,Sharepro Securities Private Limited,2026-04-24 13:57:41.091900,Upper Tamakoshi Hydropower Ltd
2026042404008544,UPPER,94,65,100,207.0,20700.0,2026-04-24,187897920,2792,K.B.L. Securities Limited ,Sharepro Securities Private Limited,2026-04-24 13:57:41.092225,Upper Tamakoshi Hydropower Ltd
2026042404008545,UPPER,57,65,10,207.0,2070.0,2026-04-24,187897922,2792,Aryatara Investment & Securities,Sharepro Securities Private Limited,2026-04-24 13:57:41.092554,Upper Tamakoshi Hydropower Ltd
2026042404008546,UPPER,38,65,500,207.0,103500.0,2026-04-24,187897924,2792,Dipshikha Dhitopatra Karobar Co. Pvt Ltd.,Sharepro Securities Private Limited,2026-04-24 13:57:41.092880,Upper Tamakoshi Hydropower Ltd
2026042404008547,UPPER,58,65,20,207.0,4140.0,2026-04-24,187897926,2792,Naasa Securities Co. Ltd.,Sharepro Securities Private Limited,2026-04-24 13:57:41.093207,Upper Tamakoshi Hydropower Ltd
2026042404008548,UPPER,58,65,150,207.0,31050.0,2026-04-24,187897928,2792,Naasa Securities Co. Ltd.,Sharepro Securities Private Limited,2026-04-24 13:57:41.093538,Upper Tamakoshi Hydropower Ltd
2026042404008601,UPPER,42,11,80,206.8,16544.0,2026-04-24,187898259,2792,Sani Securities Company Ltd.,Malla & Malla Stock Broking Company Pvt. Limited,2026-04-24 13:58:09.867775,Upper Tamakoshi Hydropower Ltd
2026042404008637,UPPER,40,65,10,207.0,2070.0,2026-04-24,187898548,2792,Creative Securities Pvt Ltd,Sharepro Securities Private Limited,2026-04-24 13:58:49.125346,Upper Tamakoshi Hydropower Ltd
2026042404008706,UPPER,94,65,100,207.0,20700.0,2026-04-24,187899000,2792,K.B.L. Securities Limited ,Sharepro Securities Private Limited,2026-04-24 13:59:38.688338,Upper Tamakoshi Hydropower Ltd
2026042404008741,UPPER,36,65,100,207.0,20700.0,2026-04-24,187899500,2792,Secured Securities Ltd.,Sharepro Securities Private Limited,2026-04-24 14:00:45.335176,Upper Tamakoshi Hydropower Ltd
2026042404008767,UPPER,58,65,20,207.0,4140.0,2026-04-24,187899770,2792,Naasa Securities Co. Ltd.,Sharepro Securities Private Limited,2026-04-24 14:01:30.931303,Upper Tamakoshi Hydropower Ltd
2026042404008780,UPPER,42,42,35,206.8,7238.0,2026-04-24,187900082,2792,Sani Securities Company Ltd.,Sani Securities Company Ltd.,2026-04-24 14:02:30.767291,Upper Tamakoshi Hydropower Ltd
2026042404008781,UPPER,36,42,1019,206.7,210627.3,2026-04-24,187900083,2792,Secured Securities Ltd.,Sani Securities Company Ltd.,2026-04-24 14:02:30.768673,Upper Tamakoshi Hydropower Ltd
2026042404008782,UPPER,22,65,100,207.0,20700.0,2026-04-24,187900112,2792,Siprabi Securities Pvt. Ltd.,Sharepro Securities Private Limited,2026-04-24 14:02:36.709823,Upper Tamakoshi Hydropower Ltd
2026042404008800,UPPER,57,65,87,207.0,18009.0,2026-04-24,187900419,2792,Aryatara Investment & Securities,Sharepro Securities Private Limited,2026-04-24 14:03:16.671716,Upper Tamakoshi Hydropower Ltd
2026042404008812,UPPER,40,16,10,208.9,2089.0,2026-04-24,187900818,2792,Creative Securities Pvt Ltd,Primo Securities (PVT) Ltd.,2026-04-24 14:03:51.321294,Upper Tamakoshi Hydropower Ltd
2026042404008855,UPPER,35,16,115,208.9,24023.5,2026-04-24,187901428,2792,Kohinoor Investment & Securities Pvt. Ltd.,Primo Securities (PVT) Ltd.,2026-04-24 14:05:19.628421,Upper Tamakoshi Hydropower Ltd
2026042404008867,UPPER,45,58,10,208.0,2080.0,2026-04-24,187901562,2792,Imperial Securities Company Pvt. Ltd.,Naasa Securities Co. Ltd.,2026-04-24 14:05:30.977671,Upper Tamakoshi Hydropower Ltd
2026042404008896,UPPER,58,28,20,207.2,4144.0,2026-04-24,187902175,2792,Naasa Securities Co. Ltd.,Shree Krishna Securities Ltd.,2026-04-24 14:06:36.295191,Upper Tamakoshi Hydropower Ltd
2026042404008913,UPPER,57,46,380,207.0,78660.0,2026-04-24,187902467,2792,Aryatara Investment & Securities,Kalika Securities Pvt. Ltd.,2026-04-24 14:07:19.539869,Upper Tamakoshi Hydropower Ltd
2026042404008929,UPPER,57,34,900,207.0,186300.0,2026-04-24,187902537,2792,Aryatara Investment & Securities,Vision Securities Pvt. Ltd,2026-04-24 14:07:28.714608,Upper Tamakoshi Hydropower Ltd
2026042404008938,UPPER,40,58,10,208.0,2080.0,2026-04-24,187902720,2792,Creative Securities Pvt Ltd,Naasa Securities Co. Ltd.,2026-04-24 14:08:00.112476,Upper Tamakoshi Hydropower Ltd
2026042404008951,UPPER,57,47,420,207.0,86940.0,2026-04-24,187902999,2792,Aryatara Investment & Securities,Neev Securities Pvt. Ltd.,2026-04-24 14:08:31.627279,Upper Tamakoshi Hydropower Ltd
2026042404008969,UPPER,58,58,190,208.0,39520.0,2026-04-24,187903404,2792,Naasa Securities Co. Ltd.,Naasa Securities Co. Ltd.,2026-04-24 14:09:13.888405,Upper Tamakoshi Hydropower Ltd
2026042404009070,UPPER,58,58,210,208.0,43680.0,2026-04-24,187904628,2792,Naasa Securities Co. Ltd.,Naasa Securities Co. Ltd.,2026-04-24 14:11:43.490044,Upper Tamakoshi Hydropower Ltd
2026042404009107,UPPER,58,58,50,208.0,10400.0,2026-04-24,187905134,2792,Naasa Securities Co. Ltd.,Naasa Securities Co. Ltd.,2026-04-24 14:12:36.172479,Upper Tamakoshi Hydropower Ltd
2026042404009164,UPPER,57,58,10,208.0,2080.0,2026-04-24,187905692,2792,Aryatara Investment & Securities,Naasa Securities Co. Ltd.,2026-04-24 14:13:34.469720,Upper Tamakoshi Hydropower Ltd
2026042404009172,UPPER,57,17,68,207.0,14076.0,2026-04-24,187905883,2792,Aryatara Investment & Securities,ABC Securities Private Limited,2026-04-24 14:13:54.173452,Upper Tamakoshi Hydropower Ltd
2026042404009211,UPPER,57,45,299,207.0,61893.0,2026-04-24,187906274,2792,Aryatara Investment & Securities,Imperial Securities Company Pvt. Ltd.,2026-04-24 14:14:25.754743,Upper Tamakoshi Hydropower Ltd
