Date,S.N.,Contract ID,Symbol,Buyer Broker,Seller Broker,volume,rate,amount,transaction_time
2025-08-11,98310,2025081104000034,AKJCL,Sani Securities Company Ltd.,Investment Management Nepal Pvt. Ltd.,500,212.0,106000.0,2025-08-11 11:00:46.836322
2025-08-11,98309,2025081104000035,AKJCL,Agrawal Securities (PVT) Ltd.,Investment Management Nepal Pvt. Ltd.,1000,212.0,212000.0,2025-08-11 11:00:46.836473
2025-08-11,98206,2025081104000052,AKJCL,Vision Securities Pvt. Ltd,Aryatara Investment & Securities,100,211.0,21100.0,2025-08-11 11:01:12.634930
2025-08-11,97633,2025081104000143,AKJCL,Midas Stock Broking Company Private Limited,Secured Securities Ltd.,10,211.5,2115.0,2025-08-11 11:03:04.086506
2025-08-11,96856,2025081104000274,AKJCL,Linch Stock Market Ltd.,Bhrikuti Stock Broking Co. Pvt. Ltd.,300,214.0,64200.0,2025-08-11 11:05:09.267196
2025-08-11,96855,2025081104000275,AKJCL,Linch Stock Market Ltd.,Dipshikha Dhitopatra Karobar Co. Pvt Ltd.,25,214.5,5362.5,2025-08-11 11:05:09.267358
2025-08-11,96854,2025081104000276,AKJCL,Linch Stock Market Ltd.,Kumari Securities Private Limited,250,214.8,53700.0,2025-08-11 11:05:09.267417
2025-08-11,96853,2025081104000277,AKJCL,Linch Stock Market Ltd.,Investment Management Nepal Pvt. Ltd.,600,214.9,128940.0,2025-08-11 11:05:09.267474
2025-08-11,96852,2025081104000278,AKJCL,Linch Stock Market Ltd.,Bhrikuti Stock Broking Co. Pvt. Ltd.,300,215.0,64500.0,2025-08-11 11:05:09.267533
2025-08-11,96851,2025081104000279,AKJCL,Linch Stock Market Ltd.,Midas Stock Broking Company Private Limited,750,215.0,161250.0,2025-08-11 11:05:09.267586
2025-08-11,96831,2025081104000284,AKJCL,Linch Stock Market Ltd.,Investment Management Nepal Pvt. Ltd.,500,215.0,107500.0,2025-08-11 11:05:12.766972
2025-08-11,96701,2025081104000322,AKJCL,Linch Stock Market Ltd.,Investment Management Nepal Pvt. Ltd.,2000,215.0,430000.0,2025-08-11 11:05:29.904167
2025-08-11,96599,2025081104000337,AKJCL,Linch Stock Market Ltd.,Investment Management Nepal Pvt. Ltd.,275,215.0,59125.0,2025-08-11 11:05:46.004235
2025-08-11,96168,2025081104000436,AKJCL,Online Securities Pvt. Ltd.,Investment Management Nepal Pvt. Ltd.,10,215.0,2150.0,2025-08-11 11:06:47.402469
2025-08-11,96140,2025081104000438,AKJCL,Midas Stock Broking Company Private Limited,Midas Stock Broking Company Private Limited,25,212.0,5300.0,2025-08-11 11:06:51.966025
2025-08-11,95642,2025081104000539,AKJCL,Neev Securities Pvt. Ltd.,Investment Management Nepal Pvt. Ltd.,10,215.0,2150.0,2025-08-11 11:07:56.294852
2025-08-11,94278,2025081104000845,AKJCL,Secured Securities Ltd.,Premier Securities Company Ltd.,10,214.8,2148.0,2025-08-11 11:11:06.525405
2025-08-11,93855,2025081104000929,AKJCL,Kohinoor Investment & Securities Pvt. Ltd.,Imperial Securities Company Pvt. Ltd.,50,213.6,10680.0,2025-08-11 11:12:06.817993
2025-08-11,93293,2025081104001047,AKJCL,Kohinoor Investment & Securities Pvt. Ltd.,Naasa Securities Co. Ltd.,150,213.6,32040.0,2025-08-11 11:13:24.253409
2025-08-11,93151,2025081104001098,AKJCL,ABC Securities Private Limited,Kohinoor Investment & Securities Pvt. Ltd.,500,213.5,106750.0,2025-08-11 11:13:39.936152
2025-08-11,92849,2025081104001161,AKJCL,Midas Stock Broking Company Private Limited,Deevyaa Securities & Stock House Pvt. Ltd,65,213.0,13845.0,2025-08-11 11:14:23.187855
2025-08-11,92848,2025081104001162,AKJCL,Naasa Securities Co. Ltd.,Deevyaa Securities & Stock House Pvt. Ltd,435,213.0,92655.0,2025-08-11 11:14:23.188021
2025-08-11,92580,2025081104001241,AKJCL,Naasa Securities Co. Ltd.,Aryatara Investment & Securities,1565,213.0,333345.0,2025-08-11 11:14:57.127619
2025-08-11,92579,2025081104001242,AKJCL,Primo Securities (PVT) Ltd.,Aryatara Investment & Securities,400,213.0,85200.0,2025-08-11 11:14:57.127803
2025-08-11,92349,2025081104001291,AKJCL,Kumari Securities Private Limited,Kumari Securities Private Limited,500,212.5,106250.0,2025-08-11 11:15:34.867872
2025-08-11,92348,2025081104001292,AKJCL,Linch Stock Market Ltd.,Kumari Securities Private Limited,1500,212.2,318300.0,2025-08-11 11:15:34.868033
2025-08-11,92101,2025081104001358,AKJCL,Linch Stock Market Ltd.,Premier Securities Company Ltd.,500,212.2,106100.0,2025-08-11 11:16:08.721139
2025-08-11,92100,2025081104001359,AKJCL,Sundhara Securities Limited,Premier Securities Company Ltd.,100,212.1,21210.0,2025-08-11 11:16:08.721457
2025-08-11,92099,2025081104001360,AKJCL,Trishakti Securities Public Limited,Premier Securities Company Ltd.,127,212.1,26936.7,2025-08-11 11:16:08.721677
2025-08-11,92098,2025081104001361,AKJCL,Agrawal Securities (PVT) Ltd.,Premier Securities Company Ltd.,23,212.1,4878.3,2025-08-11 11:16:08.721839
2025-08-11,92016,2025081104001395,AKJCL,Agrawal Securities (PVT) Ltd.,ABC Securities Private Limited,500,212.1,106050.0,2025-08-11 11:16:17.242911
2025-08-11,91782,2025081104001466,AKJCL,Agrawal Securities (PVT) Ltd.,Sweta Securities Private Limited,37,212.1,7847.7,2025-08-11 11:16:43.967983
2025-08-11,91781,2025081104001467,AKJCL,Swarna Laxmi Securities Pvt. Ltd.,Sweta Securities Private Limited,63,212.0,13356.0,2025-08-11 11:16:43.968143
2025-08-11,91774,2025081104001469,AKJCL,Imperial Securities Company Pvt. Ltd.,Siprabi Securities Pvt. Ltd.,50,212.5,10625.0,2025-08-11 11:16:44.692881
2025-08-11,91755,2025081104001473,AKJCL,Sweta Securities Private Limited,Siprabi Securities Pvt. Ltd.,450,212.5,95625.0,2025-08-11 11:16:47.999302
2025-08-11,91718,2025081104001486,AKJCL,Sweta Securities Private Limited,Property Wiard Limited,50,212.5,10625.0,2025-08-11 11:16:52.645119
2025-08-11,91717,2025081104001487,AKJCL,Swarna Laxmi Securities Pvt. Ltd.,Property Wiard Limited,937,212.0,198644.0,2025-08-11 11:16:52.645272
2025-08-11,91716,2025081104001488,AKJCL,Imperial Securities Company Pvt. Ltd.,Property Wiard Limited,373,212.0,79076.0,2025-08-11 11:16:52.645345
2025-08-11,90998,2025081104001618,AKJCL,Sani Securities Company Ltd.,ABC Securities Private Limited,300,212.1,63630.0,2025-08-11 11:18:43.129163
2025-08-11,90997,2025081104001619,AKJCL,Imperial Securities Company Pvt. Ltd.,ABC Securities Private Limited,127,212.0,26924.0,2025-08-11 11:18:43.129231
2025-08-11,90996,2025081104001620,AKJCL,Sani Securities Company Ltd.,ABC Securities Private Limited,15,212.0,3180.0,2025-08-11 11:18:43.129259
2025-08-11,90995,2025081104001621,AKJCL,Asian Securities Private Ltd.,ABC Securities Private Limited,20,212.0,4240.0,2025-08-11 11:18:43.129282
2025-08-11,90994,2025081104001622,AKJCL,Online Securities Pvt. Ltd.,ABC Securities Private Limited,38,212.0,8056.0,2025-08-11 11:18:43.129305
2025-08-11,90830,2025081104001652,AKJCL,Online Securities Pvt. Ltd.,Naasa Securities Co. Ltd.,20,212.0,4240.0,2025-08-11 11:19:07.918420
2025-08-11,89833,2025081104001834,AKJCL,SUN SECURITIES PVT LTD,Naasa Securities Co. Ltd.,250,212.2,53050.0,2025-08-11 11:21:22.832419
2025-08-11,89832,2025081104001835,AKJCL,Sani Securities Company Ltd.,Naasa Securities Co. Ltd.,50,212.1,10605.0,2025-08-11 11:21:22.832707
2025-08-11,89831,2025081104001836,AKJCL,Kohinoor Investment & Securities Pvt. Ltd.,Naasa Securities Co. Ltd.,300,212.1,63630.0,2025-08-11 11:21:22.832891
2025-08-11,89830,2025081104001837,AKJCL,Online Securities Pvt. Ltd.,Naasa Securities Co. Ltd.,342,212.0,72504.0,2025-08-11 11:21:22.833070
2025-08-11,89694,2025081104001866,AKJCL,Online Securities Pvt. Ltd.,ABC Securities Private Limited,100,212.0,21200.0,2025-08-11 11:21:44.768259
2025-08-11,89693,2025081104001867,AKJCL,Asian Securities Private Ltd.,ABC Securities Private Limited,400,212.0,84800.0,2025-08-11 11:21:44.768555
2025-08-11,89506,2025081104001895,AKJCL,Asian Securities Private Ltd.,Nepal Investment And Securities Trading Private Limited,25,212.0,5300.0,2025-08-11 11:22:08.415993
2025-08-11,89188,2025081104001966,AKJCL,Asian Securities Private Ltd.,Naasa Securities Co. Ltd.,75,212.0,15900.0,2025-08-11 11:23:10.443693
2025-08-11,89187,2025081104001967,AKJCL,Dipshikha Dhitopatra Karobar Co. Pvt Ltd.,Naasa Securities Co. Ltd.,260,212.0,55120.0,2025-08-11 11:23:10.444004
2025-08-11,88701,2025081104002058,AKJCL,Thrive Brokerage House Pvt. Ltd,Naasa Securities Co. Ltd.,100,211.8,21180.0,2025-08-11 11:24:24.892363
2025-08-11,88700,2025081104002059,AKJCL,Thrive Brokerage House Pvt. Ltd,Naasa Securities Co. Ltd.,100,211.7,21170.0,2025-08-11 11:24:24.892531
2025-08-11,88699,2025081104002060,AKJCL,Vision Securities Pvt. Ltd,Naasa Securities Co. Ltd.,98,211.7,20746.6,2025-08-11 11:24:24.892607
2025-08-11,88303,2025081104002146,AKJCL,Shree Krishna Securities Ltd.,Kumari Securities Private Limited,100,211.8,21180.0,2025-08-11 11:25:18.548920
2025-08-11,88016,2025081104002186,AKJCL,Midas Stock Broking Company Private Limited,Dakshinkali Investment & Securities Pvt. Ltd.,28,212.9,5961.2,2025-08-11 11:25:55.792837
2025-08-11,87966,2025081104002214,AKJCL,ABC Securities Private Limited,Dakshinkali Investment & Securities Pvt. Ltd.,1000,212.9,212900.0,2025-08-11 11:26:04.546265
2025-08-11,87905,2025081104002217,AKJCL,Miyo Securities Pvt Ltd,Dakshinkali Investment & Securities Pvt. Ltd.,10,212.9,2129.0,2025-08-11 11:26:14.359189
2025-08-11,87554,2025081104002268,AKJCL,Kohinoor Investment & Securities Pvt. Ltd.,Dakshinkali Investment & Securities Pvt. Ltd.,262,212.9,55779.8,2025-08-11 11:27:03.331273
2025-08-11,87553,2025081104002269,AKJCL,Kohinoor Investment & Securities Pvt. Ltd.,Aryatara Investment & Securities,35,213.0,7455.0,2025-08-11 11:27:03.331481
2025-08-11,87552,2025081104002270,AKJCL,Kohinoor Investment & Securities Pvt. Ltd.,Agrawal Securities (PVT) Ltd.,703,213.0,149739.0,2025-08-11 11:27:03.331559
2025-08-11,87125,2025081104002344,AKJCL,Kohinoor Investment & Securities Pvt. Ltd.,Oxford Securities Pvt. Ltd.,1000,212.0,212000.0,2025-08-11 11:28:14.206595
2025-08-11,87124,2025081104002345,AKJCL,Sani Securities Company Ltd.,Oxford Securities Pvt. Ltd.,150,212.0,31800.0,2025-08-11 11:28:14.206811
2025-08-11,87123,2025081104002346,AKJCL,Aryatara Investment & Securities,Oxford Securities Pvt. Ltd.,350,212.0,74200.0,2025-08-11 11:28:14.206903
2025-08-11,86969,2025081104002384,AKJCL,Aryatara Investment & Securities,Oxford Securities Pvt. Ltd.,30,212.1,6363.0,2025-08-11 11:28:30.266729
2025-08-11,86968,2025081104002385,AKJCL,Aryatara Investment & Securities,Oxford Securities Pvt. Ltd.,150,212.0,31800.0,2025-08-11 11:28:30.266919
2025-08-11,86809,2025081104002431,AKJCL,Kalika Securities Pvt. Ltd.,Oxford Securities Pvt. Ltd.,100,212.0,21200.0,2025-08-11 11:28:55.509629
2025-08-11,86707,2025081104002447,AKJCL,Kohinoor Investment & Securities Pvt. Ltd.,Naasa Securities Co. Ltd.,50,211.9,10595.0,2025-08-11 11:29:03.861441
2025-08-11,86548,2025081104002473,AKJCL,Kohinoor Investment & Securities Pvt. Ltd.,Oxford Securities Pvt. Ltd.,100,211.9,21190.0,2025-08-11 11:29:22.623960
2025-08-11,86547,2025081104002474,AKJCL,Linch Stock Market Ltd.,Oxford Securities Pvt. Ltd.,10,211.9,2119.0,2025-08-11 11:29:22.624412
2025-08-11,86546,2025081104002475,AKJCL,Shree Krishna Securities Ltd.,Oxford Securities Pvt. Ltd.,900,211.8,190620.0,2025-08-11 11:29:22.624766
2025-08-11,86545,2025081104002476,AKJCL,Vision Securities Pvt. Ltd,Oxford Securities Pvt. Ltd.,113,211.7,23922.1,2025-08-11 11:29:22.625071
2025-08-11,86544,2025081104002477,AKJCL,Thrive Brokerage House Pvt. Ltd,Oxford Securities Pvt. Ltd.,877,211.6,185573.2,2025-08-11 11:29:22.625430
2025-08-11,86413,2025081104002499,AKJCL,Secured Securities Ltd.,Oxford Securities Pvt. Ltd.,720,212.0,152640.0,2025-08-11 11:29:36.263284
2025-08-11,86236,2025081104002527,AKJCL,Thrive Brokerage House Pvt. Ltd,Dipshikha Dhitopatra Karobar Co. Pvt Ltd.,123,211.6,26026.8,2025-08-11 11:29:55.625376
2025-08-11,86235,2025081104002528,AKJCL,Primo Securities (PVT) Ltd.,Dipshikha Dhitopatra Karobar Co. Pvt Ltd.,122,211.2,25766.4,2025-08-11 11:29:55.625711
2025-08-11,86149,2025081104002537,AKJCL,Cristal Kanchanjanga Securites Pvt. Ltd.,Neev Securities Pvt. Ltd.,1000,212.0,212000.0,2025-08-11 11:30:06.514100
2025-08-11,85120,2025081104002743,AKJCL,Dipshikha Dhitopatra Karobar Co. Pvt Ltd.,Naasa Securities Co. Ltd.,50,212.7,10635.0,2025-08-11 11:32:30.604223
2025-08-11,84800,2025081104002841,AKJCL,Dipshikha Dhitopatra Karobar Co. Pvt Ltd.,Naasa Securities Co. Ltd.,50,212.7,10635.0,2025-08-11 11:33:12.270951
2025-08-11,84529,2025081104002890,AKJCL,Asian Securities Private Ltd.,Naasa Securities Co. Ltd.,50,212.8,10640.0,2025-08-11 11:33:50.535081
2025-08-11,84528,2025081104002891,AKJCL,Asian Securities Private Ltd.,Oxford Securities Pvt. Ltd.,21,212.8,4468.8,2025-08-11 11:33:50.535505
2025-08-11,84398,2025081104002913,AKJCL,Secured Securities Ltd.,Oxford Securities Pvt. Ltd.,220,212.8,46816.0,2025-08-11 11:34:09.842637
2025-08-11,84382,2025081104002920,AKJCL,Imperial Securities Company Pvt. Ltd.,Naasa Securities Co. Ltd.,10,212.7,2127.0,2025-08-11 11:34:11.953938
2025-08-11,83755,2025081104003094,AKJCL,Naasa Securities Co. Ltd.,Investment Management Nepal Pvt. Ltd.,10,212.3,2123.0,2025-08-11 11:35:28.455112
2025-08-11,83754,2025081104003095,AKJCL,Malla & Malla Stock Broking Company Pvt. Limited,Investment Management Nepal Pvt. Ltd.,635,212.2,134747.0,2025-08-11 11:35:28.455347
2025-08-11,83753,2025081104003096,AKJCL,Kohinoor Investment & Securities Pvt. Ltd.,Investment Management Nepal Pvt. Ltd.,1000,212.1,212100.0,2025-08-11 11:35:28.455438
2025-08-11,83752,2025081104003097,AKJCL,Aryatara Investment & Securities,Investment Management Nepal Pvt. Ltd.,1200,212.0,254400.0,2025-08-11 11:35:28.455514
2025-08-11,83751,2025081104003098,AKJCL,Nepal Investment And Securities Trading Private Limited,Investment Management Nepal Pvt. Ltd.,130,212.0,27560.0,2025-08-11 11:35:28.455589
2025-08-11,83750,2025081104003099,AKJCL,Agrawal Securities (PVT) Ltd.,Investment Management Nepal Pvt. Ltd.,25,212.0,5300.0,2025-08-11 11:35:28.455666
2025-08-11,83522,2025081104003162,AKJCL,Premier Securities Company Ltd.,Naasa Securities Co. Ltd.,40,212.7,8508.0,2025-08-11 11:35:55.106607
2025-08-11,83382,2025081104003185,AKJCL,Agrawal Securities (PVT) Ltd.,Opal Securities Investment (PVT) Ltd.,295,212.0,62540.0,2025-08-11 11:36:16.205879
2025-08-11,83381,2025081104003186,AKJCL,Dipshikha Dhitopatra Karobar Co. Pvt Ltd.,Opal Securities Investment (PVT) Ltd.,120,212.0,25440.0,2025-08-11 11:36:16.205974
2025-08-11,83380,2025081104003187,AKJCL,Vision Securities Pvt. Ltd,Opal Securities Investment (PVT) Ltd.,85,212.0,18020.0,2025-08-11 11:36:16.206005
2025-08-11,83173,2025081104003243,AKJCL,Vision Securities Pvt. Ltd,Naasa Securities Co. Ltd.,1915,212.0,405980.0,2025-08-11 11:36:38.312961
2025-08-11,82311,2025081104003448,AKJCL,Prabhu Stock Market Limited,Naasa Securities Co. Ltd.,10,212.0,2120.0,2025-08-11 11:38:32.833912
2025-08-11,81619,2025081104003600,AKJCL,Aryatara Investment & Securities,Naasa Securities Co. Ltd.,30,212.5,6375.0,2025-08-11 11:40:13.670263
2025-08-11,81489,2025081104003637,AKJCL,Creative Securities Pvt Ltd,Sundhara Securities Limited,15,212.3,3184.5,2025-08-11 11:40:33.264223
2025-08-11,81485,2025081104003638,AKJCL,Creative Securities Pvt Ltd,Naasa Securities Co. Ltd.,235,212.3,49890.5,2025-08-11 11:40:34.386607
2025-08-11,81484,2025081104003639,AKJCL,Aryatara Investment & Securities,Naasa Securities Co. Ltd.,100,212.0,21200.0,2025-08-11 11:40:34.386810
2025-08-11,81483,2025081104003640,AKJCL,Sani Securities Company Ltd.,Naasa Securities Co. Ltd.,465,212.0,98580.0,2025-08-11 11:40:34.386919
2025-08-11,81395,2025081104003691,AKJCL,Aryatara Investment & Securities,Naasa Securities Co. Ltd.,50,212.6,10630.0,2025-08-11 11:40:42.463953
2025-08-11,80896,2025081104003849,AKJCL,Malla & Malla Stock Broking Company Pvt. Limited,Vision Securities Pvt. Ltd,50,212.0,10600.0,2025-08-11 11:41:56.914540
2025-08-11,80789,2025081104003867,AKJCL,Malla & Malla Stock Broking Company Pvt. Limited,Secured Securities Ltd.,50,212.0,10600.0,2025-08-11 11:42:14.459672
2025-08-11,80192,2025081104004018,AKJCL,Malla & Malla Stock Broking Company Pvt. Limited,Dipshikha Dhitopatra Karobar Co. Pvt Ltd.,100,212.0,21200.0,2025-08-11 11:43:47.379340
2025-08-11,80048,2025081104004058,AKJCL,ABC Securities Private Limited,Dipshikha Dhitopatra Karobar Co. Pvt Ltd.,500,212.0,106000.0,2025-08-11 11:44:07.492255
2025-08-11,79813,2025081104004123,AKJCL,South Asian Bulls Pvt. Ltd.,Naasa Securities Co. Ltd.,50,211.9,10595.0,2025-08-11 11:44:35.894835
2025-08-11,79799,2025081104004129,AKJCL,South Asian Bulls Pvt. Ltd.,Naasa Securities Co. Ltd.,50,211.9,10595.0,2025-08-11 11:44:38.379059
2025-08-11,79616,2025081104004155,AKJCL,South Asian Bulls Pvt. Ltd.,Dipshikha Dhitopatra Karobar Co. Pvt Ltd.,100,212.0,21200.0,2025-08-11 11:45:03.089302
2025-08-11,79469,2025081104004187,AKJCL,KALASH STOCK MARKET PVT. LTD.,Dipshikha Dhitopatra Karobar Co. Pvt Ltd.,1800,212.0,381600.0,2025-08-11 11:45:31.909147
2025-08-11,78734,2025081104004304,AKJCL,BHOLE GANESH SECURITIES LTD,Naasa Securities Co. Ltd.,10,212.5,2125.0,2025-08-11 11:47:32.120302
2025-08-11,78544,2025081104004336,AKJCL,KALASH STOCK MARKET PVT. LTD.,ABC Securities Private Limited,500,212.0,106000.0,2025-08-11 11:48:03.603101
2025-08-11,78479,2025081104004352,AKJCL,KALASH STOCK MARKET PVT. LTD.,Nepal Investment And Securities Trading Private Limited,50,212.0,10600.0,2025-08-11 11:48:14.415043
2025-08-11,78261,2025081104004394,AKJCL,KALASH STOCK MARKET PVT. LTD.,Naasa Securities Co. Ltd.,650,212.0,137800.0,2025-08-11 11:48:48.472585
2025-08-11,78015,2025081104004457,AKJCL,Naasa Securities Co. Ltd.,Kohinoor Investment & Securities Pvt. Ltd.,10,212.0,2120.0,2025-08-11 11:49:26.774076
2025-08-11,77931,2025081104004474,AKJCL,Himalayan Securities Limited,Kohinoor Investment & Securities Pvt. Ltd.,10,212.0,2120.0,2025-08-11 11:49:42.012422
2025-08-11,77865,2025081104004489,AKJCL,Cristal Kanchanjanga Securites Pvt. Ltd.,Oxford Securities Pvt. Ltd.,2000,211.8,423600.0,2025-08-11 11:49:51.936023
2025-08-11,77686,2025081104004516,AKJCL,Shree Krishna Securities Ltd.,Oxford Securities Pvt. Ltd.,500,211.7,105850.0,2025-08-11 11:50:17.123583
2025-08-11,77685,2025081104004517,AKJCL,Shree Krishna Securities Ltd.,Oxford Securities Pvt. Ltd.,259,211.7,54830.3,2025-08-11 11:50:17.123810
2025-08-11,77571,2025081104004528,AKJCL,Shree Krishna Securities Ltd.,Naasa Securities Co. Ltd.,100,211.7,21170.0,2025-08-11 11:50:35.484495
2025-08-11,77321,2025081104004569,AKJCL,Linch Stock Market Ltd.,Kohinoor Investment & Securities Pvt. Ltd.,100,212.0,21200.0,2025-08-11 11:51:07.964534
2025-08-11,77295,2025081104004572,AKJCL,Midas Stock Broking Company Private Limited,Kohinoor Investment & Securities Pvt. Ltd.,56,212.0,11872.0,2025-08-11 11:51:12.295398
2025-08-11,76985,2025081104004609,AKJCL,KALASH STOCK MARKET PVT. LTD.,Kohinoor Investment & Securities Pvt. Ltd.,50,212.0,10600.0,2025-08-11 11:52:00.975066
2025-08-11,76984,2025081104004610,AKJCL,KALASH STOCK MARKET PVT. LTD.,Vision Securities Pvt. Ltd,50,212.0,10600.0,2025-08-11 11:52:00.975513
2025-08-11,76983,2025081104004611,AKJCL,KALASH STOCK MARKET PVT. LTD.,Kumari Securities Private Limited,400,212.0,84800.0,2025-08-11 11:52:00.975781
2025-08-11,76982,2025081104004612,AKJCL,KALASH STOCK MARKET PVT. LTD.,Neev Securities Pvt. Ltd.,500,212.0,106000.0,2025-08-11 11:52:00.976043
2025-08-11,76596,2025081104004706,AKJCL,Neev Securities Pvt. Ltd.,Neev Securities Pvt. Ltd.,500,212.0,106000.0,2025-08-11 11:52:54.679952
2025-08-11,76572,2025081104004713,AKJCL,Online Securities Pvt. Ltd.,Neev Securities Pvt. Ltd.,100,212.0,21200.0,2025-08-11 11:53:00.647176
2025-08-11,76289,2025081104004785,AKJCL,Sani Securities Company Ltd.,Neev Securities Pvt. Ltd.,260,212.0,55120.0,2025-08-11 11:53:31.722696
2025-08-11,73899,2025081104005252,AKJCL,Sani Securities Company Ltd.,Naasa Securities Co. Ltd.,50,211.8,10590.0,2025-08-11 11:59:09.796094
2025-08-11,73807,2025081104005270,AKJCL,Sani Securities Company Ltd.,Naasa Securities Co. Ltd.,50,211.9,10595.0,2025-08-11 11:59:28.970682
2025-08-11,73557,2025081104005318,AKJCL,Naasa Securities Co. Ltd.,Neev Securities Pvt. Ltd.,254,212.0,53848.0,2025-08-11 12:00:11.676885
2025-08-11,73217,2025081104005403,AKJCL,Shree Krishna Securities Ltd.,Sri Hari Securities Pvt. Ltd.,36,211.7,7621.2,2025-08-11 12:01:08.900074
2025-08-11,72900,2025081104005503,AKJCL,Sani Securities Company Ltd.,Kalika Securities Pvt. Ltd.,50,211.8,10590.0,2025-08-11 12:02:12.507986
2025-08-11,72857,2025081104005510,AKJCL,Shree Krishna Securities Ltd.,Bhrikuti Stock Broking Co. Pvt. Ltd.,105,211.7,22228.5,2025-08-11 12:02:18.680786
2025-08-11,72856,2025081104005511,AKJCL,Cristal Kanchanjanga Securites Pvt. Ltd.,Bhrikuti Stock Broking Co. Pvt. Ltd.,10,211.6,2116.0,2025-08-11 12:02:18.680888
2025-08-11,72855,2025081104005512,AKJCL,Kohinoor Investment & Securities Pvt. Ltd.,Bhrikuti Stock Broking Co. Pvt. Ltd.,185,211.6,39146.0,2025-08-11 12:02:18.680985
2025-08-11,72717,2025081104005534,AKJCL,Online Securities Pvt. Ltd.,Dynamic Money Managers Securities Pvt. Ltd.,80,211.9,16952.0,2025-08-11 12:02:45.402350
2025-08-11,72284,2025081104005618,AKJCL,Sani Securities Company Ltd.,Dynamic Money Managers Securities Pvt. Ltd.,183,211.9,38777.7,2025-08-11 12:04:06.802653
2025-08-11,72283,2025081104005619,AKJCL,Sani Securities Company Ltd.,Investment Management Nepal Pvt. Ltd.,288,211.9,61027.2,2025-08-11 12:04:06.802928
2025-08-11,72090,2025081104005642,AKJCL,Sani Securities Company Ltd.,Vision Securities Pvt. Ltd,50,211.8,10590.0,2025-08-11 12:04:41.981402
2025-08-11,72089,2025081104005643,AKJCL,Cristal Kanchanjanga Securites Pvt. Ltd.,Vision Securities Pvt. Ltd,245,211.7,51866.5,2025-08-11 12:04:41.981878
2025-08-11,71910,2025081104005674,AKJCL,Sani Securities Company Ltd.,Investment Management Nepal Pvt. Ltd.,712,211.9,150872.8,2025-08-11 12:05:10.176174
2025-08-11,71909,2025081104005675,AKJCL,Sani Securities Company Ltd.,Neev Securities Pvt. Ltd.,386,212.0,81832.0,2025-08-11 12:05:10.176489
2025-08-11,71908,2025081104005676,AKJCL,Sani Securities Company Ltd.,Neev Securities Pvt. Ltd.,600,212.0,127200.0,2025-08-11 12:05:10.176617
2025-08-11,71907,2025081104005677,AKJCL,Sani Securities Company Ltd.,Sani Securities Company Ltd.,602,212.0,127624.0,2025-08-11 12:05:10.176728
2025-08-11,71822,2025081104005688,AKJCL,Sani Securities Company Ltd.,Sani Securities Company Ltd.,398,212.0,84376.0,2025-08-11 12:05:22.328352
2025-08-11,71821,2025081104005689,AKJCL,Sani Securities Company Ltd.,Malla & Malla Stock Broking Company Pvt. Limited,200,212.0,42400.0,2025-08-11 12:05:22.328623
2025-08-11,71820,2025081104005690,AKJCL,Sani Securities Company Ltd.,Primo Securities (PVT) Ltd.,500,212.0,106000.0,2025-08-11 12:05:22.328746
2025-08-11,71640,2025081104005735,AKJCL,Sani Securities Company Ltd.,Vision Securities Pvt. Ltd,1000,212.0,212000.0,2025-08-11 12:05:53.560484
2025-08-11,71545,2025081104005754,AKJCL,Sani Securities Company Ltd.,Investment Management Nepal Pvt. Ltd.,202,212.0,42824.0,2025-08-11 12:06:12.106483
2025-08-11,71524,2025081104005755,AKJCL,Sani Securities Company Ltd.,Investment Management Nepal Pvt. Ltd.,75,212.0,15900.0,2025-08-11 12:06:14.989757
2025-08-11,70895,2025081104005865,AKJCL,Sani Securities Company Ltd.,Investment Management Nepal Pvt. Ltd.,226,212.0,47912.0,2025-08-11 12:07:52.010426
2025-08-11,70768,2025081104005906,AKJCL,Sani Securities Company Ltd.,Investment Management Nepal Pvt. Ltd.,10,212.0,2120.0,2025-08-11 12:08:12.142522
2025-08-11,69989,2025081104006078,AKJCL,Cristal Kanchanjanga Securites Pvt. Ltd.,KALASH STOCK MARKET PVT. LTD.,100,211.7,21170.0,2025-08-11 12:10:32.182404
2025-08-11,69726,2025081104006100,AKJCL,Cristal Kanchanjanga Securites Pvt. Ltd.,J.F. Securites (PVT) Ltd.,500,211.7,105850.0,2025-08-11 12:11:11.500664
2025-08-11,69492,2025081104006128,AKJCL,Cristal Kanchanjanga Securites Pvt. Ltd.,South Asian Bulls Pvt. Ltd.,125,211.7,26462.5,2025-08-11 12:11:41.965236
2025-08-11,69060,2025081104006229,AKJCL,South Asian Bulls Pvt. Ltd.,Nepal Investment And Securities Trading Private Limited,50,211.8,10590.0,2025-08-11 12:12:44.861127
2025-08-11,68555,2025081104006325,AKJCL,South Asian Bulls Pvt. Ltd.,Naasa Securities Co. Ltd.,210,211.8,44478.0,2025-08-11 12:13:53.163873
2025-08-11,68088,2025081104006416,AKJCL,Online Securities Pvt. Ltd.,Naasa Securities Co. Ltd.,50,211.9,10595.0,2025-08-11 12:14:58.212521
2025-08-11,68039,2025081104006427,AKJCL,Online Securities Pvt. Ltd.,Investment Management Nepal Pvt. Ltd.,421,212.0,89252.0,2025-08-11 12:15:08.306997
2025-08-11,67838,2025081104006485,AKJCL,J.F. Securites (PVT) Ltd.,Investment Management Nepal Pvt. Ltd.,45,212.0,9540.0,2025-08-11 12:15:37.298991
2025-08-11,65762,2025081104006950,AKJCL,South Asian Bulls Pvt. Ltd.,Naasa Securities Co. Ltd.,40,211.8,8472.0,2025-08-11 12:21:19.633905
2025-08-11,64746,2025081104007163,AKJCL,Sani Securities Company Ltd.,Investment Management Nepal Pvt. Ltd.,21,212.0,4452.0,2025-08-11 12:24:01.540062
2025-08-11,64745,2025081104007164,AKJCL,Sani Securities Company Ltd.,Neev Securities Pvt. Ltd.,279,212.0,59148.0,2025-08-11 12:24:01.540700
2025-08-11,64109,2025081104007348,AKJCL,Himalayan Securities Limited,Neev Securities Pvt. Ltd.,20,212.0,4240.0,2025-08-11 12:25:58.543250
2025-08-11,63955,2025081104007386,AKJCL,Cristal Kanchanjanga Securites Pvt. Ltd.,Neev Securities Pvt. Ltd.,1701,212.0,360612.0,2025-08-11 12:26:23.519634
2025-08-11,63954,2025081104007387,AKJCL,Cristal Kanchanjanga Securites Pvt. Ltd.,Premier Securities Company Ltd.,1000,212.0,212000.0,2025-08-11 12:26:23.519942
2025-08-11,63953,2025081104007388,AKJCL,Cristal Kanchanjanga Securites Pvt. Ltd.,Primo Securities (PVT) Ltd.,299,212.0,63388.0,2025-08-11 12:26:23.520108
2025-08-11,63877,2025081104007400,AKJCL,South Asian Bulls Pvt. Ltd.,Naasa Securities Co. Ltd.,40,211.8,8472.0,2025-08-11 12:26:40.505428
2025-08-11,63805,2025081104007416,AKJCL,Naasa Securities Co. Ltd.,Premier Securities Company Ltd.,34,211.9,7204.6,2025-08-11 12:26:53.308843
2025-08-11,63629,2025081104007509,AKJCL,South Asian Bulls Pvt. Ltd.,Imperial Securities Company Pvt. Ltd.,10,211.8,2118.0,2025-08-11 12:27:17.383640
2025-08-11,63107,2025081104007617,AKJCL,Kumari Securities Private Limited,South Asian Bulls Pvt. Ltd.,200,211.7,42340.0,2025-08-11 12:29:16.447230
2025-08-11,63106,2025081104007618,AKJCL,Malla & Malla Stock Broking Company Pvt. Limited,South Asian Bulls Pvt. Ltd.,50,211.6,10580.0,2025-08-11 12:29:16.447557
2025-08-11,62159,2025081104007844,AKJCL,Primo Securities (PVT) Ltd.,Imperial Securities Company Pvt. Ltd.,10,211.8,2118.0,2025-08-11 12:31:53.210545
2025-08-11,62158,2025081104007845,AKJCL,Primo Securities (PVT) Ltd.,Premier Securities Company Ltd.,460,211.9,97474.0,2025-08-11 12:31:53.211131
2025-08-11,61690,2025081104007955,AKJCL,Cristal Kanchanjanga Securites Pvt. Ltd.,Trishakti Securities Public Limited,10,212.0,2120.0,2025-08-11 12:33:43.400516
2025-08-11,61689,2025081104007956,AKJCL,Cristal Kanchanjanga Securites Pvt. Ltd.,Sewa Securities Pvt. Ltd.,40,212.0,8480.0,2025-08-11 12:33:43.401034
2025-08-11,61688,2025081104007957,AKJCL,Cristal Kanchanjanga Securites Pvt. Ltd.,Neev Securities Pvt. Ltd.,1950,212.0,413400.0,2025-08-11 12:33:43.401402
2025-08-11,61454,2025081104008019,AKJCL,Shree Krishna Securities Ltd.,Neev Securities Pvt. Ltd.,50,212.0,10600.0,2025-08-11 12:34:36.593906
2025-08-11,61453,2025081104008020,AKJCL,Shree Krishna Securities Ltd.,Premier Securities Company Ltd.,450,212.0,95400.0,2025-08-11 12:34:36.594162
2025-08-11,61375,2025081104008035,AKJCL,Market Securities & Exchange (PVT) Ltd.,Premier Securities Company Ltd.,550,212.0,116600.0,2025-08-11 12:34:52.506401
2025-08-11,60815,2025081104008146,AKJCL,Market Securities & Exchange (PVT) Ltd.,Naasa Securities Co. Ltd.,550,212.0,116600.0,2025-08-11 12:36:33.362573
2025-08-11,60142,2025081104008277,AKJCL,Primo Securities (PVT) Ltd.,Naasa Securities Co. Ltd.,50,212.1,10605.0,2025-08-11 12:38:54.840176
2025-08-11,59952,2025081104008306,AKJCL,Premier Securities Company Ltd.,Imperial Securities Company Pvt. Ltd.,600,211.8,127080.0,2025-08-11 12:39:45.144477
2025-08-11,59951,2025081104008307,AKJCL,Cristal Kanchanjanga Securites Pvt. Ltd.,Imperial Securities Company Pvt. Ltd.,700,211.7,148190.0,2025-08-11 12:39:45.145025
2025-08-11,59950,2025081104008308,AKJCL,Shree Krishna Securities Ltd.,Imperial Securities Company Pvt. Ltd.,275,211.7,58217.5,2025-08-11 12:39:45.145390
2025-08-11,59413,2025081104008430,AKJCL,Shree Krishna Securities Ltd.,Neev Securities Pvt. Ltd.,225,211.7,47632.5,2025-08-11 12:41:33.603874
2025-08-11,59355,2025081104008437,AKJCL,Nepal Stock House (PVT) Ltd.,Neev Securities Pvt. Ltd.,200,211.7,42340.0,2025-08-11 12:41:41.593804
2025-08-11,58868,2025081104008598,AKJCL,Vision Securities Pvt. Ltd,Neev Securities Pvt. Ltd.,100,211.7,21170.0,2025-08-11 12:43:05.670033
2025-08-11,58621,2025081104008659,AKJCL,Sani Securities Company Ltd.,Neev Securities Pvt. Ltd.,37,211.7,7832.9,2025-08-11 12:44:03.620024
2025-08-11,58620,2025081104008660,AKJCL,Sani Securities Company Ltd.,Naasa Securities Co. Ltd.,10,212.0,2120.0,2025-08-11 12:44:03.620336
2025-08-11,58395,2025081104008707,AKJCL,Sani Securities Company Ltd.,Naasa Securities Co. Ltd.,453,212.0,96036.0,2025-08-11 12:45:08.360462
2025-08-11,58079,2025081104008778,AKJCL,Market Securities & Exchange (PVT) Ltd.,Naasa Securities Co. Ltd.,20,212.0,4240.0,2025-08-11 12:46:13.754451
2025-08-11,56371,2025081104009154,AKJCL,Malla & Malla Stock Broking Company Pvt. Limited,Naasa Securities Co. Ltd.,60,211.6,12696.0,2025-08-11 12:53:09.601770
2025-08-11,56119,2025081104009189,AKJCL,Neev Securities Pvt. Ltd.,Vision Securities Pvt. Ltd,500,211.8,105900.0,2025-08-11 12:54:09.235628
2025-08-11,55624,2025081104009316,AKJCL,Malla & Malla Stock Broking Company Pvt. Limited,Kalika Securities Pvt. Ltd.,190,211.6,40204.0,2025-08-11 12:55:49.889073
2025-08-11,55623,2025081104009317,AKJCL,Nepal Investment And Securities Trading Private Limited,Kalika Securities Pvt. Ltd.,130,211.6,27508.0,2025-08-11 12:55:49.889691
2025-08-11,55622,2025081104009318,AKJCL,Deevyaa Securities & Stock House Pvt. Ltd,Kalika Securities Pvt. Ltd.,18,211.6,3808.8,2025-08-11 12:55:49.890121
2025-08-11,55284,2025081104009412,AKJCL,Deevyaa Securities & Stock House Pvt. Ltd,Imperial Securities Company Pvt. Ltd.,332,211.6,70251.2,2025-08-11 12:56:57.925926
2025-08-11,55283,2025081104009413,AKJCL,Malla & Malla Stock Broking Company Pvt. Limited,Imperial Securities Company Pvt. Ltd.,93,211.5,19669.5,2025-08-11 12:56:57.926287
2025-08-11,55068,2025081104009476,AKJCL,Creative Securities Pvt Ltd,Naasa Securities Co. Ltd.,10,211.8,2118.0,2025-08-11 12:57:41.413934
2025-08-11,55067,2025081104009477,AKJCL,Creative Securities Pvt Ltd,Naasa Securities Co. Ltd.,10,211.9,2119.0,2025-08-11 12:57:41.414250
2025-08-11,55066,2025081104009478,AKJCL,Creative Securities Pvt Ltd,Midas Stock Broking Company Private Limited,1,212.0,212.0,2025-08-11 12:57:41.414329
2025-08-11,54886,2025081104009514,AKJCL,Hatemalo Financial Services Private Limited,Naasa Securities Co. Ltd.,100,212.0,21200.0,2025-08-11 12:58:14.394896
2025-08-11,54885,2025081104009515,AKJCL,Hatemalo Financial Services Private Limited,Online Securities Pvt. Ltd.,290,212.0,61480.0,2025-08-11 12:58:14.395208
2025-08-11,54884,2025081104009516,AKJCL,Hatemalo Financial Services Private Limited,Aryatara Investment & Securities,450,212.0,95400.0,2025-08-11 12:58:14.395352
2025-08-11,54835,2025081104009530,AKJCL,Hatemalo Financial Services Private Limited,Naasa Securities Co. Ltd.,50,212.1,10605.0,2025-08-11 12:58:26.429573
2025-08-11,54834,2025081104009531,AKJCL,Hatemalo Financial Services Private Limited,Premier Securities Company Ltd.,500,212.1,106050.0,2025-08-11 12:58:26.429886
2025-08-11,54778,2025081104009542,AKJCL,Hatemalo Financial Services Private Limited,Naasa Securities Co. Ltd.,50,212.2,10610.0,2025-08-11 12:58:39.478108
2025-08-11,54753,2025081104009547,AKJCL,Hatemalo Financial Services Private Limited,Naasa Securities Co. Ltd.,50,212.3,10615.0,2025-08-11 12:58:47.499699
2025-08-11,54752,2025081104009548,AKJCL,Hatemalo Financial Services Private Limited,Premier Securities Company Ltd.,506,212.3,107423.8,2025-08-11 12:58:47.500009
2025-08-11,54667,2025081104009559,AKJCL,Hatemalo Financial Services Private Limited,Naasa Securities Co. Ltd.,50,212.4,10620.0,2025-08-11 12:59:13.574859
2025-08-11,54660,2025081104009561,AKJCL,Hatemalo Financial Services Private Limited,Premier Securities Company Ltd.,4954,212.4,1052229.6,2025-08-11 12:59:16.046776
2025-08-11,54045,2025081104009685,AKJCL,Malla & Malla Stock Broking Company Pvt. Limited,Citizens Share Broker Limited,200,211.5,42300.0,2025-08-11 13:01:42.075776
2025-08-11,53283,2025081104009818,AKJCL,Malla & Malla Stock Broking Company Pvt. Limited,Opal Securities Investment (PVT) Ltd.,107,211.5,22630.5,2025-08-11 13:04:26.453836
2025-08-11,53282,2025081104009819,AKJCL,Dipshikha Dhitopatra Karobar Co. Pvt Ltd.,Opal Securities Investment (PVT) Ltd.,35,211.5,7402.5,2025-08-11 13:04:26.454198
2025-08-11,53268,2025081104009821,AKJCL,Dipshikha Dhitopatra Karobar Co. Pvt Ltd.,Bhrikuti Stock Broking Co. Pvt. Ltd.,15,211.5,3172.5,2025-08-11 13:04:29.753702
2025-08-11,53267,2025081104009822,AKJCL,Bhrikuti Stock Broking Co. Pvt. Ltd.,Bhrikuti Stock Broking Co. Pvt. Ltd.,194,211.5,41031.0,2025-08-11 13:04:29.754272
2025-08-11,53245,2025081104009834,AKJCL,Bhrikuti Stock Broking Co. Pvt. Ltd.,Naasa Securities Co. Ltd.,500,211.5,105750.0,2025-08-11 13:04:36.132855
2025-08-11,52942,2025081104009926,AKJCL,Bhrikuti Stock Broking Co. Pvt. Ltd.,Premier Securities Company Ltd.,4306,211.5,910719.0,2025-08-11 13:05:30.373326
2025-08-11,52941,2025081104009927,AKJCL,Thrive Brokerage House Pvt. Ltd,Premier Securities Company Ltd.,694,211.4,146711.6,2025-08-11 13:05:30.373650
2025-08-11,50689,2025081104010570,AKJCL,Naasa Securities Co. Ltd.,Premier Securities Company Ltd.,16,211.5,3384.0,2025-08-11 13:12:54.219266
2025-08-11,50688,2025081104010571,AKJCL,Midas Stock Broking Company Private Limited,Premier Securities Company Ltd.,3984,211.5,842616.0,2025-08-11 13:12:54.219908
2025-08-11,50001,2025081104010724,AKJCL,Cristal Kanchanjanga Securites Pvt. Ltd.,Premier Securities Company Ltd.,10,212.0,2120.0,2025-08-11 13:14:50.907822
2025-08-11,49008,2025081104010961,AKJCL,Naasa Securities Co. Ltd.,Premier Securities Company Ltd.,36,212.0,7632.0,2025-08-11 13:17:54.916927
2025-08-11,49007,2025081104010962,AKJCL,Naasa Securities Co. Ltd.,Naasa Securities Co. Ltd.,25,212.0,5300.0,2025-08-11 13:17:54.917236
2025-08-11,49006,2025081104010963,AKJCL,Naasa Securities Co. Ltd.,Aryatara Investment & Securities,139,212.0,29468.0,2025-08-11 13:17:54.917385
2025-08-11,48865,2025081104011011,AKJCL,Midas Stock Broking Company Private Limited,Aryatara Investment & Securities,16,212.0,3392.0,2025-08-11 13:18:26.253017
2025-08-11,48767,2025081104011034,AKJCL,Naasa Securities Co. Ltd.,Aryatara Investment & Securities,30,212.0,6360.0,2025-08-11 13:18:49.642447
2025-08-11,48567,2025081104011078,AKJCL,Naasa Securities Co. Ltd.,Aryatara Investment & Securities,15,212.0,3180.0,2025-08-11 13:19:29.470385
2025-08-11,48566,2025081104011079,AKJCL,Naasa Securities Co. Ltd.,Sani Securities Company Ltd.,185,212.0,39220.0,2025-08-11 13:19:29.471015
2025-08-11,48380,2025081104011107,AKJCL,Opal Securities Investment (PVT) Ltd.,Imperial Securities Company Pvt. Ltd.,400,211.9,84760.0,2025-08-11 13:20:07.124154
2025-08-11,48379,2025081104011108,AKJCL,Opal Securities Investment (PVT) Ltd.,Sani Securities Company Ltd.,15,212.0,3180.0,2025-08-11 13:20:07.124468
2025-08-11,48378,2025081104011109,AKJCL,Opal Securities Investment (PVT) Ltd.,Premier Securities Company Ltd.,420,212.0,89040.0,2025-08-11 13:20:07.124612
2025-08-11,48351,2025081104011118,AKJCL,Dipshikha Dhitopatra Karobar Co. Pvt Ltd.,Premier Securities Company Ltd.,100,212.0,21200.0,2025-08-11 13:20:12.107647
2025-08-11,48054,2025081104011218,AKJCL,Naasa Securities Co. Ltd.,Premier Securities Company Ltd.,480,212.0,101760.0,2025-08-11 13:20:54.346078
2025-08-11,48053,2025081104011219,AKJCL,Naasa Securities Co. Ltd.,Naasa Securities Co. Ltd.,120,212.0,25440.0,2025-08-11 13:20:54.346454
2025-08-11,46647,2025081104011573,AKJCL,Online Securities Pvt. Ltd.,Bhrikuti Stock Broking Co. Pvt. Ltd.,11,211.6,2327.6,2025-08-11 13:25:16.352891
2025-08-11,46354,2025081104011615,AKJCL,Sundhara Securities Limited,Himalayan Brokerage Company Limited,65,211.5,13747.5,2025-08-11 13:26:21.174762
2025-08-11,46353,2025081104011616,AKJCL,Thrive Brokerage House Pvt. Ltd,Himalayan Brokerage Company Limited,306,211.4,64688.4,2025-08-11 13:26:21.175650
2025-08-11,46352,2025081104011617,AKJCL,Deevyaa Securities & Stock House Pvt. Ltd,Himalayan Brokerage Company Limited,150,211.4,31710.0,2025-08-11 13:26:21.176192
2025-08-11,46351,2025081104011618,AKJCL,Imperial Securities Company Pvt. Ltd.,Himalayan Brokerage Company Limited,100,211.3,21130.0,2025-08-11 13:26:21.176761
2025-08-11,46350,2025081104011619,AKJCL,South Asian Bulls Pvt. Ltd.,Himalayan Brokerage Company Limited,100,211.3,21130.0,2025-08-11 13:26:21.177294
2025-08-11,46349,2025081104011620,AKJCL,Primo Securities (PVT) Ltd.,Himalayan Brokerage Company Limited,78,211.2,16473.6,2025-08-11 13:26:21.177784
2025-08-11,46348,2025081104011621,AKJCL,Sani Securities Company Ltd.,Himalayan Brokerage Company Limited,500,211.2,105600.0,2025-08-11 13:26:21.178290
2025-08-11,46347,2025081104011622,AKJCL,Nepal Stock House (PVT) Ltd.,Himalayan Brokerage Company Limited,380,211.2,80256.0,2025-08-11 13:26:21.178829
2025-08-11,46346,2025081104011623,AKJCL,Hatemalo Financial Services Private Limited,Himalayan Brokerage Company Limited,321,211.1,67763.1,2025-08-11 13:26:21.179364
2025-08-11,45851,2025081104011772,AKJCL,Creative Securities Pvt Ltd,Naasa Securities Co. Ltd.,10,211.7,2117.0,2025-08-11 13:27:52.712670
2025-08-11,45849,2025081104011773,AKJCL,Creative Securities Pvt Ltd,Trisul Securities & Invt. Ltd.,11,211.7,2328.7,2025-08-11 13:27:54.019842
2025-08-11,45848,2025081104011774,AKJCL,Hatemalo Financial Services Private Limited,Trisul Securities & Invt. Ltd.,39,211.1,8232.9,2025-08-11 13:27:54.020183
2025-08-11,45811,2025081104011778,AKJCL,Hatemalo Financial Services Private Limited,Dipshikha Dhitopatra Karobar Co. Pvt Ltd.,100,211.1,21110.0,2025-08-11 13:27:59.026374
2025-08-11,45489,2025081104011870,AKJCL,Hatemalo Financial Services Private Limited,Premier Securities Company Ltd.,40,211.1,8444.0,2025-08-11 13:28:50.406018
2025-08-11,45488,2025081104011871,AKJCL,Shree Krishna Securities Ltd.,Premier Securities Company Ltd.,1000,211.1,211100.0,2025-08-11 13:28:50.406664
2025-08-11,45487,2025081104011872,AKJCL,Blue Chip Securities Ltd,Premier Securities Company Ltd.,100,211.1,21110.0,2025-08-11 13:28:50.407097
2025-08-11,45486,2025081104011873,AKJCL,Sharepro Securities Private Limited,Premier Securities Company Ltd.,130,211.1,27443.0,2025-08-11 13:28:50.407546
2025-08-11,45485,2025081104011874,AKJCL,Linch Stock Market Ltd.,Premier Securities Company Ltd.,1500,211.0,316500.0,2025-08-11 13:28:50.407998
2025-08-11,45484,2025081104011875,AKJCL,Shree Krishna Securities Ltd.,Premier Securities Company Ltd.,1000,211.0,211000.0,2025-08-11 13:28:50.408451
2025-08-11,45483,2025081104011876,AKJCL,ABC Securities Private Limited,Premier Securities Company Ltd.,300,211.0,63300.0,2025-08-11 13:28:50.409018
2025-08-11,45482,2025081104011877,AKJCL,Linch Stock Market Ltd.,Premier Securities Company Ltd.,200,211.0,42200.0,2025-08-11 13:28:50.409551
2025-08-11,45481,2025081104011878,AKJCL,Vision Securities Pvt. Ltd,Premier Securities Company Ltd.,10,211.0,2110.0,2025-08-11 13:28:50.410031
2025-08-11,45480,2025081104011879,AKJCL,Neev Securities Pvt. Ltd.,Premier Securities Company Ltd.,500,211.0,105500.0,2025-08-11 13:28:50.410538
2025-08-11,45479,2025081104011880,AKJCL,South Asian Bulls Pvt. Ltd.,Premier Securities Company Ltd.,200,211.0,42200.0,2025-08-11 13:28:50.411037
2025-08-11,45478,2025081104011881,AKJCL,Naasa Securities Co. Ltd.,Premier Securities Company Ltd.,1000,211.0,211000.0,2025-08-11 13:28:50.411522
2025-08-11,45477,2025081104011882,AKJCL,Sani Securities Company Ltd.,Premier Securities Company Ltd.,200,211.0,42200.0,2025-08-11 13:28:50.411996
2025-08-11,45476,2025081104011883,AKJCL,Linch Stock Market Ltd.,Premier Securities Company Ltd.,2000,211.0,422000.0,2025-08-11 13:28:50.412473
2025-08-11,45475,2025081104011884,AKJCL,Midas Stock Broking Company Private Limited,Premier Securities Company Ltd.,200,211.0,42200.0,2025-08-11 13:28:50.412951
2025-08-11,45474,2025081104011885,AKJCL,Nepal Investment And Securities Trading Private Limited,Premier Securities Company Ltd.,100,211.0,21100.0,2025-08-11 13:28:50.413475
2025-08-11,45473,2025081104011886,AKJCL,Opal Securities Investment (PVT) Ltd.,Premier Securities Company Ltd.,1520,211.0,320720.0,2025-08-11 13:28:50.413917
2025-08-11,45284,2025081104011926,AKJCL,Creative Securities Pvt Ltd,Oxford Securities Pvt. Ltd.,50,211.1,10555.0,2025-08-11 13:29:38.312880
2025-08-11,45283,2025081104011927,AKJCL,Opal Securities Investment (PVT) Ltd.,Oxford Securities Pvt. Ltd.,480,211.0,101280.0,2025-08-11 13:29:38.313220
2025-08-11,45282,2025081104011928,AKJCL,Agrawal Securities (PVT) Ltd.,Oxford Securities Pvt. Ltd.,14,211.0,2954.0,2025-08-11 13:29:38.313371
2025-08-11,45191,2025081104011940,AKJCL,Agrawal Securities (PVT) Ltd.,Sani Securities Company Ltd.,20,211.0,4220.0,2025-08-11 13:29:58.519361
2025-08-11,44820,2025081104012014,AKJCL,Cristal Kanchanjanga Securites Pvt. Ltd.,Naasa Securities Co. Ltd.,10,211.5,2115.0,2025-08-11 13:31:04.503543
2025-08-11,44819,2025081104012015,AKJCL,Cristal Kanchanjanga Securites Pvt. Ltd.,Naasa Securities Co. Ltd.,10,211.6,2116.0,2025-08-11 13:31:04.503834
2025-08-11,44818,2025081104012016,AKJCL,Cristal Kanchanjanga Securites Pvt. Ltd.,Naasa Securities Co. Ltd.,10,211.7,2117.0,2025-08-11 13:31:04.503977
2025-08-11,44817,2025081104012017,AKJCL,Cristal Kanchanjanga Securites Pvt. Ltd.,Asian Securities Private Ltd.,10,211.8,2118.0,2025-08-11 13:31:04.504115
2025-08-11,43785,2025081104012206,AKJCL,Imperial Securities Company Pvt. Ltd.,Kohinoor Investment & Securities Pvt. Ltd.,500,211.5,105750.0,2025-08-11 13:33:38.256364
2025-08-11,43784,2025081104012207,AKJCL,Agrawal Securities (PVT) Ltd.,Kohinoor Investment & Securities Pvt. Ltd.,466,211.0,98326.0,2025-08-11 13:33:38.256682
2025-08-11,43783,2025081104012208,AKJCL,Sundhara Securities Limited,Kohinoor Investment & Securities Pvt. Ltd.,20,211.0,4220.0,2025-08-11 13:33:38.256818
2025-08-11,43782,2025081104012209,AKJCL,Citizens Share Broker Limited,Kohinoor Investment & Securities Pvt. Ltd.,1800,211.0,379800.0,2025-08-11 13:33:38.256957
2025-08-11,43781,2025081104012210,AKJCL,Naasa Securities Co. Ltd.,Kohinoor Investment & Securities Pvt. Ltd.,20,211.0,4220.0,2025-08-11 13:33:38.257099
2025-08-11,43780,2025081104012211,AKJCL,Online Securities Pvt. Ltd.,Kohinoor Investment & Securities Pvt. Ltd.,394,211.0,83134.0,2025-08-11 13:33:38.257235
2025-08-11,43580,2025081104012268,AKJCL,Vision Securities Pvt. Ltd,Asian Securities Private Ltd.,20,211.8,4236.0,2025-08-11 13:34:10.511369
2025-08-11,43377,2025081104012315,AKJCL,Online Securities Pvt. Ltd.,Nabil Stock Dealer Ltd.,100,211.0,21100.0,2025-08-11 13:34:32.909566
2025-08-11,43073,2025081104012371,AKJCL,Cristal Kanchanjanga Securites Pvt. Ltd.,Asian Securities Private Ltd.,10,211.8,2118.0,2025-08-11 13:35:10.627741
2025-08-11,42326,2025081104012549,AKJCL,Naasa Securities Co. Ltd.,Vision Securities Pvt. Ltd,10,211.5,2115.0,2025-08-11 13:36:55.249547
2025-08-11,42240,2025081104012565,AKJCL,Imperial Securities Company Pvt. Ltd.,Vision Securities Pvt. Ltd,300,211.5,63450.0,2025-08-11 13:37:04.246662
2025-08-11,42032,2025081104012633,AKJCL,Naasa Securities Co. Ltd.,Creative Securities Pvt Ltd,10,211.0,2110.0,2025-08-11 13:37:43.207228
2025-08-11,39308,2025081104013236,AKJCL,Imperial Securities Company Pvt. Ltd.,Creative Securities Pvt Ltd,40,211.0,8440.0,2025-08-11 13:44:58.833123
2025-08-11,39307,2025081104013237,AKJCL,Imperial Securities Company Pvt. Ltd.,Naasa Securities Co. Ltd.,20,211.0,4220.0,2025-08-11 13:44:58.833451
2025-08-11,39195,2025081104013281,AKJCL,Imperial Securities Company Pvt. Ltd.,Himalayan Brokerage Company Limited,240,211.0,50640.0,2025-08-11 13:45:23.697733
2025-08-11,39194,2025081104013282,AKJCL,Nepal Stock House (PVT) Ltd.,Himalayan Brokerage Company Limited,10,210.9,2109.0,2025-08-11 13:45:23.698121
2025-08-11,39193,2025081104013283,AKJCL,Dynamic Money Managers Securities Pvt. Ltd.,Himalayan Brokerage Company Limited,150,210.2,31530.0,2025-08-11 13:45:23.698269
2025-08-11,37588,2025081104013604,AKJCL,Imperial Securities Company Pvt. Ltd.,Nepal Investment And Securities Trading Private Limited,100,210.5,21050.0,2025-08-11 13:50:19.608903
2025-08-11,36728,2025081104013782,AKJCL,Nepal Stock House (PVT) Ltd.,Sani Securities Company Ltd.,500,211.0,105500.0,2025-08-11 13:52:57.060251
2025-08-11,36622,2025081104013811,AKJCL,Aryatara Investment & Securities,Sani Securities Company Ltd.,300,211.0,63300.0,2025-08-11 13:53:14.759929
2025-08-11,36617,2025081104013812,AKJCL,Cristal Kanchanjanga Securites Pvt. Ltd.,Naasa Securities Co. Ltd.,50,210.6,10530.0,2025-08-11 13:53:15.000211
2025-08-11,36599,2025081104013815,AKJCL,Malla & Malla Stock Broking Company Pvt. Limited,Sani Securities Company Ltd.,200,211.0,42200.0,2025-08-11 13:53:21.634861
2025-08-11,36331,2025081104013859,AKJCL,Aryatara Investment & Securities,Nepal Stock House (PVT) Ltd.,500,211.0,105500.0,2025-08-11 13:54:07.441015
2025-08-11,36283,2025081104013869,AKJCL,Aryatara Investment & Securities,Pragyan Securities (PVT) Ltd.,20,211.0,4220.0,2025-08-11 13:54:16.701185
2025-08-11,34851,2025081104014118,AKJCL,Bhrikuti Stock Broking Co. Pvt. Ltd.,Naasa Securities Co. Ltd.,100,211.4,21140.0,2025-08-11 13:58:29.238152
2025-08-11,33929,2025081104014346,AKJCL,Online Securities Pvt. Ltd.,Naasa Securities Co. Ltd.,10,211.4,2114.0,2025-08-11 14:01:54.449847
2025-08-11,33805,2025081104014364,AKJCL,Online Securities Pvt. Ltd.,Agrawal Securities (PVT) Ltd.,37,211.4,7821.8,2025-08-11 14:02:22.879490
2025-08-11,33746,2025081104014372,AKJCL,Investment Management Nepal Pvt. Ltd.,Vision Securities Pvt. Ltd,90,211.5,19035.0,2025-08-11 14:02:44.135036
2025-08-11,33386,2025081104014466,AKJCL,Investment Management Nepal Pvt. Ltd.,Premier Securities Company Ltd.,507,211.5,107230.5,2025-08-11 14:04:08.063478
2025-08-11,32859,2025081104014617,AKJCL,Investment Management Nepal Pvt. Ltd.,Imperial Securities Company Pvt. Ltd.,108,211.5,22842.0,2025-08-11 14:05:43.247221
2025-08-11,32858,2025081104014618,AKJCL,Online Securities Pvt. Ltd.,Imperial Securities Company Pvt. Ltd.,53,211.4,11204.2,2025-08-11 14:05:43.247594
2025-08-11,32857,2025081104014619,AKJCL,ABC Securities Private Limited,Imperial Securities Company Pvt. Ltd.,20,211.0,4220.0,2025-08-11 14:05:43.247764
2025-08-11,32856,2025081104014620,AKJCL,Online Securities Pvt. Ltd.,Imperial Securities Company Pvt. Ltd.,319,211.0,67309.0,2025-08-11 14:05:43.247932
2025-08-11,32756,2025081104014632,AKJCL,Online Securities Pvt. Ltd.,Oxford Securities Pvt. Ltd.,535,211.0,112885.0,2025-08-11 14:06:00.196806
2025-08-11,32630,2025081104014653,AKJCL,Global IME Securities Limited,Oxford Securities Pvt. Ltd.,20,211.0,4220.0,2025-08-11 14:06:21.383138
2025-08-11,32440,2025081104014708,AKJCL,Kohinoor Investment & Securities Pvt. Ltd.,Nepal Investment And Securities Trading Private Limited,23,210.9,4850.7,2025-08-11 14:06:57.623091
2025-08-11,31638,2025081104014920,AKJCL,Naasa Securities Co. Ltd.,Vision Securities Pvt. Ltd,75,210.7,15802.5,2025-08-11 14:09:10.264547
2025-08-11,31637,2025081104014921,AKJCL,Cristal Kanchanjanga Securites Pvt. Ltd.,Vision Securities Pvt. Ltd,56,210.6,11793.6,2025-08-11 14:09:10.265267
2025-08-11,31636,2025081104014922,AKJCL,Imperial Securities Company Pvt. Ltd.,Vision Securities Pvt. Ltd,200,210.5,42100.0,2025-08-11 14:09:10.265749
2025-08-11,31635,2025081104014923,AKJCL,Dipshikha Dhitopatra Karobar Co. Pvt Ltd.,Vision Securities Pvt. Ltd,450,210.5,94725.0,2025-08-11 14:09:10.266197
2025-08-11,31634,2025081104014924,AKJCL,SUN SECURITIES PVT LTD,Vision Securities Pvt. Ltd,200,210.5,42100.0,2025-08-11 14:09:10.266651
2025-08-11,31633,2025081104014925,AKJCL,Agrawal Securities (PVT) Ltd.,Vision Securities Pvt. Ltd,200,210.3,42060.0,2025-08-11 14:09:10.267007
2025-08-11,31632,2025081104014926,AKJCL,Dynamic Money Managers Securities Pvt. Ltd.,Vision Securities Pvt. Ltd,1183,210.2,248666.6,2025-08-11 14:09:10.267152
2025-08-11,31631,2025081104014927,AKJCL,Thrive Brokerage House Pvt. Ltd,Vision Securities Pvt. Ltd,100,210.1,21010.0,2025-08-11 14:09:10.267304
2025-08-11,31630,2025081104014928,AKJCL,Midas Stock Broking Company Private Limited,Vision Securities Pvt. Ltd,176,210.1,36977.6,2025-08-11 14:09:10.267449
2025-08-11,31629,2025081104014929,AKJCL,South Asian Bulls Pvt. Ltd.,Vision Securities Pvt. Ltd,100,210.1,21010.0,2025-08-11 14:09:10.267598
2025-08-11,31628,2025081104014930,AKJCL,Naasa Securities Co. Ltd.,Vision Securities Pvt. Ltd,450,210.1,94545.0,2025-08-11 14:09:10.267733
2025-08-11,31627,2025081104014931,AKJCL,Linch Stock Market Ltd.,Vision Securities Pvt. Ltd,500,210.1,105050.0,2025-08-11 14:09:10.267869
2025-08-11,31626,2025081104014932,AKJCL,Dakshinkali Investment & Securities Pvt. Ltd.,Vision Securities Pvt. Ltd,200,210.0,42000.0,2025-08-11 14:09:10.268012
2025-08-11,31625,2025081104014933,AKJCL,Aryatara Investment & Securities,Vision Securities Pvt. Ltd,200,210.0,42000.0,2025-08-11 14:09:10.268201
2025-08-11,31624,2025081104014934,AKJCL,Linch Stock Market Ltd.,Vision Securities Pvt. Ltd,510,210.0,107100.0,2025-08-11 14:09:10.268343
2025-08-11,31623,2025081104014935,AKJCL,Online Securities Pvt. Ltd.,Vision Securities Pvt. Ltd,80,210.0,16800.0,2025-08-11 14:09:10.268497
2025-08-11,31622,2025081104014936,AKJCL,Asian Securities Private Ltd.,Vision Securities Pvt. Ltd,20,210.0,4200.0,2025-08-11 14:09:10.268631
2025-08-11,31621,2025081104014937,AKJCL,South Asian Bulls Pvt. Ltd.,Vision Securities Pvt. Ltd,200,210.0,42000.0,2025-08-11 14:09:10.268764
2025-08-11,31620,2025081104014938,AKJCL,J.F. Securites (PVT) Ltd.,Vision Securities Pvt. Ltd,100,210.0,21000.0,2025-08-11 14:09:10.268923
2025-08-11,30623,2025081104015142,AKJCL,South Asian Bulls Pvt. Ltd.,Kumari Securities Private Limited,100,210.1,21010.0,2025-08-11 14:11:48.260089
2025-08-11,30622,2025081104015143,AKJCL,Aryatara Investment & Securities,Kumari Securities Private Limited,400,210.0,84000.0,2025-08-11 14:11:48.260489
2025-08-11,30339,2025081104015214,AKJCL,Aryatara Investment & Securities,Global IME Securities Limited,2100,210.0,441000.0,2025-08-11 14:12:33.493849
2025-08-11,30338,2025081104015215,AKJCL,Malla & Malla Stock Broking Company Pvt. Limited,Global IME Securities Limited,10,210.0,2100.0,2025-08-11 14:12:33.494184
2025-08-11,30337,2025081104015216,AKJCL,Sri Hari Securities Pvt. Ltd.,Global IME Securities Limited,20,210.0,4200.0,2025-08-11 14:12:33.494339
2025-08-11,30336,2025081104015217,AKJCL,SUN SECURITIES PVT LTD,Global IME Securities Limited,250,210.0,52500.0,2025-08-11 14:12:33.494476
2025-08-11,30335,2025081104015218,AKJCL,Sani Securities Company Ltd.,Global IME Securities Limited,500,210.0,105000.0,2025-08-11 14:12:33.494615
2025-08-11,30334,2025081104015219,AKJCL,Sundhara Securities Limited,Global IME Securities Limited,100,210.0,21000.0,2025-08-11 14:12:33.494752
2025-08-11,30333,2025081104015220,AKJCL,Bhrikuti Stock Broking Co. Pvt. Ltd.,Global IME Securities Limited,1500,210.0,315000.0,2025-08-11 14:12:33.494886
2025-08-11,30332,2025081104015221,AKJCL,Naasa Securities Co. Ltd.,Global IME Securities Limited,45,210.0,9450.0,2025-08-11 14:12:33.495019
2025-08-11,30331,2025081104015222,AKJCL,Sundhara Securities Limited,Global IME Securities Limited,35,210.0,7350.0,2025-08-11 14:12:33.495149
2025-08-11,30330,2025081104015223,AKJCL,Nagarik Stock Dealer ,Global IME Securities Limited,100,210.0,21000.0,2025-08-11 14:12:33.495285
2025-08-11,30329,2025081104015224,AKJCL,Ashutosh Brokerage & Securities (PVT) Ltd.,Global IME Securities Limited,45,210.0,9450.0,2025-08-11 14:12:33.495417
2025-08-11,30328,2025081104015225,AKJCL,Ashutosh Brokerage & Securities (PVT) Ltd.,Global IME Securities Limited,200,210.0,42000.0,2025-08-11 14:12:33.495554
2025-08-11,30327,2025081104015226,AKJCL,Oxford Securities Pvt. Ltd.,Global IME Securities Limited,1000,210.0,210000.0,2025-08-11 14:12:33.495680
2025-08-11,30326,2025081104015227,AKJCL,Midas Stock Broking Company Private Limited,Global IME Securities Limited,200,210.0,42000.0,2025-08-11 14:12:33.495812
2025-08-11,30325,2025081104015228,AKJCL,Dipshikha Dhitopatra Karobar Co. Pvt Ltd.,Global IME Securities Limited,500,210.0,105000.0,2025-08-11 14:12:33.495938
2025-08-11,30324,2025081104015229,AKJCL,ABC Securities Private Limited,Global IME Securities Limited,50,210.0,10500.0,2025-08-11 14:12:33.496070
2025-08-11,30323,2025081104015230,AKJCL,Naasa Securities Co. Ltd.,Global IME Securities Limited,200,210.0,42000.0,2025-08-11 14:12:33.496207
2025-08-11,30322,2025081104015231,AKJCL,Nepal Investment And Securities Trading Private Limited,Global IME Securities Limited,500,210.0,105000.0,2025-08-11 14:12:33.496350
2025-08-11,30321,2025081104015232,AKJCL,Sewa Securities Pvt. Ltd.,Global IME Securities Limited,200,210.0,42000.0,2025-08-11 14:12:33.496479
2025-08-11,30320,2025081104015233,AKJCL,Agrawal Securities (PVT) Ltd.,Global IME Securities Limited,150,210.0,31500.0,2025-08-11 14:12:33.496610
2025-08-11,30319,2025081104015234,AKJCL,Aryatara Investment & Securities,Global IME Securities Limited,30,210.0,6300.0,2025-08-11 14:12:33.496738
2025-08-11,30318,2025081104015235,AKJCL,Online Securities Pvt. Ltd.,Global IME Securities Limited,38,210.0,7980.0,2025-08-11 14:12:33.496866
2025-08-11,30061,2025081104015297,AKJCL,Cristal Kanchanjanga Securites Pvt. Ltd.,Nepal Investment And Securities Trading Private Limited,12,210.9,2530.8,2025-08-11 14:13:41.305721
2025-08-11,29886,2025081104015339,AKJCL,Cristal Kanchanjanga Securites Pvt. Ltd.,Oxford Securities Pvt. Ltd.,10,211.0,2110.0,2025-08-11 14:14:04.413757
2025-08-11,29747,2025081104015385,AKJCL,Creative Securities Pvt Ltd,Dynamic Money Managers Securities Pvt. Ltd.,200,209.6,41920.0,2025-08-11 14:14:26.506194
2025-08-11,29746,2025081104015386,AKJCL,Sani Securities Company Ltd.,Dynamic Money Managers Securities Pvt. Ltd.,500,209.5,104750.0,2025-08-11 14:14:26.506797
2025-08-11,29745,2025081104015387,AKJCL,Agrawal Securities (PVT) Ltd.,Dynamic Money Managers Securities Pvt. Ltd.,100,209.5,20950.0,2025-08-11 14:14:26.507183
2025-08-11,29744,2025081104015388,AKJCL,Sani Securities Company Ltd.,Dynamic Money Managers Securities Pvt. Ltd.,400,209.5,83800.0,2025-08-11 14:14:26.507579
2025-08-11,29743,2025081104015389,AKJCL,South Asian Bulls Pvt. Ltd.,Dynamic Money Managers Securities Pvt. Ltd.,150,209.1,31365.0,2025-08-11 14:14:26.507964
2025-08-11,29742,2025081104015390,AKJCL,Secured Securities Ltd.,Dynamic Money Managers Securities Pvt. Ltd.,650,209.1,135915.0,2025-08-11 14:14:26.508363
2025-08-11,28869,2025081104015605,AKJCL,Secured Securities Ltd.,Investment Management Nepal Pvt. Ltd.,100,210.0,21000.0,2025-08-11 14:16:39.060516
2025-08-11,28868,2025081104015606,AKJCL,Secured Securities Ltd.,Oxford Securities Pvt. Ltd.,25,210.0,5250.0,2025-08-11 14:16:39.060855
2025-08-11,28304,2025081104015736,AKJCL,Secured Securities Ltd.,Premier Securities Company Ltd.,3000,210.0,630000.0,2025-08-11 14:18:01.630561
2025-08-11,28011,2025081104015830,AKJCL,Cristal Kanchanjanga Securites Pvt. Ltd.,Global IME Securities Limited,10,210.9,2109.0,2025-08-11 14:18:52.000977
2025-08-11,24877,2025081104016467,AKJCL,J.F. Securites (PVT) Ltd.,Secured Securities Ltd.,50,210.2,10510.0,2025-08-11 14:27:24.702165
2025-08-11,24876,2025081104016468,AKJCL,Secured Securities Ltd.,Secured Securities Ltd.,275,210.1,57777.5,2025-08-11 14:27:24.702513
2025-08-11,24556,2025081104016535,AKJCL,Sundhara Securities Limited,Secured Securities Ltd.,100,210.0,21000.0,2025-08-11 14:28:15.081082
2025-08-11,24555,2025081104016536,AKJCL,Creative Securities Pvt Ltd,Secured Securities Ltd.,50,210.0,10500.0,2025-08-11 14:28:15.081475
2025-08-11,24554,2025081104016537,AKJCL,Naasa Securities Co. Ltd.,Secured Securities Ltd.,25,210.0,5250.0,2025-08-11 14:28:15.081620
2025-08-11,23818,2025081104016698,AKJCL,Naasa Securities Co. Ltd.,Naasa Securities Co. Ltd.,20,210.0,4200.0,2025-08-11 14:30:05.897959
2025-08-11,23817,2025081104016699,AKJCL,ABC Securities Private Limited,Naasa Securities Co. Ltd.,50,210.0,10500.0,2025-08-11 14:30:05.898644
2025-08-11,23422,2025081104016841,AKJCL,Kohinoor Investment & Securities Pvt. Ltd.,Naasa Securities Co. Ltd.,205,210.0,43050.0,2025-08-11 14:31:04.169080
2025-08-11,23421,2025081104016842,AKJCL,Kohinoor Investment & Securities Pvt. Ltd.,Siprabi Securities Pvt. Ltd.,295,210.0,61950.0,2025-08-11 14:31:04.169409
2025-08-11,23180,2025081104016910,AKJCL,Asian Securities Private Ltd.,Kalika Securities Pvt. Ltd.,100,209.6,20960.0,2025-08-11 14:31:32.099520
2025-08-11,23179,2025081104016911,AKJCL,Aryatara Investment & Securities,Kalika Securities Pvt. Ltd.,25,209.5,5237.5,2025-08-11 14:31:32.100256
2025-08-11,23178,2025081104016912,AKJCL,J.F. Securites (PVT) Ltd.,Kalika Securities Pvt. Ltd.,50,209.5,10475.0,2025-08-11 14:31:32.100727
2025-08-11,23177,2025081104016913,AKJCL,Premier Securities Company Ltd.,Kalika Securities Pvt. Ltd.,199,209.4,41670.6,2025-08-11 14:31:32.101160
2025-08-11,23176,2025081104016914,AKJCL,NIMB Stock Markets Limited,Kalika Securities Pvt. Ltd.,10,209.2,2092.0,2025-08-11 14:31:32.101598
2025-08-11,23175,2025081104016915,AKJCL,Dynamic Money Managers Securities Pvt. Ltd.,Kalika Securities Pvt. Ltd.,116,209.2,24267.2,2025-08-11 14:31:32.102026
2025-08-11,22082,2025081104017202,AKJCL,Online Securities Pvt. Ltd.,Dynamic Money Managers Securities Pvt. Ltd.,100,209.9,20990.0,2025-08-11 14:33:54.095300
2025-08-11,21308,2025081104017454,AKJCL,Midas Stock Broking Company Private Limited,Dynamic Money Managers Securities Pvt. Ltd.,200,209.9,41980.0,2025-08-11 14:35:43.738895
2025-08-11,20815,2025081104017571,AKJCL,Online Securities Pvt. Ltd.,Global IME Securities Limited,13,209.4,2722.2,2025-08-11 14:36:53.509209
2025-08-11,20814,2025081104017572,AKJCL,Sani Securities Company Ltd.,Global IME Securities Limited,35,209.3,7325.5,2025-08-11 14:36:53.509553
2025-08-11,20813,2025081104017573,AKJCL,Neev Securities Pvt. Ltd.,Global IME Securities Limited,1430,209.3,299299.0,2025-08-11 14:36:53.509700
2025-08-11,20812,2025081104017574,AKJCL,Dynamic Money Managers Securities Pvt. Ltd.,Global IME Securities Limited,384,209.2,80332.8,2025-08-11 14:36:53.509875
2025-08-11,20811,2025081104017575,AKJCL,Imperial Securities Company Pvt. Ltd.,Global IME Securities Limited,75,209.2,15690.0,2025-08-11 14:36:53.510045
2025-08-11,20810,2025081104017576,AKJCL,Imperial Securities Company Pvt. Ltd.,Global IME Securities Limited,300,209.2,62760.0,2025-08-11 14:36:53.510222
2025-08-11,20809,2025081104017577,AKJCL,Secured Securities Ltd.,Global IME Securities Limited,170,209.1,35547.0,2025-08-11 14:36:53.510397
2025-08-11,20538,2025081104017625,AKJCL,Secured Securities Ltd.,Asian Securities Private Ltd.,180,209.1,37638.0,2025-08-11 14:37:29.180275
2025-08-11,20537,2025081104017626,AKJCL,Agrawal Securities (PVT) Ltd.,Asian Securities Private Ltd.,100,209.1,20910.0,2025-08-11 14:37:29.180647
2025-08-11,20536,2025081104017627,AKJCL,Aryatara Investment & Securities,Asian Securities Private Ltd.,1325,209.1,277057.5,2025-08-11 14:37:29.180884
2025-08-11,20467,2025081104017643,AKJCL,Secured Securities Ltd.,Naasa Securities Co. Ltd.,20,209.5,4190.0,2025-08-11 14:37:38.093484
2025-08-11,18952,2025081104018106,AKJCL,Secured Securities Ltd.,Kumari Securities Private Limited,80,209.5,16760.0,2025-08-11 14:40:17.331887
2025-08-11,18951,2025081104018107,AKJCL,Nepal Stock House (PVT) Ltd.,Kumari Securities Private Limited,20,209.5,4190.0,2025-08-11 14:40:17.332219
2025-08-11,18000,2025081104018341,AKJCL,Nepal Stock House (PVT) Ltd.,Malla & Malla Stock Broking Company Pvt. Limited,20,209.5,4190.0,2025-08-11 14:41:51.679014
2025-08-11,17543,2025081104018500,AKJCL,Nepal Stock House (PVT) Ltd.,Deevyaa Securities & Stock House Pvt. Ltd,260,209.5,54470.0,2025-08-11 14:42:24.879213
2025-08-11,17542,2025081104018501,AKJCL,Aryatara Investment & Securities,Deevyaa Securities & Stock House Pvt. Ltd,40,209.5,8380.0,2025-08-11 14:42:24.879588
2025-08-11,16355,2025081104018822,AKJCL,Investment Management Nepal Pvt. Ltd.,Aryatara Investment & Securities,100,209.6,20960.0,2025-08-11 14:44:12.154793
2025-08-11,16105,2025081104018864,AKJCL,Aryatara Investment & Securities,Naasa Securities Co. Ltd.,635,209.5,133032.5,2025-08-11 14:44:31.034326
2025-08-11,16104,2025081104018865,AKJCL,Imperial Securities Company Pvt. Ltd.,Naasa Securities Co. Ltd.,300,209.5,62850.0,2025-08-11 14:44:31.034708
2025-08-11,15085,2025081104019105,AKJCL,Online Securities Pvt. Ltd.,Nepal Stock House (PVT) Ltd.,26,209.2,5439.2,2025-08-11 14:45:42.407970
2025-08-11,15084,2025081104019106,AKJCL,Global IME Securities Limited,Nepal Stock House (PVT) Ltd.,974,209.2,203760.8,2025-08-11 14:45:42.408335
2025-08-11,15026,2025081104019130,AKJCL,Global IME Securities Limited,Vision Securities Pvt. Ltd,20,209.2,4184.0,2025-08-11 14:45:47.817858
2025-08-11,14818,2025081104019164,AKJCL,Dipshikha Dhitopatra Karobar Co. Pvt Ltd.,Naasa Securities Co. Ltd.,70,209.1,14637.0,2025-08-11 14:46:07.652644
2025-08-11,14691,2025081104019223,AKJCL,Dipshikha Dhitopatra Karobar Co. Pvt Ltd.,Trishakti Securities Public Limited,400,209.1,83640.0,2025-08-11 14:46:16.018922
2025-08-11,14470,2025081104019258,AKJCL,Dipshikha Dhitopatra Karobar Co. Pvt Ltd.,Elite Stock House Limited,415,209.1,86776.5,2025-08-11 14:46:29.296137
2025-08-11,14469,2025081104019259,AKJCL,NIMB Stock Markets Limited,Elite Stock House Limited,10,209.1,2091.0,2025-08-11 14:46:29.296494
2025-08-11,14468,2025081104019260,AKJCL,Imperial Securities Company Pvt. Ltd.,Elite Stock House Limited,500,209.1,104550.0,2025-08-11 14:46:29.296635
2025-08-11,14467,2025081104019261,AKJCL,Naasa Securities Co. Ltd.,Elite Stock House Limited,75,209.1,15682.5,2025-08-11 14:46:29.296772
2025-08-11,14315,2025081104019310,AKJCL,Naasa Securities Co. Ltd.,Elite Stock House Limited,25,209.1,5227.5,2025-08-11 14:46:39.349605
2025-08-11,14314,2025081104019311,AKJCL,Sani Securities Company Ltd.,Elite Stock House Limited,950,209.1,198645.0,2025-08-11 14:46:39.350004
2025-08-11,14313,2025081104019312,AKJCL,Aryatara Investment & Securities,Elite Stock House Limited,25,209.1,5227.5,2025-08-11 14:46:39.350153
2025-08-11,13978,2025081104019452,AKJCL,Aryatara Investment & Securities,Elite Stock House Limited,75,209.1,15682.5,2025-08-11 14:47:03.447298
2025-08-11,13977,2025081104019453,AKJCL,Sundhara Securities Limited,Elite Stock House Limited,50,209.1,10455.0,2025-08-11 14:47:03.447960
2025-08-11,13976,2025081104019454,AKJCL,Siprabi Securities Pvt. Ltd.,Elite Stock House Limited,100,209.0,20900.0,2025-08-11 14:47:03.448415
2025-08-11,13975,2025081104019455,AKJCL,ABC Securities Private Limited,Elite Stock House Limited,40,209.0,8360.0,2025-08-11 14:47:03.448864
2025-08-11,13974,2025081104019456,AKJCL,Naasa Securities Co. Ltd.,Elite Stock House Limited,250,209.0,52250.0,2025-08-11 14:47:03.449258
2025-08-11,13973,2025081104019457,AKJCL,Dipshikha Dhitopatra Karobar Co. Pvt Ltd.,Elite Stock House Limited,80,209.0,16720.0,2025-08-11 14:47:03.449689
2025-08-11,13972,2025081104019458,AKJCL,Premier Securities Company Ltd.,Elite Stock House Limited,500,209.0,104500.0,2025-08-11 14:47:03.450095
2025-08-11,13971,2025081104019459,AKJCL,Linch Stock Market Ltd.,Elite Stock House Limited,300,209.0,62700.0,2025-08-11 14:47:03.450511
2025-08-11,13970,2025081104019460,AKJCL,Vision Securities Pvt. Ltd,Elite Stock House Limited,200,209.0,41800.0,2025-08-11 14:47:03.450936
2025-08-11,13969,2025081104019461,AKJCL,Vision Securities Pvt. Ltd,Elite Stock House Limited,15,209.0,3135.0,2025-08-11 14:47:03.451342
2025-08-11,13814,2025081104019474,AKJCL,Vision Securities Pvt. Ltd,South Asian Bulls Pvt. Ltd.,185,209.0,38665.0,2025-08-11 14:47:10.034254
2025-08-11,13813,2025081104019475,AKJCL,Sani Securities Company Ltd.,South Asian Bulls Pvt. Ltd.,500,209.0,104500.0,2025-08-11 14:47:10.034516
2025-08-11,13812,2025081104019476,AKJCL,Creative Securities Pvt Ltd,South Asian Bulls Pvt. Ltd.,815,209.0,170335.0,2025-08-11 14:47:10.034649
2025-08-11,13074,2025081104019724,AKJCL,Creative Securities Pvt Ltd,Kumari Securities Private Limited,50,209.1,10455.0,2025-08-11 14:48:05.598923
2025-08-11,12942,2025081104019760,AKJCL,Creative Securities Pvt Ltd,Dipshikha Dhitopatra Karobar Co. Pvt Ltd.,185,209.0,38665.0,2025-08-11 14:48:15.735168
2025-08-11,12941,2025081104019761,AKJCL,Nepal Stock House (PVT) Ltd.,Dipshikha Dhitopatra Karobar Co. Pvt Ltd.,215,209.0,44935.0,2025-08-11 14:48:15.735511
2025-08-11,12679,2025081104019852,AKJCL,Kumari Securities Private Limited,Siprabi Securities Pvt. Ltd.,100,209.5,20950.0,2025-08-11 14:48:33.453577
2025-08-11,12470,2025081104019915,AKJCL,Dipshikha Dhitopatra Karobar Co. Pvt Ltd.,Dakshinkali Investment & Securities Pvt. Ltd.,100,209.1,20910.0,2025-08-11 14:48:51.062014
2025-08-11,12469,2025081104019916,AKJCL,Nepal Investment And Securities Trading Private Limited,Dakshinkali Investment & Securities Pvt. Ltd.,11,209.1,2300.1,2025-08-11 14:48:51.062058
2025-08-11,12468,2025081104019917,AKJCL,Nepal Stock House (PVT) Ltd.,Dakshinkali Investment & Securities Pvt. Ltd.,185,209.0,38665.0,2025-08-11 14:48:51.062109
2025-08-11,12467,2025081104019918,AKJCL,Naasa Securities Co. Ltd.,Dakshinkali Investment & Securities Pvt. Ltd.,500,209.0,104500.0,2025-08-11 14:48:51.062135
2025-08-11,12466,2025081104019919,AKJCL,Dipshikha Dhitopatra Karobar Co. Pvt Ltd.,Dakshinkali Investment & Securities Pvt. Ltd.,100,209.0,20900.0,2025-08-11 14:48:51.062160
2025-08-11,12465,2025081104019920,AKJCL,Kohinoor Investment & Securities Pvt. Ltd.,Dakshinkali Investment & Securities Pvt. Ltd.,500,209.0,104500.0,2025-08-11 14:48:51.062182
2025-08-11,12464,2025081104019921,AKJCL,Imperial Securities Company Pvt. Ltd.,Dakshinkali Investment & Securities Pvt. Ltd.,200,209.0,41800.0,2025-08-11 14:48:51.062203
2025-08-11,12463,2025081104019922,AKJCL,Vision Securities Pvt. Ltd,Dakshinkali Investment & Securities Pvt. Ltd.,20,209.0,4180.0,2025-08-11 14:48:51.062223
2025-08-11,12462,2025081104019923,AKJCL,Siprabi Securities Pvt. Ltd.,Dakshinkali Investment & Securities Pvt. Ltd.,50,209.0,10450.0,2025-08-11 14:48:51.062246
2025-08-11,12461,2025081104019924,AKJCL,Dakshinkali Investment & Securities Pvt. Ltd.,Dakshinkali Investment & Securities Pvt. Ltd.,100,209.0,20900.0,2025-08-11 14:48:51.062269
2025-08-11,12460,2025081104019925,AKJCL,Global IME Securities Limited,Dakshinkali Investment & Securities Pvt. Ltd.,20,209.0,4180.0,2025-08-11 14:48:51.062291
2025-08-11,12459,2025081104019926,AKJCL,J.F. Securites (PVT) Ltd.,Dakshinkali Investment & Securities Pvt. Ltd.,80,209.0,16720.0,2025-08-11 14:48:51.062371
2025-08-11,12458,2025081104019927,AKJCL,Online Securities Pvt. Ltd.,Dakshinkali Investment & Securities Pvt. Ltd.,134,209.0,28006.0,2025-08-11 14:48:51.062402
2025-08-11,12371,2025081104019981,AKJCL,Naasa Securities Co. Ltd.,Naasa Securities Co. Ltd.,150,209.1,31365.0,2025-08-11 14:48:56.834616
2025-08-11,12370,2025081104019982,AKJCL,Naasa Securities Co. Ltd.,Siprabi Securities Pvt. Ltd.,231,209.5,48394.5,2025-08-11 14:48:56.835197
2025-08-11,11637,2025081104020166,AKJCL,Neev Securities Pvt. Ltd.,Naasa Securities Co. Ltd.,40,209.4,8376.0,2025-08-11 14:49:49.238763
2025-08-11,11510,2025081104020197,AKJCL,Online Securities Pvt. Ltd.,Deevyaa Securities & Stock House Pvt. Ltd,480,209.0,100320.0,2025-08-11 14:49:56.916574
2025-08-11,11396,2025081104020243,AKJCL,Online Securities Pvt. Ltd.,Nagarik Stock Dealer ,400,209.0,83600.0,2025-08-11 14:50:06.566520
2025-08-11,11096,2025081104020319,AKJCL,Online Securities Pvt. Ltd.,Thrive Brokerage House Pvt. Ltd,986,209.0,206074.0,2025-08-11 14:50:31.388448
2025-08-11,11095,2025081104020320,AKJCL,Midas Stock Broking Company Private Limited,Thrive Brokerage House Pvt. Ltd,200,209.0,41800.0,2025-08-11 14:50:31.389025
2025-08-11,11094,2025081104020321,AKJCL,Aryatara Investment & Securities,Thrive Brokerage House Pvt. Ltd,50,209.0,10450.0,2025-08-11 14:50:31.389425
2025-08-11,11093,2025081104020322,AKJCL,Sweta Securities Private Limited,Thrive Brokerage House Pvt. Ltd,100,209.0,20900.0,2025-08-11 14:50:31.389790
2025-08-11,11092,2025081104020323,AKJCL,Kohinoor Investment & Securities Pvt. Ltd.,Thrive Brokerage House Pvt. Ltd,110,209.0,22990.0,2025-08-11 14:50:31.390172
2025-08-11,11091,2025081104020324,AKJCL,Imperial Securities Company Pvt. Ltd.,Thrive Brokerage House Pvt. Ltd,28,209.0,5852.0,2025-08-11 14:50:31.390561
2025-08-11,11090,2025081104020325,AKJCL,Vision Securities Pvt. Ltd,Thrive Brokerage House Pvt. Ltd,226,209.0,47234.0,2025-08-11 14:50:31.390917
2025-08-11,10615,2025081104020468,AKJCL,Vision Securities Pvt. Ltd,Naasa Securities Co. Ltd.,274,209.0,57266.0,2025-08-11 14:51:12.050121
2025-08-11,10614,2025081104020469,AKJCL,Malla & Malla Stock Broking Company Pvt. Limited,Naasa Securities Co. Ltd.,50,209.0,10450.0,2025-08-11 14:51:12.050457
2025-08-11,10613,2025081104020470,AKJCL,Naasa Securities Co. Ltd.,Naasa Securities Co. Ltd.,103,209.0,21527.0,2025-08-11 14:51:12.050598
2025-08-11,10612,2025081104020471,AKJCL,Aryatara Investment & Securities,Naasa Securities Co. Ltd.,300,209.0,62700.0,2025-08-11 14:51:12.050733
2025-08-11,10611,2025081104020472,AKJCL,Opal Securities Investment (PVT) Ltd.,Naasa Securities Co. Ltd.,588,209.0,122892.0,2025-08-11 14:51:12.050876
2025-08-11,9470,2025081104020802,AKJCL,Opal Securities Investment (PVT) Ltd.,Premier Securities Company Ltd.,175,209.0,36575.0,2025-08-11 14:52:34.663002
2025-08-11,9453,2025081104020807,AKJCL,Opal Securities Investment (PVT) Ltd.,Citizens Share Broker Limited,100,209.0,20900.0,2025-08-11 14:52:36.045780
2025-08-11,9222,2025081104020872,AKJCL,Opal Securities Investment (PVT) Ltd.,Kumari Securities Private Limited,137,209.0,28633.0,2025-08-11 14:52:54.221832
2025-08-11,9221,2025081104020873,AKJCL,Sundhara Securities Limited,Kumari Securities Private Limited,25,209.0,5225.0,2025-08-11 14:52:54.222118
2025-08-11,9220,2025081104020874,AKJCL,Primo Securities (PVT) Ltd.,Kumari Securities Private Limited,138,209.0,28842.0,2025-08-11 14:52:54.222249
2025-08-11,8673,2025081104021056,AKJCL,Cristal Kanchanjanga Securites Pvt. Ltd.,Naasa Securities Co. Ltd.,10,209.4,2094.0,2025-08-11 14:53:29.126040
2025-08-11,8179,2025081104021213,AKJCL,Primo Securities (PVT) Ltd.,Trisul Securities & Invt. Ltd.,127,209.0,26543.0,2025-08-11 14:54:03.964214
2025-08-11,8178,2025081104021214,AKJCL,J.F. Securites (PVT) Ltd.,Trisul Securities & Invt. Ltd.,123,209.0,25707.0,2025-08-11 14:54:03.964860
2025-08-11,7200,2025081104021492,AKJCL,Cristal Kanchanjanga Securites Pvt. Ltd.,Naasa Securities Co. Ltd.,10,209.4,2094.0,2025-08-11 14:55:09.899822
2025-08-11,6370,2025081104021731,AKJCL,R.B.B. Securities Company Ltd,Cristal Kanchanjanga Securites Pvt. Ltd.,1000,209.1,209100.0,2025-08-11 14:55:59.237241
2025-08-11,5698,2025081104021901,AKJCL,NIMB Stock Markets Limited,Hatemalo Financial Services Private Limited,20,209.2,4184.0,2025-08-11 14:56:35.404763
2025-08-11,5697,2025081104021902,AKJCL,J.F. Securites (PVT) Ltd.,Hatemalo Financial Services Private Limited,377,209.0,78793.0,2025-08-11 14:56:35.405084
2025-08-11,5696,2025081104021903,AKJCL,Imperial Securities Company Pvt. Ltd.,Hatemalo Financial Services Private Limited,200,209.0,41800.0,2025-08-11 14:56:35.405223
2025-08-11,5695,2025081104021904,AKJCL,Sweta Securities Private Limited,Hatemalo Financial Services Private Limited,403,209.0,84227.0,2025-08-11 14:56:35.405383
2025-08-11,5533,2025081104021967,AKJCL,Sweta Securities Private Limited,Vision Securities Pvt. Ltd,250,209.0,52250.0,2025-08-11 14:56:45.639720
2025-08-11,4923,2025081104022111,AKJCL,Sweta Securities Private Limited,Naasa Securities Co. Ltd.,47,209.0,9823.0,2025-08-11 14:57:06.327039
2025-08-11,4922,2025081104022112,AKJCL,J.F. Securites (PVT) Ltd.,Naasa Securities Co. Ltd.,139,209.0,29051.0,2025-08-11 14:57:06.327375
2025-08-11,4797,2025081104022152,AKJCL,J.F. Securites (PVT) Ltd.,Vision Securities Pvt. Ltd,161,209.0,33649.0,2025-08-11 14:57:13.482867
2025-08-11,4796,2025081104022153,AKJCL,Bhrikuti Stock Broking Co. Pvt. Ltd.,Vision Securities Pvt. Ltd,111,209.0,23199.0,2025-08-11 14:57:13.483221
2025-08-11,4795,2025081104022154,AKJCL,Trishakti Securities Public Limited,Vision Securities Pvt. Ltd,500,209.0,104500.0,2025-08-11 14:57:13.483372
2025-08-11,4794,2025081104022155,AKJCL,Secured Securities Ltd.,Vision Securities Pvt. Ltd,454,209.0,94886.0,2025-08-11 14:57:13.483524
2025-08-11,4793,2025081104022156,AKJCL,Nepal Stock House (PVT) Ltd.,Vision Securities Pvt. Ltd,100,209.0,20900.0,2025-08-11 14:57:13.483656
2025-08-11,4792,2025081104022157,AKJCL,Kohinoor Investment & Securities Pvt. Ltd.,Vision Securities Pvt. Ltd,290,209.0,60610.0,2025-08-11 14:57:13.483785
2025-08-11,4791,2025081104022158,AKJCL,Nagarik Stock Dealer ,Vision Securities Pvt. Ltd,384,209.0,80256.0,2025-08-11 14:57:13.483931
2025-08-11,4567,2025081104022243,AKJCL,ABC Securities Private Limited,Sani Securities Company Ltd.,200,209.1,41820.0,2025-08-11 14:57:24.817573
2025-08-11,4519,2025081104022258,AKJCL,ABC Securities Private Limited,SUN SECURITIES PVT LTD,300,209.1,62730.0,2025-08-11 14:57:27.585142
2025-08-11,4518,2025081104022259,AKJCL,Nagarik Stock Dealer ,SUN SECURITIES PVT LTD,116,209.0,24244.0,2025-08-11 14:57:27.585466
2025-08-11,4517,2025081104022260,AKJCL,Kohinoor Investment & Securities Pvt. Ltd.,SUN SECURITIES PVT LTD,1584,209.0,331056.0,2025-08-11 14:57:27.585597
2025-08-11,4246,2025081104022312,AKJCL,Kohinoor Investment & Securities Pvt. Ltd.,Deevyaa Securities & Stock House Pvt. Ltd,500,209.0,104500.0,2025-08-11 14:57:41.819126
2025-08-11,4141,2025081104022339,AKJCL,Kohinoor Investment & Securities Pvt. Ltd.,Naasa Securities Co. Ltd.,1916,209.0,400444.0,2025-08-11 14:57:46.185643
2025-08-11,4140,2025081104022340,AKJCL,Kalika Securities Pvt. Ltd.,Naasa Securities Co. Ltd.,25,209.0,5225.0,2025-08-11 14:57:46.185963
2025-08-11,4139,2025081104022341,AKJCL,Dakshinkali Investment & Securities Pvt. Ltd.,Naasa Securities Co. Ltd.,200,209.0,41800.0,2025-08-11 14:57:46.186104
2025-08-11,4138,2025081104022342,AKJCL,Naasa Securities Co. Ltd.,Naasa Securities Co. Ltd.,200,209.0,41800.0,2025-08-11 14:57:46.186236
2025-08-11,2737,2025081104022761,AKJCL,South Asian Bulls Pvt. Ltd.,Naasa Securities Co. Ltd.,500,209.0,104500.0,2025-08-11 14:58:43.136483
2025-08-11,2736,2025081104022762,AKJCL,South Asian Bulls Pvt. Ltd.,Dynamic Money Managers Securities Pvt. Ltd.,200,209.0,41800.0,2025-08-11 14:58:43.137037
2025-08-11,2735,2025081104022763,AKJCL,South Asian Bulls Pvt. Ltd.,Dipshikha Dhitopatra Karobar Co. Pvt Ltd.,300,209.0,62700.0,2025-08-11 14:58:43.137189
2025-08-11,1919,2025081104022984,AKJCL,Bhrikuti Stock Broking Co. Pvt. Ltd.,Dipshikha Dhitopatra Karobar Co. Pvt Ltd.,42,209.0,8778.0,2025-08-11 14:59:15.757470
2025-08-11,1863,2025081104022997,AKJCL,Dakshinkali Investment & Securities Pvt. Ltd.,Aryatara Investment & Securities,200,209.0,41800.0,2025-08-11 14:59:17.051400
2025-08-11,1792,2025081104023010,AKJCL,Kohinoor Investment & Securities Pvt. Ltd.,Aryatara Investment & Securities,100,209.0,20900.0,2025-08-11 14:59:19.608761
2025-08-11,1770,2025081104023017,AKJCL,Aryatara Investment & Securities,Aryatara Investment & Securities,56,209.0,11704.0,2025-08-11 14:59:20.336999
2025-08-11,1528,2025081104023119,AKJCL,Naasa Securities Co. Ltd.,Vision Securities Pvt. Ltd,20,208.9,4178.0,2025-08-11 14:59:26.566203
2025-08-11,1527,2025081104023120,AKJCL,Neev Securities Pvt. Ltd.,Vision Securities Pvt. Ltd,30,208.9,6267.0,2025-08-11 14:59:26.566519
2025-08-11,1526,2025081104023121,AKJCL,Aryatara Investment & Securities,Vision Securities Pvt. Ltd,10,208.9,2089.0,2025-08-11 14:59:26.566657
2025-08-11,1482,2025081104023145,AKJCL,Aryatara Investment & Securities,Imperial Securities Company Pvt. Ltd.,50,208.9,10445.0,2025-08-11 14:59:27.868697
2025-08-11,974,2025081104023268,AKJCL,Aryatara Investment & Securities,Imperial Securities Company Pvt. Ltd.,40,208.9,8356.0,2025-08-11 14:59:39.117286
2025-08-11,973,2025081104023269,AKJCL,Sunrise Securities Limited,Imperial Securities Company Pvt. Ltd.,40,208.9,8356.0,2025-08-11 14:59:39.117638
2025-08-11,25,2025081104023522,AKJCL,Agrawal Securities (PVT) Ltd.,Bhrikuti Stock Broking Co. Pvt. Ltd.,20,209.0,4180.0,2025-08-11 14:59:59.465019
