Date,S.N.,contract_id,symbol,buyer_broker,seller_broker,volume,price,amount,transaction_time
2025-08-11,96715,2025081104000316,CGH,Nepal Stock House (PVT) Ltd.,Sri Hari Securities Pvt. Ltd.,500,1006.9,503450.0,2025-08-11 11:05:26.967059
2025-08-11,96554,2025081104000354,CGH,Blue Chip Securities Ltd,Sri Hari Securities Pvt. Ltd.,500,1006.9,503450.0,2025-08-11 11:05:51.651836
2025-08-11,96253,2025081104000415,CGH,Naasa Securities Co. Ltd.,Vision Securities Pvt. Ltd,50,1010.0,50500.0,2025-08-11 11:06:34.448736
2025-08-11,95941,2025081104000498,CGH,Naasa Securities Co. Ltd.,Imperial Securities Company Pvt. Ltd.,182,1011.0,184002.0,2025-08-11 11:07:14.660559
2025-08-11,95940,2025081104000499,CGH,Naasa Securities Co. Ltd.,Imperial Securities Company Pvt. Ltd.,150,1010.0,151500.0,2025-08-11 11:07:14.660624
2025-08-11,95575,2025081104000551,CGH,Naasa Securities Co. Ltd.,Imperial Securities Company Pvt. Ltd.,300,1006.9,302070.0,2025-08-11 11:08:05.795407
2025-08-11,95435,2025081104000584,CGH,Aryatara Investment & Securities,Imperial Securities Company Pvt. Ltd.,50,1005.0,50250.0,2025-08-11 11:08:29.063383
2025-08-11,94934,2025081104000715,CGH,Dynamic Money Managers Securities Pvt. Ltd.,Imperial Securities Company Pvt. Ltd.,10,1003.0,10030.0,2025-08-11 11:09:42.229041
2025-08-11,94933,2025081104000716,CGH,Deevyaa Securities & Stock House Pvt. Ltd,Imperial Securities Company Pvt. Ltd.,200,1003.0,200600.0,2025-08-11 11:09:42.229124
2025-08-11,94797,2025081104000750,CGH,Agrawal Securities (PVT) Ltd.,Imperial Securities Company Pvt. Ltd.,200,1005.0,201000.0,2025-08-11 11:09:57.212492
2025-08-11,94745,2025081104000763,CGH,Naasa Securities Co. Ltd.,Dynamic Money Managers Securities Pvt. Ltd.,200,1000.0,200000.0,2025-08-11 11:10:05.177656
2025-08-11,94667,2025081104000777,CGH,Dipshikha Dhitopatra Karobar Co. Pvt Ltd.,Imperial Securities Company Pvt. Ltd.,200,1005.0,201000.0,2025-08-11 11:10:14.874993
2025-08-11,94175,2025081104000856,CGH,Sani Securities Company Ltd.,Imperial Securities Company Pvt. Ltd.,340,1005.0,341700.0,2025-08-11 11:11:19.758376
2025-08-11,91787,2025081104001461,CGH,Dynamic Money Managers Securities Pvt. Ltd.,Dynamic Money Managers Securities Pvt. Ltd.,50,996.0,49800.0,2025-08-11 11:16:43.550703
2025-08-11,91786,2025081104001462,CGH,ABC Securities Private Limited,Dynamic Money Managers Securities Pvt. Ltd.,100,995.2,99520.0,2025-08-11 11:16:43.550822
2025-08-11,91785,2025081104001463,CGH,ABC Securities Private Limited,Dynamic Money Managers Securities Pvt. Ltd.,100,995.1,99510.0,2025-08-11 11:16:43.550863
2025-08-11,91587,2025081104001519,CGH,Aryatara Investment & Securities,Dynamic Money Managers Securities Pvt. Ltd.,100,995.1,99510.0,2025-08-11 11:17:17.204466
2025-08-11,91536,2025081104001532,CGH,Capital Max Securities Ltd,Dynamic Money Managers Securities Pvt. Ltd.,130,995.1,129363.0,2025-08-11 11:17:26.617757
2025-08-11,91399,2025081104001555,CGH,Nepal Stock House (PVT) Ltd.,Dynamic Money Managers Securities Pvt. Ltd.,70,995.1,69657.0,2025-08-11 11:17:41.906320
2025-08-11,90330,2025081104001727,CGH,Capital Max Securities Ltd,Linch Stock Market Ltd.,10,996.0,9960.0,2025-08-11 11:20:08.391517
2025-08-11,90329,2025081104001728,CGH,Nepal Stock House (PVT) Ltd.,Linch Stock Market Ltd.,200,995.2,199040.0,2025-08-11 11:20:08.391711
2025-08-11,90328,2025081104001729,CGH,Online Securities Pvt. Ltd.,Linch Stock Market Ltd.,40,995.0,39800.0,2025-08-11 11:20:08.391830
2025-08-11,90007,2025081104001807,CGH,Dipshikha Dhitopatra Karobar Co. Pvt Ltd.,Naasa Securities Co. Ltd.,100,1004.0,100400.0,2025-08-11 11:20:57.118656
2025-08-11,89738,2025081104001854,CGH,Online Securities Pvt. Ltd.,Dynamic Money Managers Securities Pvt. Ltd.,10,995.0,9950.0,2025-08-11 11:21:33.292164
2025-08-11,89737,2025081104001855,CGH,Online Securities Pvt. Ltd.,Dynamic Money Managers Securities Pvt. Ltd.,100,995.0,99500.0,2025-08-11 11:21:33.292284
2025-08-11,89108,2025081104001992,CGH,Opal Securities Investment (PVT) Ltd.,Dynamic Money Managers Securities Pvt. Ltd.,20,995.0,19900.0,2025-08-11 11:23:21.734734
2025-08-11,88817,2025081104002031,CGH,Aryatara Investment & Securities,Dynamic Money Managers Securities Pvt. Ltd.,300,993.1,297930.0,2025-08-11 11:24:07.445683
2025-08-11,88816,2025081104002032,CGH,Shree Krishna Securities Ltd.,Dynamic Money Managers Securities Pvt. Ltd.,200,993.0,198600.0,2025-08-11 11:24:07.445912
2025-08-11,88815,2025081104002033,CGH,Sundhara Securities Limited,Dynamic Money Managers Securities Pvt. Ltd.,30,993.0,29790.0,2025-08-11 11:24:07.446052
2025-08-11,88814,2025081104002034,CGH,Nepal Stock House (PVT) Ltd.,Dynamic Money Managers Securities Pvt. Ltd.,300,992.0,297600.0,2025-08-11 11:24:07.446188
2025-08-11,88544,2025081104002085,CGH,Kalika Securities Pvt. Ltd.,Dynamic Money Managers Securities Pvt. Ltd.,50,994.0,49700.0,2025-08-11 11:24:46.279641
2025-08-11,88543,2025081104002086,CGH,Trishakti Securities Public Limited,Dynamic Money Managers Securities Pvt. Ltd.,102,991.3,101112.6,2025-08-11 11:24:46.279757
2025-08-11,88542,2025081104002087,CGH,ABC Securities Private Limited,Dynamic Money Managers Securities Pvt. Ltd.,97,991.2,96146.4,2025-08-11 11:24:46.279807
2025-08-11,88441,2025081104002121,CGH,Sri Hari Securities Pvt. Ltd.,Dynamic Money Managers Securities Pvt. Ltd.,870,991.2,862344.0,2025-08-11 11:25:01.279640
2025-08-11,88169,2025081104002162,CGH,Siprabi Securities Pvt. Ltd.,Imperial Securities Company Pvt. Ltd.,10,992.0,9920.0,2025-08-11 11:25:33.285487
2025-08-11,87987,2025081104002205,CGH,Deevyaa Securities & Stock House Pvt. Ltd,Opal Securities Investment (PVT) Ltd.,200,1003.0,200600.0,2025-08-11 11:26:00.614714
2025-08-11,85439,2025081104002674,CGH,Naasa Securities Co. Ltd.,Bhrikuti Stock Broking Co. Pvt. Ltd.,10,1002.0,10020.0,2025-08-11 11:31:49.179355
2025-08-11,84825,2025081104002831,CGH,Imperial Securities Company Pvt. Ltd.,Imperial Securities Company Pvt. Ltd.,130,1003.0,130390.0,2025-08-11 11:33:07.281249
2025-08-11,84824,2025081104002832,CGH,Naasa Securities Co. Ltd.,Imperial Securities Company Pvt. Ltd.,14,1002.0,14028.0,2025-08-11 11:33:07.281419
2025-08-11,84823,2025081104002833,CGH,Opal Securities Investment (PVT) Ltd.,Imperial Securities Company Pvt. Ltd.,296,1002.0,296592.0,2025-08-11 11:33:07.281471
2025-08-11,84625,2025081104002865,CGH,Opal Securities Investment (PVT) Ltd.,Aryatara Investment & Securities,10,1002.0,10020.0,2025-08-11 11:33:39.221219
2025-08-11,84527,2025081104002892,CGH,Opal Securities Investment (PVT) Ltd.,Bhrikuti Stock Broking Co. Pvt. Ltd.,10,1002.0,10020.0,2025-08-11 11:33:50.546461
2025-08-11,84043,2025081104003038,CGH,Opal Securities Investment (PVT) Ltd.,Sweta Securities Private Limited,100,1002.0,100200.0,2025-08-11 11:34:52.344464
2025-08-11,83885,2025081104003061,CGH,Dipshikha Dhitopatra Karobar Co. Pvt Ltd.,Nepal Stock House (PVT) Ltd.,10,1004.0,10040.0,2025-08-11 11:35:14.392631
2025-08-11,83884,2025081104003062,CGH,Dipshikha Dhitopatra Karobar Co. Pvt Ltd.,Imperial Securities Company Pvt. Ltd.,90,1004.0,90360.0,2025-08-11 11:35:14.392769
2025-08-11,83706,2025081104003107,CGH,Opal Securities Investment (PVT) Ltd.,Imperial Securities Company Pvt. Ltd.,34,1002.0,34068.0,2025-08-11 11:35:34.542202
2025-08-11,83705,2025081104003108,CGH,Investment Management Nepal Pvt. Ltd.,Imperial Securities Company Pvt. Ltd.,200,1000.1,200020.0,2025-08-11 11:35:34.542482
2025-08-11,83704,2025081104003109,CGH,Kalika Securities Pvt. Ltd.,Imperial Securities Company Pvt. Ltd.,500,1000.0,500000.0,2025-08-11 11:35:34.542651
2025-08-11,83703,2025081104003110,CGH,ABC Securities Private Limited,Imperial Securities Company Pvt. Ltd.,266,1000.0,266000.0,2025-08-11 11:35:34.542810
2025-08-11,83214,2025081104003233,CGH,ABC Securities Private Limited,Imperial Securities Company Pvt. Ltd.,328,1004.0,329312.0,2025-08-11 11:36:32.171214
2025-08-11,83213,2025081104003234,CGH,ABC Securities Private Limited,Pragyan Securities (PVT) Ltd.,172,1004.0,172688.0,2025-08-11 11:36:32.171365
2025-08-11,83171,2025081104003244,CGH,Kohinoor Investment & Securities Pvt. Ltd.,Siprabi Securities Pvt. Ltd.,200,1002.0,200400.0,2025-08-11 11:36:38.584632
2025-08-11,83170,2025081104003245,CGH,ABC Securities Private Limited,Siprabi Securities Pvt. Ltd.,100,1000.0,100000.0,2025-08-11 11:36:38.584755
2025-08-11,82360,2025081104003412,CGH,ABC Securities Private Limited,Vision Securities Pvt. Ltd,84,1000.0,84000.0,2025-08-11 11:38:28.142761
2025-08-11,82359,2025081104003413,CGH,ABC Securities Private Limited,Vision Securities Pvt. Ltd,116,1000.0,116000.0,2025-08-11 11:38:28.143016
2025-08-11,82238,2025081104003468,CGH,ABC Securities Private Limited,Nepal Stock House (PVT) Ltd.,84,1000.0,84000.0,2025-08-11 11:38:46.434024
2025-08-11,82237,2025081104003469,CGH,Thrive Brokerage House Pvt. Ltd,Nepal Stock House (PVT) Ltd.,20,1000.0,20000.0,2025-08-11 11:38:46.434281
2025-08-11,82236,2025081104003470,CGH,APPLE SECURITIES PRIVATE LIMITED,Nepal Stock House (PVT) Ltd.,100,1000.0,100000.0,2025-08-11 11:38:46.434471
2025-08-11,82137,2025081104003490,CGH,South Asian Bulls Pvt. Ltd.,Market Securities & Exchange (PVT) Ltd.,100,1001.0,100100.0,2025-08-11 11:39:02.261737
2025-08-11,82124,2025081104003492,CGH,Opal Securities Investment (PVT) Ltd.,Market Securities & Exchange (PVT) Ltd.,50,1000.0,50000.0,2025-08-11 11:39:04.034757
2025-08-11,81316,2025081104003730,CGH,Sumeru Securities Pvt. Ltd.,Market Securities & Exchange (PVT) Ltd.,50,1000.0,50000.0,2025-08-11 11:40:50.941695
2025-08-11,80614,2025081104003907,CGH,Kalika Securities Pvt. Ltd.,Sani Securities Company Ltd.,100,998.0,99800.0,2025-08-11 11:42:42.027208
2025-08-11,80259,2025081104004002,CGH,Trisul Securities & Invt. Ltd.,Siprabi Securities Pvt. Ltd.,30,1000.0,30000.0,2025-08-11 11:43:38.453532
2025-08-11,79464,2025081104004188,CGH,Trisul Securities & Invt. Ltd.,Vision Securities Pvt. Ltd,50,1000.0,50000.0,2025-08-11 11:45:32.998982
2025-08-11,79108,2025081104004242,CGH,Trisul Securities & Invt. Ltd.,Pragyan Securities (PVT) Ltd.,20,1000.0,20000.0,2025-08-11 11:46:32.239019
2025-08-11,79107,2025081104004243,CGH,Aryatara Investment & Securities,Pragyan Securities (PVT) Ltd.,100,1000.0,100000.0,2025-08-11 11:46:32.239169
2025-08-11,79000,2025081104004263,CGH,Secured Securities Ltd.,Pragyan Securities (PVT) Ltd.,10,1000.0,10000.0,2025-08-11 11:46:51.626824
2025-08-11,78780,2025081104004293,CGH,Dynamic Money Managers Securities Pvt. Ltd.,Pragyan Securities (PVT) Ltd.,50,1000.0,50000.0,2025-08-11 11:47:24.584941
2025-08-11,78507,2025081104004347,CGH,Aryatara Investment & Securities,Pragyan Securities (PVT) Ltd.,240,999.0,239760.0,2025-08-11 11:48:10.340519
2025-08-11,78506,2025081104004348,CGH,Aryatara Investment & Securities,Pragyan Securities (PVT) Ltd.,10,999.0,9990.0,2025-08-11 11:48:10.340679
2025-08-11,78505,2025081104004349,CGH,Aryatara Investment & Securities,Pragyan Securities (PVT) Ltd.,398,998.2,397283.6,2025-08-11 11:48:10.340743
2025-08-11,78020,2025081104004454,CGH,Aryatara Investment & Securities,Nepal Stock House (PVT) Ltd.,22,1002.0,22044.0,2025-08-11 11:49:26.101252
2025-08-11,78019,2025081104004455,CGH,Aryatara Investment & Securities,Siprabi Securities Pvt. Ltd.,20,1002.0,20040.0,2025-08-11 11:49:26.101406
2025-08-11,78018,2025081104004456,CGH,Aryatara Investment & Securities,South Asian Bulls Pvt. Ltd.,60,1002.0,60120.0,2025-08-11 11:49:26.101464
2025-08-11,77887,2025081104004481,CGH,Sumeru Securities Pvt. Ltd.,South Asian Bulls Pvt. Ltd.,50,1002.0,50100.0,2025-08-11 11:49:49.298124
2025-08-11,77048,2025081104004597,CGH,Dipshikha Dhitopatra Karobar Co. Pvt Ltd.,Neev Securities Pvt. Ltd.,100,1001.9,100190.0,2025-08-11 11:51:54.600555
2025-08-11,76951,2025081104004618,CGH,Sani Securities Company Ltd.,Nepal Stock House (PVT) Ltd.,10,1000.0,10000.0,2025-08-11 11:52:05.086650
2025-08-11,76950,2025081104004619,CGH,Kohinoor Investment & Securities Pvt. Ltd.,Nepal Stock House (PVT) Ltd.,10,1000.0,10000.0,2025-08-11 11:52:05.086810
2025-08-11,76897,2025081104004625,CGH,Online Securities Pvt. Ltd.,Nepal Stock House (PVT) Ltd.,200,998.1,199620.0,2025-08-11 11:52:12.857493
2025-08-11,76896,2025081104004626,CGH,Kalika Securities Pvt. Ltd.,Nepal Stock House (PVT) Ltd.,100,998.0,99800.0,2025-08-11 11:52:12.857853
2025-08-11,76895,2025081104004627,CGH,Neev Securities Pvt. Ltd.,Nepal Stock House (PVT) Ltd.,500,998.0,499000.0,2025-08-11 11:52:12.858044
2025-08-11,76894,2025081104004628,CGH,Sharepro Securities Private Limited,Nepal Stock House (PVT) Ltd.,2000,997.1,1994200.0,2025-08-11 11:52:12.858227
2025-08-11,76893,2025081104004629,CGH,South Asian Bulls Pvt. Ltd.,Nepal Stock House (PVT) Ltd.,50,997.0,49850.0,2025-08-11 11:52:12.858426
2025-08-11,76523,2025081104004724,CGH,Capital Max Securities Ltd,Nepal Stock House (PVT) Ltd.,100,995.2,99520.0,2025-08-11 11:53:05.287231
2025-08-11,76522,2025081104004725,CGH,Neev Securities Pvt. Ltd.,Nepal Stock House (PVT) Ltd.,100,995.1,99510.0,2025-08-11 11:53:05.287389
2025-08-11,76521,2025081104004726,CGH,Midas Stock Broking Company Private Limited,Nepal Stock House (PVT) Ltd.,50,995.0,49750.0,2025-08-11 11:53:05.287453
2025-08-11,76520,2025081104004727,CGH,Investment Management Nepal Pvt. Ltd.,Nepal Stock House (PVT) Ltd.,300,995.0,298500.0,2025-08-11 11:53:05.287525
2025-08-11,76519,2025081104004728,CGH,Kohinoor Investment & Securities Pvt. Ltd.,Nepal Stock House (PVT) Ltd.,280,995.0,278600.0,2025-08-11 11:53:05.287584
2025-08-11,76147,2025081104004808,CGH,Aryatara Investment & Securities,Nepal Stock House (PVT) Ltd.,335,995.0,333325.0,2025-08-11 11:53:53.091483
2025-08-11,73623,2025081104005302,CGH,Naasa Securities Co. Ltd.,Deevyaa Securities & Stock House Pvt. Ltd,10,998.0,9980.0,2025-08-11 12:00:02.531139
2025-08-11,72359,2025081104005597,CGH,Naasa Securities Co. Ltd.,Online Securities Pvt. Ltd.,25,998.0,24950.0,2025-08-11 12:03:58.967940
2025-08-11,72073,2025081104005647,CGH,Naasa Securities Co. Ltd.,Naasa Securities Co. Ltd.,13,998.0,12974.0,2025-08-11 12:04:45.614003
2025-08-11,71700,2025081104005714,CGH,J.F. Securites (PVT) Ltd.,Pragyan Securities (PVT) Ltd.,20,997.0,19940.0,2025-08-11 12:05:44.224856
2025-08-11,71699,2025081104005715,CGH,Aryatara Investment & Securities,Pragyan Securities (PVT) Ltd.,50,997.0,49850.0,2025-08-11 12:05:44.225013
2025-08-11,71698,2025081104005716,CGH,Aryatara Investment & Securities,Pragyan Securities (PVT) Ltd.,15,995.0,14925.0,2025-08-11 12:05:44.225079
2025-08-11,71697,2025081104005717,CGH,Nabil Stock Dealer Ltd.,Pragyan Securities (PVT) Ltd.,10,995.0,9950.0,2025-08-11 12:05:44.225144
2025-08-11,71696,2025081104005718,CGH,J.F. Securites (PVT) Ltd.,Pragyan Securities (PVT) Ltd.,100,995.0,99500.0,2025-08-11 12:05:44.225215
2025-08-11,71695,2025081104005719,CGH,Sani Securities Company Ltd.,Pragyan Securities (PVT) Ltd.,230,995.0,228850.0,2025-08-11 12:05:44.225278
2025-08-11,71694,2025081104005720,CGH,Sani Securities Company Ltd.,Pragyan Securities (PVT) Ltd.,10,995.0,9950.0,2025-08-11 12:05:44.225355
2025-08-11,71693,2025081104005721,CGH,Online Securities Pvt. Ltd.,Pragyan Securities (PVT) Ltd.,10,995.0,9950.0,2025-08-11 12:05:44.225418
2025-08-11,71101,2025081104005848,CGH,Siprabi Securities Pvt. Ltd.,Sri Hari Securities Pvt. Ltd.,10,994.0,9940.0,2025-08-11 12:07:14.746069
2025-08-11,70406,2025081104005992,CGH,Siprabi Securities Pvt. Ltd.,Naasa Securities Co. Ltd.,10,994.0,9940.0,2025-08-11 12:09:06.747331
2025-08-11,70405,2025081104005993,CGH,Dipshikha Dhitopatra Karobar Co. Pvt Ltd.,Naasa Securities Co. Ltd.,10,994.0,9940.0,2025-08-11 12:09:06.747403
2025-08-11,70404,2025081104005994,CGH,Trishakti Securities Public Limited,Naasa Securities Co. Ltd.,100,993.1,99310.0,2025-08-11 12:09:06.747436
2025-08-11,70403,2025081104005995,CGH,Sani Securities Company Ltd.,Naasa Securities Co. Ltd.,51,993.0,50643.0,2025-08-11 12:09:06.747465
2025-08-11,70402,2025081104005996,CGH,J.F. Securites (PVT) Ltd.,Naasa Securities Co. Ltd.,30,993.0,29790.0,2025-08-11 12:09:06.747494
2025-08-11,70401,2025081104005997,CGH,Deevyaa Securities & Stock House Pvt. Ltd,Naasa Securities Co. Ltd.,49,993.0,48657.0,2025-08-11 12:09:06.747524
2025-08-11,70223,2025081104006026,CGH,Deevyaa Securities & Stock House Pvt. Ltd,Aryatara Investment & Securities,10,993.0,9930.0,2025-08-11 12:09:46.602770
2025-08-11,67917,2025081104006450,CGH,Deevyaa Securities & Stock House Pvt. Ltd,Asian Securities Private Ltd.,41,992.5,40692.5,2025-08-11 12:15:22.463752
2025-08-11,67916,2025081104006451,CGH,Asian Securities Private Ltd.,Asian Securities Private Ltd.,100,992.2,99220.0,2025-08-11 12:15:22.463792
2025-08-11,67915,2025081104006452,CGH,Linch Stock Market Ltd.,Asian Securities Private Ltd.,100,992.1,99210.0,2025-08-11 12:15:22.463843
2025-08-11,67864,2025081104006477,CGH,Kalika Securities Pvt. Ltd.,Asian Securities Private Ltd.,250,992.0,248000.0,2025-08-11 12:15:27.477358
2025-08-11,66509,2025081104006798,CGH,Aryatara Investment & Securities,Capital Max Securities Ltd,500,993.0,496500.0,2025-08-11 12:19:20.222543
2025-08-11,66427,2025081104006818,CGH,Sri Hari Securities Pvt. Ltd.,Imperial Securities Company Pvt. Ltd.,10,994.0,9940.0,2025-08-11 12:19:35.416450
2025-08-11,66409,2025081104006819,CGH,Sri Hari Securities Pvt. Ltd.,Sri Hari Securities Pvt. Ltd.,90,994.0,89460.0,2025-08-11 12:19:36.918378
2025-08-11,66408,2025081104006820,CGH,Aryatara Investment & Securities,Sri Hari Securities Pvt. Ltd.,500,993.0,496500.0,2025-08-11 12:19:36.918556
2025-08-11,66407,2025081104006821,CGH,Kalika Securities Pvt. Ltd.,Sri Hari Securities Pvt. Ltd.,250,992.0,248000.0,2025-08-11 12:19:36.918650
2025-08-11,66406,2025081104006822,CGH,South Asian Bulls Pvt. Ltd.,Sri Hari Securities Pvt. Ltd.,30,992.0,29760.0,2025-08-11 12:19:36.918713
2025-08-11,66405,2025081104006823,CGH,Kumari Securities Private Limited,Sri Hari Securities Pvt. Ltd.,300,992.0,297600.0,2025-08-11 12:19:36.918776
2025-08-11,66404,2025081104006824,CGH,J.F. Securites (PVT) Ltd.,Sri Hari Securities Pvt. Ltd.,29,992.0,28768.0,2025-08-11 12:19:36.918839
2025-08-11,66403,2025081104006825,CGH,Premier Securities Company Ltd.,Sri Hari Securities Pvt. Ltd.,20,992.0,19840.0,2025-08-11 12:19:36.918901
2025-08-11,66402,2025081104006826,CGH,J.F. Securites (PVT) Ltd.,Sri Hari Securities Pvt. Ltd.,20,992.0,19840.0,2025-08-11 12:19:36.918962
2025-08-11,66401,2025081104006827,CGH,Sweta Securities Private Limited,Sri Hari Securities Pvt. Ltd.,300,992.0,297600.0,2025-08-11 12:19:36.919023
2025-08-11,66400,2025081104006828,CGH,Kumari Securities Private Limited,Sri Hari Securities Pvt. Ltd.,461,991.5,457081.5,2025-08-11 12:19:36.919086
2025-08-11,62993,2025081104007676,CGH,Sweta Securities Private Limited,Nepal Stock House (PVT) Ltd.,500,996.0,498000.0,2025-08-11 12:29:28.157809
2025-08-11,62991,2025081104007678,CGH,Sweta Securities Private Limited,Online Securities Pvt. Ltd.,100,996.0,99600.0,2025-08-11 12:29:28.289987
2025-08-11,62847,2025081104007695,CGH,Sweta Securities Private Limited,Secured Securities Ltd.,205,996.0,204180.0,2025-08-11 12:29:49.370283
2025-08-11,62846,2025081104007696,CGH,APPLE SECURITIES PRIVATE LIMITED,Secured Securities Ltd.,100,992.5,99250.0,2025-08-11 12:29:49.370463
2025-08-11,62845,2025081104007697,CGH,Deevyaa Securities & Stock House Pvt. Ltd,Secured Securities Ltd.,100,992.1,99210.0,2025-08-11 12:29:49.370572
2025-08-11,62844,2025081104007698,CGH,Aryatara Investment & Securities,Secured Securities Ltd.,50,992.0,49600.0,2025-08-11 12:29:49.370638
2025-08-11,62843,2025081104007699,CGH,Capital Max Securities Ltd,Secured Securities Ltd.,45,992.0,44640.0,2025-08-11 12:29:49.370703
2025-08-11,61592,2025081104007987,CGH,Malla & Malla Stock Broking Company Pvt. Limited,Stoxkarts Securities Limited,10,992.5,9925.0,2025-08-11 12:34:06.157986
2025-08-11,60681,2025081104008175,CGH,Sharepro Securities Private Limited,Dipshikha Dhitopatra Karobar Co. Pvt Ltd.,10,997.0,9970.0,2025-08-11 12:36:54.570882
2025-08-11,60680,2025081104008176,CGH,Sharepro Securities Private Limited,Imperial Securities Company Pvt. Ltd.,450,997.0,448650.0,2025-08-11 12:36:54.570954
2025-08-11,60679,2025081104008177,CGH,Sharepro Securities Private Limited,Imperial Securities Company Pvt. Ltd.,450,997.0,448650.0,2025-08-11 12:36:54.570982
2025-08-11,60678,2025081104008178,CGH,Sharepro Securities Private Limited,Imperial Securities Company Pvt. Ltd.,90,997.0,89730.0,2025-08-11 12:36:54.571009
2025-08-11,59102,2025081104008552,CGH,Nepal Stock House (PVT) Ltd.,Siprabi Securities Pvt. Ltd.,100,996.9,99690.0,2025-08-11 12:42:13.227960
2025-08-11,59047,2025081104008558,CGH,Nepal Stock House (PVT) Ltd.,Imperial Securities Company Pvt. Ltd.,10,997.0,9970.0,2025-08-11 12:42:27.473742
2025-08-11,59046,2025081104008559,CGH,Nepal Stock House (PVT) Ltd.,Nepal Stock House (PVT) Ltd.,40,997.0,39880.0,2025-08-11 12:42:27.474086
2025-08-11,58772,2025081104008623,CGH,Siprabi Securities Pvt. Ltd.,Nepal Stock House (PVT) Ltd.,30,997.0,29910.0,2025-08-11 12:43:29.208857
2025-08-11,58035,2025081104008788,CGH,Sani Securities Company Ltd.,K.B.L. Securities Limited ,300,996.0,298800.0,2025-08-11 12:46:29.083102
2025-08-11,58034,2025081104008789,CGH,Midas Stock Broking Company Private Limited,K.B.L. Securities Limited ,200,995.7,199140.0,2025-08-11 12:46:29.083152
2025-08-11,57529,2025081104008888,CGH,Siprabi Securities Pvt. Ltd.,Indira securities pvt. ltd,100,995.4,99540.0,2025-08-11 12:48:20.635418
2025-08-11,57378,2025081104008919,CGH,Deevyaa Securities & Stock House Pvt. Ltd,Nepal Investment And Securities Trading Private Limited,100,994.7,99470.0,2025-08-11 12:49:06.779989
2025-08-11,57377,2025081104008920,CGH,South Asian Bulls Pvt. Ltd.,Nepal Investment And Securities Trading Private Limited,100,993.3,99330.0,2025-08-11 12:49:06.780230
2025-08-11,57376,2025081104008921,CGH,Aryatara Investment & Securities,Nepal Investment And Securities Trading Private Limited,100,993.1,99310.0,2025-08-11 12:49:06.780305
2025-08-11,57375,2025081104008922,CGH,Sani Securities Company Ltd.,Nepal Investment And Securities Trading Private Limited,100,993.0,99300.0,2025-08-11 12:49:06.780392
2025-08-11,57374,2025081104008923,CGH,Nepal Stock House (PVT) Ltd.,Nepal Investment And Securities Trading Private Limited,200,992.6,198520.0,2025-08-11 12:49:06.780462
2025-08-11,57373,2025081104008924,CGH,Malla & Malla Stock Broking Company Pvt. Limited,Nepal Investment And Securities Trading Private Limited,440,992.5,436700.0,2025-08-11 12:49:06.780532
2025-08-11,57163,2025081104008967,CGH,Premier Securities Company Ltd.,Cristal Kanchanjanga Securites Pvt. Ltd.,100,993.0,99300.0,2025-08-11 12:50:14.642032
2025-08-11,57162,2025081104008968,CGH,Primo Securities (PVT) Ltd.,Cristal Kanchanjanga Securites Pvt. Ltd.,11,992.3,10915.3,2025-08-11 12:50:14.642224
2025-08-11,57161,2025081104008969,CGH,Capital Max Securities Ltd,Cristal Kanchanjanga Securites Pvt. Ltd.,155,992.0,153760.0,2025-08-11 12:50:14.642307
2025-08-11,57160,2025081104008970,CGH,Sewa Securities Pvt. Ltd.,Cristal Kanchanjanga Securites Pvt. Ltd.,10,992.0,9920.0,2025-08-11 12:50:14.642391
2025-08-11,57159,2025081104008971,CGH,South Asian Bulls Pvt. Ltd.,Cristal Kanchanjanga Securites Pvt. Ltd.,214,991.7,212223.8,2025-08-11 12:50:14.642485
2025-08-11,57158,2025081104008972,CGH,ABC Securities Private Limited,Cristal Kanchanjanga Securites Pvt. Ltd.,10,991.6,9916.0,2025-08-11 12:50:14.642581
2025-08-11,56541,2025081104009109,CGH,Nepal Stock House (PVT) Ltd.,Kohinoor Investment & Securities Pvt. Ltd.,70,992.3,69461.0,2025-08-11 12:52:30.889278
2025-08-11,56540,2025081104009110,CGH,Sani Securities Company Ltd.,Kohinoor Investment & Securities Pvt. Ltd.,410,991.7,406597.0,2025-08-11 12:52:30.889484
2025-08-11,55338,2025081104009408,CGH,Pragyan Securities (PVT) Ltd.,Dipshikha Dhitopatra Karobar Co. Pvt Ltd.,25,995.0,24875.0,2025-08-11 12:56:45.343178
2025-08-11,53847,2025081104009711,CGH,Agrawal Securities (PVT) Ltd.,Nepal Stock House (PVT) Ltd.,50,993.1,49655.0,2025-08-11 13:02:15.220023
2025-08-11,53846,2025081104009712,CGH,South Asian Bulls Pvt. Ltd.,Nepal Stock House (PVT) Ltd.,20,993.1,19862.0,2025-08-11 13:02:15.220553
2025-08-11,53845,2025081104009713,CGH,South Asian Bulls Pvt. Ltd.,Nepal Stock House (PVT) Ltd.,50,993.0,49650.0,2025-08-11 13:02:15.220786
2025-08-11,53844,2025081104009714,CGH,Trishakti Securities Public Limited,Nepal Stock House (PVT) Ltd.,50,993.0,49650.0,2025-08-11 13:02:15.221043
2025-08-11,53843,2025081104009715,CGH,Aryatara Investment & Securities,Nepal Stock House (PVT) Ltd.,10,993.0,9930.0,2025-08-11 13:02:15.221274
2025-08-11,53842,2025081104009716,CGH,Naasa Securities Co. Ltd.,Nepal Stock House (PVT) Ltd.,100,992.0,99200.0,2025-08-11 13:02:15.221560
2025-08-11,53841,2025081104009717,CGH,Cristal Kanchanjanga Securites Pvt. Ltd.,Nepal Stock House (PVT) Ltd.,20,991.8,19836.0,2025-08-11 13:02:15.221839
2025-08-11,51183,2025081104010424,CGH,Sundhara Securities Limited,Siprabi Securities Pvt. Ltd.,15,992.1,14881.5,2025-08-11 13:11:05.698141
2025-08-11,51182,2025081104010425,CGH,Magnet Securities and Investment Company Private Limited,Siprabi Securities Pvt. Ltd.,50,992.1,49605.0,2025-08-11 13:11:05.698429
2025-08-11,51181,2025081104010426,CGH,Primo Securities (PVT) Ltd.,Siprabi Securities Pvt. Ltd.,10,992.0,9920.0,2025-08-11 13:11:05.698539
2025-08-11,51180,2025081104010427,CGH,Agrawal Securities (PVT) Ltd.,Siprabi Securities Pvt. Ltd.,945,992.0,937440.0,2025-08-11 13:11:05.698612
2025-08-11,48706,2025081104011044,CGH,Agrawal Securities (PVT) Ltd.,Vision Securities Pvt. Ltd,55,992.0,54560.0,2025-08-11 13:19:04.072862
2025-08-11,48705,2025081104011045,CGH,Nepal Stock House (PVT) Ltd.,Vision Securities Pvt. Ltd,45,992.0,44640.0,2025-08-11 13:19:04.072966
2025-08-11,47804,2025081104011323,CGH,Nepal Stock House (PVT) Ltd.,Neev Securities Pvt. Ltd.,10,992.0,9920.0,2025-08-11 13:21:46.338804
2025-08-11,46567,2025081104011588,CGH,Nepal Stock House (PVT) Ltd.,Kumari Securities Private Limited,45,992.0,44640.0,2025-08-11 13:25:37.748345
2025-08-11,46436,2025081104011601,CGH,Trisul Securities & Invt. Ltd.,Dipshikha Dhitopatra Karobar Co. Pvt Ltd.,30,995.0,29850.0,2025-08-11 13:26:05.572054
2025-08-11,46177,2025081104011682,CGH,Citizens Share Broker Limited,Nepal Stock House (PVT) Ltd.,50,997.0,49850.0,2025-08-11 13:26:46.773930
2025-08-11,45620,2025081104011838,CGH,Trisul Securities & Invt. Ltd.,ABC Securities Private Limited,10,995.0,9950.0,2025-08-11 13:28:23.055123
2025-08-11,44557,2025081104012060,CGH,Trisul Securities & Invt. Ltd.,Primo Securities (PVT) Ltd.,10,995.0,9950.0,2025-08-11 13:31:47.715397
2025-08-11,44556,2025081104012061,CGH,Premier Securities Company Ltd.,Primo Securities (PVT) Ltd.,100,995.0,99500.0,2025-08-11 13:31:47.715588
2025-08-11,42773,2025081104012433,CGH,Online Securities Pvt. Ltd.,Bhrikuti Stock Broking Co. Pvt. Ltd.,10,994.0,9940.0,2025-08-11 13:35:51.842392
2025-08-11,41254,2025081104012817,CGH,Online Securities Pvt. Ltd.,Sweta Securities Private Limited,30,994.0,29820.0,2025-08-11 13:39:33.960369
2025-08-11,41253,2025081104012818,CGH,Kumari Securities Private Limited,Sweta Securities Private Limited,389,994.0,386666.0,2025-08-11 13:39:33.960574
2025-08-11,40649,2025081104012968,CGH,Global IME Securities Limited,Shree Krishna Securities Ltd.,10,992.1,9921.0,2025-08-11 13:41:14.372337
2025-08-11,39905,2025081104013147,CGH,Premier Securities Company Ltd.,Kohinoor Investment & Securities Pvt. Ltd.,70,992.2,69454.0,2025-08-11 13:43:33.238075
2025-08-11,39695,2025081104013171,CGH,Premier Securities Company Ltd.,Vision Securities Pvt. Ltd,100,992.2,99220.0,2025-08-11 13:43:59.135598
2025-08-11,38608,2025081104013394,CGH,Aakashbhairab Securities Ltd.,Dynamic Money Managers Securities Pvt. Ltd.,80,993.0,79440.0,2025-08-11 13:47:31.891796
2025-08-11,38607,2025081104013395,CGH,Aakashbhairab Securities Ltd.,Nepal Stock House (PVT) Ltd.,50,993.0,49650.0,2025-08-11 13:47:31.892044
2025-08-11,37967,2025081104013539,CGH,Neev Securities Pvt. Ltd.,Sweta Securities Private Limited,500,994.0,497000.0,2025-08-11 13:49:21.457567
2025-08-11,36212,2025081104013901,CGH,Naasa Securities Co. Ltd.,Sweta Securities Private Limited,50,994.0,49700.0,2025-08-11 13:54:25.163757
2025-08-11,35587,2025081104014018,CGH,Nepal Stock House (PVT) Ltd.,Sweta Securities Private Limited,21,994.0,20874.0,2025-08-11 13:56:23.932412
2025-08-11,35586,2025081104014019,CGH,Nepal Stock House (PVT) Ltd.,Hatemalo Financial Services Private Limited,100,994.0,99400.0,2025-08-11 13:56:23.932817
2025-08-11,35243,2025081104014072,CGH,Naasa Securities Co. Ltd.,Capital Max Securities Ltd,100,992.6,99260.0,2025-08-11 13:57:34.437833
2025-08-11,35151,2025081104014090,CGH,Nabil Stock Dealer Ltd.,Primo Securities (PVT) Ltd.,10,995.0,9950.0,2025-08-11 13:57:52.849177
2025-08-11,34918,2025081104014103,CGH,Global IME Securities Limited,Nepal Stock House (PVT) Ltd.,40,992.5,39700.0,2025-08-11 13:58:14.037457
2025-08-11,34917,2025081104014104,CGH,Premier Securities Company Ltd.,Nepal Stock House (PVT) Ltd.,80,992.2,79376.0,2025-08-11 13:58:14.037691
2025-08-11,34916,2025081104014105,CGH,Citizens Share Broker Limited,Nepal Stock House (PVT) Ltd.,50,992.2,49610.0,2025-08-11 13:58:14.037778
2025-08-11,34915,2025081104014106,CGH,Shree Krishna Securities Ltd.,Nepal Stock House (PVT) Ltd.,19,992.0,18848.0,2025-08-11 13:58:14.037856
2025-08-11,34914,2025081104014107,CGH,Siprabi Securities Pvt. Ltd.,Nepal Stock House (PVT) Ltd.,10,992.0,9920.0,2025-08-11 13:58:14.037932
2025-08-11,34913,2025081104014108,CGH,Nepal Investment And Securities Trading Private Limited,Nepal Stock House (PVT) Ltd.,61,992.0,60512.0,2025-08-11 13:58:14.038009
2025-08-11,34850,2025081104014119,CGH,Nepal Investment And Securities Trading Private Limited,Nepal Stock House (PVT) Ltd.,39,992.0,38688.0,2025-08-11 13:58:29.825912
2025-08-11,34849,2025081104014120,CGH,Malla & Malla Stock Broking Company Pvt. Limited,Nepal Stock House (PVT) Ltd.,20,992.0,19840.0,2025-08-11 13:58:29.826147
2025-08-11,34848,2025081104014121,CGH,Sharepro Securities Private Limited,Nepal Stock House (PVT) Ltd.,941,991.9,933377.9,2025-08-11 13:58:29.826225
2025-08-11,30651,2025081104015128,CGH,Sani Securities Company Ltd.,Nepal Stock House (PVT) Ltd.,50,992.0,49600.0,2025-08-11 14:11:42.943840
2025-08-11,30650,2025081104015129,CGH,Imperial Securities Company Pvt. Ltd.,Nepal Stock House (PVT) Ltd.,20,992.0,19840.0,2025-08-11 14:11:42.944241
2025-08-11,30649,2025081104015130,CGH,Sharepro Securities Private Limited,Nepal Stock House (PVT) Ltd.,59,991.9,58522.1,2025-08-11 14:11:42.944522
2025-08-11,30648,2025081104015131,CGH,Aryatara Investment & Securities,Nepal Stock House (PVT) Ltd.,100,991.8,99180.0,2025-08-11 14:11:42.944757
2025-08-11,30647,2025081104015132,CGH,Sani Securities Company Ltd.,Nepal Stock House (PVT) Ltd.,590,991.7,585103.0,2025-08-11 14:11:42.944992
2025-08-11,30646,2025081104015133,CGH,Aryatara Investment & Securities,Nepal Stock House (PVT) Ltd.,50,991.6,49580.0,2025-08-11 14:11:42.945225
2025-08-11,30645,2025081104015134,CGH,Sundhara Securities Limited,Nepal Stock House (PVT) Ltd.,50,991.5,49575.0,2025-08-11 14:11:42.945470
2025-08-11,30644,2025081104015135,CGH,Cristal Kanchanjanga Securites Pvt. Ltd.,Nepal Stock House (PVT) Ltd.,81,991.5,80311.5,2025-08-11 14:11:42.945707
2025-08-11,30506,2025081104015169,CGH,Imperial Securities Company Pvt. Ltd.,Kumari Securities Private Limited,10,994.5,9945.0,2025-08-11 14:12:02.363524
2025-08-11,29451,2025081104015469,CGH,Imperial Securities Company Pvt. Ltd.,Premier Securities Company Ltd.,10,992.0,9920.0,2025-08-11 14:15:08.573046
2025-08-11,27637,2025081104015913,CGH,South Asian Bulls Pvt. Ltd.,Nepal Stock House (PVT) Ltd.,50,993.0,49650.0,2025-08-11 14:20:08.471052
2025-08-11,27245,2025081104015969,CGH,Sri Hari Securities Pvt. Ltd.,Nepal Stock House (PVT) Ltd.,200,993.0,198600.0,2025-08-11 14:21:11.094788
2025-08-11,27093,2025081104015996,CGH,South Asian Bulls Pvt. Ltd.,Nepal Stock House (PVT) Ltd.,50,993.0,49650.0,2025-08-11 14:21:34.552154
2025-08-11,25978,2025081104016248,CGH,Sumeru Securities Pvt. Ltd.,Nepal Stock House (PVT) Ltd.,30,993.0,29790.0,2025-08-11 14:24:38.018510
2025-08-11,25976,2025081104016249,CGH,Deevyaa Securities & Stock House Pvt. Ltd,Nepal Stock House (PVT) Ltd.,15,993.0,14895.0,2025-08-11 14:24:38.018803
2025-08-11,25974,2025081104016250,CGH,Imperial Securities Company Pvt. Ltd.,Nepal Stock House (PVT) Ltd.,10,992.0,9920.0,2025-08-11 14:24:38.018942
2025-08-11,25973,2025081104016251,CGH,Sani Securities Company Ltd.,Nepal Stock House (PVT) Ltd.,100,992.0,99200.0,2025-08-11 14:24:38.019052
2025-08-11,25971,2025081104016252,CGH,Sharepro Securities Private Limited,Nepal Stock House (PVT) Ltd.,845,992.0,838240.0,2025-08-11 14:24:38.019244
2025-08-11,24490,2025081104016554,CGH,Neev Securities Pvt. Ltd.,Naasa Securities Co. Ltd.,200,994.0,198800.0,2025-08-11 14:28:26.706521
2025-08-11,23954,2025081104016665,CGH,Sweta Securities Private Limited,Machhapuchchhre Securities Limited,20,992.1,19842.0,2025-08-11 14:29:48.267600
2025-08-11,22892,2025081104017014,CGH,Neev Securities Pvt. Ltd.,Premier Securities Company Ltd.,10,993.0,9930.0,2025-08-11 14:32:13.831471
2025-08-11,21909,2025081104017268,CGH,Naasa Securities Co. Ltd.,Shree Krishna Securities Ltd.,11,993.9,10932.9,2025-08-11 14:34:20.968199
2025-08-11,21688,2025081104017326,CGH,Neev Securities Pvt. Ltd.,Dakshinkali Investment & Securities Pvt. Ltd.,30,993.5,29805.0,2025-08-11 14:34:59.959486
2025-08-11,21568,2025081104017357,CGH,Neev Securities Pvt. Ltd.,Shree Krishna Securities Ltd.,10,993.9,9939.0,2025-08-11 14:35:11.778217
2025-08-11,21529,2025081104017366,CGH,Sani Securities Company Ltd.,Shree Krishna Securities Ltd.,500,993.9,496950.0,2025-08-11 14:35:19.119691
2025-08-11,21314,2025081104017453,CGH,Sani Securities Company Ltd.,Shree Krishna Securities Ltd.,479,993.9,476078.1,2025-08-11 14:35:43.515356
2025-08-11,21190,2025081104017496,CGH,Sumeru Securities Pvt. Ltd.,Naasa Securities Co. Ltd.,20,994.0,19880.0,2025-08-11 14:36:05.168215
2025-08-11,21042,2025081104017531,CGH,Sani Securities Company Ltd.,Naasa Securities Co. Ltd.,280,994.0,278320.0,2025-08-11 14:36:18.930193
2025-08-11,20451,2025081104017648,CGH,Trisul Securities & Invt. Ltd.,Sweta Securities Private Limited,10,994.0,9940.0,2025-08-11 14:37:42.120226
2025-08-11,19965,2025081104017782,CGH,Deevyaa Securities & Stock House Pvt. Ltd,South Asian Bulls Pvt. Ltd.,100,994.7,99470.0,2025-08-11 14:38:39.219188
2025-08-11,19521,2025081104017925,CGH,Sani Securities Company Ltd.,Hatemalo Financial Services Private Limited,500,993.0,496500.0,2025-08-11 14:39:25.674216
2025-08-11,19142,2025081104018029,CGH,Sagarmatha Securities Private Limited,K.B.L. Securities Limited ,20,992.2,19844.0,2025-08-11 14:39:59.904325
2025-08-11,19141,2025081104018030,CGH,Sweta Securities Private Limited,K.B.L. Securities Limited ,80,992.1,79368.0,2025-08-11 14:39:59.904518
2025-08-11,19140,2025081104018031,CGH,Pragyan Securities (PVT) Ltd.,K.B.L. Securities Limited ,100,992.1,99210.0,2025-08-11 14:39:59.904612
2025-08-11,19099,2025081104018065,CGH,Global IME Securities Limited,Oxford Securities Pvt. Ltd.,100,993.0,99300.0,2025-08-11 14:40:03.131650
2025-08-11,18009,2025081104018338,CGH,Pragyan Securities (PVT) Ltd.,Nepal Stock House (PVT) Ltd.,16,992.1,15873.6,2025-08-11 14:41:51.466844
2025-08-11,17646,2025081104018472,CGH,Pragyan Securities (PVT) Ltd.,Nagarik Stock Dealer ,84,992.1,83336.4,2025-08-11 14:42:14.004768
2025-08-11,17645,2025081104018473,CGH,Aryatara Investment & Securities,Nagarik Stock Dealer ,100,992.1,99210.0,2025-08-11 14:42:14.004984
2025-08-11,17644,2025081104018474,CGH,Sharepro Securities Private Limited,Nagarik Stock Dealer ,816,992.0,809472.0,2025-08-11 14:42:14.005083
2025-08-11,17186,2025081104018575,CGH,Sharepro Securities Private Limited,Oxford Securities Pvt. Ltd.,339,992.0,336288.0,2025-08-11 14:42:57.271402
2025-08-11,17185,2025081104018576,CGH,Capital Max Securities Ltd,Oxford Securities Pvt. Ltd.,61,992.0,60512.0,2025-08-11 14:42:57.271499
2025-08-11,15826,2025081104018948,CGH,Nepal Stock House (PVT) Ltd.,Trisul Securities & Invt. Ltd.,30,992.0,29760.0,2025-08-11 14:44:51.368560
2025-08-11,15825,2025081104018949,CGH,Himalayan Brokerage Company Limited,Trisul Securities & Invt. Ltd.,100,991.6,99160.0,2025-08-11 14:44:51.368623
2025-08-11,15824,2025081104018950,CGH,Bhrikuti Stock Broking Co. Pvt. Ltd.,Trisul Securities & Invt. Ltd.,870,991.5,862605.0,2025-08-11 14:44:51.368652
2025-08-11,15552,2025081104018990,CGH,Bhrikuti Stock Broking Co. Pvt. Ltd.,SHUBHAKAMANA SECURITIES PVT. LTD,130,991.5,128895.0,2025-08-11 14:45:08.641187
2025-08-11,15551,2025081104018991,CGH,Capital Max Securities Ltd,SHUBHAKAMANA SECURITIES PVT. LTD,39,991.5,38668.5,2025-08-11 14:45:08.641261
2025-08-11,15550,2025081104018992,CGH,Nepal Stock House (PVT) Ltd.,SHUBHAKAMANA SECURITIES PVT. LTD,100,991.5,99150.0,2025-08-11 14:45:08.641290
2025-08-11,15549,2025081104018993,CGH,Sri Hari Securities Pvt. Ltd.,SHUBHAKAMANA SECURITIES PVT. LTD,130,991.2,128856.0,2025-08-11 14:45:08.641325
2025-08-11,15548,2025081104018994,CGH,Sharepro Securities Private Limited,SHUBHAKAMANA SECURITIES PVT. LTD,601,991.1,595651.1,2025-08-11 14:45:08.641364
2025-08-11,14141,2025081104019370,CGH,Premier Securities Company Ltd.,Vision Securities Pvt. Ltd,10,991.2,9912.0,2025-08-11 14:46:50.905155
2025-08-11,14140,2025081104019371,CGH,Sharepro Securities Private Limited,Vision Securities Pvt. Ltd,2240,991.1,2220064.0,2025-08-11 14:46:50.905395
2025-08-11,13821,2025081104019470,CGH,Sharepro Securities Private Limited,Vision Securities Pvt. Ltd,100,991.1,99110.0,2025-08-11 14:47:09.206844
2025-08-11,13807,2025081104019477,CGH,Sharepro Securities Private Limited,Online Securities Pvt. Ltd.,10,991.1,9911.0,2025-08-11 14:47:10.733177
2025-08-11,13225,2025081104019694,CGH,Sharepro Securities Private Limited,Sanima Securities Limited,49,991.1,48563.9,2025-08-11 14:47:53.207586
2025-08-11,13224,2025081104019695,CGH,Nepal Stock House (PVT) Ltd.,Sanima Securities Limited,50,991.0,49550.0,2025-08-11 14:47:53.207790
2025-08-11,13223,2025081104019696,CGH,J.F. Securites (PVT) Ltd.,Sanima Securities Limited,30,991.0,29730.0,2025-08-11 14:47:53.207866
2025-08-11,13222,2025081104019697,CGH,Sani Securities Company Ltd.,Sanima Securities Limited,100,991.0,99100.0,2025-08-11 14:47:53.207940
2025-08-11,13221,2025081104019698,CGH,Vision Securities Pvt. Ltd,Sanima Securities Limited,50,991.0,49550.0,2025-08-11 14:47:53.208012
2025-08-11,13220,2025081104019699,CGH,South Asian Bulls Pvt. Ltd.,Sanima Securities Limited,100,991.0,99100.0,2025-08-11 14:47:53.208080
2025-08-11,13219,2025081104019700,CGH,Online Securities Pvt. Ltd.,Sanima Securities Limited,50,991.0,49550.0,2025-08-11 14:47:53.208153
2025-08-11,13218,2025081104019701,CGH,Imperial Securities Company Pvt. Ltd.,Sanima Securities Limited,20,991.0,19820.0,2025-08-11 14:47:53.208224
2025-08-11,13217,2025081104019702,CGH,Indira securities pvt. ltd,Sanima Securities Limited,50,990.0,49500.0,2025-08-11 14:47:53.208296
2025-08-11,13129,2025081104019713,CGH,Deevyaa Securities & Stock House Pvt. Ltd,Cristal Kanchanjanga Securites Pvt. Ltd.,47,991.0,46577.0,2025-08-11 14:47:59.783507
2025-08-11,13026,2025081104019729,CGH,Midas Stock Broking Company Private Limited,Cristal Kanchanjanga Securites Pvt. Ltd.,700,991.0,693700.0,2025-08-11 14:48:08.172006
2025-08-11,12092,2025081104020047,CGH,Kohinoor Investment & Securities Pvt. Ltd.,ABC Securities Private Limited,100,990.0,99000.0,2025-08-11 14:49:15.825575
2025-08-11,12091,2025081104020048,CGH,Sundhara Securities Limited,ABC Securities Private Limited,100,990.0,99000.0,2025-08-11 14:49:15.825925
2025-08-11,12010,2025081104020068,CGH,Premier Securities Company Ltd.,Ashutosh Brokerage & Securities (PVT) Ltd.,304,990.0,300960.0,2025-08-11 14:49:22.226191
2025-08-11,12009,2025081104020069,CGH,N.M.B. SECURITIES LIMITED,Ashutosh Brokerage & Securities (PVT) Ltd.,100,990.0,99000.0,2025-08-11 14:49:22.226384
2025-08-11,12008,2025081104020070,CGH,N.M.B. SECURITIES LIMITED,Ashutosh Brokerage & Securities (PVT) Ltd.,75,990.0,74250.0,2025-08-11 14:49:22.226459
2025-08-11,12007,2025081104020071,CGH,Trisul Securities & Invt. Ltd.,Ashutosh Brokerage & Securities (PVT) Ltd.,21,990.0,20790.0,2025-08-11 14:49:22.226530
2025-08-11,11845,2025081104020115,CGH,Trisul Securities & Invt. Ltd.,Midas Stock Broking Company Private Limited,29,990.0,28710.0,2025-08-11 14:49:32.680125
2025-08-11,11844,2025081104020116,CGH,Naasa Securities Co. Ltd.,Midas Stock Broking Company Private Limited,100,990.0,99000.0,2025-08-11 14:49:32.680348
2025-08-11,11843,2025081104020117,CGH,Vision Securities Pvt. Ltd,Midas Stock Broking Company Private Limited,30,990.0,29700.0,2025-08-11 14:49:32.680473
2025-08-11,11842,2025081104020118,CGH,Vision Securities Pvt. Ltd,Midas Stock Broking Company Private Limited,10,990.0,9900.0,2025-08-11 14:49:32.680551
2025-08-11,11841,2025081104020119,CGH,ABC Securities Private Limited,Midas Stock Broking Company Private Limited,500,990.0,495000.0,2025-08-11 14:49:32.680626
2025-08-11,11840,2025081104020120,CGH,Capital Max Securities Ltd,Midas Stock Broking Company Private Limited,31,990.0,30690.0,2025-08-11 14:49:32.680696
2025-08-11,11672,2025081104020161,CGH,Capital Max Securities Ltd,Vision Securities Pvt. Ltd,100,990.0,99000.0,2025-08-11 14:49:46.799773
2025-08-11,11486,2025081104020201,CGH,Deevyaa Securities & Stock House Pvt. Ltd,Cristal Kanchanjanga Securites Pvt. Ltd.,50,991.0,49550.0,2025-08-11 14:49:58.929905
2025-08-11,11446,2025081104020221,CGH,Capital Max Securities Ltd,Imperial Securities Company Pvt. Ltd.,469,990.0,464310.0,2025-08-11 14:50:02.104612
2025-08-11,11445,2025081104020222,CGH,Neev Securities Pvt. Ltd.,Imperial Securities Company Pvt. Ltd.,31,990.0,30690.0,2025-08-11 14:50:02.104803
2025-08-11,10956,2025081104020355,CGH,Neev Securities Pvt. Ltd.,Citizens Share Broker Limited,169,990.0,167310.0,2025-08-11 14:50:40.584424
2025-08-11,10955,2025081104020356,CGH,Kalika Securities Pvt. Ltd.,Citizens Share Broker Limited,281,990.0,278190.0,2025-08-11 14:50:40.584763
2025-08-11,10792,2025081104020407,CGH,Naasa Securities Co. Ltd.,Capital Hub P. Ltd,50,990.1,49505.0,2025-08-11 14:50:55.660097
2025-08-11,10791,2025081104020408,CGH,Kalika Securities Pvt. Ltd.,Capital Hub P. Ltd,59,990.0,58410.0,2025-08-11 14:50:55.660489
2025-08-11,10790,2025081104020409,CGH,Kalika Securities Pvt. Ltd.,Capital Hub P. Ltd,10,990.0,9900.0,2025-08-11 14:50:55.660706
2025-08-11,10789,2025081104020410,CGH,Sani Securities Company Ltd.,Capital Hub P. Ltd,50,990.0,49500.0,2025-08-11 14:50:55.660906
2025-08-11,10788,2025081104020411,CGH,Roadshow securities limited,Capital Hub P. Ltd,231,990.0,228690.0,2025-08-11 14:50:55.661114
2025-08-11,10702,2025081104020446,CGH,Roadshow securities limited,Nepal Investment And Securities Trading Private Limited,50,990.0,49500.0,2025-08-11 14:51:02.826408
2025-08-11,10469,2025081104020491,CGH,Roadshow securities limited,Creative Securities Pvt Ltd,200,990.0,198000.0,2025-08-11 14:51:19.253486
2025-08-11,10096,2025081104020570,CGH,Roadshow securities limited,ABC Securities Private Limited,19,990.0,18810.0,2025-08-11 14:51:52.780593
2025-08-11,9828,2025081104020664,CGH,Kalika Securities Pvt. Ltd.,Citizens Share Broker Limited,100,990.0,99000.0,2025-08-11 14:52:10.929426
2025-08-11,9827,2025081104020665,CGH,Nepal Stock House (PVT) Ltd.,Citizens Share Broker Limited,30,990.0,29700.0,2025-08-11 14:52:10.929644
2025-08-11,9826,2025081104020666,CGH,Deevyaa Securities & Stock House Pvt. Ltd,Citizens Share Broker Limited,150,990.0,148500.0,2025-08-11 14:52:10.929743
2025-08-11,9517,2025081104020780,CGH,Deevyaa Securities & Stock House Pvt. Ltd,Dakshinkali Investment & Securities Pvt. Ltd.,30,990.0,29700.0,2025-08-11 14:52:31.752915
2025-08-11,9165,2025081104020894,CGH,Deevyaa Securities & Stock House Pvt. Ltd,Asian Securities Private Ltd.,20,990.0,19800.0,2025-08-11 14:52:57.395807
2025-08-11,9164,2025081104020895,CGH,Sumeru Securities Pvt. Ltd.,Asian Securities Private Ltd.,10,990.0,9900.0,2025-08-11 14:52:57.396011
2025-08-11,8826,2025081104021020,CGH,Sumeru Securities Pvt. Ltd.,Asian Securities Private Ltd.,40,990.0,39600.0,2025-08-11 14:53:18.146396
2025-08-11,8409,2025081104021153,CGH,Siprabi Securities Pvt. Ltd.,Asian Securities Private Ltd.,50,990.0,49500.0,2025-08-11 14:53:46.392822
2025-08-11,8127,2025081104021234,CGH,Siprabi Securities Pvt. Ltd.,Sweta Securities Private Limited,57,989.0,56373.0,2025-08-11 14:54:09.796935
2025-08-11,7714,2025081104021350,CGH,Siprabi Securities Pvt. Ltd.,Trishakti Securities Public Limited,10,989.0,9890.0,2025-08-11 14:54:39.286594
2025-08-11,7216,2025081104021487,CGH,Siprabi Securities Pvt. Ltd.,ABC Securities Private Limited,33,989.0,32637.0,2025-08-11 14:55:09.219936
2025-08-11,7119,2025081104021508,CGH,Aryatara Investment & Securities,ABC Securities Private Limited,67,989.0,66263.0,2025-08-11 14:55:13.451167
2025-08-11,7118,2025081104021509,CGH,Aryatara Investment & Securities,Asian Securities Private Ltd.,43,990.0,42570.0,2025-08-11 14:55:13.451381
2025-08-11,7117,2025081104021510,CGH,Aryatara Investment & Securities,Sweta Securities Private Limited,150,990.9,148635.0,2025-08-11 14:55:13.451459
2025-08-11,7116,2025081104021511,CGH,Aryatara Investment & Securities,Cristal Kanchanjanga Securites Pvt. Ltd.,40,991.0,39640.0,2025-08-11 14:55:13.451532
2025-08-11,7060,2025081104021527,CGH,Sri Hari Securities Pvt. Ltd.,Nepal Stock House (PVT) Ltd.,100,988.0,98800.0,2025-08-11 14:55:16.583928
2025-08-11,7059,2025081104021528,CGH,Nepal Stock House (PVT) Ltd.,Nepal Stock House (PVT) Ltd.,100,988.0,98800.0,2025-08-11 14:55:16.584140
2025-08-11,6357,2025081104021734,CGH,Sani Securities Company Ltd.,Creative Securities Pvt Ltd,50,987.0,49350.0,2025-08-11 14:56:00.122784
2025-08-11,6356,2025081104021735,CGH,Dipshikha Dhitopatra Karobar Co. Pvt Ltd.,Creative Securities Pvt Ltd,20,987.0,19740.0,2025-08-11 14:56:00.122988
2025-08-11,6355,2025081104021736,CGH,Kohinoor Investment & Securities Pvt. Ltd.,Creative Securities Pvt Ltd,50,987.0,49350.0,2025-08-11 14:56:00.123057
2025-08-11,6354,2025081104021737,CGH,Naasa Securities Co. Ltd.,Creative Securities Pvt Ltd,20,985.2,19704.0,2025-08-11 14:56:00.123124
2025-08-11,6353,2025081104021738,CGH,Agrawal Securities (PVT) Ltd.,Creative Securities Pvt Ltd,50,985.2,49260.0,2025-08-11 14:56:00.123187
2025-08-11,6352,2025081104021739,CGH,Magnet Securities and Investment Company Private Limited,Creative Securities Pvt Ltd,100,985.1,98510.0,2025-08-11 14:56:00.123284
2025-08-11,6351,2025081104021740,CGH,South Asian Bulls Pvt. Ltd.,Creative Securities Pvt Ltd,100,985.1,98510.0,2025-08-11 14:56:00.123376
2025-08-11,6350,2025081104021741,CGH,Dynamic Money Managers Securities Pvt. Ltd.,Creative Securities Pvt Ltd,50,985.0,49250.0,2025-08-11 14:56:00.123448
2025-08-11,6349,2025081104021742,CGH,J.F. Securites (PVT) Ltd.,Creative Securities Pvt Ltd,50,985.0,49250.0,2025-08-11 14:56:00.123507
2025-08-11,6348,2025081104021743,CGH,Sundhara Securities Limited,Creative Securities Pvt Ltd,25,985.0,24625.0,2025-08-11 14:56:00.123570
2025-08-11,6347,2025081104021744,CGH,Shree Krishna Securities Ltd.,Creative Securities Pvt Ltd,10,985.0,9850.0,2025-08-11 14:56:00.123651
2025-08-11,6346,2025081104021745,CGH,Vision Securities Pvt. Ltd,Creative Securities Pvt Ltd,53,985.0,52205.0,2025-08-11 14:56:00.123727
2025-08-11,4527,2025081104022255,CGH,Oxford Securities Pvt. Ltd.,Dipshikha Dhitopatra Karobar Co. Pvt Ltd.,10,987.0,9870.0,2025-08-11 14:57:27.358065
2025-08-11,3513,2025081104022511,CGH,Primo Securities (PVT) Ltd.,APPLE SECURITIES PRIVATE LIMITED,10,985.5,9855.0,2025-08-11 14:58:15.000779
2025-08-11,3512,2025081104022512,CGH,Siprabi Securities Pvt. Ltd.,APPLE SECURITIES PRIVATE LIMITED,200,985.1,197020.0,2025-08-11 14:58:15.001113
2025-08-11,3511,2025081104022513,CGH,Vision Securities Pvt. Ltd,APPLE SECURITIES PRIVATE LIMITED,147,985.0,144795.0,2025-08-11 14:58:15.001391
2025-08-11,3510,2025081104022514,CGH,South Asian Bulls Pvt. Ltd.,APPLE SECURITIES PRIVATE LIMITED,100,985.0,98500.0,2025-08-11 14:58:15.001620
2025-08-11,3509,2025081104022515,CGH,Investment Management Nepal Pvt. Ltd.,APPLE SECURITIES PRIVATE LIMITED,43,985.0,42355.0,2025-08-11 14:58:15.001864
2025-08-11,1833,2025081104023008,CGH,Sani Securities Company Ltd.,Dipshikha Dhitopatra Karobar Co. Pvt Ltd.,30,986.0,29580.0,2025-08-11 14:59:18.288886
2025-08-11,1747,2025081104023030,CGH,Sani Securities Company Ltd.,Trademow Securities Private Limited,70,986.0,69020.0,2025-08-11 14:59:20.985874
2025-08-11,1746,2025081104023031,CGH,Investment Management Nepal Pvt. Ltd.,Trademow Securities Private Limited,157,985.0,154645.0,2025-08-11 14:59:20.985940
2025-08-11,1745,2025081104023032,CGH,Kohinoor Investment & Securities Pvt. Ltd.,Trademow Securities Private Limited,100,985.0,98500.0,2025-08-11 14:59:20.985971
2025-08-11,1744,2025081104023033,CGH,Vision Securities Pvt. Ltd,Trademow Securities Private Limited,300,985.0,295500.0,2025-08-11 14:59:20.986001
2025-08-11,1743,2025081104023034,CGH,Sani Securities Company Ltd.,Trademow Securities Private Limited,51,985.0,50235.0,2025-08-11 14:59:20.986038
2025-08-11,1742,2025081104023035,CGH,Naasa Securities Co. Ltd.,Trademow Securities Private Limited,100,985.0,98500.0,2025-08-11 14:59:20.986065
2025-08-11,1741,2025081104023036,CGH,Dynamic Money Managers Securities Pvt. Ltd.,Trademow Securities Private Limited,100,984.0,98400.0,2025-08-11 14:59:20.986093
2025-08-11,1740,2025081104023037,CGH,Dipshikha Dhitopatra Karobar Co. Pvt Ltd.,Trademow Securities Private Limited,1000,983.0,983000.0,2025-08-11 14:59:20.986119
2025-08-11,1739,2025081104023038,CGH,Sani Securities Company Ltd.,Trademow Securities Private Limited,100,982.0,98200.0,2025-08-11 14:59:20.986147
2025-08-11,1738,2025081104023039,CGH,Linch Stock Market Ltd.,Trademow Securities Private Limited,50,981.0,49050.0,2025-08-11 14:59:20.986172
2025-08-11,1737,2025081104023040,CGH,Aryatara Investment & Securities,Trademow Securities Private Limited,100,981.0,98100.0,2025-08-11 14:59:20.986196
2025-08-11,1736,2025081104023041,CGH,Trisul Securities & Invt. Ltd.,Trademow Securities Private Limited,100,980.1,98010.0,2025-08-11 14:59:20.986224
2025-08-11,1735,2025081104023042,CGH,Agrawal Securities (PVT) Ltd.,Trademow Securities Private Limited,51,980.1,49985.1,2025-08-11 14:59:20.986254
2025-08-11,1734,2025081104023043,CGH,Naasa Securities Co. Ltd.,Trademow Securities Private Limited,50,980.0,49000.0,2025-08-11 14:59:20.986284
2025-08-11,1733,2025081104023044,CGH,Himalayan Brokerage Company Limited,Trademow Securities Private Limited,100,980.0,98000.0,2025-08-11 14:59:20.986325
2025-08-11,1732,2025081104023045,CGH,ABC Securities Private Limited,Trademow Securities Private Limited,100,980.0,98000.0,2025-08-11 14:59:20.986357
2025-08-11,1731,2025081104023046,CGH,Shree Krishna Securities Ltd.,Trademow Securities Private Limited,10,980.0,9800.0,2025-08-11 14:59:20.986382
2025-08-11,1730,2025081104023047,CGH,Investment Management Nepal Pvt. Ltd.,Trademow Securities Private Limited,200,980.0,196000.0,2025-08-11 14:59:20.986405
2025-08-11,1729,2025081104023048,CGH,Ashutosh Brokerage & Securities (PVT) Ltd.,Trademow Securities Private Limited,20,980.0,19600.0,2025-08-11 14:59:20.986441
2025-08-11,1728,2025081104023049,CGH,Midas Stock Broking Company Private Limited,Trademow Securities Private Limited,200,980.0,196000.0,2025-08-11 14:59:20.986475
2025-08-11,1727,2025081104023050,CGH,Pragyan Securities (PVT) Ltd.,Trademow Securities Private Limited,10,980.0,9800.0,2025-08-11 14:59:20.986506
2025-08-11,1726,2025081104023051,CGH,Thrive Brokerage House Pvt. Ltd,Trademow Securities Private Limited,200,980.0,196000.0,2025-08-11 14:59:20.986531
2025-08-11,1725,2025081104023052,CGH,Nepal Stock House (PVT) Ltd.,Trademow Securities Private Limited,50,980.0,49000.0,2025-08-11 14:59:20.986560
2025-08-11,1724,2025081104023053,CGH,Premier Securities Company Ltd.,Trademow Securities Private Limited,200,980.0,196000.0,2025-08-11 14:59:20.986598
2025-08-11,1723,2025081104023054,CGH,Aryatara Investment & Securities,Trademow Securities Private Limited,50,980.0,49000.0,2025-08-11 14:59:20.986625
2025-08-11,1722,2025081104023055,CGH,Sani Securities Company Ltd.,Trademow Securities Private Limited,50,980.0,49000.0,2025-08-11 14:59:20.986650
2025-08-11,1721,2025081104023056,CGH,ABC Securities Private Limited,Trademow Securities Private Limited,100,980.0,98000.0,2025-08-11 14:59:20.986677
2025-08-11,1720,2025081104023057,CGH,Citizens Share Broker Limited,Trademow Securities Private Limited,50,980.0,49000.0,2025-08-11 14:59:20.986706
2025-08-11,1719,2025081104023058,CGH,Oxford Securities Pvt. Ltd.,Trademow Securities Private Limited,10,980.0,9800.0,2025-08-11 14:59:20.986743
2025-08-11,1718,2025081104023059,CGH,ABC Securities Private Limited,Trademow Securities Private Limited,50,978.1,48905.0,2025-08-11 14:59:20.986780
2025-08-11,1717,2025081104023060,CGH,Sewa Securities Pvt. Ltd.,Trademow Securities Private Limited,10,978.0,9780.0,2025-08-11 14:59:20.986807
2025-08-11,1716,2025081104023061,CGH,Naasa Securities Co. Ltd.,Trademow Securities Private Limited,10,975.7,9757.0,2025-08-11 14:59:20.986840
2025-08-11,1715,2025081104023062,CGH,ABC Securities Private Limited,Trademow Securities Private Limited,200,975.5,195100.0,2025-08-11 14:59:20.986870
2025-08-11,1714,2025081104023063,CGH,Kohinoor Investment & Securities Pvt. Ltd.,Trademow Securities Private Limited,50,975.1,48755.0,2025-08-11 14:59:20.986913
2025-08-11,1713,2025081104023064,CGH,Sharepro Securities Private Limited,Trademow Securities Private Limited,50,975.1,48755.0,2025-08-11 14:59:20.986951
2025-08-11,1712,2025081104023065,CGH,Sumeru Securities Pvt. Ltd.,Trademow Securities Private Limited,20,975.0,19500.0,2025-08-11 14:59:20.986981
2025-08-11,1711,2025081104023066,CGH,Imperial Securities Company Pvt. Ltd.,Trademow Securities Private Limited,100,975.0,97500.0,2025-08-11 14:59:20.987011
2025-08-11,1710,2025081104023067,CGH,Bhrikuti Stock Broking Co. Pvt. Ltd.,Trademow Securities Private Limited,50,975.0,48750.0,2025-08-11 14:59:20.987048
2025-08-11,1709,2025081104023068,CGH,Aryatara Investment & Securities,Trademow Securities Private Limited,100,975.0,97500.0,2025-08-11 14:59:20.987081
2025-08-11,1708,2025081104023069,CGH,Nepal Stock House (PVT) Ltd.,Trademow Securities Private Limited,100,975.0,97500.0,2025-08-11 14:59:20.987121
2025-08-11,1707,2025081104023070,CGH,South Asian Bulls Pvt. Ltd.,Trademow Securities Private Limited,40,975.0,39000.0,2025-08-11 14:59:20.987156
2025-08-11,1706,2025081104023071,CGH,Online Securities Pvt. Ltd.,Trademow Securities Private Limited,1000,975.0,975000.0,2025-08-11 14:59:20.987184
2025-08-11,1705,2025081104023072,CGH,Kumari Securities Private Limited,Trademow Securities Private Limited,100,975.0,97500.0,2025-08-11 14:59:20.987217
2025-08-11,1704,2025081104023073,CGH,Kohinoor Investment & Securities Pvt. Ltd.,Trademow Securities Private Limited,20,974.7,19494.0,2025-08-11 14:59:20.987245
2025-08-11,1703,2025081104023074,CGH,Sharepro Securities Private Limited,Trademow Securities Private Limited,938,974.2,913799.6,2025-08-11 14:59:20.987270
2025-08-11,1243,2025081104023230,CGH,Sani Securities Company Ltd.,Nepal Investment And Securities Trading Private Limited,10,985.1,9851.0,2025-08-11 14:59:33.859153
2025-08-11,770,2025081104023329,CGH,Sani Securities Company Ltd.,Thrive Brokerage House Pvt. Ltd,40,985.1,39404.0,2025-08-11 14:59:43.294417
2025-08-11,769,2025081104023330,CGH,Sundhara Securities Limited,Thrive Brokerage House Pvt. Ltd,100,975.0,97500.0,2025-08-11 14:59:43.294457
2025-08-11,768,2025081104023331,CGH,Primo Securities (PVT) Ltd.,Thrive Brokerage House Pvt. Ltd,10,974.4,9744.0,2025-08-11 14:59:43.294480
2025-08-11,767,2025081104023332,CGH,Sharepro Securities Private Limited,Thrive Brokerage House Pvt. Ltd,355,974.2,345841.0,2025-08-11 14:59:43.294503
