Date,S.N.,contract_id,symbol,buyer_broker,seller_broker,volume,price,amount,transaction_time
2025-08-11,95414,2025081103000316,GRDBL,Trishakti Securities Public Limited,Kohinoor Investment & Securities Pvt. Ltd.,10,1248.0,12480.0,2025-08-11 11:08:31.694570
2025-08-11,93052,2025081103000640,GRDBL,Kohinoor Investment & Securities Pvt. Ltd.,ABC Securities Private Limited,10,1250.0,12500.0,2025-08-11 11:13:52.994753
2025-08-11,93051,2025081103000641,GRDBL,Kohinoor Investment & Securities Pvt. Ltd.,Online Securities Pvt. Ltd.,10,1270.0,12700.0,2025-08-11 11:13:52.994810
2025-08-11,92543,2025081103000714,GRDBL,Siprabi Securities Pvt. Ltd.,Hatemalo Financial Services Private Limited,10,1249.0,12490.0,2025-08-11 11:15:03.281542
2025-08-11,90991,2025081103000943,GRDBL,Sewa Securities Pvt. Ltd.,J.F. Securites (PVT) Ltd.,10,1250.1,12501.0,2025-08-11 11:18:43.494929
2025-08-11,89141,2025081103001147,GRDBL,Trishakti Securities Public Limited,Naasa Securities Co. Ltd.,30,1251.0,37530.0,2025-08-11 11:23:17.583598
2025-08-11,86409,2025081103001472,GRDBL,KALASH STOCK MARKET PVT. LTD.,ABC Securities Private Limited,10,1267.0,12670.0,2025-08-11 11:29:37.426081
2025-08-11,86408,2025081103001473,GRDBL,KALASH STOCK MARKET PVT. LTD.,Linch Stock Market Ltd.,42,1267.9,53251.8,2025-08-11 11:29:37.426160
2025-08-11,86407,2025081103001474,GRDBL,KALASH STOCK MARKET PVT. LTD.,Thrive Brokerage House Pvt. Ltd,12,1267.9,15214.8,2025-08-11 11:29:37.426196
2025-08-11,86406,2025081103001475,GRDBL,KALASH STOCK MARKET PVT. LTD.,Sweta Securities Private Limited,200,1268.0,253600.0,2025-08-11 11:29:37.426228
2025-08-11,86405,2025081103001476,GRDBL,KALASH STOCK MARKET PVT. LTD.,Capital Max Securities Ltd,10,1268.0,12680.0,2025-08-11 11:29:37.426406
2025-08-11,86404,2025081103001477,GRDBL,KALASH STOCK MARKET PVT. LTD.,Sweta Securities Private Limited,400,1268.0,507200.0,2025-08-11 11:29:37.426518
2025-08-11,86403,2025081103001478,GRDBL,KALASH STOCK MARKET PVT. LTD.,Sweta Securities Private Limited,100,1269.0,126900.0,2025-08-11 11:29:37.426636
2025-08-11,86402,2025081103001479,GRDBL,KALASH STOCK MARKET PVT. LTD.,Sweta Securities Private Limited,100,1269.0,126900.0,2025-08-11 11:29:37.426782
2025-08-11,86401,2025081103001480,GRDBL,KALASH STOCK MARKET PVT. LTD.,J.F. Securites (PVT) Ltd.,10,1269.9,12699.0,2025-08-11 11:29:37.426903
2025-08-11,86400,2025081103001481,GRDBL,KALASH STOCK MARKET PVT. LTD.,Online Securities Pvt. Ltd.,90,1270.0,114300.0,2025-08-11 11:29:37.427042
2025-08-11,86399,2025081103001482,GRDBL,KALASH STOCK MARKET PVT. LTD.,Kohinoor Investment & Securities Pvt. Ltd.,10,1270.0,12700.0,2025-08-11 11:29:37.427191
2025-08-11,86135,2025081103001514,GRDBL,KALASH STOCK MARKET PVT. LTD.,Naasa Securities Co. Ltd.,10,1270.0,12700.0,2025-08-11 11:30:08.532736
2025-08-11,86076,2025081103001519,GRDBL,Sani Securities Company Ltd.,Naasa Securities Co. Ltd.,40,1272.0,50880.0,2025-08-11 11:30:19.574890
2025-08-11,85967,2025081103001535,GRDBL,KALASH STOCK MARKET PVT. LTD.,Online Securities Pvt. Ltd.,50,1270.0,63500.0,2025-08-11 11:30:34.629236
2025-08-11,85806,2025081103001553,GRDBL,KALASH STOCK MARKET PVT. LTD.,Naasa Securities Co. Ltd.,20,1270.0,25400.0,2025-08-11 11:30:56.203239
2025-08-11,84798,2025081103001673,GRDBL,KALASH STOCK MARKET PVT. LTD.,ABC Securities Private Limited,20,1270.0,25400.0,2025-08-11 11:33:12.451486
2025-08-11,84343,2025081103001726,GRDBL,KALASH STOCK MARKET PVT. LTD.,ABC Securities Private Limited,20,1270.0,25400.0,2025-08-11 11:34:14.981501
2025-08-11,84311,2025081103001730,GRDBL,Online Securities Pvt. Ltd.,ABC Securities Private Limited,10,1272.0,12720.0,2025-08-11 11:34:19.859865
2025-08-11,84310,2025081103001731,GRDBL,Online Securities Pvt. Ltd.,Sweta Securities Private Limited,30,1272.5,38175.0,2025-08-11 11:34:19.859940
2025-08-11,84309,2025081103001732,GRDBL,Online Securities Pvt. Ltd.,Dynamic Money Managers Securities Pvt. Ltd.,53,1276.0,67628.0,2025-08-11 11:34:19.859986
2025-08-11,83981,2025081103001758,GRDBL,Naasa Securities Co. Ltd.,Online Securities Pvt. Ltd.,23,1289.0,29647.0,2025-08-11 11:35:00.667344
2025-08-11,83980,2025081103001759,GRDBL,Naasa Securities Co. Ltd.,Thrive Brokerage House Pvt. Ltd,10,1289.9,12899.0,2025-08-11 11:35:00.667549
2025-08-11,83979,2025081103001760,GRDBL,Naasa Securities Co. Ltd.,Naasa Securities Co. Ltd.,10,1290.0,12900.0,2025-08-11 11:35:00.667706
2025-08-11,83554,2025081103001815,GRDBL,Trishakti Securities Public Limited,Neev Securities Pvt. Ltd.,165,1285.0,212025.0,2025-08-11 11:35:49.464875
2025-08-11,83358,2025081103001853,GRDBL,Trishakti Securities Public Limited,Investment Management Nepal Pvt. Ltd.,235,1285.0,301975.0,2025-08-11 11:36:17.665267
2025-08-11,82250,2025081103002080,GRDBL,Imperial Securities Company Pvt. Ltd.,ABC Securities Private Limited,10,1284.0,12840.0,2025-08-11 11:38:42.804530
2025-08-11,82154,2025081103002104,GRDBL,Imperial Securities Company Pvt. Ltd.,Kohinoor Investment & Securities Pvt. Ltd.,20,1284.0,25680.0,2025-08-11 11:39:00.105608
2025-08-11,82147,2025081103002105,GRDBL,Imperial Securities Company Pvt. Ltd.,Imperial Securities Company Pvt. Ltd.,120,1284.0,154080.0,2025-08-11 11:39:01.008946
2025-08-11,81785,2025081103002154,GRDBL,Naasa Securities Co. Ltd.,Bhrikuti Stock Broking Co. Pvt. Ltd.,1,1290.0,1290.0,2025-08-11 11:39:47.304951
2025-08-11,80839,2025081103002307,GRDBL,Trishakti Securities Public Limited,Primo Securities (PVT) Ltd.,100,1273.0,127300.0,2025-08-11 11:42:05.898666
2025-08-11,80641,2025081103002343,GRDBL,Trishakti Securities Public Limited,Naasa Securities Co. Ltd.,20,1273.0,25460.0,2025-08-11 11:42:35.968238
2025-08-11,80618,2025081103002346,GRDBL,Linch Stock Market Ltd.,Asian Securities Private Ltd.,30,1280.0,38400.0,2025-08-11 11:42:41.751208
2025-08-11,80617,2025081103002347,GRDBL,Linch Stock Market Ltd.,Magnet Securities and Investment Company Private Limited,10,1281.0,12810.0,2025-08-11 11:42:41.751349
2025-08-11,80616,2025081103002348,GRDBL,Linch Stock Market Ltd.,Imperial Securities Company Pvt. Ltd.,39,1283.0,50037.0,2025-08-11 11:42:41.751405
2025-08-11,79583,2025081103002522,GRDBL,Trishakti Securities Public Limited,Hatemalo Financial Services Private Limited,10,1273.0,12730.0,2025-08-11 11:45:10.234982
2025-08-11,79105,2025081103002584,GRDBL,Trishakti Securities Public Limited,Naasa Securities Co. Ltd.,60,1273.0,76380.0,2025-08-11 11:46:33.138923
2025-08-11,78968,2025081103002610,GRDBL,Creative Securities Pvt Ltd,Nepal Stock House (PVT) Ltd.,3,1248.2,3744.6,2025-08-11 11:46:55.520423
2025-08-11,78721,2025081103002668,GRDBL,Trishakti Securities Public Limited,Hatemalo Financial Services Private Limited,110,1273.0,140030.0,2025-08-11 11:47:35.655671
2025-08-11,78720,2025081103002669,GRDBL,Bhrikuti Stock Broking Co. Pvt. Ltd.,Hatemalo Financial Services Private Limited,100,1272.0,127200.0,2025-08-11 11:47:35.655810
2025-08-11,78719,2025081103002670,GRDBL,Himalayan Brokerage Company Limited,Hatemalo Financial Services Private Limited,290,1272.0,368880.0,2025-08-11 11:47:35.655857
2025-08-11,78546,2025081103002697,GRDBL,Creative Securities Pvt Ltd,Kumari Securities Private Limited,2,1250.0,2500.0,2025-08-11 11:48:02.999042
2025-08-11,78481,2025081103002715,GRDBL,Himalayan Brokerage Company Limited,Midas Stock Broking Company Private Limited,60,1272.0,76320.0,2025-08-11 11:48:14.355012
2025-08-11,78480,2025081103002716,GRDBL,Himalayan Brokerage Company Limited,Midas Stock Broking Company Private Limited,90,1272.0,114480.0,2025-08-11 11:48:14.355133
2025-08-11,78060,2025081103002788,GRDBL,Creative Securities Pvt Ltd,Shree Krishna Securities Ltd.,1,1250.0,1250.0,2025-08-11 11:49:21.627267
2025-08-11,77296,2025081103003012,GRDBL,Creative Securities Pvt Ltd,ABC Securities Private Limited,6,1255.0,7530.0,2025-08-11 11:51:12.267707
2025-08-11,77139,2025081103003054,GRDBL,Sweta Securities Private Limited,Siprabi Securities Pvt. Ltd.,50,1273.0,63650.0,2025-08-11 11:51:42.574375
2025-08-11,76903,2025081103003072,GRDBL,Himalayan Brokerage Company Limited,Siprabi Securities Pvt. Ltd.,11,1272.0,13992.0,2025-08-11 11:52:11.798886
2025-08-11,76902,2025081103003073,GRDBL,Himalayan Brokerage Company Limited,Siprabi Securities Pvt. Ltd.,20,1272.0,25440.0,2025-08-11 11:52:11.799109
2025-08-11,76766,2025081103003095,GRDBL,Kumari Securities Private Limited,Thrive Brokerage House Pvt. Ltd,2,1250.5,2501.0,2025-08-11 11:52:32.689045
2025-08-11,76748,2025081103003098,GRDBL,Himalayan Brokerage Company Limited,Siprabi Securities Pvt. Ltd.,10,1272.0,12720.0,2025-08-11 11:52:35.025740
2025-08-11,76664,2025081103003105,GRDBL,Himalayan Brokerage Company Limited,ABC Securities Private Limited,320,1272.0,407040.0,2025-08-11 11:52:42.859105
2025-08-11,76663,2025081103003106,GRDBL,Himalayan Brokerage Company Limited,ABC Securities Private Limited,80,1272.0,101760.0,2025-08-11 11:52:42.859248
2025-08-11,76292,2025081103003204,GRDBL,Himalayan Brokerage Company Limited,Primo Securities (PVT) Ltd.,50,1272.0,63600.0,2025-08-11 11:53:31.612458
2025-08-11,75284,2025081103003435,GRDBL,Himalayan Brokerage Company Limited,Kohinoor Investment & Securities Pvt. Ltd.,28,1272.0,35616.0,2025-08-11 11:56:00.213654
2025-08-11,75283,2025081103003436,GRDBL,KALASH STOCK MARKET PVT. LTD.,Kohinoor Investment & Securities Pvt. Ltd.,472,1270.0,599440.0,2025-08-11 11:56:00.213758
2025-08-11,75274,2025081103003441,GRDBL,KALASH STOCK MARKET PVT. LTD.,Vision Securities Pvt. Ltd,510,1270.0,647700.0,2025-08-11 11:56:01.937357
2025-08-11,75216,2025081103003448,GRDBL,KALASH STOCK MARKET PVT. LTD.,MILKY WAY SHARE BROKER COMPANY LTD ,500,1270.0,635000.0,2025-08-11 11:56:09.926133
2025-08-11,75183,2025081103003461,GRDBL,KALASH STOCK MARKET PVT. LTD.,Sri Hari Securities Pvt. Ltd.,20,1270.0,25400.0,2025-08-11 11:56:15.303099
2025-08-11,75142,2025081103003468,GRDBL,KALASH STOCK MARKET PVT. LTD.,Malla & Malla Stock Broking Company Pvt. Limited,100,1270.0,127000.0,2025-08-11 11:56:22.544256
2025-08-11,75134,2025081103003474,GRDBL,KALASH STOCK MARKET PVT. LTD.,Secured Securities Ltd.,20,1270.0,25400.0,2025-08-11 11:56:24.929238
2025-08-11,75030,2025081103003488,GRDBL,Creative Securities Pvt Ltd,Cristal Kanchanjanga Securites Pvt. Ltd.,1,1245.0,1245.0,2025-08-11 11:56:43.059094
2025-08-11,74759,2025081103003566,GRDBL,KALASH STOCK MARKET PVT. LTD.,Kohinoor Investment & Securities Pvt. Ltd.,110,1270.0,139700.0,2025-08-11 11:57:24.715716
2025-08-11,74665,2025081103003583,GRDBL,KALASH STOCK MARKET PVT. LTD.,Imperial Securities Company Pvt. Ltd.,135,1270.0,171450.0,2025-08-11 11:57:36.042607
2025-08-11,74652,2025081103003584,GRDBL,KALASH STOCK MARKET PVT. LTD.,Kohinoor Investment & Securities Pvt. Ltd.,20,1270.0,25400.0,2025-08-11 11:57:36.795950
2025-08-11,74531,2025081103003611,GRDBL,Kumari Securities Private Limited,Arun Securities (PVT) Ltd.,1,1245.0,1245.0,2025-08-11 11:57:54.091728
2025-08-11,71951,2025081103004062,GRDBL,Online Securities Pvt. Ltd.,Sipla Securities Private Limited,19,1259.0,23921.0,2025-08-11 12:05:03.026275
2025-08-11,71950,2025081103004063,GRDBL,Malla & Malla Stock Broking Company Pvt. Limited,Sipla Securities Private Limited,10,1258.4,12584.0,2025-08-11 12:05:03.026422
2025-08-11,71949,2025081103004064,GRDBL,Malla & Malla Stock Broking Company Pvt. Limited,Sipla Securities Private Limited,24,1258.3,30199.2,2025-08-11 12:05:03.026471
2025-08-11,70507,2025081103004296,GRDBL,Kumari Securities Private Limited,Sumeru Securities Pvt. Ltd.,1,1237.0,1237.0,2025-08-11 12:08:49.702272
2025-08-11,70117,2025081103004389,GRDBL,Imperial Securities Company Pvt. Ltd.,Blue Chip Securities Ltd,10,1260.0,12600.0,2025-08-11 12:10:03.902413
2025-08-11,67504,2025081103004943,GRDBL,Malla & Malla Stock Broking Company Pvt. Limited,Online Securities Pvt. Ltd.,26,1258.5,32721.0,2025-08-11 12:16:40.005380
2025-08-11,67503,2025081103004944,GRDBL,Malla & Malla Stock Broking Company Pvt. Limited,Online Securities Pvt. Ltd.,10,1258.4,12584.0,2025-08-11 12:16:40.005619
2025-08-11,67502,2025081103004945,GRDBL,Himalayan Brokerage Company Limited,Online Securities Pvt. Ltd.,400,1258.2,503280.0,2025-08-11 12:16:40.005767
2025-08-11,67501,2025081103004946,GRDBL,Himalayan Brokerage Company Limited,Online Securities Pvt. Ltd.,255,1258.1,320815.5,2025-08-11 12:16:40.005911
2025-08-11,67500,2025081103004947,GRDBL,Himalayan Brokerage Company Limited,Online Securities Pvt. Ltd.,309,1258.0,388722.0,2025-08-11 12:16:40.006075
2025-08-11,67281,2025081103004969,GRDBL,Himalayan Brokerage Company Limited,Naasa Securities Co. Ltd.,192,1258.0,241536.0,2025-08-11 12:17:22.034225
2025-08-11,67280,2025081103004970,GRDBL,Himalayan Brokerage Company Limited,Naasa Securities Co. Ltd.,23,1258.0,28934.0,2025-08-11 12:17:22.034463
2025-08-11,66837,2025081103005029,GRDBL,Himalayan Brokerage Company Limited,Dipshikha Dhitopatra Karobar Co. Pvt Ltd.,200,1258.0,251600.0,2025-08-11 12:18:32.066812
2025-08-11,66421,2025081103005113,GRDBL,Kumari Securities Private Limited,Sumeru Securities Pvt. Ltd.,1,1234.0,1234.0,2025-08-11 12:19:36.319468
2025-08-11,66364,2025081103005120,GRDBL,Kumari Securities Private Limited,Sumeru Securities Pvt. Ltd.,1,1235.0,1235.0,2025-08-11 12:19:45.356214
2025-08-11,62454,2025081103005821,GRDBL,Himalayan Brokerage Company Limited,J.F. Securites (PVT) Ltd.,16,1258.0,20128.0,2025-08-11 12:30:57.644569
2025-08-11,62180,2025081103005865,GRDBL,Kumari Securities Private Limited,Linch Stock Market Ltd.,1,1235.0,1235.0,2025-08-11 12:31:44.948495
2025-08-11,61417,2025081103005966,GRDBL,Vision Securities Pvt. Ltd,Sweta Securities Private Limited,100,1260.1,126010.0,2025-08-11 12:34:45.450391
2025-08-11,61275,2025081103005987,GRDBL,Asian Securities Private Ltd.,Sweta Securities Private Limited,35,1260.0,44100.0,2025-08-11 12:35:12.594578
2025-08-11,61045,2025081103006024,GRDBL,Creative Securities Pvt Ltd,Kalika Securities Pvt. Ltd.,6,1250.0,7500.0,2025-08-11 12:35:59.983221
2025-08-11,60980,2025081103006032,GRDBL,Kumari Securities Private Limited,Asian Securities Private Ltd.,1,1236.0,1236.0,2025-08-11 12:36:12.910733
2025-08-11,59556,2025081103006242,GRDBL,Malla & Malla Stock Broking Company Pvt. Limited,Siprabi Securities Pvt. Ltd.,10,1259.0,12590.0,2025-08-11 12:41:07.220160
2025-08-11,58978,2025081103006367,GRDBL,Kumari Securities Private Limited,Trishakti Securities Public Limited,1,1235.0,1235.0,2025-08-11 12:42:43.864832
2025-08-11,57271,2025081103006667,GRDBL,Himalayan Brokerage Company Limited,Naasa Securities Co. Ltd.,11,1258.0,13838.0,2025-08-11 12:49:36.552450
2025-08-11,57270,2025081103006668,GRDBL,Siprabi Securities Pvt. Ltd.,Naasa Securities Co. Ltd.,39,1255.2,48952.8,2025-08-11 12:49:36.552716
2025-08-11,54639,2025081103007099,GRDBL,Vision Securities Pvt. Ltd,Naasa Securities Co. Ltd.,10,1255.6,12556.0,2025-08-11 12:59:20.888603
2025-08-11,54368,2025081103007161,GRDBL,Vision Securities Pvt. Ltd,Arun Securities (PVT) Ltd.,20,1255.6,25112.0,2025-08-11 13:00:29.089427
2025-08-11,54367,2025081103007162,GRDBL,Naasa Securities Co. Ltd.,Arun Securities (PVT) Ltd.,15,1255.5,18832.5,2025-08-11 13:00:29.089686
2025-08-11,54366,2025081103007163,GRDBL,Kohinoor Investment & Securities Pvt. Ltd.,Arun Securities (PVT) Ltd.,100,1255.5,125550.0,2025-08-11 13:00:29.089831
2025-08-11,54365,2025081103007164,GRDBL,Midas Stock Broking Company Private Limited,Arun Securities (PVT) Ltd.,10,1255.5,12555.0,2025-08-11 13:00:29.089965
2025-08-11,54364,2025081103007165,GRDBL,Siprabi Securities Pvt. Ltd.,Arun Securities (PVT) Ltd.,61,1255.4,76579.4,2025-08-11 13:00:29.090138
2025-08-11,54363,2025081103007166,GRDBL,J.F. Securites (PVT) Ltd.,Arun Securities (PVT) Ltd.,100,1255.3,125530.0,2025-08-11 13:00:29.090276
2025-08-11,54362,2025081103007167,GRDBL,Aryatara Investment & Securities,Arun Securities (PVT) Ltd.,26,1255.3,32637.8,2025-08-11 13:00:29.090408
2025-08-11,54361,2025081103007168,GRDBL,Nepal Investment And Securities Trading Private Limited,Arun Securities (PVT) Ltd.,168,1255.0,210840.0,2025-08-11 13:00:29.090537
2025-08-11,53514,2025081103007310,GRDBL,Kumari Securities Private Limited,Sweta Securities Private Limited,1,1240.0,1240.0,2025-08-11 13:03:33.345944
2025-08-11,52427,2025081103007509,GRDBL,Kohinoor Investment & Securities Pvt. Ltd.,Midas Stock Broking Company Private Limited,15,1255.1,18826.5,2025-08-11 13:07:15.387527
2025-08-11,52070,2025081103007581,GRDBL,Aryatara Investment & Securities,Deevyaa Securities & Stock House Pvt. Ltd,20,1255.2,25104.0,2025-08-11 13:08:15.242530
2025-08-11,52069,2025081103007582,GRDBL,Kohinoor Investment & Securities Pvt. Ltd.,Deevyaa Securities & Stock House Pvt. Ltd,30,1255.1,37653.0,2025-08-11 13:08:15.242767
2025-08-11,51528,2025081103007709,GRDBL,Kohinoor Investment & Securities Pvt. Ltd.,Siprabi Securities Pvt. Ltd.,20,1255.1,25102.0,2025-08-11 13:09:55.160776
2025-08-11,49726,2025081103008055,GRDBL,Kohinoor Investment & Securities Pvt. Ltd.,Shree Krishna Securities Ltd.,35,1255.1,43928.5,2025-08-11 13:15:37.035708
2025-08-11,49725,2025081103008056,GRDBL,Nepal Investment And Securities Trading Private Limited,Shree Krishna Securities Ltd.,175,1255.0,219625.0,2025-08-11 13:15:37.035768
2025-08-11,49724,2025081103008057,GRDBL,Trishakti Securities Public Limited,Shree Krishna Securities Ltd.,80,1254.0,100320.0,2025-08-11 13:15:37.035797
2025-08-11,49559,2025081103008066,GRDBL,Trishakti Securities Public Limited,Asian Securities Private Ltd.,215,1254.0,269610.0,2025-08-11 13:16:12.676322
2025-08-11,49549,2025081103008067,GRDBL,Trishakti Securities Public Limited,SHUBHAKAMANA SECURITIES PVT. LTD,10,1253.1,12531.0,2025-08-11 13:16:12.934476
2025-08-11,49548,2025081103008068,GRDBL,Trishakti Securities Public Limited,SHUBHAKAMANA SECURITIES PVT. LTD,70,1251.0,87570.0,2025-08-11 13:16:12.934519
2025-08-11,49547,2025081103008069,GRDBL,Hatemalo Financial Services Private Limited,SHUBHAKAMANA SECURITIES PVT. LTD,20,1250.0,25000.0,2025-08-11 13:16:12.934549
2025-08-11,49546,2025081103008070,GRDBL,Primo Securities (PVT) Ltd.,SHUBHAKAMANA SECURITIES PVT. LTD,50,1250.0,62500.0,2025-08-11 13:16:12.934576
2025-08-11,49545,2025081103008071,GRDBL,Naasa Securities Co. Ltd.,SHUBHAKAMANA SECURITIES PVT. LTD,23,1248.0,28704.0,2025-08-11 13:16:12.934603
2025-08-11,49544,2025081103008072,GRDBL,Naasa Securities Co. Ltd.,SHUBHAKAMANA SECURITIES PVT. LTD,20,1245.0,24900.0,2025-08-11 13:16:12.934628
2025-08-11,49543,2025081103008073,GRDBL,Malla & Malla Stock Broking Company Pvt. Limited,SHUBHAKAMANA SECURITIES PVT. LTD,100,1245.0,124500.0,2025-08-11 13:16:12.934656
2025-08-11,49542,2025081103008074,GRDBL,Thrive Brokerage House Pvt. Ltd,SHUBHAKAMANA SECURITIES PVT. LTD,50,1240.6,62030.0,2025-08-11 13:16:12.934693
2025-08-11,49541,2025081103008075,GRDBL,Siprabi Securities Pvt. Ltd.,SHUBHAKAMANA SECURITIES PVT. LTD,100,1240.0,124000.0,2025-08-11 13:16:12.934716
2025-08-11,49540,2025081103008076,GRDBL,Aryatara Investment & Securities,SHUBHAKAMANA SECURITIES PVT. LTD,10,1235.0,12350.0,2025-08-11 13:16:12.934741
2025-08-11,49539,2025081103008077,GRDBL,Shree Krishna Securities Ltd.,SHUBHAKAMANA SECURITIES PVT. LTD,30,1235.0,37050.0,2025-08-11 13:16:12.934769
2025-08-11,49538,2025081103008078,GRDBL,Sweta Securities Private Limited,SHUBHAKAMANA SECURITIES PVT. LTD,17,1235.0,20995.0,2025-08-11 13:16:12.934792
2025-08-11,49465,2025081103008102,GRDBL,Sweta Securities Private Limited,SHUBHAKAMANA SECURITIES PVT. LTD,250,1235.0,308750.0,2025-08-11 13:16:34.001560
2025-08-11,49376,2025081103008115,GRDBL,Sweta Securities Private Limited,SHUBHAKAMANA SECURITIES PVT. LTD,10,1235.0,12350.0,2025-08-11 13:16:56.056215
2025-08-11,45222,2025081103008877,GRDBL,SUN SECURITIES PVT LTD,Aryatara Investment & Securities,18,1259.0,22662.0,2025-08-11 13:29:55.814401
2025-08-11,45094,2025081103008908,GRDBL,Imperial Securities Company Pvt. Ltd.,Hatemalo Financial Services Private Limited,10,1241.2,12412.0,2025-08-11 13:30:19.600635
2025-08-11,44720,2025081103008987,GRDBL,Imperial Securities Company Pvt. Ltd.,SHUBHAKAMANA SECURITIES PVT. LTD,90,1241.4,111726.0,2025-08-11 13:31:24.464171
2025-08-11,44719,2025081103008988,GRDBL,Thrive Brokerage House Pvt. Ltd,SHUBHAKAMANA SECURITIES PVT. LTD,20,1241.3,24826.0,2025-08-11 13:31:24.464273
2025-08-11,44718,2025081103008989,GRDBL,Sewa Securities Pvt. Ltd.,SHUBHAKAMANA SECURITIES PVT. LTD,30,1241.1,37233.0,2025-08-11 13:31:24.464376
2025-08-11,44717,2025081103008990,GRDBL,Malla & Malla Stock Broking Company Pvt. Limited,SHUBHAKAMANA SECURITIES PVT. LTD,100,1241.0,124100.0,2025-08-11 13:31:24.464479
2025-08-11,44716,2025081103008991,GRDBL,Indira securities pvt. ltd,SHUBHAKAMANA SECURITIES PVT. LTD,100,1241.0,124100.0,2025-08-11 13:31:24.464559
2025-08-11,44715,2025081103008992,GRDBL,Sani Securities Company Ltd.,SHUBHAKAMANA SECURITIES PVT. LTD,70,1240.4,86828.0,2025-08-11 13:31:24.464633
2025-08-11,44714,2025081103008993,GRDBL,Siprabi Securities Pvt. Ltd.,SHUBHAKAMANA SECURITIES PVT. LTD,200,1240.3,248060.0,2025-08-11 13:31:24.464706
2025-08-11,44713,2025081103008994,GRDBL,Kohinoor Investment & Securities Pvt. Ltd.,SHUBHAKAMANA SECURITIES PVT. LTD,12,1238.0,14856.0,2025-08-11 13:31:24.464779
2025-08-11,44712,2025081103008995,GRDBL,Linch Stock Market Ltd.,SHUBHAKAMANA SECURITIES PVT. LTD,10,1237.0,12370.0,2025-08-11 13:31:24.464853
2025-08-11,44711,2025081103008996,GRDBL,Kohinoor Investment & Securities Pvt. Ltd.,SHUBHAKAMANA SECURITIES PVT. LTD,200,1236.0,247200.0,2025-08-11 13:31:24.464938
2025-08-11,44710,2025081103008997,GRDBL,Indira securities pvt. ltd,SHUBHAKAMANA SECURITIES PVT. LTD,100,1235.3,123530.0,2025-08-11 13:31:24.465176
2025-08-11,44709,2025081103008998,GRDBL,Dipshikha Dhitopatra Karobar Co. Pvt Ltd.,SHUBHAKAMANA SECURITIES PVT. LTD,50,1235.3,61765.0,2025-08-11 13:31:24.465278
2025-08-11,44708,2025081103008999,GRDBL,Kohinoor Investment & Securities Pvt. Ltd.,SHUBHAKAMANA SECURITIES PVT. LTD,36,1235.2,44467.2,2025-08-11 13:31:24.465376
2025-08-11,43925,2025081103009118,GRDBL,Asian Securities Private Ltd.,Arun Securities (PVT) Ltd.,20,1235.4,24708.0,2025-08-11 13:33:19.772589
2025-08-11,43924,2025081103009119,GRDBL,Trishakti Securities Public Limited,Arun Securities (PVT) Ltd.,300,1235.3,370590.0,2025-08-11 13:33:19.772693
2025-08-11,43923,2025081103009120,GRDBL,Kohinoor Investment & Securities Pvt. Ltd.,Arun Securities (PVT) Ltd.,164,1235.2,202572.8,2025-08-11 13:33:19.772770
2025-08-11,43922,2025081103009121,GRDBL,Primo Securities (PVT) Ltd.,Arun Securities (PVT) Ltd.,16,1235.0,19760.0,2025-08-11 13:33:19.772842
2025-08-11,42273,2025081103009388,GRDBL,Primo Securities (PVT) Ltd.,Arun Securities (PVT) Ltd.,64,1235.0,79040.0,2025-08-11 13:37:00.471845
2025-08-11,42272,2025081103009389,GRDBL,Neev Securities Pvt. Ltd.,Arun Securities (PVT) Ltd.,100,1235.0,123500.0,2025-08-11 13:37:00.471964
2025-08-11,42271,2025081103009390,GRDBL,Linch Stock Market Ltd.,Arun Securities (PVT) Ltd.,10,1235.0,12350.0,2025-08-11 13:37:00.472060
2025-08-11,42270,2025081103009391,GRDBL,Sweta Securities Private Limited,Arun Securities (PVT) Ltd.,48,1234.0,59232.0,2025-08-11 13:37:00.472138
2025-08-11,42269,2025081103009392,GRDBL,Nepal Investment And Securities Trading Private Limited,Arun Securities (PVT) Ltd.,100,1234.0,123400.0,2025-08-11 13:37:00.472214
2025-08-11,42268,2025081103009393,GRDBL,Midas Stock Broking Company Private Limited,Arun Securities (PVT) Ltd.,100,1233.2,123320.0,2025-08-11 13:37:00.472297
2025-08-11,42267,2025081103009394,GRDBL,Naasa Securities Co. Ltd.,Arun Securities (PVT) Ltd.,50,1232.9,61645.0,2025-08-11 13:37:00.472381
2025-08-11,42266,2025081103009395,GRDBL,Kohinoor Investment & Securities Pvt. Ltd.,Arun Securities (PVT) Ltd.,15,1231.2,18468.0,2025-08-11 13:37:00.472457
2025-08-11,42265,2025081103009396,GRDBL,SHUBHAKAMANA SECURITIES PVT. LTD,Arun Securities (PVT) Ltd.,13,1231.1,16004.3,2025-08-11 13:37:00.472534
2025-08-11,42214,2025081103009411,GRDBL,Online Securities Pvt. Ltd.,Kohinoor Investment & Securities Pvt. Ltd.,1,1233.0,1233.0,2025-08-11 13:37:10.869230
2025-08-11,42180,2025081103009417,GRDBL,SHUBHAKAMANA SECURITIES PVT. LTD,Nepal Stock House (PVT) Ltd.,10,1231.1,12311.0,2025-08-11 13:37:16.786813
2025-08-11,39504,2025081103009850,GRDBL,Online Securities Pvt. Ltd.,Nagarik Stock Dealer ,15,1232.5,18487.5,2025-08-11 13:44:26.457533
2025-08-11,39503,2025081103009851,GRDBL,Sumeru Securities Pvt. Ltd.,Nagarik Stock Dealer ,50,1232.2,61610.0,2025-08-11 13:44:26.457634
2025-08-11,39502,2025081103009852,GRDBL,Imperial Securities Company Pvt. Ltd.,Nagarik Stock Dealer ,10,1232.1,12321.0,2025-08-11 13:44:26.457708
2025-08-11,39501,2025081103009853,GRDBL,SHUBHAKAMANA SECURITIES PVT. LTD,Nagarik Stock Dealer ,77,1231.1,94794.7,2025-08-11 13:44:26.457797
2025-08-11,39500,2025081103009854,GRDBL,Linch Stock Market Ltd.,Nagarik Stock Dealer ,10,1231.1,12311.0,2025-08-11 13:44:26.457859
2025-08-11,39499,2025081103009855,GRDBL,Imperial Securities Company Pvt. Ltd.,Nagarik Stock Dealer ,60,1231.0,73860.0,2025-08-11 13:44:26.457943
2025-08-11,39498,2025081103009856,GRDBL,Aryatara Investment & Securities,Nagarik Stock Dealer ,50,1230.0,61500.0,2025-08-11 13:44:26.458015
2025-08-11,39497,2025081103009857,GRDBL,Naasa Securities Co. Ltd.,Nagarik Stock Dealer ,10,1226.0,12260.0,2025-08-11 13:44:26.458104
2025-08-11,39496,2025081103009858,GRDBL,Trishakti Securities Public Limited,Nagarik Stock Dealer ,20,1225.1,24502.0,2025-08-11 13:44:26.458170
2025-08-11,39495,2025081103009859,GRDBL,Sewa Securities Pvt. Ltd.,Nagarik Stock Dealer ,50,1225.0,61250.0,2025-08-11 13:44:26.458254
2025-08-11,39494,2025081103009860,GRDBL,Naasa Securities Co. Ltd.,Nagarik Stock Dealer ,100,1224.1,122410.0,2025-08-11 13:44:26.458324
2025-08-11,39493,2025081103009861,GRDBL,Dynamic Money Managers Securities Pvt. Ltd.,Nagarik Stock Dealer ,48,1223.0,58704.0,2025-08-11 13:44:26.458383
2025-08-11,37941,2025081103010189,GRDBL,Imperial Securities Company Pvt. Ltd.,Aryatara Investment & Securities,20,1226.0,24520.0,2025-08-11 13:49:29.171892
2025-08-11,37940,2025081103010190,GRDBL,Thrive Brokerage House Pvt. Ltd,Aryatara Investment & Securities,10,1225.1,12251.0,2025-08-11 13:49:29.172149
2025-08-11,37939,2025081103010191,GRDBL,Linch Stock Market Ltd.,Aryatara Investment & Securities,10,1225.1,12251.0,2025-08-11 13:49:29.172295
2025-08-11,37938,2025081103010192,GRDBL,Imperial Securities Company Pvt. Ltd.,Aryatara Investment & Securities,10,1225.0,12250.0,2025-08-11 13:49:29.172438
2025-08-11,36001,2025081103010527,GRDBL,Sani Securities Company Ltd.,Premier Securities Company Ltd.,20,1240.0,24800.0,2025-08-11 13:55:04.238128
2025-08-11,35942,2025081103010532,GRDBL,Siprabi Securities Pvt. Ltd.,Hatemalo Financial Services Private Limited,10,1227.0,12270.0,2025-08-11 13:55:15.930794
2025-08-11,32402,2025081103011053,GRDBL,South Asian Bulls Pvt. Ltd.,KALASH STOCK MARKET PVT. LTD.,140,1240.0,173600.0,2025-08-11 14:07:02.985558
2025-08-11,32176,2025081103011086,GRDBL,South Asian Bulls Pvt. Ltd.,Vision Securities Pvt. Ltd,10,1240.0,12400.0,2025-08-11 14:07:36.101510
2025-08-11,32090,2025081103011105,GRDBL,South Asian Bulls Pvt. Ltd.,Agrawal Securities (PVT) Ltd.,10,1240.0,12400.0,2025-08-11 14:07:49.888773
2025-08-11,30930,2025081103011304,GRDBL,Asian Securities Private Ltd.,Agrawal Securities (PVT) Ltd.,40,1240.0,49600.0,2025-08-11 14:10:44.693093
2025-08-11,30752,2025081103011343,GRDBL,Sani Securities Company Ltd.,Linch Stock Market Ltd.,80,1242.0,99360.0,2025-08-11 14:11:19.448240
2025-08-11,30147,2025081103011435,GRDBL,Naasa Securities Co. Ltd.,Vision Securities Pvt. Ltd,40,1242.0,49680.0,2025-08-11 14:13:19.737798
2025-08-11,29084,2025081103011628,GRDBL,Sundhara Securities Limited,Deevyaa Securities & Stock House Pvt. Ltd,300,1232.1,369630.0,2025-08-11 14:16:02.777839
2025-08-11,28945,2025081103011642,GRDBL,Sundhara Securities Limited,Deevyaa Securities & Stock House Pvt. Ltd,135,1232.1,166333.5,2025-08-11 14:16:26.902946
2025-08-11,27568,2025081103011850,GRDBL,Investment Management Nepal Pvt. Ltd.,J.F. Securites (PVT) Ltd.,13,1233.0,16029.0,2025-08-11 14:20:17.538939
2025-08-11,27054,2025081103011960,GRDBL,Investment Management Nepal Pvt. Ltd.,Cristal Kanchanjanga Securites Pvt. Ltd.,18,1233.0,22194.0,2025-08-11 14:21:44.045293
2025-08-11,23480,2025081103012552,GRDBL,Vision Securities Pvt. Ltd,Sani Securities Company Ltd.,10,1245.0,12450.0,2025-08-11 14:30:58.830503
2025-08-11,22957,2025081103012624,GRDBL,Trishakti Securities Public Limited,Naasa Securities Co. Ltd.,10,1235.5,12355.0,2025-08-11 14:32:05.087982
2025-08-11,22956,2025081103012625,GRDBL,Imperial Securities Company Pvt. Ltd.,Naasa Securities Co. Ltd.,40,1235.0,49400.0,2025-08-11 14:32:05.088293
2025-08-11,21478,2025081103012854,GRDBL,Imperial Securities Company Pvt. Ltd.,Himalayan Brokerage Company Limited,10,1235.0,12350.0,2025-08-11 14:35:24.215840
2025-08-11,21477,2025081103012855,GRDBL,Deevyaa Securities & Stock House Pvt. Ltd,Himalayan Brokerage Company Limited,10,1235.0,12350.0,2025-08-11 14:35:24.216136
2025-08-11,21476,2025081103012856,GRDBL,Investment Management Nepal Pvt. Ltd.,Himalayan Brokerage Company Limited,17,1233.0,20961.0,2025-08-11 14:35:24.216312
2025-08-11,21475,2025081103012857,GRDBL,Creative Securities Pvt Ltd,Himalayan Brokerage Company Limited,50,1233.0,61650.0,2025-08-11 14:35:24.216468
2025-08-11,21474,2025081103012858,GRDBL,Sundhara Securities Limited,Himalayan Brokerage Company Limited,65,1232.1,80086.5,2025-08-11 14:35:24.216632
2025-08-11,21473,2025081103012859,GRDBL,Sundhara Securities Limited,Himalayan Brokerage Company Limited,213,1232.0,262416.0,2025-08-11 14:35:24.216798
2025-08-11,21292,2025081103012892,GRDBL,Sundhara Securities Limited,Agrawal Securities (PVT) Ltd.,200,1232.0,246400.0,2025-08-11 14:35:48.549569
2025-08-11,18854,2025081103013330,GRDBL,Bhrikuti Stock Broking Co. Pvt. Ltd.,Imperial Securities Company Pvt. Ltd.,3,1210.0,3630.0,2025-08-11 14:40:27.235822
2025-08-11,18095,2025081103013526,GRDBL,Sumeru Securities Pvt. Ltd.,KALASH STOCK MARKET PVT. LTD.,100,1235.1,123510.0,2025-08-11 14:41:43.815070
2025-08-11,18094,2025081103013527,GRDBL,Aryatara Investment & Securities,KALASH STOCK MARKET PVT. LTD.,300,1235.0,370500.0,2025-08-11 14:41:43.815242
2025-08-11,17580,2025081103013616,GRDBL,Sundhara Securities Limited,Himalayan Brokerage Company Limited,87,1232.0,107184.0,2025-08-11 14:42:20.445211
2025-08-11,17579,2025081103013617,GRDBL,Indira securities pvt. ltd,Himalayan Brokerage Company Limited,100,1232.0,123200.0,2025-08-11 14:42:20.445347
2025-08-11,17578,2025081103013618,GRDBL,Aryatara Investment & Securities,Himalayan Brokerage Company Limited,10,1232.0,12320.0,2025-08-11 14:42:20.445404
2025-08-11,17577,2025081103013619,GRDBL,Naasa Securities Co. Ltd.,Himalayan Brokerage Company Limited,10,1232.0,12320.0,2025-08-11 14:42:20.445455
2025-08-11,17576,2025081103013620,GRDBL,Primo Securities (PVT) Ltd.,Himalayan Brokerage Company Limited,45,1230.0,55350.0,2025-08-11 14:42:20.445510
2025-08-11,17575,2025081103013621,GRDBL,Sweta Securities Private Limited,Himalayan Brokerage Company Limited,248,1230.0,305040.0,2025-08-11 14:42:20.445569
2025-08-11,15698,2025081103013999,GRDBL,Sweta Securities Private Limited,Dipshikha Dhitopatra Karobar Co. Pvt Ltd.,40,1230.0,49200.0,2025-08-11 14:44:58.194853
2025-08-11,15655,2025081103014019,GRDBL,Sweta Securities Private Limited,Himalayan Brokerage Company Limited,45,1230.0,55350.0,2025-08-11 14:45:00.926117
2025-08-11,15654,2025081103014020,GRDBL,Linch Stock Market Ltd.,Himalayan Brokerage Company Limited,10,1228.4,12284.0,2025-08-11 14:45:00.926280
2025-08-11,15653,2025081103014021,GRDBL,Sani Securities Company Ltd.,Himalayan Brokerage Company Limited,30,1228.4,36852.0,2025-08-11 14:45:00.926341
2025-08-11,15652,2025081103014022,GRDBL,Dipshikha Dhitopatra Karobar Co. Pvt Ltd.,Himalayan Brokerage Company Limited,50,1228.1,61405.0,2025-08-11 14:45:00.926390
2025-08-11,15651,2025081103014023,GRDBL,Imperial Securities Company Pvt. Ltd.,Himalayan Brokerage Company Limited,10,1228.1,12281.0,2025-08-11 14:45:00.926440
2025-08-11,15650,2025081103014024,GRDBL,Naasa Securities Co. Ltd.,Himalayan Brokerage Company Limited,30,1227.0,36810.0,2025-08-11 14:45:00.926496
2025-08-11,15649,2025081103014025,GRDBL,Sewa Securities Pvt. Ltd.,Himalayan Brokerage Company Limited,40,1226.0,49040.0,2025-08-11 14:45:00.926553
2025-08-11,15648,2025081103014026,GRDBL,Hatemalo Financial Services Private Limited,Himalayan Brokerage Company Limited,20,1224.1,24482.0,2025-08-11 14:45:00.926609
2025-08-11,15647,2025081103014027,GRDBL,Naasa Securities Co. Ltd.,Himalayan Brokerage Company Limited,90,1224.0,110160.0,2025-08-11 14:45:00.926661
2025-08-11,15646,2025081103014028,GRDBL,Nepal Investment And Securities Trading Private Limited,Himalayan Brokerage Company Limited,148,1223.0,181004.0,2025-08-11 14:45:00.926716
2025-08-11,15645,2025081103014029,GRDBL,Sagarmatha Securities Private Limited,Himalayan Brokerage Company Limited,200,1222.7,244540.0,2025-08-11 14:45:00.926778
2025-08-11,15644,2025081103014030,GRDBL,Thrive Brokerage House Pvt. Ltd,Himalayan Brokerage Company Limited,10,1222.7,12227.0,2025-08-11 14:45:00.926833
2025-08-11,15643,2025081103014031,GRDBL,Vision Securities Pvt. Ltd,Himalayan Brokerage Company Limited,25,1222.0,30550.0,2025-08-11 14:45:00.926892
2025-08-11,15642,2025081103014032,GRDBL,Primo Securities (PVT) Ltd.,Himalayan Brokerage Company Limited,100,1221.0,122100.0,2025-08-11 14:45:00.926943
2025-08-11,15641,2025081103014033,GRDBL,Dipshikha Dhitopatra Karobar Co. Pvt Ltd.,Himalayan Brokerage Company Limited,100,1220.0,122000.0,2025-08-11 14:45:00.926994
2025-08-11,15640,2025081103014034,GRDBL,Opal Securities Investment (PVT) Ltd.,Himalayan Brokerage Company Limited,50,1220.0,61000.0,2025-08-11 14:45:00.927049
2025-08-11,15639,2025081103014035,GRDBL,Imperial Securities Company Pvt. Ltd.,Himalayan Brokerage Company Limited,40,1220.0,48800.0,2025-08-11 14:45:00.927101
2025-08-11,15638,2025081103014036,GRDBL,Imperial Securities Company Pvt. Ltd.,Himalayan Brokerage Company Limited,10,1220.0,12200.0,2025-08-11 14:45:00.927149
2025-08-11,15637,2025081103014037,GRDBL,BHOLE GANESH SECURITIES LTD,Himalayan Brokerage Company Limited,200,1220.0,244000.0,2025-08-11 14:45:00.927204
2025-08-11,15636,2025081103014038,GRDBL,Neev Securities Pvt. Ltd.,Himalayan Brokerage Company Limited,100,1220.0,122000.0,2025-08-11 14:45:00.927253
2025-08-11,15364,2025081103014108,GRDBL,Linch Stock Market Ltd.,Himalayan Brokerage Company Limited,10,1220.0,12200.0,2025-08-11 14:45:25.160207
2025-08-11,15286,2025081103014127,GRDBL,Sani Securities Company Ltd.,Himalayan Brokerage Company Limited,40,1220.0,48800.0,2025-08-11 14:45:30.184968
2025-08-11,15101,2025081103014191,GRDBL,ABC Securities Private Limited,Himalayan Brokerage Company Limited,100,1220.0,122000.0,2025-08-11 14:45:40.259556
2025-08-11,14769,2025081103014278,GRDBL,Asian Securities Private Ltd.,Himalayan Brokerage Company Limited,20,1220.0,24400.0,2025-08-11 14:46:11.582545
2025-08-11,14690,2025081103014295,GRDBL,Siprabi Securities Pvt. Ltd.,Himalayan Brokerage Company Limited,22,1220.0,26840.0,2025-08-11 14:46:16.132014
2025-08-11,13376,2025081103014505,GRDBL,Dynamic Money Managers Securities Pvt. Ltd.,Thrive Brokerage House Pvt. Ltd,2,1223.0,2446.0,2025-08-11 14:47:40.148226
2025-08-11,8985,2025081103015489,GRDBL,Naasa Securities Co. Ltd.,Himalayan Brokerage Company Limited,10,1222.0,12220.0,2025-08-11 14:53:09.545820
2025-08-11,8984,2025081103015490,GRDBL,Online Securities Pvt. Ltd.,Himalayan Brokerage Company Limited,10,1221.0,12210.0,2025-08-11 14:53:09.545957
2025-08-11,8983,2025081103015491,GRDBL,Hatemalo Financial Services Private Limited,Himalayan Brokerage Company Limited,20,1220.1,24402.0,2025-08-11 14:53:09.546076
2025-08-11,8982,2025081103015492,GRDBL,Siprabi Securities Pvt. Ltd.,Himalayan Brokerage Company Limited,68,1220.1,82966.8,2025-08-11 14:53:09.546169
2025-08-11,8981,2025081103015493,GRDBL,Imperial Securities Company Pvt. Ltd.,Himalayan Brokerage Company Limited,20,1220.0,24400.0,2025-08-11 14:53:09.546259
2025-08-11,8980,2025081103015494,GRDBL,Infinity Securities Limited,Himalayan Brokerage Company Limited,35,1220.0,42700.0,2025-08-11 14:53:09.546344
2025-08-11,8979,2025081103015495,GRDBL,Imperial Securities Company Pvt. Ltd.,Himalayan Brokerage Company Limited,288,1220.0,351360.0,2025-08-11 14:53:09.546473
2025-08-11,8117,2025081103015650,GRDBL,Imperial Securities Company Pvt. Ltd.,Miyo Securities Pvt Ltd,10,1216.1,12161.0,2025-08-11 14:54:11.096205
2025-08-11,8116,2025081103015651,GRDBL,Midas Stock Broking Company Private Limited,Miyo Securities Pvt Ltd,50,1215.1,60755.0,2025-08-11 14:54:11.096251
2025-08-11,8115,2025081103015652,GRDBL,Creative Securities Pvt Ltd,Miyo Securities Pvt Ltd,25,1215.0,30375.0,2025-08-11 14:54:11.096274
2025-08-11,8114,2025081103015653,GRDBL,Indira securities pvt. ltd,Miyo Securities Pvt Ltd,100,1215.0,121500.0,2025-08-11 14:54:11.096297
2025-08-11,8113,2025081103015654,GRDBL,Imperial Securities Company Pvt. Ltd.,Miyo Securities Pvt Ltd,212,1215.0,257580.0,2025-08-11 14:54:11.096319
2025-08-11,8112,2025081103015655,GRDBL,Premier Securities Company Ltd.,Miyo Securities Pvt Ltd,54,1215.0,65610.0,2025-08-11 14:54:11.096340
2025-08-11,7482,2025081103015787,GRDBL,Kohinoor Investment & Securities Pvt. Ltd.,Agrawal Securities (PVT) Ltd.,10,1221.0,12210.0,2025-08-11 14:54:53.580438
2025-08-11,7308,2025081103015835,GRDBL,Imperial Securities Company Pvt. Ltd.,Imperial Securities Company Pvt. Ltd.,10,1215.1,12151.0,2025-08-11 14:55:02.725899
2025-08-11,7307,2025081103015836,GRDBL,Premier Securities Company Ltd.,Imperial Securities Company Pvt. Ltd.,40,1215.0,48600.0,2025-08-11 14:55:02.726020
2025-08-11,7291,2025081103015842,GRDBL,Dipshikha Dhitopatra Karobar Co. Pvt Ltd.,Sani Securities Company Ltd.,25,1212.0,30300.0,2025-08-11 14:55:04.853473
2025-08-11,7290,2025081103015843,GRDBL,Linch Stock Market Ltd.,Sani Securities Company Ltd.,52,1211.0,62972.0,2025-08-11 14:55:04.853577
2025-08-11,7289,2025081103015844,GRDBL,Premier Securities Company Ltd.,Sani Securities Company Ltd.,250,1211.0,302750.0,2025-08-11 14:55:04.853673
2025-08-11,7288,2025081103015845,GRDBL,Online Securities Pvt. Ltd.,Sani Securities Company Ltd.,35,1210.3,42360.5,2025-08-11 14:55:04.853731
2025-08-11,7287,2025081103015846,GRDBL,South Asian Bulls Pvt. Ltd.,Sani Securities Company Ltd.,50,1210.3,60515.0,2025-08-11 14:55:04.853792
2025-08-11,7286,2025081103015847,GRDBL,Secured Securities Ltd.,Sani Securities Company Ltd.,50,1210.3,60515.0,2025-08-11 14:55:04.853878
2025-08-11,7285,2025081103015848,GRDBL,ABC Securities Private Limited,Sani Securities Company Ltd.,30,1210.0,36300.0,2025-08-11 14:55:04.853982
2025-08-11,5790,2025081103016120,GRDBL,Imperial Securities Company Pvt. Ltd.,Vision Securities Pvt. Ltd,10,1208.5,12085.0,2025-08-11 14:56:30.534380
2025-08-11,5789,2025081103016121,GRDBL,Linch Stock Market Ltd.,Vision Securities Pvt. Ltd,10,1208.5,12085.0,2025-08-11 14:56:30.534505
2025-08-11,5788,2025081103016122,GRDBL,Vision Securities Pvt. Ltd,Vision Securities Pvt. Ltd,50,1208.4,60420.0,2025-08-11 14:56:30.534566
2025-08-11,5744,2025081103016131,GRDBL,Dipshikha Dhitopatra Karobar Co. Pvt Ltd.,Vision Securities Pvt. Ltd,30,1208.0,36240.0,2025-08-11 14:56:33.112909
2025-08-11,5556,2025081103016158,GRDBL,Primo Securities (PVT) Ltd.,Sani Securities Company Ltd.,20,1207.5,24150.0,2025-08-11 14:56:44.071345
2025-08-11,5555,2025081103016159,GRDBL,Imperial Securities Company Pvt. Ltd.,Sani Securities Company Ltd.,10,1207.5,12075.0,2025-08-11 14:56:44.071424
2025-08-11,5554,2025081103016160,GRDBL,Dipshikha Dhitopatra Karobar Co. Pvt Ltd.,Sani Securities Company Ltd.,50,1207.2,60360.0,2025-08-11 14:56:44.071518
2025-08-11,5553,2025081103016161,GRDBL,Premier Securities Company Ltd.,Sani Securities Company Ltd.,170,1207.1,205207.0,2025-08-11 14:56:44.071583
2025-08-11,5497,2025081103016180,GRDBL,Nepal Stock House (PVT) Ltd.,Vision Securities Pvt. Ltd,20,1208.0,24160.0,2025-08-11 14:56:47.308461
2025-08-11,3471,2025081103016692,GRDBL,Siprabi Securities Pvt. Ltd.,Vision Securities Pvt. Ltd,30,1210.0,36300.0,2025-08-11 14:58:16.154853
2025-08-11,2807,2025081103016817,GRDBL,Siprabi Securities Pvt. Ltd.,Sumeru Securities Pvt. Ltd.,10,1210.0,12100.0,2025-08-11 14:58:41.035640
2025-08-11,2806,2025081103016818,GRDBL,Aryatara Investment & Securities,Sumeru Securities Pvt. Ltd.,25,1210.0,30250.0,2025-08-11 14:58:41.035790
2025-08-11,2805,2025081103016819,GRDBL,Bhrikuti Stock Broking Co. Pvt. Ltd.,Sumeru Securities Pvt. Ltd.,76,1210.0,91960.0,2025-08-11 14:58:41.035847
2025-08-11,2681,2025081103016836,GRDBL,Bhrikuti Stock Broking Co. Pvt. Ltd.,ABC Securities Private Limited,20,1210.0,24200.0,2025-08-11 14:58:46.622582
2025-08-11,2680,2025081103016837,GRDBL,Bhrikuti Stock Broking Co. Pvt. Ltd.,Imperial Securities Company Pvt. Ltd.,4,1210.0,4840.0,2025-08-11 14:58:46.622832
2025-08-11,773,2025081103017210,GRDBL,Premier Securities Company Ltd.,Naasa Securities Co. Ltd.,10,1220.0,12200.0,2025-08-11 14:59:43.260294
2025-08-11,503,2025081103017275,GRDBL,Premier Securities Company Ltd.,INDEX SECURITIES LIMITED,10,1220.0,12200.0,2025-08-11 14:59:48.181692
2025-08-11,253,2025081103017338,GRDBL,Kumari Securities Private Limited,Agrawal Securities (PVT) Ltd.,10,1220.0,12200.0,2025-08-11 14:59:55.531121
