Date,S.N.,Contract ID,Symbol,Buyer Broker,Seller Broker,volume,rate,amount,transaction_time
2025-08-11,98221,2025081105000107,HIDCL,Roadshow securities limited,Linch Stock Market Ltd.,10,298.9,2989.0,2025-08-11 11:01:08.997652
2025-08-11,97912,2025081105000200,HIDCL,Market Securities & Exchange (PVT) Ltd.,Trishakti Securities Public Limited,160,298.0,47680.0,2025-08-11 11:02:10.822121
2025-08-11,97911,2025081105000201,HIDCL,Market Securities & Exchange (PVT) Ltd.,Linch Stock Market Ltd.,90,298.9,26901.0,2025-08-11 11:02:10.822220
2025-08-11,97714,2025081105000271,HIDCL,Imperial Securities Company Pvt. Ltd.,Linch Stock Market Ltd.,20,298.9,5978.0,2025-08-11 11:02:44.775129
2025-08-11,97580,2025081105000314,HIDCL,Secured Securities Ltd.,Trisul Securities & Invt. Ltd.,50,298.0,14900.0,2025-08-11 11:03:13.323766
2025-08-11,97567,2025081105000315,HIDCL,Secured Securities Ltd.,Bhrikuti Stock Broking Co. Pvt. Ltd.,300,298.0,89400.0,2025-08-11 11:03:15.114002
2025-08-11,97543,2025081105000321,HIDCL,Secured Securities Ltd.,Bhrikuti Stock Broking Co. Pvt. Ltd.,150,298.0,44700.0,2025-08-11 11:03:19.159977
2025-08-11,97542,2025081105000322,HIDCL,Naasa Securities Co. Ltd.,Bhrikuti Stock Broking Co. Pvt. Ltd.,150,298.0,44700.0,2025-08-11 11:03:19.160073
2025-08-11,97509,2025081105000333,HIDCL,Naasa Securities Co. Ltd.,Trisul Securities & Invt. Ltd.,50,298.0,14900.0,2025-08-11 11:03:24.429773
2025-08-11,97370,2025081105000365,HIDCL,ABC Securities Private Limited,Capital Max Securities Ltd,1000,296.0,296000.0,2025-08-11 11:03:51.201078
2025-08-11,96364,2025081105000694,HIDCL,Nepal Investment And Securities Trading Private Limited,Creative Securities Pvt Ltd,500,296.0,148000.0,2025-08-11 11:06:19.587491
2025-08-11,96020,2025081105000793,HIDCL,Naasa Securities Co. Ltd.,Nagarik Stock Dealer ,300,295.0,88500.0,2025-08-11 11:07:04.987124
2025-08-11,96019,2025081105000794,HIDCL,Online Securities Pvt. Ltd.,Nagarik Stock Dealer ,150,295.0,44250.0,2025-08-11 11:07:04.987223
2025-08-11,96018,2025081105000795,HIDCL,Online Securities Pvt. Ltd.,Nagarik Stock Dealer ,110,295.0,32450.0,2025-08-11 11:07:04.987268
2025-08-11,96017,2025081105000796,HIDCL,Opal Securities Investment (PVT) Ltd.,Nagarik Stock Dealer ,30,295.0,8850.0,2025-08-11 11:07:04.987335
2025-08-11,96016,2025081105000797,HIDCL,Naasa Securities Co. Ltd.,Nagarik Stock Dealer ,410,295.0,120950.0,2025-08-11 11:07:04.987384
2025-08-11,95628,2025081105000927,HIDCL,Market Securities & Exchange (PVT) Ltd.,Aakashbhairab Securities Ltd.,250,296.0,74000.0,2025-08-11 11:07:59.633998
2025-08-11,95354,2025081105001014,HIDCL,Nepal Stock House (PVT) Ltd.,Kohinoor Investment & Securities Pvt. Ltd.,36,295.1,10623.6,2025-08-11 11:08:40.758795
2025-08-11,95215,2025081105001042,HIDCL,J.F. Securites (PVT) Ltd.,Aakashbhairab Securities Ltd.,200,296.0,59200.0,2025-08-11 11:09:00.044910
2025-08-11,95068,2025081105001106,HIDCL,Nepal Stock House (PVT) Ltd.,Kohinoor Investment & Securities Pvt. Ltd.,65,295.1,19181.5,2025-08-11 11:09:24.012617
2025-08-11,95049,2025081105001113,HIDCL,Nepal Stock House (PVT) Ltd.,Aakashbhairab Securities Ltd.,99,295.1,29214.9,2025-08-11 11:09:27.933698
2025-08-11,95048,2025081105001114,HIDCL,Naasa Securities Co. Ltd.,Aakashbhairab Securities Ltd.,90,295.0,26550.0,2025-08-11 11:09:27.933840
2025-08-11,95047,2025081105001115,HIDCL,Opal Securities Investment (PVT) Ltd.,Aakashbhairab Securities Ltd.,300,295.0,88500.0,2025-08-11 11:09:27.933896
2025-08-11,95046,2025081105001116,HIDCL,Sumeru Securities Pvt. Ltd.,Aakashbhairab Securities Ltd.,1000,295.0,295000.0,2025-08-11 11:09:27.933952
2025-08-11,95045,2025081105001117,HIDCL,S.P.S.A. Securities Limited,Aakashbhairab Securities Ltd.,200,295.0,59000.0,2025-08-11 11:09:27.934002
2025-08-11,95044,2025081105001118,HIDCL,Vision Securities Pvt. Ltd,Aakashbhairab Securities Ltd.,311,295.0,91745.0,2025-08-11 11:09:27.934050
2025-08-11,94587,2025081105001256,HIDCL,Vision Securities Pvt. Ltd,Linch Stock Market Ltd.,80,295.0,23600.0,2025-08-11 11:10:28.838886
2025-08-11,94327,2025081105001356,HIDCL,Online Securities Pvt. Ltd.,Thrive Brokerage House Pvt. Ltd,150,294.6,44190.0,2025-08-11 11:11:01.573992
2025-08-11,94326,2025081105001357,HIDCL,Creative Securities Pvt Ltd,Thrive Brokerage House Pvt. Ltd,10,294.6,2946.0,2025-08-11 11:11:01.574142
2025-08-11,94325,2025081105001358,HIDCL,Sani Securities Company Ltd.,Thrive Brokerage House Pvt. Ltd,40,294.5,11780.0,2025-08-11 11:11:01.574204
2025-08-11,94166,2025081105001437,HIDCL,Sani Securities Company Ltd.,Midas Stock Broking Company Private Limited,144,294.5,42408.0,2025-08-11 11:11:20.302705
2025-08-11,94084,2025081105001456,HIDCL,Sani Securities Company Ltd.,Thrive Brokerage House Pvt. Ltd,200,294.5,58900.0,2025-08-11 11:11:34.705303
2025-08-11,93826,2025081105001531,HIDCL,Sani Securities Company Ltd.,Kumari Securities Private Limited,25,294.5,7362.5,2025-08-11 11:12:11.878009
2025-08-11,93302,2025081105001708,HIDCL,Sani Securities Company Ltd.,Thrive Brokerage House Pvt. Ltd,15,295.0,4425.0,2025-08-11 11:13:22.222011
2025-08-11,93301,2025081105001709,HIDCL,Kalika Securities Pvt. Ltd.,Thrive Brokerage House Pvt. Ltd,21,294.6,6186.6,2025-08-11 11:13:22.222127
2025-08-11,93177,2025081105001741,HIDCL,Kalika Securities Pvt. Ltd.,ABC Securities Private Limited,30,294.6,8838.0,2025-08-11 11:13:35.958433
2025-08-11,92789,2025081105001857,HIDCL,Kalika Securities Pvt. Ltd.,Sani Securities Company Ltd.,46,294.6,13551.6,2025-08-11 11:14:30.588071
2025-08-11,92662,2025081105001897,HIDCL,Kalika Securities Pvt. Ltd.,Aakashbhairab Securities Ltd.,1703,294.6,501703.8,2025-08-11 11:14:46.885087
2025-08-11,92661,2025081105001898,HIDCL,Sani Securities Company Ltd.,Aakashbhairab Securities Ltd.,592,294.5,174344.0,2025-08-11 11:14:46.885277
2025-08-11,92660,2025081105001899,HIDCL,Sani Securities Company Ltd.,Aakashbhairab Securities Ltd.,500,294.2,147100.0,2025-08-11 11:14:46.885367
2025-08-11,92659,2025081105001900,HIDCL,Bhrikuti Stock Broking Co. Pvt. Ltd.,Aakashbhairab Securities Ltd.,500,294.2,147100.0,2025-08-11 11:14:46.885433
2025-08-11,92658,2025081105001901,HIDCL,Aakashbhairab Securities Ltd.,Aakashbhairab Securities Ltd.,1000,294.1,294100.0,2025-08-11 11:14:46.885503
2025-08-11,92657,2025081105001902,HIDCL,Aakashbhairab Securities Ltd.,Aakashbhairab Securities Ltd.,705,294.0,207270.0,2025-08-11 11:14:46.885586
2025-08-11,92576,2025081105001925,HIDCL,Aakashbhairab Securities Ltd.,Aakashbhairab Securities Ltd.,295,294.0,86730.0,2025-08-11 11:14:57.921885
2025-08-11,92575,2025081105001926,HIDCL,Sani Securities Company Ltd.,Aakashbhairab Securities Ltd.,10,294.0,2940.0,2025-08-11 11:14:57.922063
2025-08-11,92574,2025081105001927,HIDCL,Sumeru Securities Pvt. Ltd.,Aakashbhairab Securities Ltd.,1000,294.0,294000.0,2025-08-11 11:14:57.922147
2025-08-11,92334,2025081105002010,HIDCL,Aakashbhairab Securities Ltd.,Premier Securities Company Ltd.,10,293.0,2930.0,2025-08-11 11:15:37.496892
2025-08-11,91645,2025081105002222,HIDCL,Secured Securities Ltd.,Deevyaa Securities & Stock House Pvt. Ltd,433,293.1,126912.3,2025-08-11 11:17:04.651040
2025-08-11,91644,2025081105002223,HIDCL,Aakashbhairab Securities Ltd.,Deevyaa Securities & Stock House Pvt. Ltd,990,293.0,290070.0,2025-08-11 11:17:04.651358
2025-08-11,91643,2025081105002224,HIDCL,Sumeru Securities Pvt. Ltd.,Deevyaa Securities & Stock House Pvt. Ltd,300,293.0,87900.0,2025-08-11 11:17:04.651547
2025-08-11,91642,2025081105002225,HIDCL,Bhrikuti Stock Broking Co. Pvt. Ltd.,Deevyaa Securities & Stock House Pvt. Ltd,100,293.0,29300.0,2025-08-11 11:17:04.651737
2025-08-11,91505,2025081105002277,HIDCL,Sani Securities Company Ltd.,Deevyaa Securities & Stock House Pvt. Ltd,15,293.0,4395.0,2025-08-11 11:17:33.791189
2025-08-11,91504,2025081105002278,HIDCL,Kumari Securities Private Limited,Agrawal Securities (PVT) Ltd.,100,292.5,29250.0,2025-08-11 11:17:33.840641
2025-08-11,91503,2025081105002279,HIDCL,Trisul Securities & Invt. Ltd.,Agrawal Securities (PVT) Ltd.,50,292.0,14600.0,2025-08-11 11:17:33.840887
2025-08-11,91502,2025081105002280,HIDCL,Sani Securities Company Ltd.,Agrawal Securities (PVT) Ltd.,1000,292.0,292000.0,2025-08-11 11:17:33.841094
2025-08-11,91501,2025081105002281,HIDCL,Trisul Securities & Invt. Ltd.,Agrawal Securities (PVT) Ltd.,50,292.0,14600.0,2025-08-11 11:17:33.841305
2025-08-11,91500,2025081105002282,HIDCL,Investment Management Nepal Pvt. Ltd.,Agrawal Securities (PVT) Ltd.,2000,292.0,584000.0,2025-08-11 11:17:33.841541
2025-08-11,91499,2025081105002283,HIDCL,Dipshikha Dhitopatra Karobar Co. Pvt Ltd.,Agrawal Securities (PVT) Ltd.,300,292.0,87600.0,2025-08-11 11:17:33.841787
2025-08-11,90929,2025081105002475,HIDCL,Asian Securities Private Ltd.,Deevyaa Securities & Stock House Pvt. Ltd,162,293.0,47466.0,2025-08-11 11:18:52.215716
2025-08-11,90748,2025081105002548,HIDCL,Agrawal Securities (PVT) Ltd.,Aakashbhairab Securities Ltd.,1500,294.0,441000.0,2025-08-11 11:19:19.855565
2025-08-11,90438,2025081105002636,HIDCL,Agrawal Securities (PVT) Ltd.,Aakashbhairab Securities Ltd.,195,294.0,57330.0,2025-08-11 11:19:59.280591
2025-08-11,90437,2025081105002637,HIDCL,Agrawal Securities (PVT) Ltd.,Nepal Stock House (PVT) Ltd.,1000,295.0,295000.0,2025-08-11 11:19:59.280791
2025-08-11,90436,2025081105002638,HIDCL,Agrawal Securities (PVT) Ltd.,Siprabi Securities Pvt. Ltd.,144,295.0,42480.0,2025-08-11 11:19:59.280864
2025-08-11,90192,2025081105002737,HIDCL,Agrawal Securities (PVT) Ltd.,Roadshow securities limited,161,295.0,47495.0,2025-08-11 11:20:26.979242
2025-08-11,89531,2025081105003004,HIDCL,Dipshikha Dhitopatra Karobar Co. Pvt Ltd.,Linch Stock Market Ltd.,500,294.1,147050.0,2025-08-11 11:22:04.340307
2025-08-11,88312,2025081105003502,HIDCL,Dynamic Money Managers Securities Pvt. Ltd.,Secured Securities Ltd.,170,295.9,50303.0,2025-08-11 11:25:17.311227
2025-08-11,88276,2025081105003525,HIDCL,Online Securities Pvt. Ltd.,Aakashbhairab Securities Ltd.,1000,296.0,296000.0,2025-08-11 11:25:23.013933
2025-08-11,88234,2025081105003549,HIDCL,Oxford Securities Pvt. Ltd.,Aakashbhairab Securities Ltd.,1000,296.0,296000.0,2025-08-11 11:25:26.761998
2025-08-11,88030,2025081105003651,HIDCL,Dynamic Money Managers Securities Pvt. Ltd.,Kohinoor Investment & Securities Pvt. Ltd.,42,295.9,12427.8,2025-08-11 11:25:52.781586
2025-08-11,87874,2025081105003717,HIDCL,Dynamic Money Managers Securities Pvt. Ltd.,Roadshow securities limited,600,295.9,177540.0,2025-08-11 11:26:17.838255
2025-08-11,87763,2025081105003761,HIDCL,Dynamic Money Managers Securities Pvt. Ltd.,Dynamic Money Managers Securities Pvt. Ltd.,13,295.9,3846.7,2025-08-11 11:26:34.026050
2025-08-11,87238,2025081105004008,HIDCL,Dynamic Money Managers Securities Pvt. Ltd.,Dynamic Money Managers Securities Pvt. Ltd.,40,295.9,11836.0,2025-08-11 11:27:50.739701
2025-08-11,87068,2025081105004081,HIDCL,Agrawal Securities (PVT) Ltd.,Dynamic Money Managers Securities Pvt. Ltd.,247,295.9,73087.3,2025-08-11 11:28:19.747665
2025-08-11,87067,2025081105004082,HIDCL,Agrawal Securities (PVT) Ltd.,Aakashbhairab Securities Ltd.,253,296.0,74888.0,2025-08-11 11:28:19.747874
2025-08-11,85645,2025081105004660,HIDCL,Trishakti Securities Public Limited,Aakashbhairab Securities Ltd.,100,296.0,29600.0,2025-08-11 11:31:17.178156
2025-08-11,85631,2025081105004665,HIDCL,Linch Stock Market Ltd.,Aakashbhairab Securities Ltd.,999,296.0,295704.0,2025-08-11 11:31:19.334754
2025-08-11,85438,2025081105004744,HIDCL,Trishakti Securities Public Limited,Aakashbhairab Securities Ltd.,105,296.0,31080.0,2025-08-11 11:31:49.398551
2025-08-11,85275,2025081105004808,HIDCL,Bhrikuti Stock Broking Co. Pvt. Ltd.,Aakashbhairab Securities Ltd.,30,296.0,8880.0,2025-08-11 11:32:10.684108
2025-08-11,85204,2025081105004824,HIDCL,Nepal Stock House (PVT) Ltd.,Blue Chip Securities Ltd,36,295.2,10627.2,2025-08-11 11:32:20.037110
2025-08-11,84774,2025081105004968,HIDCL,Nepal Stock House (PVT) Ltd.,ABC Securities Private Limited,14,295.2,4132.8,2025-08-11 11:33:15.467252
2025-08-11,84773,2025081105004969,HIDCL,Naasa Securities Co. Ltd.,ABC Securities Private Limited,10,295.0,2950.0,2025-08-11 11:33:15.467481
2025-08-11,84434,2025081105005110,HIDCL,Naasa Securities Co. Ltd.,Opal Securities Investment (PVT) Ltd.,200,294.7,58940.0,2025-08-11 11:34:05.535219
2025-08-11,84214,2025081105005179,HIDCL,Naasa Securities Co. Ltd.,Opal Securities Investment (PVT) Ltd.,300,294.5,88350.0,2025-08-11 11:34:29.640932
2025-08-11,84140,2025081105005210,HIDCL,Online Securities Pvt. Ltd.,ABC Securities Private Limited,200,294.2,58840.0,2025-08-11 11:34:40.272591
2025-08-11,84139,2025081105005211,HIDCL,Linch Stock Market Ltd.,ABC Securities Private Limited,555,294.1,163225.5,2025-08-11 11:34:40.273019
2025-08-11,84138,2025081105005212,HIDCL,Online Securities Pvt. Ltd.,ABC Securities Private Limited,620,294.1,182342.0,2025-08-11 11:34:40.273309
2025-08-11,84137,2025081105005213,HIDCL,Citizens Share Broker Limited,ABC Securities Private Limited,1000,294.0,294000.0,2025-08-11 11:34:40.273622
2025-08-11,84136,2025081105005214,HIDCL,Dipshikha Dhitopatra Karobar Co. Pvt Ltd.,ABC Securities Private Limited,1200,294.0,352800.0,2025-08-11 11:34:40.273918
2025-08-11,84135,2025081105005215,HIDCL,Naasa Securities Co. Ltd.,ABC Securities Private Limited,500,294.0,147000.0,2025-08-11 11:34:40.274213
2025-08-11,83972,2025081105005261,HIDCL,Deevyaa Securities & Stock House Pvt. Ltd,Premier Securities Company Ltd.,140,293.3,41062.0,2025-08-11 11:35:01.725249
2025-08-11,83943,2025081105005277,HIDCL,Deevyaa Securities & Stock House Pvt. Ltd,Opal Securities Investment (PVT) Ltd.,200,293.3,58660.0,2025-08-11 11:35:05.819733
2025-08-11,83798,2025081105005323,HIDCL,Sundhara Securities Limited,ABC Securities Private Limited,900,294.0,264600.0,2025-08-11 11:35:24.260694
2025-08-11,83393,2025081105005442,HIDCL,Trishakti Securities Public Limited,Bhrikuti Stock Broking Co. Pvt. Ltd.,13,294.0,3822.0,2025-08-11 11:36:12.773032
2025-08-11,82954,2025081105005587,HIDCL,Dipshikha Dhitopatra Karobar Co. Pvt Ltd.,Aakashbhairab Securities Ltd.,1000,294.5,294500.0,2025-08-11 11:36:59.007307
2025-08-11,82936,2025081105005591,HIDCL,Dipshikha Dhitopatra Karobar Co. Pvt Ltd.,Vision Securities Pvt. Ltd,30,294.1,8823.0,2025-08-11 11:37:03.329070
2025-08-11,82914,2025081105005601,HIDCL,Sundhara Securities Limited,Opal Securities Investment (PVT) Ltd.,300,294.9,88470.0,2025-08-11 11:37:07.017391
2025-08-11,82559,2025081105005734,HIDCL,Dipshikha Dhitopatra Karobar Co. Pvt Ltd.,ABC Securities Private Limited,170,294.1,49997.0,2025-08-11 11:38:01.935077
2025-08-11,82558,2025081105005735,HIDCL,Naasa Securities Co. Ltd.,ABC Securities Private Limited,10,294.1,2941.0,2025-08-11 11:38:01.935349
2025-08-11,82557,2025081105005736,HIDCL,Trishakti Securities Public Limited,ABC Securities Private Limited,952,294.0,279888.0,2025-08-11 11:38:01.935464
2025-08-11,82556,2025081105005737,HIDCL,Sanima Securities Limited,ABC Securities Private Limited,15,294.0,4410.0,2025-08-11 11:38:01.935574
2025-08-11,82555,2025081105005738,HIDCL,Naasa Securities Co. Ltd.,ABC Securities Private Limited,61,294.0,17934.0,2025-08-11 11:38:01.935678
2025-08-11,81593,2025081105006037,HIDCL,Imperial Securities Company Pvt. Ltd.,Vision Securities Pvt. Ltd,170,295.0,50150.0,2025-08-11 11:40:18.781257
2025-08-11,81592,2025081105006038,HIDCL,Imperial Securities Company Pvt. Ltd.,Aakashbhairab Securities Ltd.,830,296.0,245680.0,2025-08-11 11:40:18.781523
2025-08-11,81510,2025081105006066,HIDCL,Nepal Investment And Securities Trading Private Limited,Bhrikuti Stock Broking Co. Pvt. Ltd.,20,293.6,5872.0,2025-08-11 11:40:29.921719
2025-08-11,80319,2025081105006479,HIDCL,Nepal Investment And Securities Trading Private Limited,SHUBHAKAMANA SECURITIES PVT. LTD,230,293.6,67528.0,2025-08-11 11:43:30.982143
2025-08-11,80318,2025081105006480,HIDCL,Aryatara Investment & Securities,SHUBHAKAMANA SECURITIES PVT. LTD,270,293.6,79272.0,2025-08-11 11:43:30.982210
2025-08-11,79427,2025081105006793,HIDCL,Dynamic Money Managers Securities Pvt. Ltd.,Online Securities Pvt. Ltd.,100,294.0,29400.0,2025-08-11 11:45:39.259999
2025-08-11,78564,2025081105007128,HIDCL,Naasa Securities Co. Ltd.,Aakashbhairab Securities Ltd.,15,294.2,4413.0,2025-08-11 11:47:58.909547
2025-08-11,78563,2025081105007129,HIDCL,Dynamic Money Managers Securities Pvt. Ltd.,Aakashbhairab Securities Ltd.,985,294.0,289590.0,2025-08-11 11:47:58.910076
2025-08-11,77999,2025081105007303,HIDCL,Dynamic Money Managers Securities Pvt. Ltd.,Shree Krishna Securities Ltd.,39,294.0,11466.0,2025-08-11 11:49:30.170561
2025-08-11,77742,2025081105007385,HIDCL,Dynamic Money Managers Securities Pvt. Ltd.,Secured Securities Ltd.,200,294.0,58800.0,2025-08-11 11:50:08.773382
2025-08-11,77037,2025081105007635,HIDCL,Dynamic Money Managers Securities Pvt. Ltd.,Aryatara Investment & Securities,376,294.0,110544.0,2025-08-11 11:51:55.736072
2025-08-11,77036,2025081105007636,HIDCL,Shree Krishna Securities Ltd.,Aryatara Investment & Securities,25,294.0,7350.0,2025-08-11 11:51:55.736447
2025-08-11,77035,2025081105007637,HIDCL,Sani Securities Company Ltd.,Aryatara Investment & Securities,30,294.0,8820.0,2025-08-11 11:51:55.736613
2025-08-11,77034,2025081105007638,HIDCL,Naasa Securities Co. Ltd.,Aryatara Investment & Securities,10,294.0,2940.0,2025-08-11 11:51:55.736746
2025-08-11,76803,2025081105007751,HIDCL,Deevyaa Securities & Stock House Pvt. Ltd,Aryatara Investment & Securities,10,294.0,2940.0,2025-08-11 11:52:25.776709
2025-08-11,76734,2025081105007772,HIDCL,Aryatara Investment & Securities,Aryatara Investment & Securities,559,293.6,164122.4,2025-08-11 11:52:37.090271
2025-08-11,76473,2025081105007840,HIDCL,Aryatara Investment & Securities,SHUBHAKAMANA SECURITIES PVT. LTD,171,293.6,50205.6,2025-08-11 11:53:12.963097
2025-08-11,76472,2025081105007841,HIDCL,Naasa Securities Co. Ltd.,SHUBHAKAMANA SECURITIES PVT. LTD,50,293.5,14675.0,2025-08-11 11:53:12.963412
2025-08-11,76471,2025081105007842,HIDCL,Deevyaa Securities & Stock House Pvt. Ltd,SHUBHAKAMANA SECURITIES PVT. LTD,40,293.5,11740.0,2025-08-11 11:53:12.963530
2025-08-11,76470,2025081105007843,HIDCL,Dynamic Money Managers Securities Pvt. Ltd.,SHUBHAKAMANA SECURITIES PVT. LTD,1000,293.5,293500.0,2025-08-11 11:53:12.963654
2025-08-11,76469,2025081105007844,HIDCL,Deevyaa Securities & Stock House Pvt. Ltd,SHUBHAKAMANA SECURITIES PVT. LTD,160,293.3,46928.0,2025-08-11 11:53:12.963774
2025-08-11,76468,2025081105007845,HIDCL,Nepal Investment And Securities Trading Private Limited,SHUBHAKAMANA SECURITIES PVT. LTD,500,293.2,146600.0,2025-08-11 11:53:12.963893
2025-08-11,76467,2025081105007846,HIDCL,Linch Stock Market Ltd.,SHUBHAKAMANA SECURITIES PVT. LTD,80,293.2,23456.0,2025-08-11 11:53:12.964008
2025-08-11,76466,2025081105007847,HIDCL,Aryatara Investment & Securities,SHUBHAKAMANA SECURITIES PVT. LTD,1000,293.1,293100.0,2025-08-11 11:53:12.964122
2025-08-11,76465,2025081105007848,HIDCL,Asian Securities Private Ltd.,SHUBHAKAMANA SECURITIES PVT. LTD,313,293.0,91709.0,2025-08-11 11:53:12.964247
2025-08-11,76464,2025081105007849,HIDCL,Premier Securities Company Ltd.,SHUBHAKAMANA SECURITIES PVT. LTD,50,293.0,14650.0,2025-08-11 11:53:12.964363
2025-08-11,76463,2025081105007850,HIDCL,Aryatara Investment & Securities,SHUBHAKAMANA SECURITIES PVT. LTD,1000,293.0,293000.0,2025-08-11 11:53:12.964475
2025-08-11,76462,2025081105007851,HIDCL,Vision Securities Pvt. Ltd,SHUBHAKAMANA SECURITIES PVT. LTD,100,293.0,29300.0,2025-08-11 11:53:12.964583
2025-08-11,76461,2025081105007852,HIDCL,Linch Stock Market Ltd.,SHUBHAKAMANA SECURITIES PVT. LTD,80,293.0,23440.0,2025-08-11 11:53:12.964695
2025-08-11,76460,2025081105007853,HIDCL,Nabil Stock Dealer Ltd.,SHUBHAKAMANA SECURITIES PVT. LTD,41,293.0,12013.0,2025-08-11 11:53:12.964807
2025-08-11,76459,2025081105007854,HIDCL,Opal Securities Investment (PVT) Ltd.,SHUBHAKAMANA SECURITIES PVT. LTD,150,293.0,43950.0,2025-08-11 11:53:12.964917
2025-08-11,76458,2025081105007855,HIDCL,Sani Securities Company Ltd.,SHUBHAKAMANA SECURITIES PVT. LTD,10,293.0,2930.0,2025-08-11 11:53:12.965028
2025-08-11,76090,2025081105007971,HIDCL,Roadshow securities limited,SHUBHAKAMANA SECURITIES PVT. LTD,5000,293.0,1465000.0,2025-08-11 11:53:58.711147
2025-08-11,75926,2025081105008002,HIDCL,Naasa Securities Co. Ltd.,SHUBHAKAMANA SECURITIES PVT. LTD,200,293.0,58600.0,2025-08-11 11:54:21.378557
2025-08-11,75572,2025081105008118,HIDCL,Online Securities Pvt. Ltd.,SHUBHAKAMANA SECURITIES PVT. LTD,55,293.0,16115.0,2025-08-11 11:55:22.643664
2025-08-11,75278,2025081105008183,HIDCL,Online Securities Pvt. Ltd.,Linch Stock Market Ltd.,200,293.7,58740.0,2025-08-11 11:56:01.223216
2025-08-11,75214,2025081105008209,HIDCL,Online Securities Pvt. Ltd.,Linch Stock Market Ltd.,200,293.7,58740.0,2025-08-11 11:56:11.269396
2025-08-11,75120,2025081105008240,HIDCL,Online Securities Pvt. Ltd.,Shree Krishna Securities Ltd.,30,293.7,8811.0,2025-08-11 11:56:28.015047
2025-08-11,75107,2025081105008245,HIDCL,Online Securities Pvt. Ltd.,SHUBHAKAMANA SECURITIES PVT. LTD,165,293.7,48460.5,2025-08-11 11:56:32.078982
2025-08-11,75106,2025081105008246,HIDCL,Dynamic Money Managers Securities Pvt. Ltd.,SHUBHAKAMANA SECURITIES PVT. LTD,670,293.0,196310.0,2025-08-11 11:56:32.079290
2025-08-11,74942,2025081105008321,HIDCL,Aakashbhairab Securities Ltd.,Stoxkarts Securities Limited,300,292.6,87780.0,2025-08-11 11:57:01.410940
2025-08-11,74235,2025081105008588,HIDCL,Aakashbhairab Securities Ltd.,SHUBHAKAMANA SECURITIES PVT. LTD,200,292.6,58520.0,2025-08-11 11:58:25.405121
2025-08-11,74234,2025081105008589,HIDCL,Roadshow securities limited,SHUBHAKAMANA SECURITIES PVT. LTD,1000,292.5,292500.0,2025-08-11 11:58:25.405447
2025-08-11,74233,2025081105008590,HIDCL,Dynamic Money Managers Securities Pvt. Ltd.,SHUBHAKAMANA SECURITIES PVT. LTD,500,292.3,146150.0,2025-08-11 11:58:25.405586
2025-08-11,74232,2025081105008591,HIDCL,Pragyan Securities (PVT) Ltd.,SHUBHAKAMANA SECURITIES PVT. LTD,1000,292.0,292000.0,2025-08-11 11:58:25.405710
2025-08-11,74231,2025081105008592,HIDCL,Dynamic Money Managers Securities Pvt. Ltd.,SHUBHAKAMANA SECURITIES PVT. LTD,345,292.0,100740.0,2025-08-11 11:58:25.405858
2025-08-11,74202,2025081105008599,HIDCL,Dynamic Money Managers Securities Pvt. Ltd.,Dipshikha Dhitopatra Karobar Co. Pvt Ltd.,80,292.0,23360.0,2025-08-11 11:58:31.129974
2025-08-11,74026,2025081105008661,HIDCL,Dynamic Money Managers Securities Pvt. Ltd.,SHUBHAKAMANA SECURITIES PVT. LTD,17,292.0,4964.0,2025-08-11 11:58:53.487728
2025-08-11,73774,2025081105008744,HIDCL,Nepal Stock House (PVT) Ltd.,Dipshikha Dhitopatra Karobar Co. Pvt Ltd.,57,292.1,16649.7,2025-08-11 11:59:33.635079
2025-08-11,73680,2025081105008777,HIDCL,Roadshow securities limited,Trishakti Securities Public Limited,10,295.0,2950.0,2025-08-11 11:59:47.544981
2025-08-11,72636,2025081105009115,HIDCL,Aryatara Investment & Securities,Online Securities Pvt. Ltd.,50,293.0,14650.0,2025-08-11 12:03:04.552215
2025-08-11,72489,2025081105009181,HIDCL,Aryatara Investment & Securities,Nepal Stock House (PVT) Ltd.,20,293.0,5860.0,2025-08-11 12:03:37.751882
2025-08-11,72456,2025081105009186,HIDCL,Dynamic Money Managers Securities Pvt. Ltd.,Trishakti Securities Public Limited,490,295.0,144550.0,2025-08-11 12:03:41.693629
2025-08-11,72455,2025081105009187,HIDCL,Dynamic Money Managers Securities Pvt. Ltd.,Imperial Securities Company Pvt. Ltd.,100,295.0,29500.0,2025-08-11 12:03:41.693959
2025-08-11,72454,2025081105009188,HIDCL,Dynamic Money Managers Securities Pvt. Ltd.,Linch Stock Market Ltd.,201,295.0,59295.0,2025-08-11 12:03:41.694090
2025-08-11,72453,2025081105009189,HIDCL,Dynamic Money Managers Securities Pvt. Ltd.,Nepal Stock House (PVT) Ltd.,800,295.0,236000.0,2025-08-11 12:03:41.694245
2025-08-11,72452,2025081105009190,HIDCL,Dynamic Money Managers Securities Pvt. Ltd.,Online Securities Pvt. Ltd.,100,295.0,29500.0,2025-08-11 12:03:41.694478
2025-08-11,72451,2025081105009191,HIDCL,Dynamic Money Managers Securities Pvt. Ltd.,Aryatara Investment & Securities,500,295.0,147500.0,2025-08-11 12:03:41.694629
2025-08-11,72450,2025081105009192,HIDCL,Dynamic Money Managers Securities Pvt. Ltd.,Pragyan Securities (PVT) Ltd.,50,295.0,14750.0,2025-08-11 12:03:41.694777
2025-08-11,72449,2025081105009193,HIDCL,Dynamic Money Managers Securities Pvt. Ltd.,Sweta Securities Private Limited,210,295.0,61950.0,2025-08-11 12:03:41.694958
2025-08-11,72448,2025081105009194,HIDCL,Dynamic Money Managers Securities Pvt. Ltd.,KALASH STOCK MARKET PVT. LTD.,30,295.0,8850.0,2025-08-11 12:03:41.695121
2025-08-11,72447,2025081105009195,HIDCL,Dynamic Money Managers Securities Pvt. Ltd.,Online Securities Pvt. Ltd.,19,295.0,5605.0,2025-08-11 12:03:41.695262
2025-08-11,72093,2025081105009329,HIDCL,Neev Securities Pvt. Ltd.,J.F. Securites (PVT) Ltd.,1,290.0,290.0,2025-08-11 12:04:41.373487
2025-08-11,72049,2025081105009351,HIDCL,Neev Securities Pvt. Ltd.,Trishakti Securities Public Limited,1,290.0,290.0,2025-08-11 12:04:49.415672
2025-08-11,71973,2025081105009386,HIDCL,Neev Securities Pvt. Ltd.,Online Securities Pvt. Ltd.,2,290.0,580.0,2025-08-11 12:05:01.475669
2025-08-11,71876,2025081105009417,HIDCL,Neev Securities Pvt. Ltd.,Linch Stock Market Ltd.,1,292.0,292.0,2025-08-11 12:05:14.542537
2025-08-11,71825,2025081105009433,HIDCL,Kumari Securities Private Limited,Sipla Securities Private Limited,37,293.1,10844.7,2025-08-11 12:05:20.075217
2025-08-11,71815,2025081105009438,HIDCL,Neev Securities Pvt. Ltd.,Cristal Kanchanjanga Securites Pvt. Ltd.,1,292.0,292.0,2025-08-11 12:05:22.575582
2025-08-11,71751,2025081105009459,HIDCL,Neev Securities Pvt. Ltd.,Sipla Securities Private Limited,6,292.0,1752.0,2025-08-11 12:05:34.660395
2025-08-11,71701,2025081105009495,HIDCL,Kumari Securities Private Limited,Naasa Securities Co. Ltd.,32,293.1,9379.2,2025-08-11 12:05:44.218460
2025-08-11,71431,2025081105009608,HIDCL,Neev Securities Pvt. Ltd.,Online Securities Pvt. Ltd.,5,290.0,1450.0,2025-08-11 12:06:23.855411
2025-08-11,71248,2025081105009695,HIDCL,Dynamic Money Managers Securities Pvt. Ltd.,Naasa Securities Co. Ltd.,183,293.1,53637.3,2025-08-11 12:06:52.379865
2025-08-11,71235,2025081105009700,HIDCL,Investment Management Nepal Pvt. Ltd.,Vision Securities Pvt. Ltd,100,293.1,29310.0,2025-08-11 12:06:56.585286
2025-08-11,71234,2025081105009701,HIDCL,Aryatara Investment & Securities,Vision Securities Pvt. Ltd,30,293.0,8790.0,2025-08-11 12:06:56.585576
2025-08-11,71233,2025081105009702,HIDCL,Sani Securities Company Ltd.,Vision Securities Pvt. Ltd,200,293.0,58600.0,2025-08-11 12:06:56.585709
2025-08-11,71232,2025081105009703,HIDCL,Sipla Securities Private Limited,Vision Securities Pvt. Ltd,170,293.0,49810.0,2025-08-11 12:06:56.585840
2025-08-11,70816,2025081105009903,HIDCL,Imperial Securities Company Pvt. Ltd.,BHOLE GANESH SECURITIES LTD,50,293.1,14655.0,2025-08-11 12:08:02.384532
2025-08-11,70815,2025081105009904,HIDCL,Sipla Securities Private Limited,BHOLE GANESH SECURITIES LTD,330,293.0,96690.0,2025-08-11 12:08:02.384571
2025-08-11,70814,2025081105009905,HIDCL,Naasa Securities Co. Ltd.,BHOLE GANESH SECURITIES LTD,1920,293.0,562560.0,2025-08-11 12:08:02.384598
2025-08-11,70004,2025081105010168,HIDCL,Naasa Securities Co. Ltd.,Naasa Securities Co. Ltd.,10,293.0,2930.0,2025-08-11 12:10:27.593930
2025-08-11,69623,2025081105010331,HIDCL,Naasa Securities Co. Ltd.,Roadshow securities limited,3000,293.0,879000.0,2025-08-11 12:11:26.225691
2025-08-11,69052,2025081105010520,HIDCL,Naasa Securities Co. Ltd.,BHOLE GANESH SECURITIES LTD,70,293.0,20510.0,2025-08-11 12:12:47.197083
2025-08-11,69051,2025081105010521,HIDCL,Asian Securities Private Ltd.,BHOLE GANESH SECURITIES LTD,50,292.4,14620.0,2025-08-11 12:12:47.197393
2025-08-11,69050,2025081105010522,HIDCL,Nepal Stock House (PVT) Ltd.,BHOLE GANESH SECURITIES LTD,500,292.3,146150.0,2025-08-11 12:12:47.197532
2025-08-11,69049,2025081105010523,HIDCL,Nepal Stock House (PVT) Ltd.,BHOLE GANESH SECURITIES LTD,100,292.2,29220.0,2025-08-11 12:12:47.197668
2025-08-11,69048,2025081105010524,HIDCL,Bhrikuti Stock Broking Co. Pvt. Ltd.,BHOLE GANESH SECURITIES LTD,280,292.2,81816.0,2025-08-11 12:12:47.197800
2025-08-11,68213,2025081105010783,HIDCL,Bhrikuti Stock Broking Co. Pvt. Ltd.,Dipshikha Dhitopatra Karobar Co. Pvt Ltd.,453,292.2,132366.6,2025-08-11 12:14:36.332889
2025-08-11,67146,2025081105011107,HIDCL,Midas Stock Broking Company Private Limited,Online Securities Pvt. Ltd.,27,293.0,7911.0,2025-08-11 12:17:40.545174
2025-08-11,67145,2025081105011108,HIDCL,Bhrikuti Stock Broking Co. Pvt. Ltd.,Online Securities Pvt. Ltd.,267,292.2,78017.4,2025-08-11 12:17:40.545853
2025-08-11,67144,2025081105011109,HIDCL,Bhrikuti Stock Broking Co. Pvt. Ltd.,Online Securities Pvt. Ltd.,206,292.2,60193.2,2025-08-11 12:17:40.546250
2025-08-11,66703,2025081105011236,HIDCL,Bhrikuti Stock Broking Co. Pvt. Ltd.,SHUBHAKAMANA SECURITIES PVT. LTD,250,292.2,73050.0,2025-08-11 12:18:48.992455
2025-08-11,66506,2025081105011282,HIDCL,Bhrikuti Stock Broking Co. Pvt. Ltd.,Deevyaa Securities & Stock House Pvt. Ltd,10,292.2,2922.0,2025-08-11 12:19:20.355257
2025-08-11,66312,2025081105011348,HIDCL,Bhrikuti Stock Broking Co. Pvt. Ltd.,Asian Securities Private Ltd.,534,292.2,156034.8,2025-08-11 12:19:54.917560
2025-08-11,66311,2025081105011349,HIDCL,Nepal Stock House (PVT) Ltd.,Asian Securities Private Ltd.,1443,292.1,421500.3,2025-08-11 12:19:54.917711
2025-08-11,66310,2025081105011350,HIDCL,Deevyaa Securities & Stock House Pvt. Ltd,Asian Securities Private Ltd.,23,292.1,6718.3,2025-08-11 12:19:54.917790
2025-08-11,65866,2025081105011484,HIDCL,Deevyaa Securities & Stock House Pvt. Ltd,Naasa Securities Co. Ltd.,60,292.1,17526.0,2025-08-11 12:21:01.517213
2025-08-11,65284,2025081105011703,HIDCL,Deevyaa Securities & Stock House Pvt. Ltd,Asian Securities Private Ltd.,257,292.1,75069.7,2025-08-11 12:22:32.013917
2025-08-11,65283,2025081105011704,HIDCL,Primo Securities (PVT) Ltd.,Asian Securities Private Ltd.,58,292.1,16941.8,2025-08-11 12:22:32.014614
2025-08-11,65282,2025081105011705,HIDCL,Dynamic Money Managers Securities Pvt. Ltd.,Asian Securities Private Ltd.,1558,292.0,454936.0,2025-08-11 12:22:32.015050
2025-08-11,65281,2025081105011706,HIDCL,Capital Max Securities Ltd,Asian Securities Private Ltd.,150,292.0,43800.0,2025-08-11 12:22:32.015469
2025-08-11,65280,2025081105011707,HIDCL,Thrive Brokerage House Pvt. Ltd,Asian Securities Private Ltd.,100,292.0,29200.0,2025-08-11 12:22:32.015995
2025-08-11,65279,2025081105011708,HIDCL,Deevyaa Securities & Stock House Pvt. Ltd,Asian Securities Private Ltd.,92,292.0,26864.0,2025-08-11 12:22:32.016635
2025-08-11,65278,2025081105011709,HIDCL,Online Securities Pvt. Ltd.,Asian Securities Private Ltd.,1150,291.7,335455.0,2025-08-11 12:22:32.017251
2025-08-11,65277,2025081105011710,HIDCL,Dynamic Money Managers Securities Pvt. Ltd.,Asian Securities Private Ltd.,1000,291.3,291300.0,2025-08-11 12:22:32.017894
2025-08-11,65276,2025081105011711,HIDCL,MILKY WAY SHARE BROKER COMPANY LTD ,Asian Securities Private Ltd.,738,291.2,214905.6,2025-08-11 12:22:32.018528
2025-08-11,64938,2025081105011855,HIDCL,MILKY WAY SHARE BROKER COMPANY LTD ,Indira securities pvt. ltd,412,291.2,119974.4,2025-08-11 12:23:23.777290
2025-08-11,64937,2025081105011856,HIDCL,Naasa Securities Co. Ltd.,Indira securities pvt. ltd,50,291.2,14560.0,2025-08-11 12:23:23.777641
2025-08-11,64936,2025081105011857,HIDCL,Trishakti Securities Public Limited,Indira securities pvt. ltd,4538,291.0,1320558.0,2025-08-11 12:23:23.777779
2025-08-11,64829,2025081105011888,HIDCL,Trishakti Securities Public Limited,Dipshikha Dhitopatra Karobar Co. Pvt Ltd.,3000,291.0,873000.0,2025-08-11 12:23:43.165449
2025-08-11,64777,2025081105011910,HIDCL,Dakshinkali Investment & Securities Pvt. Ltd.,Dynamic Money Managers Securities Pvt. Ltd.,8,286.3,2290.4,2025-08-11 12:23:56.652143
2025-08-11,64656,2025081105011949,HIDCL,Naasa Securities Co. Ltd.,Primo Securities (PVT) Ltd.,500,291.2,145600.0,2025-08-11 12:24:15.232404
2025-08-11,64551,2025081105012009,HIDCL,Nepal Stock House (PVT) Ltd.,Primo Securities (PVT) Ltd.,235,291.2,68432.0,2025-08-11 12:24:33.527885
2025-08-11,63555,2025081105012289,HIDCL,Online Securities Pvt. Ltd.,J.F. Securites (PVT) Ltd.,30,291.1,8733.0,2025-08-11 12:27:39.579566
2025-08-11,62492,2025081105012644,HIDCL,Linch Stock Market Ltd.,Dipshikha Dhitopatra Karobar Co. Pvt Ltd.,226,291.2,65811.2,2025-08-11 12:30:48.918874
2025-08-11,62102,2025081105012808,HIDCL,Naasa Securities Co. Ltd.,Asian Securities Private Ltd.,56,292.0,16352.0,2025-08-11 12:32:02.571247
2025-08-11,62078,2025081105012820,HIDCL,Bhrikuti Stock Broking Co. Pvt. Ltd.,Agrawal Securities (PVT) Ltd.,862,292.5,252135.0,2025-08-11 12:32:09.343536
2025-08-11,62077,2025081105012821,HIDCL,Bhrikuti Stock Broking Co. Pvt. Ltd.,Naasa Securities Co. Ltd.,138,293.0,40434.0,2025-08-11 12:32:09.344144
2025-08-11,61750,2025081105012927,HIDCL,Naasa Securities Co. Ltd.,Dipshikha Dhitopatra Karobar Co. Pvt Ltd.,11,292.0,3212.0,2025-08-11 12:33:31.391622
2025-08-11,61602,2025081105012987,HIDCL,Naasa Securities Co. Ltd.,Imperial Securities Company Pvt. Ltd.,133,292.0,38836.0,2025-08-11 12:34:03.810005
2025-08-11,61601,2025081105012988,HIDCL,Sri Hari Securities Pvt. Ltd.,Imperial Securities Company Pvt. Ltd.,227,292.0,66284.0,2025-08-11 12:34:03.810390
2025-08-11,60549,2025081105013365,HIDCL,ABC Securities Private Limited,J.F. Securites (PVT) Ltd.,11,292.2,3214.2,2025-08-11 12:37:24.648063
2025-08-11,60465,2025081105013387,HIDCL,ABC Securities Private Limited,Sani Securities Company Ltd.,1000,292.2,292200.0,2025-08-11 12:37:46.605738
2025-08-11,59926,2025081105013605,HIDCL,Neev Securities Pvt. Ltd.,Creative Securities Pvt Ltd,1,289.0,289.0,2025-08-11 12:39:49.141415
2025-08-11,59859,2025081105013639,HIDCL,Neev Securities Pvt. Ltd.,Thrive Brokerage House Pvt. Ltd,1,290.0,290.0,2025-08-11 12:39:58.189088
2025-08-11,59815,2025081105013652,HIDCL,Neev Securities Pvt. Ltd.,Kalika Securities Pvt. Ltd.,4,291.0,1164.0,2025-08-11 12:40:11.231649
2025-08-11,59133,2025081105013853,HIDCL,ABC Securities Private Limited,Pragyan Securities (PVT) Ltd.,55,292.5,16087.5,2025-08-11 12:42:08.561827
2025-08-11,59027,2025081105013881,HIDCL,ABC Securities Private Limited,Aakashbhairab Securities Ltd.,34,292.5,9945.0,2025-08-11 12:42:29.178581
2025-08-11,59026,2025081105013882,HIDCL,Siprabi Securities Pvt. Ltd.,Aakashbhairab Securities Ltd.,410,292.2,119802.0,2025-08-11 12:42:29.179371
2025-08-11,59025,2025081105013883,HIDCL,Online Securities Pvt. Ltd.,Aakashbhairab Securities Ltd.,170,292.1,49657.0,2025-08-11 12:42:29.179955
2025-08-11,59024,2025081105013884,HIDCL,Sri Hari Securities Pvt. Ltd.,Aakashbhairab Securities Ltd.,123,292.0,35916.0,2025-08-11 12:42:29.180459
2025-08-11,59023,2025081105013885,HIDCL,S.P.S.A. Securities Limited,Aakashbhairab Securities Ltd.,100,292.0,29200.0,2025-08-11 12:42:29.180949
2025-08-11,59022,2025081105013886,HIDCL,Aryatara Investment & Securities,Aakashbhairab Securities Ltd.,4163,292.0,1215596.0,2025-08-11 12:42:29.181452
2025-08-11,58877,2025081105013945,HIDCL,Naasa Securities Co. Ltd.,Ashutosh Brokerage & Securities (PVT) Ltd.,10,292.1,2921.0,2025-08-11 12:43:02.206966
2025-08-11,58530,2025081105014085,HIDCL,Primo Securities (PVT) Ltd.,Naasa Securities Co. Ltd.,47,293.0,13771.0,2025-08-11 12:44:19.340511
2025-08-11,58524,2025081105014090,HIDCL,Primo Securities (PVT) Ltd.,Investment Management Nepal Pvt. Ltd.,10,293.0,2930.0,2025-08-11 12:44:22.825803
2025-08-11,58447,2025081105014123,HIDCL,Bhrikuti Stock Broking Co. Pvt. Ltd.,Dynamic Money Managers Securities Pvt. Ltd.,200,293.9,58780.0,2025-08-11 12:44:53.798493
2025-08-11,57753,2025081105014364,HIDCL,Opal Securities Investment (PVT) Ltd.,Dynamic Money Managers Securities Pvt. Ltd.,100,293.9,29390.0,2025-08-11 12:47:26.751120
2025-08-11,57752,2025081105014365,HIDCL,Opal Securities Investment (PVT) Ltd.,Asian Securities Private Ltd.,88,293.9,25863.2,2025-08-11 12:47:26.751539
2025-08-11,57249,2025081105014533,HIDCL,Online Securities Pvt. Ltd.,Asian Securities Private Ltd.,10,293.9,2939.0,2025-08-11 12:49:45.739835
2025-08-11,57174,2025081105014566,HIDCL,Imperial Securities Company Pvt. Ltd.,Ashutosh Brokerage & Securities (PVT) Ltd.,11,293.2,3225.2,2025-08-11 12:50:09.966830
2025-08-11,56659,2025081105014700,HIDCL,Imperial Securities Company Pvt. Ltd.,Aakashbhairab Securities Ltd.,189,293.2,55414.8,2025-08-11 12:52:05.796814
2025-08-11,56658,2025081105014701,HIDCL,Vision Securities Pvt. Ltd,Aakashbhairab Securities Ltd.,800,293.1,234480.0,2025-08-11 12:52:05.797183
2025-08-11,56657,2025081105014702,HIDCL,Primo Securities (PVT) Ltd.,Aakashbhairab Securities Ltd.,11,293.0,3223.0,2025-08-11 12:52:05.797346
2025-08-11,55878,2025081105015016,HIDCL,Naasa Securities Co. Ltd.,Naasa Securities Co. Ltd.,100,293.1,29310.0,2025-08-11 12:54:55.022025
2025-08-11,55381,2025081105015198,HIDCL,Naasa Securities Co. Ltd.,Imperial Securities Company Pvt. Ltd.,100,293.1,29310.0,2025-08-11 12:56:38.744428
2025-08-11,54568,2025081105015465,HIDCL,Naasa Securities Co. Ltd.,BHOLE GANESH SECURITIES LTD,25,293.5,7337.5,2025-08-11 12:59:38.665053
2025-08-11,54415,2025081105015530,HIDCL,Naasa Securities Co. Ltd.,BHOLE GANESH SECURITIES LTD,115,293.1,33706.5,2025-08-11 13:00:12.755561
2025-08-11,54414,2025081105015531,HIDCL,Deevyaa Securities & Stock House Pvt. Ltd,BHOLE GANESH SECURITIES LTD,360,293.1,105516.0,2025-08-11 13:00:12.755906
2025-08-11,53388,2025081105015985,HIDCL,Arun Securities (PVT) Ltd.,Cristal Kanchanjanga Securites Pvt. Ltd.,85,294.6,25041.0,2025-08-11 13:04:02.753441
2025-08-11,53387,2025081105015986,HIDCL,Arun Securities (PVT) Ltd.,Dynamic Money Managers Securities Pvt. Ltd.,300,294.8,88440.0,2025-08-11 13:04:02.753819
2025-08-11,53386,2025081105015987,HIDCL,Arun Securities (PVT) Ltd.,Premier Securities Company Ltd.,500,294.9,147450.0,2025-08-11 13:04:02.754023
2025-08-11,53385,2025081105015988,HIDCL,Arun Securities (PVT) Ltd.,Aakashbhairab Securities Ltd.,1000,295.0,295000.0,2025-08-11 13:04:02.754203
2025-08-11,53384,2025081105015989,HIDCL,Arun Securities (PVT) Ltd.,SUN SECURITIES PVT LTD,50,295.0,14750.0,2025-08-11 13:04:02.754396
2025-08-11,53383,2025081105015990,HIDCL,Arun Securities (PVT) Ltd.,Naasa Securities Co. Ltd.,15,295.0,4425.0,2025-08-11 13:04:02.754583
2025-08-11,53382,2025081105015991,HIDCL,Arun Securities (PVT) Ltd.,Aryatara Investment & Securities,1050,295.0,309750.0,2025-08-11 13:04:02.754772
2025-08-11,53320,2025081105016016,HIDCL,ABC Securities Private Limited,Aryatara Investment & Securities,20,295.0,5900.0,2025-08-11 13:04:21.095196
2025-08-11,53317,2025081105016017,HIDCL,ABC Securities Private Limited,Imperial Securities Company Pvt. Ltd.,20,294.0,5880.0,2025-08-11 13:04:21.867881
2025-08-11,52666,2025081105016211,HIDCL,Aryatara Investment & Securities,Aakashbhairab Securities Ltd.,500,294.0,147000.0,2025-08-11 13:06:38.143934
2025-08-11,52549,2025081105016257,HIDCL,Arun Securities (PVT) Ltd.,Himalayan Brokerage Company Limited,500,293.5,146750.0,2025-08-11 13:06:57.317532
2025-08-11,52497,2025081105016266,HIDCL,Sharepro Securities Private Limited,Aakashbhairab Securities Ltd.,40,293.2,11728.0,2025-08-11 13:07:02.216168
2025-08-11,52496,2025081105016267,HIDCL,Deevyaa Securities & Stock House Pvt. Ltd,Aakashbhairab Securities Ltd.,640,293.1,187584.0,2025-08-11 13:07:02.216571
2025-08-11,52495,2025081105016268,HIDCL,Kohinoor Investment & Securities Pvt. Ltd.,Aakashbhairab Securities Ltd.,1320,293.1,386892.0,2025-08-11 13:07:02.216741
2025-08-11,52415,2025081105016300,HIDCL,Linch Stock Market Ltd.,Himalayan Brokerage Company Limited,30,293.5,8805.0,2025-08-11 13:07:21.026495
2025-08-11,52400,2025081105016304,HIDCL,Kohinoor Investment & Securities Pvt. Ltd.,Cristal Kanchanjanga Securites Pvt. Ltd.,385,293.1,112843.5,2025-08-11 13:07:26.364599
2025-08-11,52399,2025081105016305,HIDCL,Ashutosh Brokerage & Securities (PVT) Ltd.,Cristal Kanchanjanga Securites Pvt. Ltd.,115,293.1,33706.5,2025-08-11 13:07:26.365023
2025-08-11,51967,2025081105016438,HIDCL,Arun Securities (PVT) Ltd.,Aryatara Investment & Securities,290,293.4,85086.0,2025-08-11 13:08:32.902143
2025-08-11,51860,2025081105016473,HIDCL,Naasa Securities Co. Ltd.,Himalayan Brokerage Company Limited,46,293.5,13501.0,2025-08-11 13:08:54.336007
2025-08-11,51626,2025081105016548,HIDCL,Arun Securities (PVT) Ltd.,Dipshikha Dhitopatra Karobar Co. Pvt Ltd.,200,293.4,58680.0,2025-08-11 13:09:41.267519
2025-08-11,51178,2025081105016682,HIDCL,Arun Securities (PVT) Ltd.,Aakashbhairab Securities Ltd.,10,293.4,2934.0,2025-08-11 13:11:05.840659
2025-08-11,51177,2025081105016683,HIDCL,Arun Securities (PVT) Ltd.,Aakashbhairab Securities Ltd.,490,293.3,143717.0,2025-08-11 13:11:05.841410
2025-08-11,50533,2025081105016871,HIDCL,Arun Securities (PVT) Ltd.,Kalika Securities Pvt. Ltd.,10,293.3,2933.0,2025-08-11 13:13:22.116555
2025-08-11,50431,2025081105016910,HIDCL,Arun Securities (PVT) Ltd.,Imperial Securities Company Pvt. Ltd.,30,293.2,8796.0,2025-08-11 13:13:41.403405
2025-08-11,50203,2025081105016986,HIDCL,Arun Securities (PVT) Ltd.,Aakashbhairab Securities Ltd.,470,293.2,137804.0,2025-08-11 13:14:15.555172
2025-08-11,50202,2025081105016987,HIDCL,Ashutosh Brokerage & Securities (PVT) Ltd.,Aakashbhairab Securities Ltd.,185,293.1,54223.5,2025-08-11 13:14:15.555534
2025-08-11,50201,2025081105016988,HIDCL,Primo Securities (PVT) Ltd.,Aakashbhairab Securities Ltd.,32,293.0,9376.0,2025-08-11 13:14:15.555702
2025-08-11,50200,2025081105016989,HIDCL,Neev Securities Pvt. Ltd.,Aakashbhairab Securities Ltd.,100,293.0,29300.0,2025-08-11 13:14:15.555868
2025-08-11,50199,2025081105016990,HIDCL,ABC Securities Private Limited,Aakashbhairab Securities Ltd.,10,293.0,2930.0,2025-08-11 13:14:15.556035
2025-08-11,50198,2025081105016991,HIDCL,Vision Securities Pvt. Ltd,Aakashbhairab Securities Ltd.,150,293.0,43950.0,2025-08-11 13:14:15.556197
2025-08-11,50116,2025081105017020,HIDCL,Sweta Securities Private Limited,Aakashbhairab Securities Ltd.,10,293.0,2930.0,2025-08-11 13:14:28.639142
2025-08-11,49501,2025081105017272,HIDCL,Arun Securities (PVT) Ltd.,Aakashbhairab Securities Ltd.,233,292.7,68199.1,2025-08-11 13:16:23.434756
2025-08-11,49397,2025081105017316,HIDCL,Investment Management Nepal Pvt. Ltd.,Linch Stock Market Ltd.,7,287.0,2009.0,2025-08-11 13:16:48.569709
2025-08-11,49385,2025081105017318,HIDCL,Naasa Securities Co. Ltd.,Kumari Securities Private Limited,140,292.9,41006.0,2025-08-11 13:16:52.323107
2025-08-11,49384,2025081105017319,HIDCL,Naasa Securities Co. Ltd.,Aakashbhairab Securities Ltd.,43,293.0,12599.0,2025-08-11 13:16:52.323550
2025-08-11,49257,2025081105017338,HIDCL,Naasa Securities Co. Ltd.,Primo Securities (PVT) Ltd.,100,293.0,29300.0,2025-08-11 13:17:13.330722
2025-08-11,49113,2025081105017383,HIDCL,Naasa Securities Co. Ltd.,Primo Securities (PVT) Ltd.,217,293.0,63581.0,2025-08-11 13:17:39.439110
2025-08-11,49112,2025081105017384,HIDCL,Arun Securities (PVT) Ltd.,Primo Securities (PVT) Ltd.,83,292.7,24294.1,2025-08-11 13:17:39.439532
2025-08-11,48896,2025081105017437,HIDCL,Investment Management Nepal Pvt. Ltd.,Trishakti Securities Public Limited,2,287.0,574.0,2025-08-11 13:18:21.970371
2025-08-11,48798,2025081105017467,HIDCL,Arun Securities (PVT) Ltd.,Premier Securities Company Ltd.,184,292.7,53856.8,2025-08-11 13:18:41.314838
2025-08-11,48797,2025081105017468,HIDCL,Agrawal Securities (PVT) Ltd.,Premier Securities Company Ltd.,700,292.5,204750.0,2025-08-11 13:18:41.315199
2025-08-11,48796,2025081105017469,HIDCL,Nepal Investment And Securities Trading Private Limited,Premier Securities Company Ltd.,65,292.2,18993.0,2025-08-11 13:18:41.315376
2025-08-11,48795,2025081105017470,HIDCL,Linch Stock Market Ltd.,Premier Securities Company Ltd.,274,292.2,80062.8,2025-08-11 13:18:41.315548
2025-08-11,48794,2025081105017471,HIDCL,Deevyaa Securities & Stock House Pvt. Ltd,Premier Securities Company Ltd.,1000,292.1,292100.0,2025-08-11 13:18:41.315716
2025-08-11,48793,2025081105017472,HIDCL,Kohinoor Investment & Securities Pvt. Ltd.,Premier Securities Company Ltd.,20,292.0,5840.0,2025-08-11 13:18:41.315882
2025-08-11,48792,2025081105017473,HIDCL,Premier Securities Company Ltd.,Premier Securities Company Ltd.,457,292.0,133444.0,2025-08-11 13:18:41.316048
2025-08-11,48544,2025081105017536,HIDCL,Premier Securities Company Ltd.,Premier Securities Company Ltd.,43,292.0,12556.0,2025-08-11 13:19:33.626883
2025-08-11,48543,2025081105017537,HIDCL,Shree Krishna Securities Ltd.,Premier Securities Company Ltd.,431,291.6,125679.6,2025-08-11 13:19:33.627295
2025-08-11,48542,2025081105017538,HIDCL,K.B.L. Securities Limited ,Premier Securities Company Ltd.,2000,291.5,583000.0,2025-08-11 13:19:33.627509
2025-08-11,48541,2025081105017539,HIDCL,Online Securities Pvt. Ltd.,Premier Securities Company Ltd.,400,291.5,116600.0,2025-08-11 13:19:33.627690
2025-08-11,48540,2025081105017540,HIDCL,Trisul Securities & Invt. Ltd.,Premier Securities Company Ltd.,300,291.3,87390.0,2025-08-11 13:19:33.627897
2025-08-11,48539,2025081105017541,HIDCL,Bhrikuti Stock Broking Co. Pvt. Ltd.,Premier Securities Company Ltd.,1000,291.3,291300.0,2025-08-11 13:19:33.628135
2025-08-11,48538,2025081105017542,HIDCL,Aryatara Investment & Securities,Premier Securities Company Ltd.,1000,291.1,291100.0,2025-08-11 13:19:33.628397
2025-08-11,48537,2025081105017543,HIDCL,Agrawal Securities (PVT) Ltd.,Premier Securities Company Ltd.,500,291.1,145550.0,2025-08-11 13:19:33.628573
2025-08-11,48536,2025081105017544,HIDCL,Naasa Securities Co. Ltd.,Premier Securities Company Ltd.,300,291.1,87330.0,2025-08-11 13:19:33.628738
2025-08-11,48535,2025081105017545,HIDCL,Trishakti Securities Public Limited,Premier Securities Company Ltd.,26,291.0,7566.0,2025-08-11 13:19:33.628908
2025-08-11,48270,2025081105017645,HIDCL,Arun Securities (PVT) Ltd.,Sweta Securities Private Limited,500,291.4,145700.0,2025-08-11 13:20:23.681444
2025-08-11,48269,2025081105017646,HIDCL,Arun Securities (PVT) Ltd.,Sweta Securities Private Limited,500,291.2,145600.0,2025-08-11 13:20:23.681842
2025-08-11,48268,2025081105017647,HIDCL,Online Securities Pvt. Ltd.,Sweta Securities Private Limited,300,291.1,87330.0,2025-08-11 13:20:23.682006
2025-08-11,48267,2025081105017648,HIDCL,Malla & Malla Stock Broking Company Pvt. Limited,Sweta Securities Private Limited,225,291.1,65497.5,2025-08-11 13:20:23.682162
2025-08-11,48266,2025081105017649,HIDCL,Trishakti Securities Public Limited,Sweta Securities Private Limited,2436,291.0,708876.0,2025-08-11 13:20:23.682325
2025-08-11,48265,2025081105017650,HIDCL,Primo Securities (PVT) Ltd.,Sweta Securities Private Limited,300,291.0,87300.0,2025-08-11 13:20:23.682511
2025-08-11,48264,2025081105017651,HIDCL,Bhrikuti Stock Broking Co. Pvt. Ltd.,Sweta Securities Private Limited,200,291.0,58200.0,2025-08-11 13:20:23.682705
2025-08-11,48263,2025081105017652,HIDCL,Linch Stock Market Ltd.,Sweta Securities Private Limited,350,291.0,101850.0,2025-08-11 13:20:23.682863
2025-08-11,48262,2025081105017653,HIDCL,Midas Stock Broking Company Private Limited,Sweta Securities Private Limited,400,291.0,116400.0,2025-08-11 13:20:23.683011
2025-08-11,48261,2025081105017654,HIDCL,Bhrikuti Stock Broking Co. Pvt. Ltd.,Sweta Securities Private Limited,1000,291.0,291000.0,2025-08-11 13:20:23.683181
2025-08-11,48260,2025081105017655,HIDCL,Deevyaa Securities & Stock House Pvt. Ltd,Sweta Securities Private Limited,40,291.0,11640.0,2025-08-11 13:20:23.683346
2025-08-11,48259,2025081105017656,HIDCL,Siprabi Securities Pvt. Ltd.,Sweta Securities Private Limited,41,291.0,11931.0,2025-08-11 13:20:23.683499
2025-08-11,48258,2025081105017657,HIDCL,Sundhara Securities Limited,Sweta Securities Private Limited,20,291.0,5820.0,2025-08-11 13:20:23.683654
2025-08-11,48257,2025081105017658,HIDCL,Cristal Kanchanjanga Securites Pvt. Ltd.,Sweta Securities Private Limited,100,291.0,29100.0,2025-08-11 13:20:23.683807
2025-08-11,48256,2025081105017659,HIDCL,Siprabi Securities Pvt. Ltd.,Sweta Securities Private Limited,100,291.0,29100.0,2025-08-11 13:20:23.683957
2025-08-11,48255,2025081105017660,HIDCL,Sumeru Securities Pvt. Ltd.,Sweta Securities Private Limited,1000,291.0,291000.0,2025-08-11 13:20:23.684106
2025-08-11,48254,2025081105017661,HIDCL,Naasa Securities Co. Ltd.,Sweta Securities Private Limited,2488,291.0,724008.0,2025-08-11 13:20:23.684265
2025-08-11,48029,2025081105017728,HIDCL,Naasa Securities Co. Ltd.,Premier Securities Company Ltd.,1512,291.0,439992.0,2025-08-11 13:21:01.149692
2025-08-11,48028,2025081105017729,HIDCL,Online Securities Pvt. Ltd.,Premier Securities Company Ltd.,500,291.0,145500.0,2025-08-11 13:21:01.150406
2025-08-11,48027,2025081105017730,HIDCL,Online Securities Pvt. Ltd.,Premier Securities Company Ltd.,50,291.0,14550.0,2025-08-11 13:21:01.150886
2025-08-11,48026,2025081105017731,HIDCL,Agrawal Securities (PVT) Ltd.,Premier Securities Company Ltd.,1000,291.0,291000.0,2025-08-11 13:21:01.151371
2025-08-11,48025,2025081105017732,HIDCL,Aryatara Investment & Securities,Premier Securities Company Ltd.,100,291.0,29100.0,2025-08-11 13:21:01.151827
2025-08-11,48024,2025081105017733,HIDCL,Aryatara Investment & Securities,Premier Securities Company Ltd.,138,291.0,40158.0,2025-08-11 13:21:01.152280
2025-08-11,47713,2025081105017824,HIDCL,Investment Management Nepal Pvt. Ltd.,ABC Securities Private Limited,2,287.3,574.6,2025-08-11 13:22:10.846403
2025-08-11,47384,2025081105017927,HIDCL,Sweta Securities Private Limited,Premier Securities Company Ltd.,500,292.0,146000.0,2025-08-11 13:23:17.103811
2025-08-11,47053,2025081105018037,HIDCL,Dipshikha Dhitopatra Karobar Co. Pvt Ltd.,Premier Securities Company Ltd.,300,292.0,87600.0,2025-08-11 13:24:04.657149
2025-08-11,45839,2025081105018449,HIDCL,Arun Securities (PVT) Ltd.,Nepal Investment And Securities Trading Private Limited,14,291.3,4078.2,2025-08-11 13:27:56.679516
2025-08-11,44392,2025081105018852,HIDCL,Dipshikha Dhitopatra Karobar Co. Pvt Ltd.,Aryatara Investment & Securities,10,291.4,2914.0,2025-08-11 13:32:15.440640
2025-08-11,44391,2025081105018853,HIDCL,Arun Securities (PVT) Ltd.,Aryatara Investment & Securities,486,291.3,141571.8,2025-08-11 13:32:15.441058
2025-08-11,44390,2025081105018854,HIDCL,Nepal Stock House (PVT) Ltd.,Aryatara Investment & Securities,40,291.2,11648.0,2025-08-11 13:32:15.441259
2025-08-11,44389,2025081105018855,HIDCL,Deevyaa Securities & Stock House Pvt. Ltd,Aryatara Investment & Securities,1000,291.2,291200.0,2025-08-11 13:32:15.441473
2025-08-11,44388,2025081105018856,HIDCL,Deevyaa Securities & Stock House Pvt. Ltd,Aryatara Investment & Securities,364,291.1,105960.4,2025-08-11 13:32:15.441679
2025-08-11,44318,2025081105018878,HIDCL,Deevyaa Securities & Stock House Pvt. Ltd,Premier Securities Company Ltd.,636,291.1,185139.6,2025-08-11 13:32:28.949302
2025-08-11,44317,2025081105018879,HIDCL,Aryatara Investment & Securities,Premier Securities Company Ltd.,62,291.0,18042.0,2025-08-11 13:32:28.949735
2025-08-11,44316,2025081105018880,HIDCL,Malla & Malla Stock Broking Company Pvt. Limited,Premier Securities Company Ltd.,50,291.0,14550.0,2025-08-11 13:32:28.949923
2025-08-11,44315,2025081105018881,HIDCL,Malla & Malla Stock Broking Company Pvt. Limited,Premier Securities Company Ltd.,100,291.0,29100.0,2025-08-11 13:32:28.950217
2025-08-11,44314,2025081105018882,HIDCL,Dipshikha Dhitopatra Karobar Co. Pvt Ltd.,Premier Securities Company Ltd.,10,291.0,2910.0,2025-08-11 13:32:28.950440
2025-08-11,44313,2025081105018883,HIDCL,Midas Stock Broking Company Private Limited,Premier Securities Company Ltd.,1000,291.0,291000.0,2025-08-11 13:32:28.950642
2025-08-11,44312,2025081105018884,HIDCL,Imperial Securities Company Pvt. Ltd.,Premier Securities Company Ltd.,30,290.8,8724.0,2025-08-11 13:32:28.950915
2025-08-11,44311,2025081105018885,HIDCL,Deevyaa Securities & Stock House Pvt. Ltd,Premier Securities Company Ltd.,12,290.6,3487.2,2025-08-11 13:32:28.951548
2025-08-11,43996,2025081105019051,HIDCL,KALASH STOCK MARKET PVT. LTD.,Oxford Securities Pvt. Ltd.,50,291.5,14575.0,2025-08-11 13:33:05.680929
2025-08-11,43625,2025081105019140,HIDCL,Deevyaa Securities & Stock House Pvt. Ltd,BHOLE GANESH SECURITIES LTD,300,290.6,87180.0,2025-08-11 13:34:07.444290
2025-08-11,43207,2025081105019328,HIDCL,Premier Securities Company Ltd.,Sweta Securities Private Limited,31,291.2,9027.2,2025-08-11 13:34:51.163341
2025-08-11,43206,2025081105019329,HIDCL,Deevyaa Securities & Stock House Pvt. Ltd,Sweta Securities Private Limited,688,290.6,199932.8,2025-08-11 13:34:51.164034
2025-08-11,43205,2025081105019330,HIDCL,Naasa Securities Co. Ltd.,Sweta Securities Private Limited,10,290.5,2905.0,2025-08-11 13:34:51.164583
2025-08-11,43204,2025081105019331,HIDCL,Online Securities Pvt. Ltd.,Sweta Securities Private Limited,75,290.5,21787.5,2025-08-11 13:34:51.165052
2025-08-11,43203,2025081105019332,HIDCL,Asian Securities Private Ltd.,Sweta Securities Private Limited,40,290.5,11620.0,2025-08-11 13:34:51.165539
2025-08-11,43202,2025081105019333,HIDCL,Naasa Securities Co. Ltd.,Sweta Securities Private Limited,100,290.5,29050.0,2025-08-11 13:34:51.166014
2025-08-11,43201,2025081105019334,HIDCL,Dipshikha Dhitopatra Karobar Co. Pvt Ltd.,Sweta Securities Private Limited,10,290.4,2904.0,2025-08-11 13:34:51.166496
2025-08-11,43200,2025081105019335,HIDCL,Dynamic Money Managers Securities Pvt. Ltd.,Sweta Securities Private Limited,1000,290.3,290300.0,2025-08-11 13:34:51.166972
2025-08-11,43199,2025081105019336,HIDCL,Thrive Brokerage House Pvt. Ltd,Sweta Securities Private Limited,50,290.1,14505.0,2025-08-11 13:34:51.167460
2025-08-11,43198,2025081105019337,HIDCL,Trishakti Securities Public Limited,Sweta Securities Private Limited,500,290.1,145050.0,2025-08-11 13:34:51.167942
2025-08-11,43197,2025081105019338,HIDCL,Sani Securities Company Ltd.,Sweta Securities Private Limited,400,290.1,116040.0,2025-08-11 13:34:51.168434
2025-08-11,43196,2025081105019339,HIDCL,Nagarik Stock Dealer ,Sweta Securities Private Limited,1000,290.1,290100.0,2025-08-11 13:34:51.168922
2025-08-11,43195,2025081105019340,HIDCL,Linch Stock Market Ltd.,Sweta Securities Private Limited,444,290.1,128804.4,2025-08-11 13:34:51.169143
2025-08-11,43194,2025081105019341,HIDCL,Online Securities Pvt. Ltd.,Sweta Securities Private Limited,172,290.0,49880.0,2025-08-11 13:34:51.169300
2025-08-11,43193,2025081105019342,HIDCL,Aryatara Investment & Securities,Sweta Securities Private Limited,1000,290.0,290000.0,2025-08-11 13:34:51.169456
2025-08-11,43192,2025081105019343,HIDCL,Ashutosh Brokerage & Securities (PVT) Ltd.,Sweta Securities Private Limited,100,290.0,29000.0,2025-08-11 13:34:51.169610
2025-08-11,43191,2025081105019344,HIDCL,Nepal Stock House (PVT) Ltd.,Sweta Securities Private Limited,100,290.0,29000.0,2025-08-11 13:34:51.169759
2025-08-11,43190,2025081105019345,HIDCL,Pragyan Securities (PVT) Ltd.,Sweta Securities Private Limited,2000,290.0,580000.0,2025-08-11 13:34:51.169911
2025-08-11,43189,2025081105019346,HIDCL,Linch Stock Market Ltd.,Sweta Securities Private Limited,150,290.0,43500.0,2025-08-11 13:34:51.170103
2025-08-11,43188,2025081105019347,HIDCL,KALASH STOCK MARKET PVT. LTD.,Sweta Securities Private Limited,530,290.0,153700.0,2025-08-11 13:34:51.170266
2025-08-11,43187,2025081105019348,HIDCL,Siprabi Securities Pvt. Ltd.,Sweta Securities Private Limited,300,290.0,87000.0,2025-08-11 13:34:51.170421
2025-08-11,43186,2025081105019349,HIDCL,Siprabi Securities Pvt. Ltd.,Sweta Securities Private Limited,300,290.0,87000.0,2025-08-11 13:34:51.170571
2025-08-11,43185,2025081105019350,HIDCL,Sani Securities Company Ltd.,Sweta Securities Private Limited,200,290.0,58000.0,2025-08-11 13:34:51.170714
2025-08-11,43184,2025081105019351,HIDCL,Online Securities Pvt. Ltd.,Sweta Securities Private Limited,10,290.0,2900.0,2025-08-11 13:34:51.170867
2025-08-11,43183,2025081105019352,HIDCL,Cristal Kanchanjanga Securites Pvt. Ltd.,Sweta Securities Private Limited,790,290.0,229100.0,2025-08-11 13:34:51.171008
2025-08-11,42808,2025081105019492,HIDCL,Premier Securities Company Ltd.,Sweta Securities Private Limited,20,290.1,5802.0,2025-08-11 13:35:51.597407
2025-08-11,42807,2025081105019493,HIDCL,Cristal Kanchanjanga Securites Pvt. Ltd.,Sweta Securities Private Limited,210,290.0,60900.0,2025-08-11 13:35:51.597774
2025-08-11,42806,2025081105019494,HIDCL,Midas Stock Broking Company Private Limited,Sweta Securities Private Limited,20,290.0,5800.0,2025-08-11 13:35:51.597984
2025-08-11,42805,2025081105019495,HIDCL,Imperial Securities Company Pvt. Ltd.,Sweta Securities Private Limited,20,290.0,5800.0,2025-08-11 13:35:51.598213
2025-08-11,42804,2025081105019496,HIDCL,Dipshikha Dhitopatra Karobar Co. Pvt Ltd.,Sweta Securities Private Limited,100,290.0,29000.0,2025-08-11 13:35:51.598409
2025-08-11,42803,2025081105019497,HIDCL,ABC Securities Private Limited,Sweta Securities Private Limited,1000,290.0,290000.0,2025-08-11 13:35:51.598551
2025-08-11,42802,2025081105019498,HIDCL,Online Securities Pvt. Ltd.,Sweta Securities Private Limited,500,290.0,145000.0,2025-08-11 13:35:51.598688
2025-08-11,42801,2025081105019499,HIDCL,Deevyaa Securities & Stock House Pvt. Ltd,Sweta Securities Private Limited,300,290.0,87000.0,2025-08-11 13:35:51.598824
2025-08-11,42800,2025081105019500,HIDCL,Naasa Securities Co. Ltd.,Sweta Securities Private Limited,100,290.0,29000.0,2025-08-11 13:35:51.598966
2025-08-11,42799,2025081105019501,HIDCL,Naasa Securities Co. Ltd.,Sweta Securities Private Limited,200,290.0,58000.0,2025-08-11 13:35:51.599143
2025-08-11,42798,2025081105019502,HIDCL,Dipshikha Dhitopatra Karobar Co. Pvt Ltd.,Sweta Securities Private Limited,100,290.0,29000.0,2025-08-11 13:35:51.599278
2025-08-11,42797,2025081105019503,HIDCL,Kalika Securities Pvt. Ltd.,Sweta Securities Private Limited,100,290.0,29000.0,2025-08-11 13:35:51.599417
2025-08-11,42796,2025081105019504,HIDCL,Creative Securities Pvt Ltd,Sweta Securities Private Limited,500,290.0,145000.0,2025-08-11 13:35:51.599580
2025-08-11,42795,2025081105019505,HIDCL,Sani Securities Company Ltd.,Sweta Securities Private Limited,300,290.0,87000.0,2025-08-11 13:35:51.599714
2025-08-11,42794,2025081105019506,HIDCL,Capital Max Securities Ltd,Sweta Securities Private Limited,10,290.0,2900.0,2025-08-11 13:35:51.599848
2025-08-11,42793,2025081105019507,HIDCL,Dynamic Money Managers Securities Pvt. Ltd.,Sweta Securities Private Limited,1000,290.0,290000.0,2025-08-11 13:35:51.599978
2025-08-11,42792,2025081105019508,HIDCL,Sweta Securities Private Limited,Sweta Securities Private Limited,1100,290.0,319000.0,2025-08-11 13:35:51.600136
2025-08-11,42791,2025081105019509,HIDCL,Imperial Securities Company Pvt. Ltd.,Sweta Securities Private Limited,100,290.0,29000.0,2025-08-11 13:35:51.600309
2025-08-11,42790,2025081105019510,HIDCL,Pragyan Securities (PVT) Ltd.,Sweta Securities Private Limited,50,290.0,14500.0,2025-08-11 13:35:51.600451
2025-08-11,42789,2025081105019511,HIDCL,J.F. Securites (PVT) Ltd.,Sweta Securities Private Limited,100,290.0,29000.0,2025-08-11 13:35:51.600589
2025-08-11,42788,2025081105019512,HIDCL,Elite Stock House Limited,Sweta Securities Private Limited,10,290.0,2900.0,2025-08-11 13:35:51.600718
2025-08-11,42787,2025081105019513,HIDCL,Kohinoor Investment & Securities Pvt. Ltd.,Sweta Securities Private Limited,344,290.0,99760.0,2025-08-11 13:35:51.600845
2025-08-11,42786,2025081105019514,HIDCL,Sipla Securities Private Limited,Sweta Securities Private Limited,100,290.0,29000.0,2025-08-11 13:35:51.600972
2025-08-11,42785,2025081105019515,HIDCL,Agrawal Securities (PVT) Ltd.,Sweta Securities Private Limited,104,290.0,30160.0,2025-08-11 13:35:51.601114
2025-08-11,42784,2025081105019516,HIDCL,Sani Securities Company Ltd.,Sweta Securities Private Limited,500,290.0,145000.0,2025-08-11 13:35:51.601268
2025-08-11,42783,2025081105019517,HIDCL,Thrive Brokerage House Pvt. Ltd,Sweta Securities Private Limited,111,290.0,32190.0,2025-08-11 13:35:51.601397
2025-08-11,42782,2025081105019518,HIDCL,Premier Securities Company Ltd.,Sweta Securities Private Limited,500,290.0,145000.0,2025-08-11 13:35:51.601517
2025-08-11,42781,2025081105019519,HIDCL,Naasa Securities Co. Ltd.,Sweta Securities Private Limited,245,290.0,71050.0,2025-08-11 13:35:51.601644
2025-08-11,42780,2025081105019520,HIDCL,Dipshikha Dhitopatra Karobar Co. Pvt Ltd.,Sweta Securities Private Limited,500,290.0,145000.0,2025-08-11 13:35:51.601775
2025-08-11,42779,2025081105019521,HIDCL,Sani Securities Company Ltd.,Sweta Securities Private Limited,150,290.0,43500.0,2025-08-11 13:35:51.601908
2025-08-11,42778,2025081105019522,HIDCL,Dipshikha Dhitopatra Karobar Co. Pvt Ltd.,Sweta Securities Private Limited,500,290.0,145000.0,2025-08-11 13:35:51.602041
2025-08-11,42777,2025081105019523,HIDCL,Vision Securities Pvt. Ltd,Sweta Securities Private Limited,100,290.0,29000.0,2025-08-11 13:35:51.602202
2025-08-11,42776,2025081105019524,HIDCL,Kohinoor Investment & Securities Pvt. Ltd.,Sweta Securities Private Limited,344,290.0,99760.0,2025-08-11 13:35:51.602378
2025-08-11,42775,2025081105019525,HIDCL,Kohinoor Investment & Securities Pvt. Ltd.,Sweta Securities Private Limited,344,290.0,99760.0,2025-08-11 13:35:51.602516
2025-08-11,42774,2025081105019526,HIDCL,Kohinoor Investment & Securities Pvt. Ltd.,Sweta Securities Private Limited,318,290.0,92220.0,2025-08-11 13:35:51.602638
2025-08-11,42761,2025081105019531,HIDCL,Kohinoor Investment & Securities Pvt. Ltd.,Naasa Securities Co. Ltd.,26,290.0,7540.0,2025-08-11 13:35:55.796136
2025-08-11,42760,2025081105019532,HIDCL,Kohinoor Investment & Securities Pvt. Ltd.,Naasa Securities Co. Ltd.,344,290.0,99760.0,2025-08-11 13:35:55.796444
2025-08-11,42759,2025081105019533,HIDCL,Kohinoor Investment & Securities Pvt. Ltd.,Naasa Securities Co. Ltd.,224,290.0,64960.0,2025-08-11 13:35:55.796567
2025-08-11,42758,2025081105019534,HIDCL,Cristal Kanchanjanga Securites Pvt. Ltd.,Naasa Securities Co. Ltd.,200,290.0,58000.0,2025-08-11 13:35:55.796681
2025-08-11,42757,2025081105019535,HIDCL,Sani Securities Company Ltd.,Naasa Securities Co. Ltd.,1000,290.0,290000.0,2025-08-11 13:35:55.796799
2025-08-11,42756,2025081105019536,HIDCL,Sajilo Broker Limited,Naasa Securities Co. Ltd.,50,290.0,14500.0,2025-08-11 13:35:55.796913
2025-08-11,42755,2025081105019537,HIDCL,Naasa Securities Co. Ltd.,Naasa Securities Co. Ltd.,224,290.0,64960.0,2025-08-11 13:35:55.797034
2025-08-11,42754,2025081105019538,HIDCL,Sani Securities Company Ltd.,Naasa Securities Co. Ltd.,10,290.0,2900.0,2025-08-11 13:35:55.797154
2025-08-11,42753,2025081105019539,HIDCL,Secured Securities Ltd.,Naasa Securities Co. Ltd.,500,290.0,145000.0,2025-08-11 13:35:55.797270
2025-08-11,42752,2025081105019540,HIDCL,Malla & Malla Stock Broking Company Pvt. Limited,Naasa Securities Co. Ltd.,50,290.0,14500.0,2025-08-11 13:35:55.797400
2025-08-11,42751,2025081105019541,HIDCL,Nepal Investment And Securities Trading Private Limited,Naasa Securities Co. Ltd.,100,290.0,29000.0,2025-08-11 13:35:55.797528
2025-08-11,42750,2025081105019542,HIDCL,Midas Stock Broking Company Private Limited,Naasa Securities Co. Ltd.,100,290.0,29000.0,2025-08-11 13:35:55.797644
2025-08-11,42749,2025081105019543,HIDCL,Sani Securities Company Ltd.,Naasa Securities Co. Ltd.,65,290.0,18850.0,2025-08-11 13:35:55.797757
2025-08-11,42748,2025081105019544,HIDCL,ABC Securities Private Limited,Naasa Securities Co. Ltd.,20,290.0,5800.0,2025-08-11 13:35:55.797870
2025-08-11,42747,2025081105019545,HIDCL,Deevyaa Securities & Stock House Pvt. Ltd,Naasa Securities Co. Ltd.,70,290.0,20300.0,2025-08-11 13:35:55.797981
2025-08-11,42746,2025081105019546,HIDCL,Bhrikuti Stock Broking Co. Pvt. Ltd.,Naasa Securities Co. Ltd.,17,290.0,4930.0,2025-08-11 13:35:55.798097
2025-08-11,42337,2025081105019671,HIDCL,Arun Securities (PVT) Ltd.,Swarna Laxmi Securities Pvt. Ltd.,30,290.9,8727.0,2025-08-11 13:36:53.163730
2025-08-11,42336,2025081105019672,HIDCL,Bhrikuti Stock Broking Co. Pvt. Ltd.,Swarna Laxmi Securities Pvt. Ltd.,33,290.0,9570.0,2025-08-11 13:36:53.164034
2025-08-11,42335,2025081105019673,HIDCL,Dipshikha Dhitopatra Karobar Co. Pvt Ltd.,Swarna Laxmi Securities Pvt. Ltd.,10,290.0,2900.0,2025-08-11 13:36:53.164152
2025-08-11,42169,2025081105019721,HIDCL,Premier Securities Company Ltd.,Dipshikha Dhitopatra Karobar Co. Pvt Ltd.,10,289.6,2896.0,2025-08-11 13:37:18.504047
2025-08-11,42168,2025081105019722,HIDCL,Vision Securities Pvt. Ltd,Dipshikha Dhitopatra Karobar Co. Pvt Ltd.,200,289.5,57900.0,2025-08-11 13:37:18.504383
2025-08-11,42167,2025081105019723,HIDCL,Imperial Securities Company Pvt. Ltd.,Dipshikha Dhitopatra Karobar Co. Pvt Ltd.,200,289.2,57840.0,2025-08-11 13:37:18.504505
2025-08-11,42166,2025081105019724,HIDCL,Sani Securities Company Ltd.,Dipshikha Dhitopatra Karobar Co. Pvt Ltd.,35,289.1,10118.5,2025-08-11 13:37:18.504626
2025-08-11,42165,2025081105019725,HIDCL,Naasa Securities Co. Ltd.,Dipshikha Dhitopatra Karobar Co. Pvt Ltd.,100,289.1,28910.0,2025-08-11 13:37:18.504883
2025-08-11,42164,2025081105019726,HIDCL,Sundhara Securities Limited,Dipshikha Dhitopatra Karobar Co. Pvt Ltd.,976,289.1,282161.6,2025-08-11 13:37:18.505043
2025-08-11,42163,2025081105019727,HIDCL,Cristal Kanchanjanga Securites Pvt. Ltd.,Dipshikha Dhitopatra Karobar Co. Pvt Ltd.,50,289.0,14450.0,2025-08-11 13:37:18.505189
2025-08-11,42162,2025081105019728,HIDCL,Thrive Brokerage House Pvt. Ltd,Dipshikha Dhitopatra Karobar Co. Pvt Ltd.,100,289.0,28900.0,2025-08-11 13:37:18.505341
2025-08-11,42161,2025081105019729,HIDCL,Midas Stock Broking Company Private Limited,Dipshikha Dhitopatra Karobar Co. Pvt Ltd.,329,289.0,95081.0,2025-08-11 13:37:18.505484
2025-08-11,41699,2025081105019892,HIDCL,Arun Securities (PVT) Ltd.,Hatemalo Financial Services Private Limited,500,289.1,144550.0,2025-08-11 13:38:49.059066
2025-08-11,41698,2025081105019893,HIDCL,Naasa Securities Co. Ltd.,Hatemalo Financial Services Private Limited,700,289.1,202370.0,2025-08-11 13:38:49.059415
2025-08-11,40792,2025081105020318,HIDCL,Naasa Securities Co. Ltd.,Deevyaa Securities & Stock House Pvt. Ltd,300,289.1,86730.0,2025-08-11 13:40:49.210999
2025-08-11,40791,2025081105020319,HIDCL,Arun Securities (PVT) Ltd.,Deevyaa Securities & Stock House Pvt. Ltd,500,289.1,144550.0,2025-08-11 13:40:49.211559
2025-08-11,40790,2025081105020320,HIDCL,ABC Securities Private Limited,Deevyaa Securities & Stock House Pvt. Ltd,800,289.1,231280.0,2025-08-11 13:40:49.211905
2025-08-11,40707,2025081105020330,HIDCL,Premier Securities Company Ltd.,Elite Stock House Limited,10,289.2,2892.0,2025-08-11 13:41:00.052270
2025-08-11,40706,2025081105020331,HIDCL,ABC Securities Private Limited,Elite Stock House Limited,1990,289.1,575309.0,2025-08-11 13:41:00.052882
2025-08-11,40609,2025081105020362,HIDCL,ABC Securities Private Limited,Online Securities Pvt. Ltd.,10,289.1,2891.0,2025-08-11 13:41:26.686578
2025-08-11,40608,2025081105020363,HIDCL,Midas Stock Broking Company Private Limited,Online Securities Pvt. Ltd.,20,289.0,5780.0,2025-08-11 13:41:26.686932
2025-08-11,40582,2025081105020377,HIDCL,Asian Securities Private Ltd.,Himalayan Securities Limited,60,289.2,17352.0,2025-08-11 13:41:34.112216
2025-08-11,40575,2025081105020378,HIDCL,Sani Securities Company Ltd.,Asian Securities Private Ltd.,20,289.1,5782.0,2025-08-11 13:41:36.118961
2025-08-11,40574,2025081105020379,HIDCL,Midas Stock Broking Company Private Limited,Asian Securities Private Ltd.,651,289.0,188139.0,2025-08-11 13:41:36.119269
2025-08-11,40573,2025081105020380,HIDCL,Midas Stock Broking Company Private Limited,Asian Securities Private Ltd.,1000,289.0,289000.0,2025-08-11 13:41:36.119408
2025-08-11,40572,2025081105020381,HIDCL,Midas Stock Broking Company Private Limited,Asian Securities Private Ltd.,329,289.0,95081.0,2025-08-11 13:41:36.119547
2025-08-11,39859,2025081105020661,HIDCL,Arun Securities (PVT) Ltd.,Nepal Stock House (PVT) Ltd.,2500,289.5,723750.0,2025-08-11 13:43:39.621143
2025-08-11,39645,2025081105020717,HIDCL,Sweta Securities Private Limited,Vision Securities Pvt. Ltd,165,289.5,47767.5,2025-08-11 13:44:04.244996
2025-08-11,39644,2025081105020718,HIDCL,Sewa Securities Pvt. Ltd.,Vision Securities Pvt. Ltd,500,289.5,144750.0,2025-08-11 13:44:04.245570
2025-08-11,39643,2025081105020719,HIDCL,Agrawal Securities (PVT) Ltd.,Vision Securities Pvt. Ltd,50,289.1,14455.0,2025-08-11 13:44:04.245976
2025-08-11,39642,2025081105020720,HIDCL,Oxford Securities Pvt. Ltd.,Vision Securities Pvt. Ltd,435,289.1,125758.5,2025-08-11 13:44:04.246379
2025-08-11,39601,2025081105020728,HIDCL,Aryatara Investment & Securities,Swarna Laxmi Securities Pvt. Ltd.,1437,290.0,416730.0,2025-08-11 13:44:10.000421
2025-08-11,39600,2025081105020729,HIDCL,Aryatara Investment & Securities,Oxford Securities Pvt. Ltd.,67,291.5,19530.5,2025-08-11 13:44:10.000759
2025-08-11,39599,2025081105020730,HIDCL,Aryatara Investment & Securities,Naasa Securities Co. Ltd.,496,292.0,144832.0,2025-08-11 13:44:10.000885
2025-08-11,38618,2025081105021083,HIDCL,Sri Hari Securities Pvt. Ltd.,Aryatara Investment & Securities,38,290.0,11020.0,2025-08-11 13:47:30.651495
2025-08-11,38617,2025081105021084,HIDCL,Sagarmatha Securities Private Limited,Aryatara Investment & Securities,100,290.0,29000.0,2025-08-11 13:47:30.651854
2025-08-11,38297,2025081105021189,HIDCL,Roadshow securities limited,Aryatara Investment & Securities,53,289.6,15348.8,2025-08-11 13:48:28.336625
2025-08-11,37911,2025081105021284,HIDCL,Secured Securities Ltd.,Shree Krishna Securities Ltd.,30,290.0,8700.0,2025-08-11 13:49:34.011698
2025-08-11,37866,2025081105021308,HIDCL,Secured Securities Ltd.,Dipshikha Dhitopatra Karobar Co. Pvt Ltd.,470,290.0,136300.0,2025-08-11 13:49:41.913285
2025-08-11,37865,2025081105021309,HIDCL,Roadshow securities limited,Dipshikha Dhitopatra Karobar Co. Pvt Ltd.,97,289.6,28091.2,2025-08-11 13:49:41.913619
2025-08-11,37864,2025081105021310,HIDCL,Arun Securities (PVT) Ltd.,Dipshikha Dhitopatra Karobar Co. Pvt Ltd.,500,289.5,144750.0,2025-08-11 13:49:41.913756
2025-08-11,37863,2025081105021311,HIDCL,Asian Securities Private Ltd.,Dipshikha Dhitopatra Karobar Co. Pvt Ltd.,500,289.4,144700.0,2025-08-11 13:49:41.913886
2025-08-11,37862,2025081105021312,HIDCL,ABC Securities Private Limited,Dipshikha Dhitopatra Karobar Co. Pvt Ltd.,70,289.4,20258.0,2025-08-11 13:49:41.914009
2025-08-11,37861,2025081105021313,HIDCL,Roadshow securities limited,Dipshikha Dhitopatra Karobar Co. Pvt Ltd.,250,289.3,72325.0,2025-08-11 13:49:41.914134
2025-08-11,37860,2025081105021314,HIDCL,Oxford Securities Pvt. Ltd.,Dipshikha Dhitopatra Karobar Co. Pvt Ltd.,2065,289.3,597404.5,2025-08-11 13:49:41.914261
2025-08-11,37859,2025081105021315,HIDCL,Capital Max Securities Ltd,Dipshikha Dhitopatra Karobar Co. Pvt Ltd.,1000,289.2,289200.0,2025-08-11 13:49:41.914392
2025-08-11,37858,2025081105021316,HIDCL,Aryatara Investment & Securities,Dipshikha Dhitopatra Karobar Co. Pvt Ltd.,5000,289.2,1446000.0,2025-08-11 13:49:41.914521
2025-08-11,37857,2025081105021317,HIDCL,Naasa Securities Co. Ltd.,Dipshikha Dhitopatra Karobar Co. Pvt Ltd.,300,289.2,86760.0,2025-08-11 13:49:41.914642
2025-08-11,37856,2025081105021318,HIDCL,Oxford Securities Pvt. Ltd.,Dipshikha Dhitopatra Karobar Co. Pvt Ltd.,5000,289.1,1445500.0,2025-08-11 13:49:41.914769
2025-08-11,37855,2025081105021319,HIDCL,Sani Securities Company Ltd.,Dipshikha Dhitopatra Karobar Co. Pvt Ltd.,500,289.1,144550.0,2025-08-11 13:49:41.914890
2025-08-11,37854,2025081105021320,HIDCL,Midas Stock Broking Company Private Limited,Dipshikha Dhitopatra Karobar Co. Pvt Ltd.,171,289.0,49419.0,2025-08-11 13:49:41.915013
2025-08-11,37853,2025081105021321,HIDCL,Bhrikuti Stock Broking Co. Pvt. Ltd.,Dipshikha Dhitopatra Karobar Co. Pvt Ltd.,200,289.0,57800.0,2025-08-11 13:49:41.915132
2025-08-11,37852,2025081105021322,HIDCL,Nepal Stock House (PVT) Ltd.,Dipshikha Dhitopatra Karobar Co. Pvt Ltd.,500,289.0,144500.0,2025-08-11 13:49:41.915249
2025-08-11,37851,2025081105021323,HIDCL,Oxford Securities Pvt. Ltd.,Dipshikha Dhitopatra Karobar Co. Pvt Ltd.,200,289.0,57800.0,2025-08-11 13:49:41.915373
2025-08-11,37850,2025081105021324,HIDCL,Linch Stock Market Ltd.,Dipshikha Dhitopatra Karobar Co. Pvt Ltd.,200,289.0,57800.0,2025-08-11 13:49:41.915504
2025-08-11,37849,2025081105021325,HIDCL,Online Securities Pvt. Ltd.,Dipshikha Dhitopatra Karobar Co. Pvt Ltd.,95,289.0,27455.0,2025-08-11 13:49:41.915628
2025-08-11,37848,2025081105021326,HIDCL,Dakshinkali Investment & Securities Pvt. Ltd.,Dipshikha Dhitopatra Karobar Co. Pvt Ltd.,125,289.0,36125.0,2025-08-11 13:49:41.915750
2025-08-11,37847,2025081105021327,HIDCL,Primo Securities (PVT) Ltd.,Dipshikha Dhitopatra Karobar Co. Pvt Ltd.,400,289.0,115600.0,2025-08-11 13:49:41.915864
2025-08-11,37846,2025081105021328,HIDCL,Kalika Securities Pvt. Ltd.,Dipshikha Dhitopatra Karobar Co. Pvt Ltd.,500,289.0,144500.0,2025-08-11 13:49:41.915988
2025-08-11,37844,2025081105021329,HIDCL,Aryatara Investment & Securities,Dipshikha Dhitopatra Karobar Co. Pvt Ltd.,500,289.0,144500.0,2025-08-11 13:49:41.916114
2025-08-11,37843,2025081105021330,HIDCL,Sundhara Securities Limited,Dipshikha Dhitopatra Karobar Co. Pvt Ltd.,345,289.0,99705.0,2025-08-11 13:49:41.916231
2025-08-11,37842,2025081105021331,HIDCL,Naasa Securities Co. Ltd.,Dipshikha Dhitopatra Karobar Co. Pvt Ltd.,200,289.0,57800.0,2025-08-11 13:49:41.916375
2025-08-11,37841,2025081105021332,HIDCL,J.F. Securites (PVT) Ltd.,Dipshikha Dhitopatra Karobar Co. Pvt Ltd.,100,289.0,28900.0,2025-08-11 13:49:41.916502
2025-08-11,37840,2025081105021333,HIDCL,Midas Stock Broking Company Private Limited,Dipshikha Dhitopatra Karobar Co. Pvt Ltd.,100,289.0,28900.0,2025-08-11 13:49:41.916630
2025-08-11,37839,2025081105021334,HIDCL,Online Securities Pvt. Ltd.,Dipshikha Dhitopatra Karobar Co. Pvt Ltd.,50,289.0,14450.0,2025-08-11 13:49:41.916748
2025-08-11,37838,2025081105021335,HIDCL,Premier Securities Company Ltd.,Dipshikha Dhitopatra Karobar Co. Pvt Ltd.,200,289.0,57800.0,2025-08-11 13:49:41.916869
2025-08-11,37100,2025081105021644,HIDCL,Opal Securities Investment (PVT) Ltd.,Nepal Stock House (PVT) Ltd.,700,291.0,203700.0,2025-08-11 13:51:46.738624
2025-08-11,36901,2025081105021710,HIDCL,Secured Securities Ltd.,Naasa Securities Co. Ltd.,49,292.0,14308.0,2025-08-11 13:52:24.474133
2025-08-11,36694,2025081105021812,HIDCL,Sani Securities Company Ltd.,Naasa Securities Co. Ltd.,92,292.0,26864.0,2025-08-11 13:53:02.024032
2025-08-11,36564,2025081105021854,HIDCL,Himalayan Brokerage Company Limited,Naasa Securities Co. Ltd.,100,292.0,29200.0,2025-08-11 13:53:25.204700
2025-08-11,35842,2025081105022092,HIDCL,Sani Securities Company Ltd.,Naasa Securities Co. Ltd.,55,292.0,16060.0,2025-08-11 13:55:32.546304
2025-08-11,35708,2025081105022153,HIDCL,Opal Securities Investment (PVT) Ltd.,Naasa Securities Co. Ltd.,208,292.0,60736.0,2025-08-11 13:56:01.264658
2025-08-11,35707,2025081105022154,HIDCL,Opal Securities Investment (PVT) Ltd.,Kohinoor Investment & Securities Pvt. Ltd.,62,292.0,18104.0,2025-08-11 13:56:01.265276
2025-08-11,35481,2025081105022229,HIDCL,Secured Securities Ltd.,Primo Securities (PVT) Ltd.,50,293.0,14650.0,2025-08-11 13:56:48.263080
2025-08-11,34392,2025081105022790,HIDCL,Vision Securities Pvt. Ltd,Dynamic Money Managers Securities Pvt. Ltd.,10,292.9,2929.0,2025-08-11 14:00:16.985628
2025-08-11,34139,2025081105022877,HIDCL,Sri Hari Securities Pvt. Ltd.,Linch Stock Market Ltd.,10,292.4,2924.0,2025-08-11 14:01:13.148478
2025-08-11,33591,2025081105023081,HIDCL,Sri Hari Securities Pvt. Ltd.,Linch Stock Market Ltd.,10,292.0,2920.0,2025-08-11 14:03:26.821470
2025-08-11,33468,2025081105023152,HIDCL,Nepal Investment And Securities Trading Private Limited,Aryatara Investment & Securities,135,291.2,39312.0,2025-08-11 14:03:57.272250
2025-08-11,33326,2025081105023194,HIDCL,Opal Securities Investment (PVT) Ltd.,Aryatara Investment & Securities,300,291.0,87300.0,2025-08-11 14:04:17.656034
2025-08-11,33325,2025081105023195,HIDCL,Naasa Securities Co. Ltd.,Aryatara Investment & Securities,200,291.0,58200.0,2025-08-11 14:04:17.656699
2025-08-11,33324,2025081105023196,HIDCL,Sani Securities Company Ltd.,Aryatara Investment & Securities,20,291.0,5820.0,2025-08-11 14:04:17.657121
2025-08-11,33230,2025081105023240,HIDCL,Dipshikha Dhitopatra Karobar Co. Pvt Ltd.,Midas Stock Broking Company Private Limited,50,290.2,14510.0,2025-08-11 14:04:36.296864
2025-08-11,33229,2025081105023241,HIDCL,Investment Management Nepal Pvt. Ltd.,Midas Stock Broking Company Private Limited,100,290.1,29010.0,2025-08-11 14:04:36.297212
2025-08-11,33228,2025081105023242,HIDCL,Asian Securities Private Ltd.,Midas Stock Broking Company Private Limited,250,290.1,72525.0,2025-08-11 14:04:36.297381
2025-08-11,33225,2025081105023244,HIDCL,Asian Securities Private Ltd.,Beni Securities Pvt.Ltd.,70,290.1,20307.0,2025-08-11 14:04:37.447590
2025-08-11,32763,2025081105023405,HIDCL,Asian Securities Private Ltd.,Investment Management Nepal Pvt. Ltd.,350,290.1,101535.0,2025-08-11 14:05:58.953250
2025-08-11,32383,2025081105023565,HIDCL,Asian Securities Private Ltd.,Arun Securities (PVT) Ltd.,530,290.1,153753.0,2025-08-11 14:07:06.160010
2025-08-11,32371,2025081105023572,HIDCL,Kumari Securities Private Limited,Linch Stock Market Ltd.,80,291.0,23280.0,2025-08-11 14:07:09.370826
2025-08-11,32323,2025081105023601,HIDCL,Asian Securities Private Ltd.,Premier Securities Company Ltd.,800,290.1,232080.0,2025-08-11 14:07:17.254123
2025-08-11,32322,2025081105023602,HIDCL,Naasa Securities Co. Ltd.,Premier Securities Company Ltd.,325,290.0,94250.0,2025-08-11 14:07:17.254587
2025-08-11,32321,2025081105023603,HIDCL,Nepal Stock House (PVT) Ltd.,Premier Securities Company Ltd.,1000,290.0,290000.0,2025-08-11 14:07:17.254725
2025-08-11,32320,2025081105023604,HIDCL,Sipla Securities Private Limited,Premier Securities Company Ltd.,240,290.0,69600.0,2025-08-11 14:07:17.254856
2025-08-11,32319,2025081105023605,HIDCL,Online Securities Pvt. Ltd.,Premier Securities Company Ltd.,135,290.0,39150.0,2025-08-11 14:07:17.254985
2025-08-11,32318,2025081105023606,HIDCL,J.F. Securites (PVT) Ltd.,Premier Securities Company Ltd.,100,290.0,29000.0,2025-08-11 14:07:17.255148
2025-08-11,31345,2025081105024052,HIDCL,Naasa Securities Co. Ltd.,Dipshikha Dhitopatra Karobar Co. Pvt Ltd.,25,290.0,7250.0,2025-08-11 14:09:44.029775
2025-08-11,31344,2025081105024053,HIDCL,Creative Securities Pvt Ltd,Dipshikha Dhitopatra Karobar Co. Pvt Ltd.,100,290.0,29000.0,2025-08-11 14:09:44.030348
2025-08-11,31343,2025081105024054,HIDCL,Imperial Securities Company Pvt. Ltd.,Dipshikha Dhitopatra Karobar Co. Pvt Ltd.,450,289.9,130455.0,2025-08-11 14:09:44.030755
2025-08-11,31342,2025081105024055,HIDCL,Nepal Stock House (PVT) Ltd.,Dipshikha Dhitopatra Karobar Co. Pvt Ltd.,500,289.4,144700.0,2025-08-11 14:09:44.031152
2025-08-11,31341,2025081105024056,HIDCL,K.B.L. Securities Limited ,Dipshikha Dhitopatra Karobar Co. Pvt Ltd.,2000,289.3,578600.0,2025-08-11 14:09:44.031559
2025-08-11,31340,2025081105024057,HIDCL,Midas Stock Broking Company Private Limited,Dipshikha Dhitopatra Karobar Co. Pvt Ltd.,60,289.3,17358.0,2025-08-11 14:09:44.031940
2025-08-11,31339,2025081105024058,HIDCL,Roadshow securities limited,Dipshikha Dhitopatra Karobar Co. Pvt Ltd.,5000,289.2,1446000.0,2025-08-11 14:09:44.032335
2025-08-11,31338,2025081105024059,HIDCL,Arun Securities (PVT) Ltd.,Dipshikha Dhitopatra Karobar Co. Pvt Ltd.,500,289.0,144500.0,2025-08-11 14:09:44.032733
2025-08-11,31337,2025081105024060,HIDCL,Vision Securities Pvt. Ltd,Dipshikha Dhitopatra Karobar Co. Pvt Ltd.,1000,289.0,289000.0,2025-08-11 14:09:44.033125
2025-08-11,31336,2025081105024061,HIDCL,Capital Max Securities Ltd,Dipshikha Dhitopatra Karobar Co. Pvt Ltd.,10,289.0,2890.0,2025-08-11 14:09:44.033393
2025-08-11,31335,2025081105024062,HIDCL,Creative Securities Pvt Ltd,Dipshikha Dhitopatra Karobar Co. Pvt Ltd.,400,289.0,115600.0,2025-08-11 14:09:44.033523
2025-08-11,31334,2025081105024063,HIDCL,Thrive Brokerage House Pvt. Ltd,Dipshikha Dhitopatra Karobar Co. Pvt Ltd.,100,289.0,28900.0,2025-08-11 14:09:44.033649
2025-08-11,31333,2025081105024064,HIDCL,Aakashbhairab Securities Ltd.,Dipshikha Dhitopatra Karobar Co. Pvt Ltd.,100,289.0,28900.0,2025-08-11 14:09:44.033772
2025-08-11,31332,2025081105024065,HIDCL,Trishakti Securities Public Limited,Dipshikha Dhitopatra Karobar Co. Pvt Ltd.,1000,289.0,289000.0,2025-08-11 14:09:44.033898
2025-08-11,31331,2025081105024066,HIDCL,Sani Securities Company Ltd.,Dipshikha Dhitopatra Karobar Co. Pvt Ltd.,20,289.0,5780.0,2025-08-11 14:09:44.034023
2025-08-11,31330,2025081105024067,HIDCL,Secured Securities Ltd.,Dipshikha Dhitopatra Karobar Co. Pvt Ltd.,500,289.0,144500.0,2025-08-11 14:09:44.034147
2025-08-11,31329,2025081105024068,HIDCL,Dipshikha Dhitopatra Karobar Co. Pvt Ltd.,Dipshikha Dhitopatra Karobar Co. Pvt Ltd.,80,289.0,23120.0,2025-08-11 14:09:44.034271
2025-08-11,31328,2025081105024069,HIDCL,South Asian Bulls Pvt. Ltd.,Dipshikha Dhitopatra Karobar Co. Pvt Ltd.,40,289.0,11560.0,2025-08-11 14:09:44.034399
2025-08-11,31327,2025081105024070,HIDCL,Imperial Securities Company Pvt. Ltd.,Dipshikha Dhitopatra Karobar Co. Pvt Ltd.,100,289.0,28900.0,2025-08-11 14:09:44.034529
2025-08-11,31326,2025081105024071,HIDCL,Naasa Securities Co. Ltd.,Dipshikha Dhitopatra Karobar Co. Pvt Ltd.,17,289.0,4913.0,2025-08-11 14:09:44.034668
2025-08-11,31325,2025081105024072,HIDCL,Sundhara Securities Limited,Dipshikha Dhitopatra Karobar Co. Pvt Ltd.,500,289.0,144500.0,2025-08-11 14:09:44.034791
2025-08-11,31324,2025081105024073,HIDCL,Sajilo Broker Limited,Dipshikha Dhitopatra Karobar Co. Pvt Ltd.,50,289.0,14450.0,2025-08-11 14:09:44.034907
2025-08-11,31323,2025081105024074,HIDCL,Sundhara Securities Limited,Dipshikha Dhitopatra Karobar Co. Pvt Ltd.,500,289.0,144500.0,2025-08-11 14:09:44.035033
2025-08-11,31315,2025081105024077,HIDCL,MILKY WAY SHARE BROKER COMPANY LTD ,Dipshikha Dhitopatra Karobar Co. Pvt Ltd.,310,289.0,89590.0,2025-08-11 14:09:47.942760
2025-08-11,30952,2025081105024187,HIDCL,Naasa Securities Co. Ltd.,Linch Stock Market Ltd.,50,288.7,14435.0,2025-08-11 14:10:40.452271
2025-08-11,30174,2025081105024411,HIDCL,Sani Securities Company Ltd.,Midas Stock Broking Company Private Limited,1,283.3,283.3,2025-08-11 14:13:09.818615
2025-08-11,30093,2025081105024446,HIDCL,Nepal Stock House (PVT) Ltd.,Aakashbhairab Securities Ltd.,500,290.0,145000.0,2025-08-11 14:13:30.768731
2025-08-11,29154,2025081105024799,HIDCL,Premier Securities Company Ltd.,Secured Securities Ltd.,38,289.2,10989.6,2025-08-11 14:15:51.839735
2025-08-11,28772,2025081105024956,HIDCL,Premier Securities Company Ltd.,J.F. Securites (PVT) Ltd.,60,289.2,17352.0,2025-08-11 14:16:55.381297
2025-08-11,28135,2025081105025217,HIDCL,Opal Securities Investment (PVT) Ltd.,Online Securities Pvt. Ltd.,200,289.9,57980.0,2025-08-11 14:18:32.936387
2025-08-11,28105,2025081105025223,HIDCL,Linch Stock Market Ltd.,Online Securities Pvt. Ltd.,11,289.9,3188.9,2025-08-11 14:18:40.233563
2025-08-11,27829,2025081105025294,HIDCL,Dynamic Money Managers Securities Pvt. Ltd.,Online Securities Pvt. Ltd.,1300,289.9,376870.0,2025-08-11 14:19:28.965362
2025-08-11,27747,2025081105025330,HIDCL,Naasa Securities Co. Ltd.,Online Securities Pvt. Ltd.,60,289.7,17382.0,2025-08-11 14:19:46.941858
2025-08-11,27727,2025081105025335,HIDCL,Blue Chip Securities Ltd,Aakashbhairab Securities Ltd.,1000,290.0,290000.0,2025-08-11 14:19:50.803629
2025-08-11,27524,2025081105025435,HIDCL,Imperial Securities Company Pvt. Ltd.,Aakashbhairab Securities Ltd.,300,290.0,87000.0,2025-08-11 14:20:25.732959
2025-08-11,27450,2025081105025480,HIDCL,Kohinoor Investment & Securities Pvt. Ltd.,Aakashbhairab Securities Ltd.,150,290.0,43500.0,2025-08-11 14:20:39.912578
2025-08-11,27010,2025081105025662,HIDCL,Premier Securities Company Ltd.,J.F. Securites (PVT) Ltd.,10,289.2,2892.0,2025-08-11 14:21:50.076373
2025-08-11,26851,2025081105025720,HIDCL,Aryatara Investment & Securities,Aakashbhairab Securities Ltd.,50,290.0,14500.0,2025-08-11 14:22:23.643996
2025-08-11,26829,2025081105025726,HIDCL,Midas Stock Broking Company Private Limited,Aakashbhairab Securities Ltd.,100,290.0,29000.0,2025-08-11 14:22:29.044994
2025-08-11,26720,2025081105025772,HIDCL,S.P.S.A. Securities Limited,Online Securities Pvt. Ltd.,50,289.5,14475.0,2025-08-11 14:22:44.026894
2025-08-11,26448,2025081105025934,HIDCL,Capital Max Securities Ltd,NIMB Stock Markets Limited,5,289.0,1445.0,2025-08-11 14:23:16.532431
2025-08-11,26237,2025081105026006,HIDCL,Ashutosh Brokerage & Securities (PVT) Ltd.,Aakashbhairab Securities Ltd.,886,290.0,256940.0,2025-08-11 14:23:49.699457
2025-08-11,26236,2025081105026007,HIDCL,Ashutosh Brokerage & Securities (PVT) Ltd.,Sanima Securities Limited,50,290.0,14500.0,2025-08-11 14:23:49.700207
2025-08-11,26235,2025081105026008,HIDCL,Ashutosh Brokerage & Securities (PVT) Ltd.,Dynamic Money Managers Securities Pvt. Ltd.,64,290.0,18560.0,2025-08-11 14:23:49.700695
2025-08-11,26099,2025081105026067,HIDCL,S.P.S.A. Securities Limited,Deevyaa Securities & Stock House Pvt. Ltd,50,289.5,14475.0,2025-08-11 14:24:21.636283
2025-08-11,26098,2025081105026068,HIDCL,Dipshikha Dhitopatra Karobar Co. Pvt Ltd.,Deevyaa Securities & Stock House Pvt. Ltd,10,289.5,2895.0,2025-08-11 14:24:21.636351
2025-08-11,26097,2025081105026069,HIDCL,Dipshikha Dhitopatra Karobar Co. Pvt Ltd.,Deevyaa Securities & Stock House Pvt. Ltd,10,289.4,2894.0,2025-08-11 14:24:21.636378
2025-08-11,25940,2025081105026102,HIDCL,Online Securities Pvt. Ltd.,Dynamic Money Managers Securities Pvt. Ltd.,36,290.0,10440.0,2025-08-11 14:24:43.565515
2025-08-11,25939,2025081105026103,HIDCL,Online Securities Pvt. Ltd.,Elite Stock House Limited,39,290.0,11310.0,2025-08-11 14:24:43.565907
2025-08-11,25661,2025081105026256,HIDCL,Roadshow securities limited,Elite Stock House Limited,10,290.0,2900.0,2025-08-11 14:25:09.008870
2025-08-11,25542,2025081105026290,HIDCL,Roadshow securities limited,Elite Stock House Limited,10,290.0,2900.0,2025-08-11 14:25:23.046387
2025-08-11,25405,2025081105026352,HIDCL,Dipshikha Dhitopatra Karobar Co. Pvt Ltd.,Elite Stock House Limited,200,290.0,58000.0,2025-08-11 14:25:53.320231
2025-08-11,25365,2025081105026372,HIDCL,Premier Securities Company Ltd.,Elite Stock House Limited,1741,290.0,504890.0,2025-08-11 14:26:02.443289
2025-08-11,25364,2025081105026373,HIDCL,Premier Securities Company Ltd.,Sweta Securities Private Limited,259,290.0,75110.0,2025-08-11 14:26:02.443668
2025-08-11,25246,2025081105026417,HIDCL,Aryatara Investment & Securities,Sweta Securities Private Limited,9741,290.0,2824890.0,2025-08-11 14:26:27.842700
2025-08-11,25245,2025081105026418,HIDCL,Aryatara Investment & Securities,ABC Securities Private Limited,249,290.0,72210.0,2025-08-11 14:26:27.843044
2025-08-11,25244,2025081105026419,HIDCL,Aryatara Investment & Securities,Bhrikuti Stock Broking Co. Pvt. Ltd.,100,291.0,29100.0,2025-08-11 14:26:27.843204
2025-08-11,25059,2025081105026516,HIDCL,Asian Securities Private Ltd.,Deevyaa Securities & Stock House Pvt. Ltd,100,290.0,29000.0,2025-08-11 14:27:01.775670
2025-08-11,25058,2025081105026517,HIDCL,Premier Securities Company Ltd.,Deevyaa Securities & Stock House Pvt. Ltd,40,289.4,11576.0,2025-08-11 14:27:01.775734
2025-08-11,24828,2025081105026611,HIDCL,Sani Securities Company Ltd.,Midas Stock Broking Company Private Limited,90,290.0,26100.0,2025-08-11 14:27:33.733043
2025-08-11,24342,2025081105026855,HIDCL,Premier Securities Company Ltd.,Linch Stock Market Ltd.,960,291.0,279360.0,2025-08-11 14:28:55.500465
2025-08-11,24041,2025081105026963,HIDCL,Trishakti Securities Public Limited,Linch Stock Market Ltd.,500,291.0,145500.0,2025-08-11 14:29:35.166903
2025-08-11,23967,2025081105026984,HIDCL,Kumari Securities Private Limited,Sri Hari Securities Pvt. Ltd.,18,290.1,5221.8,2025-08-11 14:29:45.792482
2025-08-11,23966,2025081105026985,HIDCL,Sani Securities Company Ltd.,Sri Hari Securities Pvt. Ltd.,39,290.0,11310.0,2025-08-11 14:29:45.792907
2025-08-11,23683,2025081105027100,HIDCL,Naasa Securities Co. Ltd.,Linch Stock Market Ltd.,240,291.0,69840.0,2025-08-11 14:30:29.026270
2025-08-11,23643,2025081105027120,HIDCL,Sani Securities Company Ltd.,N.M.B. SECURITIES LIMITED,871,290.0,252590.0,2025-08-11 14:30:40.268395
2025-08-11,23642,2025081105027121,HIDCL,Naasa Securities Co. Ltd.,N.M.B. SECURITIES LIMITED,50,290.0,14500.0,2025-08-11 14:30:40.268738
2025-08-11,23226,2025081105027221,HIDCL,Investment Management Nepal Pvt. Ltd.,N.M.B. SECURITIES LIMITED,79,290.0,22910.0,2025-08-11 14:31:24.682292
2025-08-11,23225,2025081105027222,HIDCL,Investment Management Nepal Pvt. Ltd.,Cristal Kanchanjanga Securites Pvt. Ltd.,21,290.0,6090.0,2025-08-11 14:31:24.683146
2025-08-11,23199,2025081105027235,HIDCL,Creative Securities Pvt Ltd,Cristal Kanchanjanga Securites Pvt. Ltd.,100,290.0,29000.0,2025-08-11 14:31:28.676037
2025-08-11,23053,2025081105027285,HIDCL,Imperial Securities Company Pvt. Ltd.,Kumari Securities Private Limited,180,289.4,52092.0,2025-08-11 14:31:45.672324
2025-08-11,22896,2025081105027352,HIDCL,Sweta Securities Private Limited,Cristal Kanchanjanga Securites Pvt. Ltd.,500,290.0,145000.0,2025-08-11 14:32:12.443566
2025-08-11,22593,2025081105027449,HIDCL,Imperial Securities Company Pvt. Ltd.,BHOLE GANESH SECURITIES LTD,150,289.4,43410.0,2025-08-11 14:32:49.621684
2025-08-11,22441,2025081105027512,HIDCL,Imperial Securities Company Pvt. Ltd.,Dipshikha Dhitopatra Karobar Co. Pvt Ltd.,102,289.4,29518.8,2025-08-11 14:33:10.103767
2025-08-11,22195,2025081105027613,HIDCL,Imperial Securities Company Pvt. Ltd.,Bhrikuti Stock Broking Co. Pvt. Ltd.,68,289.4,19679.2,2025-08-11 14:33:42.168920
2025-08-11,22194,2025081105027614,HIDCL,Sagarmatha Securities Private Limited,Bhrikuti Stock Broking Co. Pvt. Ltd.,52,289.4,15048.8,2025-08-11 14:33:42.169005
2025-08-11,21526,2025081105027845,HIDCL,Naasa Securities Co. Ltd.,Sweta Securities Private Limited,1,291.0,291.0,2025-08-11 14:35:19.569182
2025-08-11,21108,2025081105027976,HIDCL,Sagarmatha Securities Private Limited,Cristal Kanchanjanga Securites Pvt. Ltd.,48,289.4,13891.2,2025-08-11 14:36:11.541587
2025-08-11,21107,2025081105027977,HIDCL,Premier Securities Company Ltd.,Cristal Kanchanjanga Securites Pvt. Ltd.,952,289.4,275508.8,2025-08-11 14:36:11.541980
2025-08-11,20988,2025081105028015,HIDCL,Premier Securities Company Ltd.,Linch Stock Market Ltd.,48,289.4,13891.2,2025-08-11 14:36:28.429698
2025-08-11,20987,2025081105028016,HIDCL,Aakashbhairab Securities Ltd.,Linch Stock Market Ltd.,180,289.3,52074.0,2025-08-11 14:36:28.430122
2025-08-11,20986,2025081105028017,HIDCL,Premier Securities Company Ltd.,Linch Stock Market Ltd.,92,289.2,26606.4,2025-08-11 14:36:28.430283
2025-08-11,20985,2025081105028018,HIDCL,Naasa Securities Co. Ltd.,Linch Stock Market Ltd.,171,289.1,49436.1,2025-08-11 14:36:28.430476
2025-08-11,20597,2025081105028166,HIDCL,Imperial Securities Company Pvt. Ltd.,Cristal Kanchanjanga Securites Pvt. Ltd.,100,289.0,28900.0,2025-08-11 14:37:20.877367
2025-08-11,20596,2025081105028167,HIDCL,Kohinoor Investment & Securities Pvt. Ltd.,Cristal Kanchanjanga Securites Pvt. Ltd.,20,289.0,5780.0,2025-08-11 14:37:20.878122
2025-08-11,20595,2025081105028168,HIDCL,Nepal Investment And Securities Trading Private Limited,Cristal Kanchanjanga Securites Pvt. Ltd.,50,289.0,14450.0,2025-08-11 14:37:20.878600
2025-08-11,20594,2025081105028169,HIDCL,Online Securities Pvt. Ltd.,Cristal Kanchanjanga Securites Pvt. Ltd.,300,289.0,86700.0,2025-08-11 14:37:20.879108
2025-08-11,20593,2025081105028170,HIDCL,Capital Max Securities Ltd,Cristal Kanchanjanga Securites Pvt. Ltd.,25,289.0,7225.0,2025-08-11 14:37:20.879570
2025-08-11,20592,2025081105028171,HIDCL,Trishakti Securities Public Limited,Cristal Kanchanjanga Securites Pvt. Ltd.,1300,289.0,375700.0,2025-08-11 14:37:20.880019
2025-08-11,20591,2025081105028172,HIDCL,Infinity Securities Limited,Cristal Kanchanjanga Securites Pvt. Ltd.,200,289.0,57800.0,2025-08-11 14:37:20.880466
2025-08-11,20590,2025081105028173,HIDCL,Imperial Securities Company Pvt. Ltd.,Cristal Kanchanjanga Securites Pvt. Ltd.,500,289.0,144500.0,2025-08-11 14:37:20.880898
2025-08-11,20589,2025081105028174,HIDCL,Asian Securities Private Ltd.,Cristal Kanchanjanga Securites Pvt. Ltd.,100,289.0,28900.0,2025-08-11 14:37:20.881367
2025-08-11,20588,2025081105028175,HIDCL,J.F. Securites (PVT) Ltd.,Cristal Kanchanjanga Securites Pvt. Ltd.,100,289.0,28900.0,2025-08-11 14:37:20.881868
2025-08-11,20587,2025081105028176,HIDCL,Linch Stock Market Ltd.,Cristal Kanchanjanga Securites Pvt. Ltd.,30,289.0,8670.0,2025-08-11 14:37:20.882337
2025-08-11,20586,2025081105028177,HIDCL,Sri Hari Securities Pvt. Ltd.,Cristal Kanchanjanga Securites Pvt. Ltd.,51,289.0,14739.0,2025-08-11 14:37:20.882792
2025-08-11,20585,2025081105028178,HIDCL,Dipshikha Dhitopatra Karobar Co. Pvt Ltd.,Cristal Kanchanjanga Securites Pvt. Ltd.,10,289.0,2890.0,2025-08-11 14:37:20.883221
2025-08-11,20584,2025081105028179,HIDCL,Naasa Securities Co. Ltd.,Cristal Kanchanjanga Securites Pvt. Ltd.,214,289.0,61846.0,2025-08-11 14:37:20.883669
2025-08-11,19794,2025081105028440,HIDCL,Naasa Securities Co. Ltd.,N.M.B. SECURITIES LIMITED,286,289.0,82654.0,2025-08-11 14:38:58.518005
2025-08-11,19793,2025081105028441,HIDCL,Sani Securities Company Ltd.,N.M.B. SECURITIES LIMITED,20,289.0,5780.0,2025-08-11 14:38:58.518371
2025-08-11,19792,2025081105028442,HIDCL,SUN SECURITIES PVT LTD,N.M.B. SECURITIES LIMITED,100,289.0,28900.0,2025-08-11 14:38:58.518527
2025-08-11,19791,2025081105028443,HIDCL,Secured Securities Ltd.,N.M.B. SECURITIES LIMITED,100,289.0,28900.0,2025-08-11 14:38:58.518677
2025-08-11,19790,2025081105028444,HIDCL,ABC Securities Private Limited,N.M.B. SECURITIES LIMITED,30,289.0,8670.0,2025-08-11 14:38:58.518824
2025-08-11,19789,2025081105028445,HIDCL,Sani Securities Company Ltd.,N.M.B. SECURITIES LIMITED,100,289.0,28900.0,2025-08-11 14:38:58.518970
2025-08-11,19788,2025081105028446,HIDCL,Imperial Securities Company Pvt. Ltd.,N.M.B. SECURITIES LIMITED,17,289.0,4913.0,2025-08-11 14:38:58.519163
2025-08-11,19787,2025081105028447,HIDCL,Asian Securities Private Ltd.,N.M.B. SECURITIES LIMITED,100,289.0,28900.0,2025-08-11 14:38:58.519338
2025-08-11,19786,2025081105028448,HIDCL,Naasa Securities Co. Ltd.,N.M.B. SECURITIES LIMITED,300,289.0,86700.0,2025-08-11 14:38:58.519483
2025-08-11,19721,2025081105028468,HIDCL,Secured Securities Ltd.,N.M.B. SECURITIES LIMITED,100,289.0,28900.0,2025-08-11 14:39:08.204382
2025-08-11,19720,2025081105028469,HIDCL,Sagarmatha Securities Private Limited,N.M.B. SECURITIES LIMITED,157,289.0,45373.0,2025-08-11 14:39:08.544619
2025-08-11,19719,2025081105028470,HIDCL,Sagarmatha Securities Private Limited,Online Securities Pvt. Ltd.,10,289.0,2890.0,2025-08-11 14:39:08.545029
2025-08-11,19718,2025081105028471,HIDCL,Sagarmatha Securities Private Limited,Cristal Kanchanjanga Securites Pvt. Ltd.,379,290.0,109910.0,2025-08-11 14:39:08.545198
2025-08-11,19717,2025081105028472,HIDCL,Sagarmatha Securities Private Limited,Bhrikuti Stock Broking Co. Pvt. Ltd.,100,290.0,29000.0,2025-08-11 14:39:08.545366
2025-08-11,19716,2025081105028473,HIDCL,Sagarmatha Securities Private Limited,Nepal Stock House (PVT) Ltd.,200,290.0,58000.0,2025-08-11 14:39:08.545523
2025-08-11,19511,2025081105028525,HIDCL,Sagarmatha Securities Private Limited,Trishakti Securities Public Limited,50,290.0,14500.0,2025-08-11 14:39:26.956627
2025-08-11,19399,2025081105028566,HIDCL,Sagarmatha Securities Private Limited,N.M.B. SECURITIES LIMITED,1000,290.0,290000.0,2025-08-11 14:39:36.636757
2025-08-11,18846,2025081105028747,HIDCL,Sagarmatha Securities Private Limited,Linch Stock Market Ltd.,93,290.0,26970.0,2025-08-11 14:40:28.815039
2025-08-11,18822,2025081105028753,HIDCL,Midas Stock Broking Company Private Limited,Linch Stock Market Ltd.,10,290.0,2900.0,2025-08-11 14:40:31.402747
2025-08-11,18511,2025081105028859,HIDCL,Online Securities Pvt. Ltd.,Arun Securities (PVT) Ltd.,10,289.0,2890.0,2025-08-11 14:41:03.021747
2025-08-11,18510,2025081105028860,HIDCL,Sani Securities Company Ltd.,Arun Securities (PVT) Ltd.,1000,289.0,289000.0,2025-08-11 14:41:03.022138
2025-08-11,17620,2025081105029065,HIDCL,Investment Management Nepal Pvt. Ltd.,Linch Stock Market Ltd.,170,290.0,49300.0,2025-08-11 14:42:16.095811
2025-08-11,17268,2025081105029177,HIDCL,Aryatara Investment & Securities,Arun Securities (PVT) Ltd.,500,289.2,144600.0,2025-08-11 14:42:53.044350
2025-08-11,17267,2025081105029178,HIDCL,Bhrikuti Stock Broking Co. Pvt. Ltd.,Arun Securities (PVT) Ltd.,100,289.1,28910.0,2025-08-11 14:42:53.044701
2025-08-11,16734,2025081105029297,HIDCL,Bhrikuti Stock Broking Co. Pvt. Ltd.,Dipshikha Dhitopatra Karobar Co. Pvt Ltd.,200,289.1,57820.0,2025-08-11 14:43:36.871076
2025-08-11,16616,2025081105029324,HIDCL,Bhrikuti Stock Broking Co. Pvt. Ltd.,Premier Securities Company Ltd.,1700,289.1,491470.0,2025-08-11 14:43:49.941604
2025-08-11,16615,2025081105029325,HIDCL,Primo Securities (PVT) Ltd.,Premier Securities Company Ltd.,1000,289.0,289000.0,2025-08-11 14:43:49.942050
2025-08-11,16614,2025081105029326,HIDCL,SUN SECURITIES PVT LTD,Premier Securities Company Ltd.,100,289.0,28900.0,2025-08-11 14:43:49.942361
2025-08-11,16613,2025081105029327,HIDCL,Naasa Securities Co. Ltd.,Premier Securities Company Ltd.,50,289.0,14450.0,2025-08-11 14:43:49.942623
2025-08-11,16612,2025081105029328,HIDCL,Naasa Securities Co. Ltd.,Premier Securities Company Ltd.,50,289.0,14450.0,2025-08-11 14:43:49.942806
2025-08-11,16611,2025081105029329,HIDCL,Dipshikha Dhitopatra Karobar Co. Pvt Ltd.,Premier Securities Company Ltd.,138,289.0,39882.0,2025-08-11 14:43:49.942975
2025-08-11,16610,2025081105029330,HIDCL,Kohinoor Investment & Securities Pvt. Ltd.,Premier Securities Company Ltd.,1000,289.0,289000.0,2025-08-11 14:43:49.943162
2025-08-11,16609,2025081105029331,HIDCL,Imperial Securities Company Pvt. Ltd.,Premier Securities Company Ltd.,462,289.0,133518.0,2025-08-11 14:43:49.943419
2025-08-11,15764,2025081105029615,HIDCL,Siprabi Securities Pvt. Ltd.,Trishakti Securities Public Limited,25,289.1,7227.5,2025-08-11 14:44:56.224555
2025-08-11,15763,2025081105029616,HIDCL,Imperial Securities Company Pvt. Ltd.,Trishakti Securities Public Limited,38,289.0,10982.0,2025-08-11 14:44:56.225299
2025-08-11,15762,2025081105029617,HIDCL,Imperial Securities Company Pvt. Ltd.,Trishakti Securities Public Limited,137,289.0,39593.0,2025-08-11 14:44:56.225828
2025-08-11,15463,2025081105029724,HIDCL,Imperial Securities Company Pvt. Ltd.,Trishakti Securities Public Limited,190,289.0,54910.0,2025-08-11 14:45:17.428581
2025-08-11,15305,2025081105029759,HIDCL,Imperial Securities Company Pvt. Ltd.,Online Securities Pvt. Ltd.,173,289.0,49997.0,2025-08-11 14:45:28.181407
2025-08-11,15304,2025081105029760,HIDCL,Imperial Securities Company Pvt. Ltd.,Online Securities Pvt. Ltd.,30,289.0,8670.0,2025-08-11 14:45:28.181813
2025-08-11,15303,2025081105029761,HIDCL,Aryatara Investment & Securities,Online Securities Pvt. Ltd.,16,289.0,4624.0,2025-08-11 14:45:28.181971
2025-08-11,15287,2025081105029770,HIDCL,Sani Securities Company Ltd.,Online Securities Pvt. Ltd.,10,289.0,2890.0,2025-08-11 14:45:30.182494
2025-08-11,15093,2025081105029821,HIDCL,Sri Hari Securities Pvt. Ltd.,Online Securities Pvt. Ltd.,15,289.0,4335.0,2025-08-11 14:45:41.723546
2025-08-11,14913,2025081105029869,HIDCL,Naasa Securities Co. Ltd.,Sani Securities Company Ltd.,20,288.7,5774.0,2025-08-11 14:45:58.518738
2025-08-11,14912,2025081105029870,HIDCL,Naasa Securities Co. Ltd.,N.M.B. SECURITIES LIMITED,80,288.7,23096.0,2025-08-11 14:45:58.651769
2025-08-11,14911,2025081105029871,HIDCL,Naasa Securities Co. Ltd.,N.M.B. SECURITIES LIMITED,20,288.7,5774.0,2025-08-11 14:45:58.652124
2025-08-11,14910,2025081105029872,HIDCL,Asian Securities Private Ltd.,N.M.B. SECURITIES LIMITED,216,288.7,62359.2,2025-08-11 14:45:58.652280
2025-08-11,14909,2025081105029873,HIDCL,Imperial Securities Company Pvt. Ltd.,N.M.B. SECURITIES LIMITED,684,288.7,197470.8,2025-08-11 14:45:58.652445
2025-08-11,14581,2025081105029963,HIDCL,Naasa Securities Co. Ltd.,Dynamic Money Managers Securities Pvt. Ltd.,1000,288.8,288800.0,2025-08-11 14:46:20.486317
2025-08-11,14580,2025081105029964,HIDCL,Imperial Securities Company Pvt. Ltd.,Dynamic Money Managers Securities Pvt. Ltd.,316,288.7,91229.2,2025-08-11 14:46:20.486672
2025-08-11,14579,2025081105029965,HIDCL,Premier Securities Company Ltd.,Dynamic Money Managers Securities Pvt. Ltd.,20,288.6,5772.0,2025-08-11 14:46:20.486827
