Date,S.N.,contract_id,symbol,buyer_broker,seller_broker,volume,price,amount,transaction_time
2025-08-11,97903,2025081103000065,LBBL,Imperial Securities Company Pvt. Ltd.,Sani Securities Company Ltd.,500,576.0,288000.0,2025-08-11 11:02:12.966196
2025-08-11,97724,2025081103000082,LBBL,Imperial Securities Company Pvt. Ltd.,Linch Stock Market Ltd.,405,576.0,233280.0,2025-08-11 11:02:41.933915
2025-08-11,97166,2025081103000164,LBBL,Imperial Securities Company Pvt. Ltd.,Deevyaa Securities & Stock House Pvt. Ltd,1000,577.0,577000.0,2025-08-11 11:04:24.711321
2025-08-11,97121,2025081103000169,LBBL,Imperial Securities Company Pvt. Ltd.,Deevyaa Securities & Stock House Pvt. Ltd,95,576.0,54720.0,2025-08-11 11:04:32.764805
2025-08-11,97120,2025081103000170,LBBL,Naasa Securities Co. Ltd.,Deevyaa Securities & Stock House Pvt. Ltd,250,576.0,144000.0,2025-08-11 11:04:32.764861
2025-08-11,97119,2025081103000171,LBBL,Kohinoor Investment & Securities Pvt. Ltd.,Deevyaa Securities & Stock House Pvt. Ltd,400,576.0,230400.0,2025-08-11 11:04:32.764907
2025-08-11,96610,2025081103000220,LBBL,Vision Securities Pvt. Ltd,NIMB Stock Markets Limited,300,575.0,172500.0,2025-08-11 11:05:44.050615
2025-08-11,96609,2025081103000221,LBBL,Sunrise Securities Limited,NIMB Stock Markets Limited,300,575.0,172500.0,2025-08-11 11:05:44.050753
2025-08-11,96431,2025081103000238,LBBL,Citizens Share Broker Limited,ABC Securities Private Limited,10,566.0,5660.0,2025-08-11 11:06:09.897516
2025-08-11,95781,2025081103000287,LBBL,Sundhara Securities Limited,Online Securities Pvt. Ltd.,100,570.2,57020.0,2025-08-11 11:07:34.415721
2025-08-11,95335,2025081103000321,LBBL,Linch Stock Market Ltd.,INDEX SECURITIES LIMITED,100,572.6,57260.0,2025-08-11 11:08:42.533238
2025-08-11,95334,2025081103000322,LBBL,Vision Securities Pvt. Ltd,INDEX SECURITIES LIMITED,50,572.5,28625.0,2025-08-11 11:08:42.533280
2025-08-11,95333,2025081103000323,LBBL,Sewa Securities Pvt. Ltd.,INDEX SECURITIES LIMITED,55,572.0,31460.0,2025-08-11 11:08:42.533307
2025-08-11,95332,2025081103000324,LBBL,Sundhara Securities Limited,INDEX SECURITIES LIMITED,100,570.7,57070.0,2025-08-11 11:08:42.533331
2025-08-11,95331,2025081103000325,LBBL,Sri Hari Securities Pvt. Ltd.,INDEX SECURITIES LIMITED,500,570.2,285100.0,2025-08-11 11:08:42.533349
2025-08-11,95330,2025081103000326,LBBL,Aryatara Investment & Securities,INDEX SECURITIES LIMITED,95,570.2,54169.0,2025-08-11 11:08:42.533374
2025-08-11,95152,2025081103000337,LBBL,Aryatara Investment & Securities,Deevyaa Securities & Stock House Pvt. Ltd,155,570.2,88381.0,2025-08-11 11:09:11.202767
2025-08-11,95151,2025081103000338,LBBL,Sani Securities Company Ltd.,Deevyaa Securities & Stock House Pvt. Ltd,1000,570.2,570200.0,2025-08-11 11:09:11.202866
2025-08-11,95150,2025081103000339,LBBL,SHUBHAKAMANA SECURITIES PVT. LTD,Deevyaa Securities & Stock House Pvt. Ltd,445,570.1,253694.5,2025-08-11 11:09:11.202905
2025-08-11,94509,2025081103000408,LBBL,Imperial Securities Company Pvt. Ltd.,NIMB Stock Markets Limited,600,570.3,342180.0,2025-08-11 11:10:38.362585
2025-08-11,94508,2025081103000409,LBBL,Sri Hari Securities Pvt. Ltd.,NIMB Stock Markets Limited,500,570.2,285100.0,2025-08-11 11:10:38.362677
2025-08-11,94507,2025081103000410,LBBL,SHUBHAKAMANA SECURITIES PVT. LTD,NIMB Stock Markets Limited,55,570.1,31355.5,2025-08-11 11:10:38.362726
2025-08-11,94506,2025081103000411,LBBL,Sundhara Securities Limited,NIMB Stock Markets Limited,300,570.1,171030.0,2025-08-11 11:10:38.362764
2025-08-11,94505,2025081103000412,LBBL,Sagarmatha Securities Private Limited,NIMB Stock Markets Limited,500,570.0,285000.0,2025-08-11 11:10:38.362800
2025-08-11,94504,2025081103000413,LBBL,Imperial Securities Company Pvt. Ltd.,NIMB Stock Markets Limited,25,570.0,14250.0,2025-08-11 11:10:38.362835
2025-08-11,94503,2025081103000414,LBBL,Sani Securities Company Ltd.,NIMB Stock Markets Limited,1000,570.0,570000.0,2025-08-11 11:10:38.362871
2025-08-11,94502,2025081103000415,LBBL,Sani Securities Company Ltd.,NIMB Stock Markets Limited,1000,570.0,570000.0,2025-08-11 11:10:38.362905
2025-08-11,94501,2025081103000416,LBBL,Sani Securities Company Ltd.,NIMB Stock Markets Limited,420,570.0,239400.0,2025-08-11 11:10:38.362938
2025-08-11,94471,2025081103000419,LBBL,Sani Securities Company Ltd.,Kumari Securities Private Limited,500,570.0,285000.0,2025-08-11 11:10:43.502924
2025-08-11,94043,2025081103000486,LBBL,Siprabi Securities Pvt. Ltd.,Deevyaa Securities & Stock House Pvt. Ltd,500,570.3,285150.0,2025-08-11 11:11:39.759051
2025-08-11,94042,2025081103000487,LBBL,Agrawal Securities (PVT) Ltd.,Deevyaa Securities & Stock House Pvt. Ltd,150,570.3,85545.0,2025-08-11 11:11:39.759225
2025-08-11,94041,2025081103000488,LBBL,Sani Securities Company Ltd.,Deevyaa Securities & Stock House Pvt. Ltd,80,570.0,45600.0,2025-08-11 11:11:39.759338
2025-08-11,93916,2025081103000518,LBBL,Sri Hari Securities Pvt. Ltd.,Deevyaa Securities & Stock House Pvt. Ltd,525,570.0,299250.0,2025-08-11 11:11:59.109532
2025-08-11,93691,2025081103000554,LBBL,Siprabi Securities Pvt. Ltd.,Kumari Securities Private Limited,500,570.0,285000.0,2025-08-11 11:12:26.021837
2025-08-11,93466,2025081103000586,LBBL,Sri Hari Securities Pvt. Ltd.,Linch Stock Market Ltd.,500,567.5,283750.0,2025-08-11 11:12:55.964969
2025-08-11,93465,2025081103000587,LBBL,Linch Stock Market Ltd.,Linch Stock Market Ltd.,50,567.2,28360.0,2025-08-11 11:12:55.965146
2025-08-11,93464,2025081103000588,LBBL,Vision Securities Pvt. Ltd,Linch Stock Market Ltd.,68,567.1,38562.8,2025-08-11 11:12:55.965271
2025-08-11,93463,2025081103000589,LBBL,Ashutosh Brokerage & Securities (PVT) Ltd.,Linch Stock Market Ltd.,200,567.0,113400.0,2025-08-11 11:12:55.965387
2025-08-11,93462,2025081103000590,LBBL,Sani Securities Company Ltd.,Linch Stock Market Ltd.,182,567.0,103194.0,2025-08-11 11:12:55.965501
2025-08-11,92792,2025081103000693,LBBL,Sri Hari Securities Pvt. Ltd.,SHUBHAKAMANA SECURITIES PVT. LTD,87,568.1,49424.7,2025-08-11 11:14:29.797070
2025-08-11,91996,2025081103000801,LBBL,Sani Securities Company Ltd.,Premier Securities Company Ltd.,1000,569.1,569100.0,2025-08-11 11:16:19.783322
2025-08-11,91995,2025081103000802,LBBL,Investment Management Nepal Pvt. Ltd.,Premier Securities Company Ltd.,250,569.0,142250.0,2025-08-11 11:16:19.783423
2025-08-11,91634,2025081103000853,LBBL,Sri Hari Securities Pvt. Ltd.,SHUBHAKAMANA SECURITIES PVT. LTD,500,573.0,286500.0,2025-08-11 11:17:05.732468
2025-08-11,91633,2025081103000854,LBBL,Sri Hari Securities Pvt. Ltd.,Kalika Securities Pvt. Ltd.,500,573.0,286500.0,2025-08-11 11:17:05.732580
2025-08-11,91074,2025081103000929,LBBL,Malla & Malla Stock Broking Company Pvt. Limited,Naasa Securities Co. Ltd.,21,573.0,12033.0,2025-08-11 11:18:31.852941
2025-08-11,91052,2025081103000930,LBBL,Sri Hari Securities Pvt. Ltd.,Naasa Securities Co. Ltd.,479,573.0,274467.0,2025-08-11 11:18:35.961090
2025-08-11,91051,2025081103000931,LBBL,Sri Hari Securities Pvt. Ltd.,Naasa Securities Co. Ltd.,500,574.0,287000.0,2025-08-11 11:18:35.961229
2025-08-11,90457,2025081103001024,LBBL,Sri Hari Securities Pvt. Ltd.,Vision Securities Pvt. Ltd,19,574.0,10906.0,2025-08-11 11:19:58.055239
2025-08-11,88894,2025081103001174,LBBL,Asian Securities Private Ltd.,Linch Stock Market Ltd.,17,575.0,9775.0,2025-08-11 11:23:58.904564
2025-08-11,88893,2025081103001175,LBBL,Asian Securities Private Ltd.,Kumari Securities Private Limited,83,576.0,47808.0,2025-08-11 11:23:58.904598
2025-08-11,87925,2025081103001305,LBBL,Capital Max Securities Ltd,Kumari Securities Private Limited,417,576.0,240192.0,2025-08-11 11:26:12.008164
2025-08-11,87924,2025081103001306,LBBL,Capital Max Securities Ltd,ABC Securities Private Limited,50,576.0,28800.0,2025-08-11 11:26:12.008287
2025-08-11,87923,2025081103001307,LBBL,Capital Max Securities Ltd,Online Securities Pvt. Ltd.,53,577.7,30618.1,2025-08-11 11:26:12.008340
2025-08-11,87435,2025081103001360,LBBL,Nabil Stock Dealer Ltd.,Trademow Securities Private Limited,1407,577.0,811839.0,2025-08-11 11:27:20.615198
2025-08-11,87391,2025081103001363,LBBL,Nabil Stock Dealer Ltd.,Miyo Securities Pvt Ltd,100,577.0,57700.0,2025-08-11 11:27:27.661249
2025-08-11,87262,2025081103001370,LBBL,Elite Stock House Limited,Malla & Malla Stock Broking Company Pvt. Limited,50,577.6,28880.0,2025-08-11 11:27:45.608137
2025-08-11,87261,2025081103001371,LBBL,Elite Stock House Limited,Online Securities Pvt. Ltd.,47,577.7,27151.9,2025-08-11 11:27:45.608285
2025-08-11,87260,2025081103001372,LBBL,Elite Stock House Limited,Kumari Securities Private Limited,403,578.0,232934.0,2025-08-11 11:27:45.608349
2025-08-11,87173,2025081103001379,LBBL,Nabil Stock Dealer Ltd.,Primo Securities (PVT) Ltd.,493,577.0,284461.0,2025-08-11 11:28:01.778221
2025-08-11,87019,2025081103001392,LBBL,Naasa Securities Co. Ltd.,Malla & Malla Stock Broking Company Pvt. Limited,16,576.0,9216.0,2025-08-11 11:28:25.713353
2025-08-11,87015,2025081103001393,LBBL,Aryatara Investment & Securities,Primo Securities (PVT) Ltd.,100,577.0,57700.0,2025-08-11 11:28:26.417430
2025-08-11,86624,2025081103001443,LBBL,Sani Securities Company Ltd.,Miyo Securities Pvt Ltd,16,576.1,9217.6,2025-08-11 11:29:12.169702
2025-08-11,86075,2025081103001520,LBBL,Investment Management Nepal Pvt. Ltd.,Primo Securities (PVT) Ltd.,407,577.0,234839.0,2025-08-11 11:30:19.652862
2025-08-11,85388,2025081103001589,LBBL,Sani Securities Company Ltd.,Sani Securities Company Ltd.,2000,577.1,1154200.0,2025-08-11 11:31:56.849966
2025-08-11,85310,2025081103001597,LBBL,Capital Max Securities Ltd,Kumari Securities Private Limited,97,578.0,56066.0,2025-08-11 11:32:07.789654
2025-08-11,85309,2025081103001598,LBBL,Capital Max Securities Ltd,INDEX SECURITIES LIMITED,300,579.0,173700.0,2025-08-11 11:32:07.789796
2025-08-11,85145,2025081103001633,LBBL,Capital Max Securities Ltd,Kumari Securities Private Limited,500,579.4,289700.0,2025-08-11 11:32:27.898788
2025-08-11,85050,2025081103001645,LBBL,Capital Max Securities Ltd,Naasa Securities Co. Ltd.,103,579.0,59637.0,2025-08-11 11:32:37.838098
2025-08-11,84906,2025081103001662,LBBL,Investment Management Nepal Pvt. Ltd.,Naasa Securities Co. Ltd.,343,577.0,197911.0,2025-08-11 11:32:56.733267
2025-08-11,84905,2025081103001663,LBBL,Aryatara Investment & Securities,Naasa Securities Co. Ltd.,100,576.2,57620.0,2025-08-11 11:32:56.733386
2025-08-11,84904,2025081103001664,LBBL,Sani Securities Company Ltd.,Naasa Securities Co. Ltd.,984,576.1,566882.4,2025-08-11 11:32:56.733447
2025-08-11,84903,2025081103001665,LBBL,Naasa Securities Co. Ltd.,Naasa Securities Co. Ltd.,70,576.0,40320.0,2025-08-11 11:32:56.733495
2025-08-11,84748,2025081103001681,LBBL,Nepal Stock House (PVT) Ltd.,Naasa Securities Co. Ltd.,100,576.0,57600.0,2025-08-11 11:33:20.164494
2025-08-11,84532,2025081103001703,LBBL,Aryatara Investment & Securities,Naasa Securities Co. Ltd.,300,576.0,172800.0,2025-08-11 11:33:50.402847
2025-08-11,84495,2025081103001710,LBBL,Aryatara Investment & Securities,Kalika Securities Pvt. Ltd.,83,576.0,47808.0,2025-08-11 11:33:54.991587
2025-08-11,84248,2025081103001734,LBBL,Midas Stock Broking Company Private Limited,INDEX SECURITIES LIMITED,300,579.0,173700.0,2025-08-11 11:34:26.816901
2025-08-11,84247,2025081103001735,LBBL,Midas Stock Broking Company Private Limited,J.F. Securites (PVT) Ltd.,20,579.8,11596.0,2025-08-11 11:34:26.817011
2025-08-11,84246,2025081103001736,LBBL,Midas Stock Broking Company Private Limited,Trademow Securities Private Limited,180,579.8,104364.0,2025-08-11 11:34:26.817067
2025-08-11,83591,2025081103001799,LBBL,Aryatara Investment & Securities,Trademow Securities Private Limited,17,576.0,9792.0,2025-08-11 11:35:44.938676
2025-08-11,83590,2025081103001800,LBBL,Sani Securities Company Ltd.,Trademow Securities Private Limited,500,575.6,287800.0,2025-08-11 11:35:44.938933
2025-08-11,83589,2025081103001801,LBBL,Online Securities Pvt. Ltd.,Trademow Securities Private Limited,2000,575.5,1151000.0,2025-08-11 11:35:44.939104
2025-08-11,83588,2025081103001802,LBBL,Sani Securities Company Ltd.,Trademow Securities Private Limited,3000,575.4,1726200.0,2025-08-11 11:35:44.939252
2025-08-11,83587,2025081103001803,LBBL,Kumari Securities Private Limited,Trademow Securities Private Limited,800,575.0,460000.0,2025-08-11 11:35:44.939410
2025-08-11,83586,2025081103001804,LBBL,Sani Securities Company Ltd.,Trademow Securities Private Limited,1410,575.0,810750.0,2025-08-11 11:35:44.939563
2025-08-11,83585,2025081103001805,LBBL,Sani Securities Company Ltd.,Trademow Securities Private Limited,50,575.0,28750.0,2025-08-11 11:35:44.939704
2025-08-11,83538,2025081103001819,LBBL,Imperial Securities Company Pvt. Ltd.,Trademow Securities Private Limited,223,575.0,128225.0,2025-08-11 11:35:52.738679
2025-08-11,83537,2025081103001820,LBBL,Imperial Securities Company Pvt. Ltd.,Sumeru Securities Pvt. Ltd.,277,578.0,160106.0,2025-08-11 11:35:52.738792
2025-08-11,83391,2025081103001849,LBBL,SHUBHAKAMANA SECURITIES PVT. LTD,Aryatara Investment & Securities,1000,575.0,575000.0,2025-08-11 11:36:13.527702
2025-08-11,82130,2025081103002107,LBBL,Market Securities & Exchange (PVT) Ltd.,Midas Stock Broking Company Private Limited,300,574.1,172230.0,2025-08-11 11:39:03.414400
2025-08-11,81994,2025081103002121,LBBL,Vision Securities Pvt. Ltd,Midas Stock Broking Company Private Limited,10,575.0,5750.0,2025-08-11 11:39:19.278383
2025-08-11,81939,2025081103002127,LBBL,Vision Securities Pvt. Ltd,Aakashbhairab Securities Ltd.,40,575.0,23000.0,2025-08-11 11:39:23.438631
2025-08-11,81711,2025081103002169,LBBL,Elite Stock House Limited,Sri Hari Securities Pvt. Ltd.,200,574.0,114800.0,2025-08-11 11:39:56.745900
2025-08-11,81518,2025081103002200,LBBL,Oxford Securities Pvt. Ltd.,INDEX SECURITIES LIMITED,50,573.0,28650.0,2025-08-11 11:40:28.748352
2025-08-11,81517,2025081103002201,LBBL,Market Securities & Exchange (PVT) Ltd.,INDEX SECURITIES LIMITED,200,573.0,114600.0,2025-08-11 11:40:28.748388
2025-08-11,81516,2025081103002202,LBBL,Market Securities & Exchange (PVT) Ltd.,INDEX SECURITIES LIMITED,200,572.1,114420.0,2025-08-11 11:40:28.748410
2025-08-11,81515,2025081103002203,LBBL,SUN SECURITIES PVT LTD,INDEX SECURITIES LIMITED,50,572.1,28605.0,2025-08-11 11:40:28.748454
2025-08-11,81211,2025081103002251,LBBL,Market Securities & Exchange (PVT) Ltd.,Trademow Securities Private Limited,200,572.2,114440.0,2025-08-11 11:41:10.096902
2025-08-11,81210,2025081103002252,LBBL,SUN SECURITIES PVT LTD,Trademow Securities Private Limited,450,572.1,257445.0,2025-08-11 11:41:10.097174
2025-08-11,81209,2025081103002253,LBBL,Trishakti Securities Public Limited,Trademow Securities Private Limited,170,572.0,97240.0,2025-08-11 11:41:10.097328
2025-08-11,80917,2025081103002294,LBBL,Trishakti Securities Public Limited,INDEX SECURITIES LIMITED,400,572.0,228800.0,2025-08-11 11:41:53.966898
2025-08-11,79371,2025081103002543,LBBL,Trishakti Securities Public Limited,Capital Max Securities Ltd,30,572.0,17160.0,2025-08-11 11:45:49.510039
2025-08-11,79370,2025081103002544,LBBL,SUN SECURITIES PVT LTD,Capital Max Securities Ltd,470,572.0,268840.0,2025-08-11 11:45:49.510207
2025-08-11,78894,2025081103002622,LBBL,SUN SECURITIES PVT LTD,Sri Hari Securities Pvt. Ltd.,500,572.2,286100.0,2025-08-11 11:47:07.982420
2025-08-11,78893,2025081103002623,LBBL,SUN SECURITIES PVT LTD,Sri Hari Securities Pvt. Ltd.,30,572.0,17160.0,2025-08-11 11:47:07.982597
2025-08-11,78892,2025081103002624,LBBL,Asian Securities Private Ltd.,Sri Hari Securities Pvt. Ltd.,270,572.0,154440.0,2025-08-11 11:47:07.982654
2025-08-11,78144,2025081103002775,LBBL,Sani Securities Company Ltd.,Midas Stock Broking Company Private Limited,10,574.9,5749.0,2025-08-11 11:49:06.644997
2025-08-11,77745,2025081103002864,LBBL,Sani Securities Company Ltd.,J.F. Securites (PVT) Ltd.,15,574.5,8617.5,2025-08-11 11:50:08.457291
2025-08-11,77744,2025081103002865,LBBL,Sani Securities Company Ltd.,Midas Stock Broking Company Private Limited,285,574.9,163846.5,2025-08-11 11:50:08.457333
2025-08-11,77619,2025081103002901,LBBL,ABC Securities Private Limited,Naasa Securities Co. Ltd.,100,572.1,57210.0,2025-08-11 11:50:30.722640
2025-08-11,77618,2025081103002902,LBBL,Sani Securities Company Ltd.,Naasa Securities Co. Ltd.,1000,572.1,572100.0,2025-08-11 11:50:30.722768
2025-08-11,77617,2025081103002903,LBBL,Asian Securities Private Ltd.,Naasa Securities Co. Ltd.,580,572.0,331760.0,2025-08-11 11:50:30.722820
2025-08-11,77616,2025081103002904,LBBL,Sani Securities Company Ltd.,Naasa Securities Co. Ltd.,300,572.0,171600.0,2025-08-11 11:50:30.722874
2025-08-11,77615,2025081103002905,LBBL,Market Securities & Exchange (PVT) Ltd.,Naasa Securities Co. Ltd.,20,570.2,11404.0,2025-08-11 11:50:30.722928
2025-08-11,76489,2025081103003165,LBBL,Sani Securities Company Ltd.,Neev Securities Pvt. Ltd.,40,574.0,22960.0,2025-08-11 11:53:09.406897
2025-08-11,75467,2025081103003384,LBBL,Elite Stock House Limited,K.B.L. Securities Limited ,100,571.0,57100.0,2025-08-11 11:55:42.697701
2025-08-11,75466,2025081103003385,LBBL,Asian Securities Private Ltd.,K.B.L. Securities Limited ,50,570.5,28525.0,2025-08-11 11:55:42.697975
2025-08-11,75465,2025081103003386,LBBL,Market Securities & Exchange (PVT) Ltd.,K.B.L. Securities Limited ,180,570.2,102636.0,2025-08-11 11:55:42.698179
2025-08-11,75464,2025081103003387,LBBL,SUN SECURITIES PVT LTD,K.B.L. Securities Limited ,500,570.2,285100.0,2025-08-11 11:55:42.698341
2025-08-11,75463,2025081103003388,LBBL,Midas Stock Broking Company Private Limited,K.B.L. Securities Limited ,50,570.1,28505.0,2025-08-11 11:55:42.698507
2025-08-11,75462,2025081103003389,LBBL,Sani Securities Company Ltd.,K.B.L. Securities Limited ,818,570.1,466341.8,2025-08-11 11:55:42.698652
2025-08-11,75461,2025081103003390,LBBL,South Asian Bulls Pvt. Ltd.,K.B.L. Securities Limited ,200,570.0,114000.0,2025-08-11 11:55:42.698815
2025-08-11,75460,2025081103003391,LBBL,Sundhara Securities Limited,K.B.L. Securities Limited ,10,570.0,5700.0,2025-08-11 11:55:42.698969
2025-08-11,75459,2025081103003392,LBBL,Midas Stock Broking Company Private Limited,K.B.L. Securities Limited ,21,570.0,11970.0,2025-08-11 11:55:42.699148
2025-08-11,75458,2025081103003393,LBBL,Sani Securities Company Ltd.,K.B.L. Securities Limited ,1000,570.0,570000.0,2025-08-11 11:55:42.699310
2025-08-11,75457,2025081103003394,LBBL,Primo Securities (PVT) Ltd.,K.B.L. Securities Limited ,10,570.0,5700.0,2025-08-11 11:55:42.699468
2025-08-11,75456,2025081103003395,LBBL,SUN SECURITIES PVT LTD,K.B.L. Securities Limited ,75,570.0,42750.0,2025-08-11 11:55:42.699615
2025-08-11,75455,2025081103003396,LBBL,Nagarik Stock Dealer ,K.B.L. Securities Limited ,126,570.0,71820.0,2025-08-11 11:55:42.699772
2025-08-11,75287,2025081103003434,LBBL,Nagarik Stock Dealer ,Vision Securities Pvt. Ltd,62,570.0,35340.0,2025-08-11 11:55:59.924757
2025-08-11,75197,2025081103003453,LBBL,Nagarik Stock Dealer ,INDEX SECURITIES LIMITED,812,570.0,462840.0,2025-08-11 11:56:14.783550
2025-08-11,75196,2025081103003454,LBBL,Kohinoor Investment & Securities Pvt. Ltd.,INDEX SECURITIES LIMITED,188,569.0,106972.0,2025-08-11 11:56:14.783593
2025-08-11,75112,2025081103003479,LBBL,Kohinoor Investment & Securities Pvt. Ltd.,Sri Hari Securities Pvt. Ltd.,312,569.0,177528.0,2025-08-11 11:56:30.628954
2025-08-11,75111,2025081103003480,LBBL,Sani Securities Company Ltd.,Sri Hari Securities Pvt. Ltd.,688,568.7,391265.6,2025-08-11 11:56:30.629231
2025-08-11,74733,2025081103003573,LBBL,Sani Securities Company Ltd.,INDEX SECURITIES LIMITED,500,568.7,284350.0,2025-08-11 11:57:28.024644
2025-08-11,74507,2025081103003624,LBBL,Online Securities Pvt. Ltd.,Aryatara Investment & Securities,500,570.0,285000.0,2025-08-11 11:58:01.130125
2025-08-11,74192,2025081103003681,LBBL,Elite Stock House Limited,Asian Securities Private Ltd.,20,569.0,11380.0,2025-08-11 11:58:32.313857
2025-08-11,74191,2025081103003682,LBBL,Sani Securities Company Ltd.,Asian Securities Private Ltd.,640,568.7,363968.0,2025-08-11 11:58:32.313986
2025-08-11,73738,2025081103003803,LBBL,Sani Securities Company Ltd.,ABC Securities Private Limited,1322,568.7,751821.4,2025-08-11 11:59:39.451830
2025-08-11,73737,2025081103003804,LBBL,Citizens Share Broker Limited,ABC Securities Private Limited,128,568.6,72780.8,2025-08-11 11:59:39.452094
2025-08-11,73186,2025081103003907,LBBL,Citizens Share Broker Limited,Naasa Securities Co. Ltd.,22,568.6,12509.2,2025-08-11 12:01:16.774210
2025-08-11,73085,2025081103003922,LBBL,Citizens Share Broker Limited,Aryatara Investment & Securities,240,568.6,136464.0,2025-08-11 12:01:35.517965
2025-08-11,73084,2025081103003923,LBBL,SUN SECURITIES PVT LTD,Aryatara Investment & Securities,260,568.0,147680.0,2025-08-11 12:01:35.518172
2025-08-11,72798,2025081103003952,LBBL,Kalika Securities Pvt. Ltd.,Capital Max Securities Ltd,300,570.0,171000.0,2025-08-11 12:02:28.317329
2025-08-11,72568,2025081103003979,LBBL,SUN SECURITIES PVT LTD,ABC Securities Private Limited,50,568.0,28400.0,2025-08-11 12:03:19.360065
2025-08-11,71830,2025081103004097,LBBL,Oxford Securities Pvt. Ltd.,Capital Hub P. Ltd,100,572.0,57200.0,2025-08-11 12:05:19.369181
2025-08-11,71727,2025081103004110,LBBL,Opal Securities Investment (PVT) Ltd.,Aryatara Investment & Securities,200,569.0,113800.0,2025-08-11 12:05:39.966020
2025-08-11,71726,2025081103004111,LBBL,SUN SECURITIES PVT LTD,Aryatara Investment & Securities,300,568.0,170400.0,2025-08-11 12:05:39.966169
2025-08-11,71658,2025081103004118,LBBL,SUN SECURITIES PVT LTD,Aryatara Investment & Securities,390,568.0,221520.0,2025-08-11 12:05:52.073795
2025-08-11,71272,2025081103004175,LBBL,Siprabi Securities Pvt. Ltd.,Agrawal Securities (PVT) Ltd.,400,567.1,226840.0,2025-08-11 12:06:50.257428
2025-08-11,71271,2025081103004176,LBBL,Prabhu Stock Market Limited,Agrawal Securities (PVT) Ltd.,100,567.0,56700.0,2025-08-11 12:06:50.257600
2025-08-11,71270,2025081103004177,LBBL,Creative Securities Pvt Ltd,Agrawal Securities (PVT) Ltd.,300,567.0,170100.0,2025-08-11 12:06:50.257656
2025-08-11,71269,2025081103004178,LBBL,J.F. Securites (PVT) Ltd.,Agrawal Securities (PVT) Ltd.,500,566.6,283300.0,2025-08-11 12:06:50.257713
2025-08-11,71268,2025081103004179,LBBL,Vision Securities Pvt. Ltd,Agrawal Securities (PVT) Ltd.,200,566.6,113320.0,2025-08-11 12:06:50.257767
2025-08-11,71267,2025081103004180,LBBL,Dakshinkali Investment & Securities Pvt. Ltd.,Agrawal Securities (PVT) Ltd.,100,566.5,56650.0,2025-08-11 12:06:50.257823
2025-08-11,71266,2025081103004181,LBBL,ABC Securities Private Limited,Agrawal Securities (PVT) Ltd.,200,566.1,113220.0,2025-08-11 12:06:50.257878
2025-08-11,71265,2025081103004182,LBBL,Midas Stock Broking Company Private Limited,Agrawal Securities (PVT) Ltd.,500,566.0,283000.0,2025-08-11 12:06:50.257957
2025-08-11,71264,2025081103004183,LBBL,Creative Securities Pvt Ltd,Agrawal Securities (PVT) Ltd.,300,566.0,169800.0,2025-08-11 12:06:50.258041
2025-08-11,71263,2025081103004184,LBBL,Dakshinkali Investment & Securities Pvt. Ltd.,Agrawal Securities (PVT) Ltd.,100,566.0,56600.0,2025-08-11 12:06:50.258105
2025-08-11,71262,2025081103004185,LBBL,Vision Securities Pvt. Ltd,Agrawal Securities (PVT) Ltd.,50,566.0,28300.0,2025-08-11 12:06:50.258167
2025-08-11,71261,2025081103004186,LBBL,Aakashbhairab Securities Ltd.,Agrawal Securities (PVT) Ltd.,250,565.7,141425.0,2025-08-11 12:06:50.258231
2025-08-11,70965,2025081103004220,LBBL,Aakashbhairab Securities Ltd.,Aryatara Investment & Securities,110,565.7,62227.0,2025-08-11 12:07:41.055747
2025-08-11,70115,2025081103004390,LBBL,Secured Securities Ltd.,Dipshikha Dhitopatra Karobar Co. Pvt Ltd.,10,567.0,5670.0,2025-08-11 12:10:04.023859
2025-08-11,70056,2025081103004405,LBBL,Nepal Stock House (PVT) Ltd.,Neev Securities Pvt. Ltd.,100,566.1,56610.0,2025-08-11 12:10:17.977351
2025-08-11,70055,2025081103004406,LBBL,Kohinoor Investment & Securities Pvt. Ltd.,Neev Securities Pvt. Ltd.,25,566.0,14150.0,2025-08-11 12:10:17.977518
2025-08-11,70011,2025081103004412,LBBL,Sumeru Securities Pvt. Ltd.,Neev Securities Pvt. Ltd.,40,566.0,22640.0,2025-08-11 12:10:26.062267
2025-08-11,69996,2025081103004414,LBBL,Market Securities & Exchange (PVT) Ltd.,Aryatara Investment & Securities,16,565.9,9054.4,2025-08-11 12:10:28.225127
2025-08-11,69926,2025081103004428,LBBL,Sri Hari Securities Pvt. Ltd.,Dipshikha Dhitopatra Karobar Co. Pvt Ltd.,490,567.0,277830.0,2025-08-11 12:10:45.030214
2025-08-11,69142,2025081103004606,LBBL,Sani Securities Company Ltd.,Capital Hub P. Ltd,20,572.0,11440.0,2025-08-11 12:12:32.321775
2025-08-11,66526,2025081103005088,LBBL,Sundhara Securities Limited,Kohinoor Investment & Securities Pvt. Ltd.,7,564.0,3948.0,2025-08-11 12:19:15.663369
2025-08-11,66270,2025081103005133,LBBL,Nepal Stock House (PVT) Ltd.,Aryatara Investment & Securities,170,569.0,96730.0,2025-08-11 12:20:03.589104
2025-08-11,66231,2025081103005140,LBBL,Opal Securities Investment (PVT) Ltd.,Aryatara Investment & Securities,150,567.0,85050.0,2025-08-11 12:20:11.198174
2025-08-11,66230,2025081103005141,LBBL,Thrive Brokerage House Pvt. Ltd,Aryatara Investment & Securities,100,566.4,56640.0,2025-08-11 12:20:11.198305
2025-08-11,66229,2025081103005142,LBBL,Nepal Stock House (PVT) Ltd.,Aryatara Investment & Securities,100,566.3,56630.0,2025-08-11 12:20:11.198362
2025-08-11,66228,2025081103005143,LBBL,Market Securities & Exchange (PVT) Ltd.,Aryatara Investment & Securities,184,566.3,104199.2,2025-08-11 12:20:11.198420
2025-08-11,66227,2025081103005144,LBBL,Sweta Securities Private Limited,Aryatara Investment & Securities,60,566.0,33960.0,2025-08-11 12:20:11.198473
2025-08-11,66226,2025081103005145,LBBL,Sri Hari Securities Pvt. Ltd.,Aryatara Investment & Securities,26,566.0,14716.0,2025-08-11 12:20:11.198526
2025-08-11,65804,2025081103005223,LBBL,Sri Hari Securities Pvt. Ltd.,Agrawal Securities (PVT) Ltd.,974,566.0,551284.0,2025-08-11 12:21:14.464347
2025-08-11,65803,2025081103005224,LBBL,Nepal Stock House (PVT) Ltd.,Agrawal Securities (PVT) Ltd.,26,565.9,14713.4,2025-08-11 12:21:14.464462
2025-08-11,65593,2025081103005270,LBBL,Nepal Stock House (PVT) Ltd.,Sri Hari Securities Pvt. Ltd.,24,565.9,13581.6,2025-08-11 12:21:47.801423
2025-08-11,65592,2025081103005271,LBBL,Ashutosh Brokerage & Securities (PVT) Ltd.,Sri Hari Securities Pvt. Ltd.,500,565.8,282900.0,2025-08-11 12:21:47.801570
2025-08-11,65591,2025081103005272,LBBL,Aakashbhairab Securities Ltd.,Sri Hari Securities Pvt. Ltd.,640,565.7,362048.0,2025-08-11 12:21:47.801633
2025-08-11,65590,2025081103005273,LBBL,SUN SECURITIES PVT LTD,Sri Hari Securities Pvt. Ltd.,258,565.6,145924.8,2025-08-11 12:21:47.801693
2025-08-11,65367,2025081103005303,LBBL,SUN SECURITIES PVT LTD,Linch Stock Market Ltd.,52,565.6,29411.2,2025-08-11 12:22:19.384081
2025-08-11,64667,2025081103005424,LBBL,Market Securities & Exchange (PVT) Ltd.,Imperial Securities Company Pvt. Ltd.,200,565.7,113140.0,2025-08-11 12:24:12.502112
2025-08-11,64666,2025081103005425,LBBL,SUN SECURITIES PVT LTD,Imperial Securities Company Pvt. Ltd.,690,565.6,390264.0,2025-08-11 12:24:12.502296
2025-08-11,64665,2025081103005426,LBBL,Agrawal Securities (PVT) Ltd.,Imperial Securities Company Pvt. Ltd.,110,565.6,62216.0,2025-08-11 12:24:12.502367
2025-08-11,64185,2025081103005488,LBBL,Imperial Securities Company Pvt. Ltd.,Naasa Securities Co. Ltd.,80,565.8,45264.0,2025-08-11 12:25:43.330147
2025-08-11,64184,2025081103005489,LBBL,Creative Securities Pvt Ltd,Naasa Securities Co. Ltd.,100,565.8,56580.0,2025-08-11 12:25:43.330419
2025-08-11,64183,2025081103005490,LBBL,Market Securities & Exchange (PVT) Ltd.,Naasa Securities Co. Ltd.,500,565.7,282850.0,2025-08-11 12:25:43.330594
2025-08-11,64182,2025081103005491,LBBL,Agrawal Securities (PVT) Ltd.,Naasa Securities Co. Ltd.,190,565.6,107464.0,2025-08-11 12:25:43.330765
2025-08-11,64181,2025081103005492,LBBL,Market Securities & Exchange (PVT) Ltd.,Naasa Securities Co. Ltd.,200,565.6,113120.0,2025-08-11 12:25:43.330927
2025-08-11,64180,2025081103005493,LBBL,Agrawal Securities (PVT) Ltd.,Naasa Securities Co. Ltd.,400,565.6,226240.0,2025-08-11 12:25:43.331131
2025-08-11,64179,2025081103005494,LBBL,South Asian Bulls Pvt. Ltd.,Naasa Securities Co. Ltd.,2530,565.5,1430715.0,2025-08-11 12:25:43.331374
2025-08-11,64032,2025081103005510,LBBL,South Asian Bulls Pvt. Ltd.,Capital Max Securities Ltd,1835,565.5,1037692.5,2025-08-11 12:26:13.151853
2025-08-11,64031,2025081103005511,LBBL,Aryatara Investment & Securities,Capital Max Securities Ltd,300,565.5,169650.0,2025-08-11 12:26:13.152007
2025-08-11,64030,2025081103005512,LBBL,Aakashbhairab Securities Ltd.,Capital Max Securities Ltd,1000,565.4,565400.0,2025-08-11 12:26:13.152083
2025-08-11,64029,2025081103005513,LBBL,Creative Securities Pvt Ltd,Capital Max Securities Ltd,300,565.1,169530.0,2025-08-11 12:26:13.152156
2025-08-11,64028,2025081103005514,LBBL,Ashutosh Brokerage & Securities (PVT) Ltd.,Capital Max Securities Ltd,500,565.0,282500.0,2025-08-11 12:26:13.152209
2025-08-11,64027,2025081103005515,LBBL,Imperial Securities Company Pvt. Ltd.,Capital Max Securities Ltd,10,565.0,5650.0,2025-08-11 12:26:13.152265
2025-08-11,64026,2025081103005516,LBBL,Bhrikuti Stock Broking Co. Pvt. Ltd.,Capital Max Securities Ltd,500,565.0,282500.0,2025-08-11 12:26:13.152319
2025-08-11,64025,2025081103005517,LBBL,ABC Securities Private Limited,Capital Max Securities Ltd,100,565.0,56500.0,2025-08-11 12:26:13.152371
2025-08-11,64024,2025081103005518,LBBL,Bhrikuti Stock Broking Co. Pvt. Ltd.,Capital Max Securities Ltd,300,565.0,169500.0,2025-08-11 12:26:13.152427
2025-08-11,64023,2025081103005519,LBBL,ABC Securities Private Limited,Capital Max Securities Ltd,50,565.0,28250.0,2025-08-11 12:26:13.152481
2025-08-11,64022,2025081103005520,LBBL,Bhrikuti Stock Broking Co. Pvt. Ltd.,Capital Max Securities Ltd,50,565.0,28250.0,2025-08-11 12:26:13.152532
2025-08-11,63749,2025081103005573,LBBL,Oxford Securities Pvt. Ltd.,Capital Max Securities Ltd,300,566.0,169800.0,2025-08-11 12:27:06.406835
2025-08-11,63567,2025081103005593,LBBL,Creative Securities Pvt Ltd,Citizens Share Broker Limited,23,564.8,12990.4,2025-08-11 12:27:35.288211
2025-08-11,63239,2025081103005655,LBBL,Creative Securities Pvt Ltd,Imperial Securities Company Pvt. Ltd.,277,564.8,156449.6,2025-08-11 12:28:48.550206
2025-08-11,63238,2025081103005656,LBBL,Vision Securities Pvt. Ltd,Imperial Securities Company Pvt. Ltd.,55,564.1,31025.5,2025-08-11 12:28:48.550335
2025-08-11,63237,2025081103005657,LBBL,Vision Securities Pvt. Ltd,Imperial Securities Company Pvt. Ltd.,10,564.0,5640.0,2025-08-11 12:28:48.550410
2025-08-11,63236,2025081103005658,LBBL,Dakshinkali Investment & Securities Pvt. Ltd.,Imperial Securities Company Pvt. Ltd.,100,564.0,56400.0,2025-08-11 12:28:48.550464
2025-08-11,63235,2025081103005659,LBBL,Sharepro Securities Private Limited,Imperial Securities Company Pvt. Ltd.,58,564.0,32712.0,2025-08-11 12:28:48.657677
2025-08-11,63234,2025081103005660,LBBL,Sharepro Securities Private Limited,Capital Max Securities Ltd,442,565.8,250083.6,2025-08-11 12:28:48.657805
2025-08-11,62636,2025081103005766,LBBL,Garima Securities Limited,Midas Stock Broking Company Private Limited,25,565.0,14125.0,2025-08-11 12:30:28.046437
2025-08-11,62491,2025081103005812,LBBL,Vision Securities Pvt. Ltd,Midas Stock Broking Company Private Limited,25,565.0,14125.0,2025-08-11 12:30:49.375554
2025-08-11,62490,2025081103005813,LBBL,Vision Securities Pvt. Ltd,Vision Securities Pvt. Ltd,180,565.0,101700.0,2025-08-11 12:30:49.375815
2025-08-11,62372,2025081103005837,LBBL,Aryatara Investment & Securities,Capital Max Securities Ltd,50,565.8,28290.0,2025-08-11 12:31:11.142366
2025-08-11,62188,2025081103005861,LBBL,Sharepro Securities Private Limited,K.B.L. Securities Limited ,1000,567.0,567000.0,2025-08-11 12:31:41.402114
2025-08-11,61588,2025081103005945,LBBL,Infinity Securities Limited,Sundhara Securities Limited,249,564.3,140510.7,2025-08-11 12:34:06.965479
2025-08-11,61537,2025081103005957,LBBL,Infinity Securities Limited,Kalika Securities Pvt. Ltd.,1000,567.0,567000.0,2025-08-11 12:34:18.500677
2025-08-11,60907,2025081103006033,LBBL,Sumeru Securities Pvt. Ltd.,Kalika Securities Pvt. Ltd.,30,567.0,17010.0,2025-08-11 12:36:20.054186
2025-08-11,60816,2025081103006044,LBBL,Midas Stock Broking Company Private Limited,Kalika Securities Pvt. Ltd.,470,567.0,266490.0,2025-08-11 12:36:33.011977
2025-08-11,60377,2025081103006118,LBBL,Siprabi Securities Pvt. Ltd.,Sani Securities Company Ltd.,50,567.0,28350.0,2025-08-11 12:38:02.273053
2025-08-11,60375,2025081103006119,LBBL,Naasa Securities Co. Ltd.,Deevyaa Securities & Stock House Pvt. Ltd,11,566.1,6227.1,2025-08-11 12:38:03.023318
2025-08-11,60294,2025081103006130,LBBL,Midas Stock Broking Company Private Limited,Sani Securities Company Ltd.,350,567.0,198450.0,2025-08-11 12:38:23.593581
2025-08-11,60035,2025081103006169,LBBL,Midas Stock Broking Company Private Limited,KALASH STOCK MARKET PVT. LTD.,500,568.0,284000.0,2025-08-11 12:39:22.926454
2025-08-11,60001,2025081103006184,LBBL,Sumeru Securities Pvt. Ltd.,KALASH STOCK MARKET PVT. LTD.,30,568.0,17040.0,2025-08-11 12:39:31.992037
2025-08-11,59976,2025081103006189,LBBL,Bhrikuti Stock Broking Co. Pvt. Ltd.,KALASH STOCK MARKET PVT. LTD.,470,568.0,266960.0,2025-08-11 12:39:39.373385
2025-08-11,59975,2025081103006190,LBBL,Bhrikuti Stock Broking Co. Pvt. Ltd.,Agrawal Securities (PVT) Ltd.,30,568.0,17040.0,2025-08-11 12:39:39.373441
2025-08-11,59913,2025081103006197,LBBL,Naasa Securities Co. Ltd.,Neev Securities Pvt. Ltd.,84,567.1,47636.4,2025-08-11 12:39:51.164715
2025-08-11,59764,2025081103006210,LBBL,Naasa Securities Co. Ltd.,Capital Max Securities Ltd,1905,567.1,1080325.5,2025-08-11 12:40:23.513883
2025-08-11,59763,2025081103006211,LBBL,Elite Stock House Limited,Capital Max Securities Ltd,20,567.0,11340.0,2025-08-11 12:40:23.514068
2025-08-11,59762,2025081103006212,LBBL,Aryatara Investment & Securities,Capital Max Securities Ltd,75,567.0,42525.0,2025-08-11 12:40:23.514128
2025-08-11,59615,2025081103006232,LBBL,Aryatara Investment & Securities,Agrawal Securities (PVT) Ltd.,15,568.0,8520.0,2025-08-11 12:40:54.253044
2025-08-11,59391,2025081103006271,LBBL,Sumeru Securities Pvt. Ltd.,Nepal Stock House (PVT) Ltd.,30,566.2,16986.0,2025-08-11 12:41:37.539381
2025-08-11,59390,2025081103006272,LBBL,Market Securities & Exchange (PVT) Ltd.,Nepal Stock House (PVT) Ltd.,200,566.2,113240.0,2025-08-11 12:41:37.539574
2025-08-11,59389,2025081103006273,LBBL,South Asian Bulls Pvt. Ltd.,Nepal Stock House (PVT) Ltd.,20,566.0,11320.0,2025-08-11 12:41:37.539636
2025-08-11,59388,2025081103006274,LBBL,Siprabi Securities Pvt. Ltd.,Nepal Stock House (PVT) Ltd.,100,566.0,56600.0,2025-08-11 12:41:37.539692
2025-08-11,59387,2025081103006275,LBBL,Naasa Securities Co. Ltd.,Nepal Stock House (PVT) Ltd.,97,565.0,54805.0,2025-08-11 12:41:37.539744
2025-08-11,59386,2025081103006276,LBBL,Aryatara Investment & Securities,Nepal Stock House (PVT) Ltd.,100,565.0,56500.0,2025-08-11 12:41:37.539798
2025-08-11,59385,2025081103006277,LBBL,Sumeru Securities Pvt. Ltd.,Nepal Stock House (PVT) Ltd.,30,564.5,16935.0,2025-08-11 12:41:37.539851
2025-08-11,59384,2025081103006278,LBBL,SUN SECURITIES PVT LTD,Nepal Stock House (PVT) Ltd.,1000,564.5,564500.0,2025-08-11 12:41:37.539906
2025-08-11,59383,2025081103006279,LBBL,Ashutosh Brokerage & Securities (PVT) Ltd.,Nepal Stock House (PVT) Ltd.,500,564.2,282100.0,2025-08-11 12:41:37.539959
2025-08-11,59382,2025081103006280,LBBL,Nepal Stock House (PVT) Ltd.,Nepal Stock House (PVT) Ltd.,20,564.2,11284.0,2025-08-11 12:41:37.540014
2025-08-11,59381,2025081103006281,LBBL,Neev Securities Pvt. Ltd.,Nepal Stock House (PVT) Ltd.,19,564.0,10716.0,2025-08-11 12:41:37.540078
2025-08-11,59305,2025081103006298,LBBL,Opal Securities Investment (PVT) Ltd.,Agrawal Securities (PVT) Ltd.,500,568.0,284000.0,2025-08-11 12:41:51.940329
2025-08-11,58449,2025081103006443,LBBL,Bhrikuti Stock Broking Co. Pvt. Ltd.,Capital Max Securities Ltd,500,565.0,282500.0,2025-08-11 12:44:53.372708
2025-08-11,58448,2025081103006444,LBBL,Midas Stock Broking Company Private Limited,Capital Max Securities Ltd,500,565.0,282500.0,2025-08-11 12:44:53.372859
2025-08-11,57981,2025081103006536,LBBL,Infinity Securities Limited,Citizens Share Broker Limited,500,565.0,282500.0,2025-08-11 12:46:44.347255
2025-08-11,57188,2025081103006687,LBBL,Naasa Securities Co. Ltd.,KALASH STOCK MARKET PVT. LTD.,100,566.0,56600.0,2025-08-11 12:50:04.350336
2025-08-11,57001,2025081103006728,LBBL,Citizens Share Broker Limited,KALASH STOCK MARKET PVT. LTD.,280,566.0,158480.0,2025-08-11 12:51:03.134438
2025-08-11,57000,2025081103006729,LBBL,Citizens Share Broker Limited,Aakashbhairab Securities Ltd.,220,566.0,124520.0,2025-08-11 12:51:03.134528
2025-08-11,56989,2025081103006736,LBBL,Naasa Securities Co. Ltd.,Aakashbhairab Securities Ltd.,500,566.0,283000.0,2025-08-11 12:51:07.859823
2025-08-11,56796,2025081103006777,LBBL,Nepal Stock House (PVT) Ltd.,Nepal Stock House (PVT) Ltd.,50,564.6,28230.0,2025-08-11 12:51:45.936170
2025-08-11,56795,2025081103006778,LBBL,Market Securities & Exchange (PVT) Ltd.,Nepal Stock House (PVT) Ltd.,200,564.5,112900.0,2025-08-11 12:51:45.936328
2025-08-11,56794,2025081103006779,LBBL,Ashutosh Brokerage & Securities (PVT) Ltd.,Nepal Stock House (PVT) Ltd.,74,564.4,41765.6,2025-08-11 12:51:45.936393
2025-08-11,55573,2025081103006948,LBBL,Citizens Share Broker Limited,Aakashbhairab Securities Ltd.,300,566.0,169800.0,2025-08-11 12:56:00.991479
2025-08-11,54930,2025081103007048,LBBL,Asian Securities Private Ltd.,Aakashbhairab Securities Ltd.,100,566.0,56600.0,2025-08-11 12:58:05.568850
2025-08-11,54892,2025081103007058,LBBL,Online Securities Pvt. Ltd.,Dipshikha Dhitopatra Karobar Co. Pvt Ltd.,15,565.0,8475.0,2025-08-11 12:58:12.626622
2025-08-11,54891,2025081103007059,LBBL,Kumari Securities Private Limited,Dipshikha Dhitopatra Karobar Co. Pvt Ltd.,50,564.7,28235.0,2025-08-11 12:58:12.626822
2025-08-11,54890,2025081103007060,LBBL,Naasa Securities Co. Ltd.,Dipshikha Dhitopatra Karobar Co. Pvt Ltd.,35,564.7,19764.5,2025-08-11 12:58:12.626886
2025-08-11,54735,2025081103007081,LBBL,Naasa Securities Co. Ltd.,Citizens Share Broker Limited,65,564.7,36705.5,2025-08-11 12:58:52.535666
2025-08-11,54734,2025081103007082,LBBL,Ashutosh Brokerage & Securities (PVT) Ltd.,Citizens Share Broker Limited,426,564.6,240519.6,2025-08-11 12:58:52.535825
2025-08-11,54733,2025081103007083,LBBL,Nepal Stock House (PVT) Ltd.,Citizens Share Broker Limited,50,564.4,28220.0,2025-08-11 12:58:52.535903
2025-08-11,54732,2025081103007084,LBBL,Naasa Securities Co. Ltd.,Citizens Share Broker Limited,459,564.0,258876.0,2025-08-11 12:58:52.535964
2025-08-11,54534,2025081103007138,LBBL,Opal Securities Investment (PVT) Ltd.,Aakashbhairab Securities Ltd.,200,566.0,113200.0,2025-08-11 12:59:47.923898
2025-08-11,54460,2025081103007146,LBBL,Citizens Share Broker Limited,Aakashbhairab Securities Ltd.,500,566.0,283000.0,2025-08-11 13:00:03.760777
2025-08-11,53886,2025081103007248,LBBL,Citizens Share Broker Limited,Trishakti Securities Public Limited,500,565.0,282500.0,2025-08-11 13:02:01.134243
2025-08-11,53459,2025081103007315,LBBL,Naasa Securities Co. Ltd.,Trisul Securities & Invt. Ltd.,141,564.0,79524.0,2025-08-11 13:03:48.066316
2025-08-11,53458,2025081103007316,LBBL,Imperial Securities Company Pvt. Ltd.,Trisul Securities & Invt. Ltd.,50,563.1,28155.0,2025-08-11 13:03:48.066438
2025-08-11,53457,2025081103007317,LBBL,ABC Securities Private Limited,Trisul Securities & Invt. Ltd.,40,563.0,22520.0,2025-08-11 13:03:48.066506
2025-08-11,53456,2025081103007318,LBBL,Creative Securities Pvt Ltd,Trisul Securities & Invt. Ltd.,300,563.0,168900.0,2025-08-11 13:03:48.066582
2025-08-11,53455,2025081103007319,LBBL,Imperial Securities Company Pvt. Ltd.,Trisul Securities & Invt. Ltd.,50,563.0,28150.0,2025-08-11 13:03:48.066656
2025-08-11,53454,2025081103007320,LBBL,Sunrise Securities Limited,Trisul Securities & Invt. Ltd.,30,563.0,16890.0,2025-08-11 13:03:48.066728
2025-08-11,53453,2025081103007321,LBBL,Siprabi Securities Pvt. Ltd.,Trisul Securities & Invt. Ltd.,50,563.0,28150.0,2025-08-11 13:03:48.066803
2025-08-11,53452,2025081103007322,LBBL,J.F. Securites (PVT) Ltd.,Trisul Securities & Invt. Ltd.,880,563.0,495440.0,2025-08-11 13:03:48.066876
2025-08-11,53451,2025081103007323,LBBL,Deevyaa Securities & Stock House Pvt. Ltd,Trisul Securities & Invt. Ltd.,50,562.9,28145.0,2025-08-11 13:03:48.066940
2025-08-11,53450,2025081103007324,LBBL,Creative Securities Pvt Ltd,Trisul Securities & Invt. Ltd.,300,562.8,168840.0,2025-08-11 13:03:48.067016
2025-08-11,53449,2025081103007325,LBBL,Creative Securities Pvt Ltd,Trisul Securities & Invt. Ltd.,300,562.4,168720.0,2025-08-11 13:03:48.067116
2025-08-11,53448,2025081103007326,LBBL,Cristal Kanchanjanga Securites Pvt. Ltd.,Trisul Securities & Invt. Ltd.,150,562.0,84300.0,2025-08-11 13:03:48.067191
2025-08-11,53447,2025081103007327,LBBL,Creative Securities Pvt Ltd,Trisul Securities & Invt. Ltd.,300,561.1,168330.0,2025-08-11 13:03:48.067269
2025-08-11,53446,2025081103007328,LBBL,Garima Securities Limited,Trisul Securities & Invt. Ltd.,359,561.1,201434.9,2025-08-11 13:03:48.067340
2025-08-11,52851,2025081103007448,LBBL,Sweta Securities Private Limited,Capital Max Securities Ltd,300,562.0,168600.0,2025-08-11 13:05:50.387666
2025-08-11,52850,2025081103007449,LBBL,Naasa Securities Co. Ltd.,Capital Max Securities Ltd,200,561.3,112260.0,2025-08-11 13:05:50.387770
2025-08-11,52717,2025081103007461,LBBL,Naasa Securities Co. Ltd.,Agrawal Securities (PVT) Ltd.,300,561.3,168390.0,2025-08-11 13:06:27.906370
2025-08-11,52716,2025081103007462,LBBL,Cristal Kanchanjanga Securites Pvt. Ltd.,Agrawal Securities (PVT) Ltd.,100,561.2,56120.0,2025-08-11 13:06:27.906674
2025-08-11,52715,2025081103007463,LBBL,Garima Securities Limited,Agrawal Securities (PVT) Ltd.,186,561.1,104364.6,2025-08-11 13:06:27.906856
2025-08-11,52714,2025081103007464,LBBL,Primo Securities (PVT) Ltd.,Agrawal Securities (PVT) Ltd.,484,561.0,271524.0,2025-08-11 13:06:27.907008
2025-08-11,52490,2025081103007489,LBBL,Primo Securities (PVT) Ltd.,Capital Max Securities Ltd,16,561.0,8976.0,2025-08-11 13:07:05.792351
2025-08-11,52489,2025081103007490,LBBL,South Asian Bulls Pvt. Ltd.,Capital Max Securities Ltd,100,561.0,56100.0,2025-08-11 13:07:05.792625
2025-08-11,52488,2025081103007491,LBBL,Secured Securities Ltd.,Capital Max Securities Ltd,2000,560.8,1121600.0,2025-08-11 13:07:05.792796
2025-08-11,52487,2025081103007492,LBBL,Sweta Securities Private Limited,Capital Max Securities Ltd,84,560.6,47090.4,2025-08-11 13:07:05.792970
2025-08-11,52458,2025081103007495,LBBL,Sweta Securities Private Limited,Shree Krishna Securities Ltd.,116,560.6,65029.6,2025-08-11 13:07:12.602918
2025-08-11,52457,2025081103007496,LBBL,Infinity Securities Limited,Shree Krishna Securities Ltd.,500,560.1,280050.0,2025-08-11 13:07:12.603068
2025-08-11,52456,2025081103007497,LBBL,Nagarik Stock Dealer ,Shree Krishna Securities Ltd.,1000,560.0,560000.0,2025-08-11 13:07:12.603135
2025-08-11,52455,2025081103007498,LBBL,Online Securities Pvt. Ltd.,Shree Krishna Securities Ltd.,26,560.0,14560.0,2025-08-11 13:07:12.603193
2025-08-11,52454,2025081103007499,LBBL,Imperial Securities Company Pvt. Ltd.,Shree Krishna Securities Ltd.,500,560.0,280000.0,2025-08-11 13:07:12.603248
2025-08-11,52453,2025081103007500,LBBL,Creative Securities Pvt Ltd,Shree Krishna Securities Ltd.,300,560.0,168000.0,2025-08-11 13:07:12.603300
2025-08-11,52452,2025081103007501,LBBL,Aryatara Investment & Securities,Shree Krishna Securities Ltd.,100,560.0,56000.0,2025-08-11 13:07:12.603361
2025-08-11,52451,2025081103007502,LBBL,Naasa Securities Co. Ltd.,Shree Krishna Securities Ltd.,100,560.0,56000.0,2025-08-11 13:07:12.603420
2025-08-11,52450,2025081103007503,LBBL,Property Wiard Limited,Shree Krishna Securities Ltd.,500,560.0,280000.0,2025-08-11 13:07:12.603472
2025-08-11,52449,2025081103007504,LBBL,Kalika Securities Pvt. Ltd.,Shree Krishna Securities Ltd.,100,560.0,56000.0,2025-08-11 13:07:12.603529
2025-08-11,52448,2025081103007505,LBBL,Global IME Securities Limited,Shree Krishna Securities Ltd.,500,560.0,280000.0,2025-08-11 13:07:12.603586
2025-08-11,52447,2025081103007506,LBBL,Midas Stock Broking Company Private Limited,Shree Krishna Securities Ltd.,175,560.0,98000.0,2025-08-11 13:07:12.603652
2025-08-11,52446,2025081103007507,LBBL,ABC Securities Private Limited,Shree Krishna Securities Ltd.,40,560.0,22400.0,2025-08-11 13:07:12.603708
2025-08-11,52445,2025081103007508,LBBL,Sundhara Securities Limited,Shree Krishna Securities Ltd.,10,560.0,5600.0,2025-08-11 13:07:12.603762
2025-08-11,52317,2025081103007527,LBBL,Ashutosh Brokerage & Securities (PVT) Ltd.,Capital Max Securities Ltd,184,559.0,102856.0,2025-08-11 13:07:38.989050
2025-08-11,52073,2025081103007579,LBBL,Opal Securities Investment (PVT) Ltd.,Sweta Securities Private Limited,100,563.9,56390.0,2025-08-11 13:08:15.053094
2025-08-11,52072,2025081103007580,LBBL,Opal Securities Investment (PVT) Ltd.,Shree Krishna Securities Ltd.,400,564.0,225600.0,2025-08-11 13:08:15.053193
2025-08-11,51800,2025081103007655,LBBL,Nepal Stock House (PVT) Ltd.,Secured Securities Ltd.,50,559.5,27975.0,2025-08-11 13:09:08.188473
2025-08-11,51799,2025081103007656,LBBL,Capital Max Securities Ltd,Secured Securities Ltd.,300,559.2,167760.0,2025-08-11 13:09:08.188621
2025-08-11,51798,2025081103007657,LBBL,Capital Max Securities Ltd,Secured Securities Ltd.,150,559.1,83865.0,2025-08-11 13:09:08.188683
2025-08-11,51625,2025081103007690,LBBL,Naasa Securities Co. Ltd.,NIMB Stock Markets Limited,300,559.2,167760.0,2025-08-11 13:09:41.614432
2025-08-11,51397,2025081103007740,LBBL,Naasa Securities Co. Ltd.,Aryatara Investment & Securities,200,559.4,111880.0,2025-08-11 13:10:22.312882
2025-08-11,51396,2025081103007741,LBBL,Sundhara Securities Limited,Aryatara Investment & Securities,100,559.3,55930.0,2025-08-11 13:10:22.313178
2025-08-11,51395,2025081103007742,LBBL,Imperial Securities Company Pvt. Ltd.,Aryatara Investment & Securities,1000,559.3,559300.0,2025-08-11 13:10:22.313351
2025-08-11,51394,2025081103007743,LBBL,Capital Max Securities Ltd,Aryatara Investment & Securities,350,559.1,195685.0,2025-08-11 13:10:22.313529
2025-08-11,51393,2025081103007744,LBBL,SUN SECURITIES PVT LTD,Aryatara Investment & Securities,350,559.1,195685.0,2025-08-11 13:10:22.313760
2025-08-11,51240,2025081103007766,LBBL,SUN SECURITIES PVT LTD,Property Wiard Limited,150,559.1,83865.0,2025-08-11 13:10:51.461508
2025-08-11,51239,2025081103007767,LBBL,ABC Securities Private Limited,Property Wiard Limited,10,559.1,5591.0,2025-08-11 13:10:51.461819
2025-08-11,51238,2025081103007768,LBBL,Ashutosh Brokerage & Securities (PVT) Ltd.,Property Wiard Limited,116,559.0,64844.0,2025-08-11 13:10:51.462009
2025-08-11,51237,2025081103007769,LBBL,Sharepro Securities Private Limited,Property Wiard Limited,1724,559.0,963716.0,2025-08-11 13:10:51.462219
2025-08-11,51152,2025081103007778,LBBL,Sharepro Securities Private Limited,Swarna Laxmi Securities Pvt. Ltd.,500,559.0,279500.0,2025-08-11 13:11:09.457742
2025-08-11,51151,2025081103007779,LBBL,Sharepro Securities Private Limited,Trishakti Securities Public Limited,776,559.0,433784.0,2025-08-11 13:11:09.471165
2025-08-11,51080,2025081103007794,LBBL,Deevyaa Securities & Stock House Pvt. Ltd,Trishakti Securities Public Limited,40,559.0,22360.0,2025-08-11 13:11:25.682544
2025-08-11,50973,2025081103007807,LBBL,Cristal Kanchanjanga Securites Pvt. Ltd.,Trishakti Securities Public Limited,184,559.0,102856.0,2025-08-11 13:11:57.091936
2025-08-11,50972,2025081103007808,LBBL,Cristal Kanchanjanga Securites Pvt. Ltd.,Sri Hari Securities Pvt. Ltd.,16,559.0,8944.0,2025-08-11 13:11:57.092314
2025-08-11,50287,2025081103007962,LBBL,Capital Max Securities Ltd,Naasa Securities Co. Ltd.,500,559.0,279500.0,2025-08-11 13:14:03.589288
2025-08-11,50286,2025081103007963,LBBL,Imperial Securities Company Pvt. Ltd.,Naasa Securities Co. Ltd.,25,558.7,13967.5,2025-08-11 13:14:03.589358
2025-08-11,50285,2025081103007964,LBBL,Sumeru Securities Pvt. Ltd.,Naasa Securities Co. Ltd.,100,558.6,55860.0,2025-08-11 13:14:03.589387
2025-08-11,50284,2025081103007965,LBBL,Nepal Stock House (PVT) Ltd.,Naasa Securities Co. Ltd.,10,558.0,5580.0,2025-08-11 13:14:03.589414
2025-08-11,50283,2025081103007966,LBBL,Bhrikuti Stock Broking Co. Pvt. Ltd.,Naasa Securities Co. Ltd.,50,558.0,27900.0,2025-08-11 13:14:03.589441
2025-08-11,50282,2025081103007967,LBBL,Elite Stock House Limited,Naasa Securities Co. Ltd.,20,558.0,11160.0,2025-08-11 13:14:03.589489
2025-08-11,50281,2025081103007968,LBBL,Online Securities Pvt. Ltd.,Naasa Securities Co. Ltd.,25,557.5,13937.5,2025-08-11 13:14:03.589514
2025-08-11,50280,2025081103007969,LBBL,ABC Securities Private Limited,Naasa Securities Co. Ltd.,270,557.3,150471.0,2025-08-11 13:14:03.589541
2025-08-11,50059,2025081103008009,LBBL,Nepal Stock House (PVT) Ltd.,Dipshikha Dhitopatra Karobar Co. Pvt Ltd.,20,558.6,11172.0,2025-08-11 13:14:40.904147
2025-08-11,49296,2025081103008124,LBBL,Online Securities Pvt. Ltd.,Online Securities Pvt. Ltd.,20,559.0,11180.0,2025-08-11 13:17:08.907355
2025-08-11,49152,2025081103008140,LBBL,J.F. Securites (PVT) Ltd.,Sri Hari Securities Pvt. Ltd.,200,558.6,111720.0,2025-08-11 13:17:36.437076
2025-08-11,49151,2025081103008141,LBBL,ABC Securities Private Limited,Sri Hari Securities Pvt. Ltd.,30,557.3,16719.0,2025-08-11 13:17:36.437221
2025-08-11,49150,2025081103008142,LBBL,Nepal Stock House (PVT) Ltd.,Sri Hari Securities Pvt. Ltd.,50,557.2,27860.0,2025-08-11 13:17:36.437306
2025-08-11,49149,2025081103008143,LBBL,Creative Securities Pvt Ltd,Sri Hari Securities Pvt. Ltd.,300,557.0,167100.0,2025-08-11 13:17:36.437368
2025-08-11,49148,2025081103008144,LBBL,Malla & Malla Stock Broking Company Pvt. Limited,Sri Hari Securities Pvt. Ltd.,100,557.0,55700.0,2025-08-11 13:17:36.437428
2025-08-11,49147,2025081103008145,LBBL,Naasa Securities Co. Ltd.,Sri Hari Securities Pvt. Ltd.,304,557.0,169328.0,2025-08-11 13:17:36.437483
2025-08-11,48992,2025081103008151,LBBL,Naasa Securities Co. Ltd.,Online Securities Pvt. Ltd.,396,557.0,220572.0,2025-08-11 13:17:58.409259
2025-08-11,48991,2025081103008152,LBBL,Sweta Securities Private Limited,Online Securities Pvt. Ltd.,104,557.0,57928.0,2025-08-11 13:17:58.409532
2025-08-11,48967,2025081103008162,LBBL,Sweta Securities Private Limited,Online Securities Pvt. Ltd.,96,557.0,53472.0,2025-08-11 13:18:04.477673
2025-08-11,48966,2025081103008163,LBBL,Agrawal Securities (PVT) Ltd.,Online Securities Pvt. Ltd.,150,557.0,83550.0,2025-08-11 13:18:04.477832
2025-08-11,48965,2025081103008164,LBBL,Premier Securities Company Ltd.,Online Securities Pvt. Ltd.,10,556.0,5560.0,2025-08-11 13:18:04.477894
2025-08-11,48964,2025081103008165,LBBL,Aryatara Investment & Securities,Online Securities Pvt. Ltd.,244,556.0,135664.0,2025-08-11 13:18:04.477953
2025-08-11,48848,2025081103008192,LBBL,Aryatara Investment & Securities,Midas Stock Broking Company Private Limited,56,556.0,31136.0,2025-08-11 13:18:31.272386
2025-08-11,48847,2025081103008193,LBBL,Trishakti Securities Public Limited,Midas Stock Broking Company Private Limited,400,556.0,222400.0,2025-08-11 13:18:31.272702
2025-08-11,48846,2025081103008194,LBBL,Dakshinkali Investment & Securities Pvt. Ltd.,Midas Stock Broking Company Private Limited,1884,556.0,1047504.0,2025-08-11 13:18:31.272873
2025-08-11,48807,2025081103008200,LBBL,Dakshinkali Investment & Securities Pvt. Ltd.,Midas Stock Broking Company Private Limited,116,556.0,64496.0,2025-08-11 13:18:40.313323
2025-08-11,48806,2025081103008201,LBBL,Kalika Securities Pvt. Ltd.,Midas Stock Broking Company Private Limited,50,556.0,27800.0,2025-08-11 13:18:40.313622
2025-08-11,48805,2025081103008202,LBBL,South Asian Bulls Pvt. Ltd.,Midas Stock Broking Company Private Limited,1000,555.3,555300.0,2025-08-11 13:18:40.313923
2025-08-11,48804,2025081103008203,LBBL,Cristal Kanchanjanga Securites Pvt. Ltd.,Midas Stock Broking Company Private Limited,500,555.1,277550.0,2025-08-11 13:18:40.314241
2025-08-11,48803,2025081103008204,LBBL,Capital Hub P. Ltd,Midas Stock Broking Company Private Limited,674,555.0,374070.0,2025-08-11 13:18:40.314541
2025-08-11,48760,2025081103008213,LBBL,Capital Hub P. Ltd,NIMB Stock Markets Limited,326,555.0,180930.0,2025-08-11 13:18:52.730984
2025-08-11,48759,2025081103008214,LBBL,Kumari Securities Private Limited,NIMB Stock Markets Limited,174,555.0,96570.0,2025-08-11 13:18:52.731158
2025-08-11,48751,2025081103008218,LBBL,Kumari Securities Private Limited,Agrawal Securities (PVT) Ltd.,26,555.0,14430.0,2025-08-11 13:18:56.707591
2025-08-11,48750,2025081103008219,LBBL,Neev Securities Pvt. Ltd.,Agrawal Securities (PVT) Ltd.,100,555.0,55500.0,2025-08-11 13:18:56.707637
2025-08-11,48749,2025081103008220,LBBL,Imperial Securities Company Pvt. Ltd.,Agrawal Securities (PVT) Ltd.,50,555.0,27750.0,2025-08-11 13:18:56.707663
2025-08-11,48748,2025081103008221,LBBL,ABC Securities Private Limited,Agrawal Securities (PVT) Ltd.,1000,555.0,555000.0,2025-08-11 13:18:56.707700
2025-08-11,48747,2025081103008222,LBBL,ABC Securities Private Limited,Agrawal Securities (PVT) Ltd.,50,555.0,27750.0,2025-08-11 13:18:56.707723
2025-08-11,48746,2025081103008223,LBBL,Deevyaa Securities & Stock House Pvt. Ltd,Agrawal Securities (PVT) Ltd.,225,555.0,124875.0,2025-08-11 13:18:56.707747
2025-08-11,48745,2025081103008224,LBBL,Dipshikha Dhitopatra Karobar Co. Pvt Ltd.,Agrawal Securities (PVT) Ltd.,21,555.0,11655.0,2025-08-11 13:18:56.707772
2025-08-11,48738,2025081103008225,LBBL,Dipshikha Dhitopatra Karobar Co. Pvt Ltd.,Deevyaa Securities & Stock House Pvt. Ltd,1979,555.0,1098345.0,2025-08-11 13:18:59.144261
2025-08-11,48737,2025081103008226,LBBL,Citizens Share Broker Limited,Deevyaa Securities & Stock House Pvt. Ltd,500,555.0,277500.0,2025-08-11 13:18:59.144429
2025-08-11,48736,2025081103008227,LBBL,Garima Securities Limited,Deevyaa Securities & Stock House Pvt. Ltd,500,555.0,277500.0,2025-08-11 13:18:59.144488
2025-08-11,48735,2025081103008228,LBBL,Garima Securities Limited,Deevyaa Securities & Stock House Pvt. Ltd,500,555.0,277500.0,2025-08-11 13:18:59.144560
2025-08-11,48650,2025081103008241,LBBL,Kohinoor Investment & Securities Pvt. Ltd.,Sri Hari Securities Pvt. Ltd.,500,554.5,277250.0,2025-08-11 13:19:14.495854
2025-08-11,48649,2025081103008242,LBBL,Dipshikha Dhitopatra Karobar Co. Pvt Ltd.,Sri Hari Securities Pvt. Ltd.,100,554.0,55400.0,2025-08-11 13:19:14.496036
2025-08-11,48648,2025081103008243,LBBL,Garima Securities Limited,Sri Hari Securities Pvt. Ltd.,500,554.0,277000.0,2025-08-11 13:19:14.496096
2025-08-11,48647,2025081103008244,LBBL,Garima Securities Limited,Sri Hari Securities Pvt. Ltd.,300,554.0,166200.0,2025-08-11 13:19:14.496167
2025-08-11,48646,2025081103008245,LBBL,Linch Stock Market Ltd.,Sri Hari Securities Pvt. Ltd.,504,553.7,279064.8,2025-08-11 13:19:14.496222
2025-08-11,48644,2025081103008246,LBBL,Sumeru Securities Pvt. Ltd.,Deevyaa Securities & Stock House Pvt. Ltd,30,555.0,16650.0,2025-08-11 13:19:14.646544
2025-08-11,48592,2025081103008266,LBBL,Nepal Stock House (PVT) Ltd.,Deevyaa Securities & Stock House Pvt. Ltd,10,555.0,5550.0,2025-08-11 13:19:24.982972
2025-08-11,48587,2025081103008267,LBBL,Nagarik Stock Dealer ,Deevyaa Securities & Stock House Pvt. Ltd,1432,555.0,794760.0,2025-08-11 13:19:25.853838
2025-08-11,48483,2025081103008275,LBBL,Sharepro Securities Private Limited,Kalika Securities Pvt. Ltd.,500,556.0,278000.0,2025-08-11 13:19:41.953080
2025-08-11,48428,2025081103008285,LBBL,Nagarik Stock Dealer ,Midas Stock Broking Company Private Limited,10,555.0,5550.0,2025-08-11 13:20:00.729564
2025-08-11,48375,2025081103008294,LBBL,Nagarik Stock Dealer ,Midas Stock Broking Company Private Limited,10,555.0,5550.0,2025-08-11 13:20:07.770506
2025-08-11,48252,2025081103008320,LBBL,Prabhu Stock Market Limited,Bhrikuti Stock Broking Co. Pvt. Ltd.,10,560.0,5600.0,2025-08-11 13:20:24.298806
2025-08-11,48069,2025081103008340,LBBL,Sumeru Securities Pvt. Ltd.,Premier Securities Company Ltd.,30,555.1,16653.0,2025-08-11 13:20:53.105087
2025-08-11,48068,2025081103008341,LBBL,Sundhara Securities Limited,Premier Securities Company Ltd.,100,555.1,55510.0,2025-08-11 13:20:53.105255
2025-08-11,48067,2025081103008342,LBBL,Nagarik Stock Dealer ,Premier Securities Company Ltd.,48,555.0,26640.0,2025-08-11 13:20:53.105312
2025-08-11,48066,2025081103008343,LBBL,Aryatara Investment & Securities,Premier Securities Company Ltd.,322,555.0,178710.0,2025-08-11 13:20:53.105366
2025-08-11,47899,2025081103008371,LBBL,Aryatara Investment & Securities,Aryatara Investment & Securities,25,555.0,13875.0,2025-08-11 13:21:37.896194
2025-08-11,47655,2025081103008404,LBBL,Aryatara Investment & Securities,INDEX SECURITIES LIMITED,153,555.0,84915.0,2025-08-11 13:22:22.797032
2025-08-11,47654,2025081103008405,LBBL,K.B.L. Securities Limited ,INDEX SECURITIES LIMITED,50,555.0,27750.0,2025-08-11 13:22:22.797222
2025-08-11,47653,2025081103008406,LBBL,Naasa Securities Co. Ltd.,INDEX SECURITIES LIMITED,100,555.0,55500.0,2025-08-11 13:22:22.797307
2025-08-11,47457,2025081103008429,LBBL,Market Securities & Exchange (PVT) Ltd.,Midas Stock Broking Company Private Limited,500,553.8,276900.0,2025-08-11 13:22:58.636060
2025-08-11,47456,2025081103008430,LBBL,South Asian Bulls Pvt. Ltd.,Midas Stock Broking Company Private Limited,10,553.8,5538.0,2025-08-11 13:22:58.636224
2025-08-11,47455,2025081103008431,LBBL,Linch Stock Market Ltd.,Midas Stock Broking Company Private Limited,1496,553.7,828335.2,2025-08-11 13:22:58.636279
2025-08-11,47454,2025081103008432,LBBL,Kalika Securities Pvt. Ltd.,Midas Stock Broking Company Private Limited,500,553.6,276800.0,2025-08-11 13:22:58.636336
2025-08-11,47453,2025081103008433,LBBL,Sweta Securities Private Limited,Midas Stock Broking Company Private Limited,200,552.0,110400.0,2025-08-11 13:22:58.636394
2025-08-11,47452,2025081103008434,LBBL,Kohinoor Investment & Securities Pvt. Ltd.,Midas Stock Broking Company Private Limited,62,551.1,34168.2,2025-08-11 13:22:58.636449
2025-08-11,47396,2025081103008446,LBBL,Kohinoor Investment & Securities Pvt. Ltd.,Midas Stock Broking Company Private Limited,138,551.1,76051.8,2025-08-11 13:23:13.694511
2025-08-11,47395,2025081103008447,LBBL,Aryatara Investment & Securities,Midas Stock Broking Company Private Limited,200,551.0,110200.0,2025-08-11 13:23:13.694660
2025-08-11,47394,2025081103008448,LBBL,SUN SECURITIES PVT LTD,Midas Stock Broking Company Private Limited,500,550.1,275050.0,2025-08-11 13:23:13.694714
2025-08-11,47393,2025081103008449,LBBL,Sundhara Securities Limited,Midas Stock Broking Company Private Limited,100,550.1,55010.0,2025-08-11 13:23:13.694777
2025-08-11,47392,2025081103008450,LBBL,Sundhara Securities Limited,Midas Stock Broking Company Private Limited,10,550.0,5500.0,2025-08-11 13:23:13.694842
2025-08-11,47391,2025081103008451,LBBL,Creative Securities Pvt Ltd,Midas Stock Broking Company Private Limited,1500,550.0,825000.0,2025-08-11 13:23:13.694896
2025-08-11,47390,2025081103008452,LBBL,Creative Securities Pvt Ltd,Midas Stock Broking Company Private Limited,360,550.0,198000.0,2025-08-11 13:23:13.694948
2025-08-11,47338,2025081103008455,LBBL,Aryatara Investment & Securities,INDEX SECURITIES LIMITED,500,550.2,275100.0,2025-08-11 13:23:24.992734
2025-08-11,47337,2025081103008456,LBBL,Creative Securities Pvt Ltd,INDEX SECURITIES LIMITED,1140,550.0,627000.0,2025-08-11 13:23:24.993008
2025-08-11,47336,2025081103008457,LBBL,Sani Securities Company Ltd.,INDEX SECURITIES LIMITED,200,550.0,110000.0,2025-08-11 13:23:24.993180
2025-08-11,47335,2025081103008458,LBBL,Dipshikha Dhitopatra Karobar Co. Pvt Ltd.,INDEX SECURITIES LIMITED,100,550.0,55000.0,2025-08-11 13:23:24.993331
2025-08-11,47305,2025081103008473,LBBL,Trisul Securities & Invt. Ltd.,INDEX SECURITIES LIMITED,20,550.0,11000.0,2025-08-11 13:23:27.979109
2025-08-11,47293,2025081103008476,LBBL,Dynamic Money Managers Securities Pvt. Ltd.,INDEX SECURITIES LIMITED,40,550.0,22000.0,2025-08-11 13:23:31.380993
2025-08-11,47292,2025081103008477,LBBL,Dynamic Money Managers Securities Pvt. Ltd.,Midas Stock Broking Company Private Limited,10,550.0,5500.0,2025-08-11 13:23:31.381144
2025-08-11,47241,2025081103008479,LBBL,Dynamic Money Managers Securities Pvt. Ltd.,Midas Stock Broking Company Private Limited,10,550.0,5500.0,2025-08-11 13:23:36.793775
2025-08-11,46892,2025081103008542,LBBL,Online Securities Pvt. Ltd.,Premier Securities Company Ltd.,20,550.1,11002.0,2025-08-11 13:24:38.700663
2025-08-11,46891,2025081103008543,LBBL,Garima Securities Limited,Premier Securities Company Ltd.,200,550.1,110020.0,2025-08-11 13:24:38.700841
2025-08-11,46890,2025081103008544,LBBL,Prabhu Stock Market Limited,Premier Securities Company Ltd.,500,550.1,275050.0,2025-08-11 13:24:38.700900
2025-08-11,46889,2025081103008545,LBBL,Dynamic Money Managers Securities Pvt. Ltd.,Premier Securities Company Ltd.,101,550.0,55550.0,2025-08-11 13:24:38.700956
2025-08-11,46840,2025081103008564,LBBL,Imperial Securities Company Pvt. Ltd.,Naasa Securities Co. Ltd.,50,550.2,27510.0,2025-08-11 13:24:48.063559
2025-08-11,46839,2025081103008565,LBBL,Dynamic Money Managers Securities Pvt. Ltd.,Naasa Securities Co. Ltd.,39,550.0,21450.0,2025-08-11 13:24:48.063870
2025-08-11,46838,2025081103008566,LBBL,Sundhara Securities Limited,Naasa Securities Co. Ltd.,100,550.0,55000.0,2025-08-11 13:24:48.064078
2025-08-11,46837,2025081103008567,LBBL,Aryatara Investment & Securities,Naasa Securities Co. Ltd.,611,550.0,336050.0,2025-08-11 13:24:48.064281
2025-08-11,46799,2025081103008579,LBBL,Aryatara Investment & Securities,Bhrikuti Stock Broking Co. Pvt. Ltd.,389,550.0,213950.0,2025-08-11 13:24:54.224642
2025-08-11,46720,2025081103008590,LBBL,Nagarik Stock Dealer ,Naasa Securities Co. Ltd.,500,550.0,275000.0,2025-08-11 13:25:06.243016
2025-08-11,46717,2025081103008591,LBBL,ABC Securities Private Limited,Naasa Securities Co. Ltd.,200,550.0,110000.0,2025-08-11 13:25:06.996526
2025-08-11,46608,2025081103008612,LBBL,Vision Securities Pvt. Ltd,Linch Stock Market Ltd.,30,548.8,16464.0,2025-08-11 13:25:24.791777
2025-08-11,46607,2025081103008613,LBBL,Opal Securities Investment (PVT) Ltd.,Linch Stock Market Ltd.,20,548.1,10962.0,2025-08-11 13:25:24.792048
2025-08-11,46604,2025081103008616,LBBL,Dynamic Money Managers Securities Pvt. Ltd.,Naasa Securities Co. Ltd.,100,550.0,55000.0,2025-08-11 13:25:25.392145
2025-08-11,46275,2025081103008686,LBBL,Dakshinkali Investment & Securities Pvt. Ltd.,INDEX SECURITIES LIMITED,1000,550.0,550000.0,2025-08-11 13:26:36.567110
2025-08-11,46004,2025081103008726,LBBL,Dakshinkali Investment & Securities Pvt. Ltd.,Sewa Securities Pvt. Ltd.,1000,550.0,550000.0,2025-08-11 13:27:18.385545
2025-08-11,46003,2025081103008727,LBBL,Malla & Malla Stock Broking Company Pvt. Limited,Sewa Securities Pvt. Ltd.,50,550.0,27500.0,2025-08-11 13:27:18.385827
2025-08-11,46002,2025081103008728,LBBL,Nepal Stock House (PVT) Ltd.,Sewa Securities Pvt. Ltd.,40,549.0,21960.0,2025-08-11 13:27:18.386043
2025-08-11,46001,2025081103008729,LBBL,Asian Securities Private Ltd.,Sewa Securities Pvt. Ltd.,100,548.3,54830.0,2025-08-11 13:27:18.386224
2025-08-11,46000,2025081103008730,LBBL,Imperial Securities Company Pvt. Ltd.,Sewa Securities Pvt. Ltd.,25,548.2,13705.0,2025-08-11 13:27:18.386407
2025-08-11,45999,2025081103008731,LBBL,Sundhara Securities Limited,Sewa Securities Pvt. Ltd.,100,548.2,54820.0,2025-08-11 13:27:18.386624
2025-08-11,45998,2025081103008732,LBBL,S.P.S.A. Securities Limited,Sewa Securities Pvt. Ltd.,185,548.2,101417.0,2025-08-11 13:27:18.386793
2025-08-11,45951,2025081103008748,LBBL,Nepal Stock House (PVT) Ltd.,BHOLE GANESH SECURITIES LTD,25,551.0,13775.0,2025-08-11 13:27:32.325461
2025-08-11,45384,2025081103008843,LBBL,Neev Securities Pvt. Ltd.,BHOLE GANESH SECURITIES LTD,175,550.0,96250.0,2025-08-11 13:29:12.352947
2025-08-11,45364,2025081103008844,LBBL,Aryatara Investment & Securities,Online Securities Pvt. Ltd.,15,553.0,8295.0,2025-08-11 13:29:20.183363
2025-08-11,45363,2025081103008845,LBBL,Aryatara Investment & Securities,Naasa Securities Co. Ltd.,485,554.0,268690.0,2025-08-11 13:29:20.183532
2025-08-11,44976,2025081103008928,LBBL,Sumeru Securities Pvt. Ltd.,Nagarik Stock Dealer ,10,553.0,5530.0,2025-08-11 13:30:36.378904
2025-08-11,44783,2025081103008973,LBBL,Aryatara Investment & Securities,Naasa Securities Co. Ltd.,715,554.0,396110.0,2025-08-11 13:31:11.461305
2025-08-11,44782,2025081103008974,LBBL,Aryatara Investment & Securities,Asian Securities Private Ltd.,50,554.0,27700.0,2025-08-11 13:31:11.461627
2025-08-11,44419,2025081103009047,LBBL,Agrawal Securities (PVT) Ltd.,INDEX SECURITIES LIMITED,500,555.0,277500.0,2025-08-11 13:32:09.989135
2025-08-11,44321,2025081103009059,LBBL,Sumeru Securities Pvt. Ltd.,INDEX SECURITIES LIMITED,100,555.0,55500.0,2025-08-11 13:32:28.793282
2025-08-11,44291,2025081103009063,LBBL,Agrawal Securities (PVT) Ltd.,INDEX SECURITIES LIMITED,97,555.0,53835.0,2025-08-11 13:32:32.176206
2025-08-11,44290,2025081103009064,LBBL,Agrawal Securities (PVT) Ltd.,J.F. Securites (PVT) Ltd.,103,555.0,57165.0,2025-08-11 13:32:32.176276
2025-08-11,44254,2025081103009068,LBBL,Sweta Securities Private Limited,J.F. Securites (PVT) Ltd.,21,555.0,11655.0,2025-08-11 13:32:34.230850
2025-08-11,43824,2025081103009140,LBBL,Sweta Securities Private Limited,INDEX SECURITIES LIMITED,179,555.0,99345.0,2025-08-11 13:33:28.692835
2025-08-11,43823,2025081103009141,LBBL,Deevyaa Securities & Stock House Pvt. Ltd,INDEX SECURITIES LIMITED,500,555.0,277500.0,2025-08-11 13:33:28.693029
2025-08-11,43666,2025081103009174,LBBL,Dynamic Money Managers Securities Pvt. Ltd.,INDEX SECURITIES LIMITED,100,555.0,55500.0,2025-08-11 13:33:57.011594
2025-08-11,43503,2025081103009225,LBBL,Sumeru Securities Pvt. Ltd.,Nepal Stock House (PVT) Ltd.,25,554.1,13852.5,2025-08-11 13:34:20.108970
2025-08-11,43485,2025081103009230,LBBL,Aryatara Investment & Securities,INDEX SECURITIES LIMITED,100,555.0,55500.0,2025-08-11 13:34:22.110005
2025-08-11,43474,2025081103009237,LBBL,Dynamic Money Managers Securities Pvt. Ltd.,INDEX SECURITIES LIMITED,50,555.0,27750.0,2025-08-11 13:34:24.848633
2025-08-11,43288,2025081103009248,LBBL,Creative Securities Pvt Ltd,INDEX SECURITIES LIMITED,71,555.0,39405.0,2025-08-11 13:34:42.082248
2025-08-11,43125,2025081103009267,LBBL,Creative Securities Pvt Ltd,Aryatara Investment & Securities,29,555.0,16095.0,2025-08-11 13:35:01.725219
2025-08-11,43124,2025081103009268,LBBL,Sumeru Securities Pvt. Ltd.,Aryatara Investment & Securities,175,554.1,96967.5,2025-08-11 13:35:01.725396
2025-08-11,43123,2025081103009269,LBBL,Aryatara Investment & Securities,Aryatara Investment & Securities,126,554.0,69804.0,2025-08-11 13:35:01.725476
2025-08-11,43060,2025081103009278,LBBL,Aryatara Investment & Securities,SHUBHAKAMANA SECURITIES PVT. LTD,109,554.0,60386.0,2025-08-11 13:35:12.124341
2025-08-11,43059,2025081103009279,LBBL,Naasa Securities Co. Ltd.,SHUBHAKAMANA SECURITIES PVT. LTD,2000,552.1,1104200.0,2025-08-11 13:35:12.124398
2025-08-11,43058,2025081103009280,LBBL,Thrive Brokerage House Pvt. Ltd,SHUBHAKAMANA SECURITIES PVT. LTD,50,552.0,27600.0,2025-08-11 13:35:12.124434
2025-08-11,43057,2025081103009281,LBBL,Imperial Securities Company Pvt. Ltd.,SHUBHAKAMANA SECURITIES PVT. LTD,25,551.3,13782.5,2025-08-11 13:35:12.124463
2025-08-11,43056,2025081103009282,LBBL,Sewa Securities Pvt. Ltd.,SHUBHAKAMANA SECURITIES PVT. LTD,500,551.2,275600.0,2025-08-11 13:35:12.124491
2025-08-11,43055,2025081103009283,LBBL,Naasa Securities Co. Ltd.,SHUBHAKAMANA SECURITIES PVT. LTD,984,551.1,542282.4,2025-08-11 13:35:12.124552
2025-08-11,42517,2025081103009355,LBBL,Prabhu Stock Market Limited,Deevyaa Securities & Stock House Pvt. Ltd,11,558.0,6138.0,2025-08-11 13:36:24.950727
2025-08-11,42471,2025081103009359,LBBL,Agrawal Securities (PVT) Ltd.,INDEX SECURITIES LIMITED,600,557.0,334200.0,2025-08-11 13:36:33.725257
2025-08-11,42321,2025081103009385,LBBL,Agrawal Securities (PVT) Ltd.,BHOLE GANESH SECURITIES LTD,600,556.0,333600.0,2025-08-11 13:36:56.065948
2025-08-11,42300,2025081103009386,LBBL,Midas Stock Broking Company Private Limited,Midas Stock Broking Company Private Limited,535,555.0,296925.0,2025-08-11 13:36:58.709633
2025-08-11,40548,2025081103009647,LBBL,Agrawal Securities (PVT) Ltd.,Aakashbhairab Securities Ltd.,50,554.0,27700.0,2025-08-11 13:41:40.807839
2025-08-11,40513,2025081103009654,LBBL,Sweta Securities Private Limited,Aakashbhairab Securities Ltd.,500,554.0,277000.0,2025-08-11 13:41:51.884438
2025-08-11,40492,2025081103009655,LBBL,Agrawal Securities (PVT) Ltd.,Aakashbhairab Securities Ltd.,50,554.0,27700.0,2025-08-11 13:41:55.929823
2025-08-11,40249,2025081103009679,LBBL,Sani Securities Company Ltd.,Ashutosh Brokerage & Securities (PVT) Ltd.,25,553.0,13825.0,2025-08-11 13:42:34.591990
2025-08-11,40240,2025081103009685,LBBL,Sani Securities Company Ltd.,SHUBHAKAMANA SECURITIES PVT. LTD,20,552.5,11050.0,2025-08-11 13:42:35.472890
2025-08-11,40239,2025081103009686,LBBL,Siprabi Securities Pvt. Ltd.,SHUBHAKAMANA SECURITIES PVT. LTD,50,552.0,27600.0,2025-08-11 13:42:35.473280
2025-08-11,40238,2025081103009687,LBBL,Sani Securities Company Ltd.,SHUBHAKAMANA SECURITIES PVT. LTD,280,552.0,154560.0,2025-08-11 13:42:35.473503
2025-08-11,40237,2025081103009688,LBBL,Naasa Securities Co. Ltd.,SHUBHAKAMANA SECURITIES PVT. LTD,180,551.2,99216.0,2025-08-11 13:42:35.473718
2025-08-11,40236,2025081103009689,LBBL,Naasa Securities Co. Ltd.,SHUBHAKAMANA SECURITIES PVT. LTD,16,551.1,8817.6,2025-08-11 13:42:35.473950
2025-08-11,40235,2025081103009690,LBBL,Sani Securities Company Ltd.,SHUBHAKAMANA SECURITIES PVT. LTD,200,551.1,110220.0,2025-08-11 13:42:35.474170
2025-08-11,40234,2025081103009691,LBBL,Dakshinkali Investment & Securities Pvt. Ltd.,SHUBHAKAMANA SECURITIES PVT. LTD,300,551.1,165330.0,2025-08-11 13:42:35.474376
2025-08-11,40233,2025081103009692,LBBL,Naasa Securities Co. Ltd.,SHUBHAKAMANA SECURITIES PVT. LTD,900,551.0,495900.0,2025-08-11 13:42:35.474586
2025-08-11,40232,2025081103009693,LBBL,Naasa Securities Co. Ltd.,SHUBHAKAMANA SECURITIES PVT. LTD,554,551.0,305254.0,2025-08-11 13:42:35.474791
2025-08-11,39902,2025081103009772,LBBL,Opal Securities Investment (PVT) Ltd.,SHUBHAKAMANA SECURITIES PVT. LTD,500,552.0,276000.0,2025-08-11 13:43:33.673874
2025-08-11,39638,2025081103009815,LBBL,Aryatara Investment & Securities,Shree Krishna Securities Ltd.,272,551.1,149899.2,2025-08-11 13:44:05.361210
2025-08-11,39637,2025081103009816,LBBL,Naasa Securities Co. Ltd.,Shree Krishna Securities Ltd.,346,551.0,190646.0,2025-08-11 13:44:05.361322
2025-08-11,39636,2025081103009817,LBBL,Naasa Securities Co. Ltd.,Shree Krishna Securities Ltd.,200,551.0,110200.0,2025-08-11 13:44:05.361390
2025-08-11,39635,2025081103009818,LBBL,Deevyaa Securities & Stock House Pvt. Ltd,Shree Krishna Securities Ltd.,20,551.0,11020.0,2025-08-11 13:44:05.361451
2025-08-11,39634,2025081103009819,LBBL,Capital Hub P. Ltd,Shree Krishna Securities Ltd.,502,550.2,276200.4,2025-08-11 13:44:05.361524
2025-08-11,39095,2025081103009942,LBBL,Imperial Securities Company Pvt. Ltd.,Ashutosh Brokerage & Securities (PVT) Ltd.,75,553.0,41475.0,2025-08-11 13:45:41.318769
2025-08-11,39094,2025081103009943,LBBL,Imperial Securities Company Pvt. Ltd.,Opal Securities Investment (PVT) Ltd.,225,553.0,124425.0,2025-08-11 13:45:41.319234
2025-08-11,39090,2025081103009945,LBBL,Imperial Securities Company Pvt. Ltd.,Dipshikha Dhitopatra Karobar Co. Pvt Ltd.,50,552.0,27600.0,2025-08-11 13:45:42.060738
2025-08-11,39066,2025081103009951,LBBL,Imperial Securities Company Pvt. Ltd.,BHOLE GANESH SECURITIES LTD,150,552.0,82800.0,2025-08-11 13:45:46.478088
2025-08-11,38856,2025081103009987,LBBL,Sumeru Securities Pvt. Ltd.,BHOLE GANESH SECURITIES LTD,50,552.0,27600.0,2025-08-11 13:46:30.783571
2025-08-11,38732,2025081103010009,LBBL,Siprabi Securities Pvt. Ltd.,Malla & Malla Stock Broking Company Pvt. Limited,19,551.2,10472.8,2025-08-11 13:47:06.914364
2025-08-11,38714,2025081103010020,LBBL,Infinity Securities Limited,Opal Securities Investment (PVT) Ltd.,200,553.0,110600.0,2025-08-11 13:47:10.048863
2025-08-11,38451,2025081103010065,LBBL,Dipshikha Dhitopatra Karobar Co. Pvt Ltd.,Opal Securities Investment (PVT) Ltd.,100,553.0,55300.0,2025-08-11 13:48:00.638479
2025-08-11,38157,2025081103010131,LBBL,Imperial Securities Company Pvt. Ltd.,Opal Securities Investment (PVT) Ltd.,300,553.0,165900.0,2025-08-11 13:48:58.012847
2025-08-11,38136,2025081103010148,LBBL,Siprabi Securities Pvt. Ltd.,INDEX SECURITIES LIMITED,31,551.4,17093.4,2025-08-11 13:49:01.272319
2025-08-11,38135,2025081103010149,LBBL,Nagarik Stock Dealer ,INDEX SECURITIES LIMITED,500,551.3,275650.0,2025-08-11 13:49:01.272716
2025-08-11,38134,2025081103010150,LBBL,Sani Securities Company Ltd.,INDEX SECURITIES LIMITED,300,551.1,165330.0,2025-08-11 13:49:01.272961
2025-08-11,38133,2025081103010151,LBBL,Imperial Securities Company Pvt. Ltd.,INDEX SECURITIES LIMITED,169,551.0,93119.0,2025-08-11 13:49:01.273208
2025-08-11,38081,2025081103010164,LBBL,Imperial Securities Company Pvt. Ltd.,INDEX SECURITIES LIMITED,31,551.0,17081.0,2025-08-11 13:49:14.305348
2025-08-11,38080,2025081103010165,LBBL,Premier Securities Company Ltd.,INDEX SECURITIES LIMITED,50,551.0,27550.0,2025-08-11 13:49:14.305741
2025-08-11,38079,2025081103010166,LBBL,Siprabi Securities Pvt. Ltd.,INDEX SECURITIES LIMITED,100,550.7,55070.0,2025-08-11 13:49:14.305973
2025-08-11,38078,2025081103010167,LBBL,Linch Stock Market Ltd.,INDEX SECURITIES LIMITED,50,550.6,27530.0,2025-08-11 13:49:14.306215
2025-08-11,38077,2025081103010168,LBBL,Thrive Brokerage House Pvt. Ltd,INDEX SECURITIES LIMITED,100,550.5,55050.0,2025-08-11 13:49:14.306438
2025-08-11,38076,2025081103010169,LBBL,Sumeru Securities Pvt. Ltd.,INDEX SECURITIES LIMITED,69,550.3,37970.7,2025-08-11 13:49:14.306661
2025-08-11,37746,2025081103010242,LBBL,Sumeru Securities Pvt. Ltd.,Property Wiard Limited,31,550.3,17059.3,2025-08-11 13:50:00.059652
2025-08-11,37745,2025081103010243,LBBL,J.F. Securites (PVT) Ltd.,Property Wiard Limited,100,550.3,55030.0,2025-08-11 13:50:00.059860
2025-08-11,37744,2025081103010244,LBBL,Capital Hub P. Ltd,Property Wiard Limited,498,550.2,273999.6,2025-08-11 13:50:00.059939
2025-08-11,37743,2025081103010245,LBBL,Dynamic Money Managers Securities Pvt. Ltd.,Property Wiard Limited,100,550.2,55020.0,2025-08-11 13:50:00.060018
2025-08-11,37742,2025081103010246,LBBL,Aryatara Investment & Securities,Property Wiard Limited,150,550.2,82530.0,2025-08-11 13:50:00.060105
2025-08-11,37741,2025081103010247,LBBL,Dakshinkali Investment & Securities Pvt. Ltd.,Property Wiard Limited,100,550.2,55020.0,2025-08-11 13:50:00.060178
2025-08-11,37740,2025081103010248,LBBL,Naasa Securities Co. Ltd.,Property Wiard Limited,21,550.2,11554.2,2025-08-11 13:50:00.060253
2025-08-11,36832,2025081103010382,LBBL,Market Securities & Exchange (PVT) Ltd.,Opal Securities Investment (PVT) Ltd.,84,553.0,46452.0,2025-08-11 13:52:36.505289
2025-08-11,36831,2025081103010383,LBBL,Market Securities & Exchange (PVT) Ltd.,Naasa Securities Co. Ltd.,200,553.0,110600.0,2025-08-11 13:52:36.505496
2025-08-11,36804,2025081103010386,LBBL,Siprabi Securities Pvt. Ltd.,Aakashbhairab Securities Ltd.,180,554.0,99720.0,2025-08-11 13:52:41.963199
2025-08-11,36693,2025081103010401,LBBL,Agrawal Securities (PVT) Ltd.,Aakashbhairab Securities Ltd.,50,554.0,27700.0,2025-08-11 13:53:02.764613
2025-08-11,36640,2025081103010411,LBBL,Agrawal Securities (PVT) Ltd.,Aakashbhairab Securities Ltd.,50,554.0,27700.0,2025-08-11 13:53:10.858330
2025-08-11,36532,2025081103010433,LBBL,Ashutosh Brokerage & Securities (PVT) Ltd.,Aakashbhairab Securities Ltd.,200,554.0,110800.0,2025-08-11 13:53:29.611488
2025-08-11,36528,2025081103010434,LBBL,Neev Securities Pvt. Ltd.,Aakashbhairab Securities Ltd.,60,554.0,33240.0,2025-08-11 13:53:30.902879
2025-08-11,36527,2025081103010435,LBBL,Neev Securities Pvt. Ltd.,ABC Securities Private Limited,440,554.0,243760.0,2025-08-11 13:53:30.903093
2025-08-11,36518,2025081103010438,LBBL,Sumeru Securities Pvt. Ltd.,ABC Securities Private Limited,30,554.0,16620.0,2025-08-11 13:53:33.071209
2025-08-11,36502,2025081103010440,LBBL,Sewa Securities Pvt. Ltd.,ABC Securities Private Limited,330,554.0,182820.0,2025-08-11 13:53:36.693683
2025-08-11,36375,2025081103010469,LBBL,Investment Management Nepal Pvt. Ltd.,Agrawal Securities (PVT) Ltd.,100,555.0,55500.0,2025-08-11 13:54:00.863234
2025-08-11,36353,2025081103010470,LBBL,Agrawal Securities (PVT) Ltd.,Agrawal Securities (PVT) Ltd.,100,555.0,55500.0,2025-08-11 13:54:04.321606
2025-08-11,36299,2025081103010483,LBBL,Sumeru Securities Pvt. Ltd.,Agrawal Securities (PVT) Ltd.,250,555.0,138750.0,2025-08-11 13:54:13.320235
2025-08-11,36288,2025081103010485,LBBL,Citizens Share Broker Limited,Agrawal Securities (PVT) Ltd.,105,555.0,58275.0,2025-08-11 13:54:15.769933
2025-08-11,36287,2025081103010486,LBBL,Citizens Share Broker Limited,Creative Securities Pvt Ltd,145,555.0,80475.0,2025-08-11 13:54:15.770348
2025-08-11,36284,2025081103010487,LBBL,Dynamic Money Managers Securities Pvt. Ltd.,SHUBHAKAMANA SECURITIES PVT. LTD,30,555.0,16650.0,2025-08-11 13:54:16.359643
2025-08-11,36246,2025081103010489,LBBL,Sumeru Securities Pvt. Ltd.,SHUBHAKAMANA SECURITIES PVT. LTD,30,555.0,16650.0,2025-08-11 13:54:19.349017
2025-08-11,36167,2025081103010503,LBBL,Naasa Securities Co. Ltd.,Vision Securities Pvt. Ltd,12,554.1,6649.2,2025-08-11 13:54:35.451820
2025-08-11,36165,2025081103010505,LBBL,Dynamic Money Managers Securities Pvt. Ltd.,SHUBHAKAMANA SECURITIES PVT. LTD,100,555.0,55500.0,2025-08-11 13:54:36.118701
2025-08-11,36147,2025081103010510,LBBL,Nagarik Stock Dealer ,SHUBHAKAMANA SECURITIES PVT. LTD,237,555.0,131535.0,2025-08-11 13:54:38.744542
2025-08-11,36087,2025081103010516,LBBL,Infinity Securities Limited,BHOLE GANESH SECURITIES LTD,200,556.0,111200.0,2025-08-11 13:54:49.367312
2025-08-11,35846,2025081103010551,LBBL,Kohinoor Investment & Securities Pvt. Ltd.,Online Securities Pvt. Ltd.,100,557.9,55790.0,2025-08-11 13:55:31.866212
2025-08-11,35832,2025081103010554,LBBL,Vision Securities Pvt. Ltd,Online Securities Pvt. Ltd.,80,557.9,44632.0,2025-08-11 13:55:35.328632
2025-08-11,35831,2025081103010555,LBBL,Vision Securities Pvt. Ltd,Deevyaa Securities & Stock House Pvt. Ltd,920,558.0,513360.0,2025-08-11 13:55:35.328848
2025-08-11,35645,2025081103010573,LBBL,Imperial Securities Company Pvt. Ltd.,Deevyaa Securities & Stock House Pvt. Ltd,69,558.0,38502.0,2025-08-11 13:56:07.032982
2025-08-11,35644,2025081103010574,LBBL,Imperial Securities Company Pvt. Ltd.,Midas Stock Broking Company Private Limited,131,558.9,73215.9,2025-08-11 13:56:07.033216
2025-08-11,35566,2025081103010593,LBBL,Cristal Kanchanjanga Securites Pvt. Ltd.,Midas Stock Broking Company Private Limited,250,559.9,139975.0,2025-08-11 13:56:31.158859
2025-08-11,35541,2025081103010598,LBBL,Dynamic Money Managers Securities Pvt. Ltd.,Midas Stock Broking Company Private Limited,100,559.9,55990.0,2025-08-11 13:56:35.575845
2025-08-11,35479,2025081103010602,LBBL,Ashutosh Brokerage & Securities (PVT) Ltd.,Midas Stock Broking Company Private Limited,150,559.9,83985.0,2025-08-11 13:56:48.891005
2025-08-11,35428,2025081103010609,LBBL,Cristal Kanchanjanga Securites Pvt. Ltd.,Capital Hub P. Ltd,371,560.0,207760.0,2025-08-11 13:56:58.347177
2025-08-11,35403,2025081103010611,LBBL,Sumeru Securities Pvt. Ltd.,Capital Hub P. Ltd,50,560.0,28000.0,2025-08-11 13:57:06.747601
2025-08-11,35372,2025081103010616,LBBL,Dynamic Money Managers Securities Pvt. Ltd.,Capital Hub P. Ltd,50,560.0,28000.0,2025-08-11 13:57:12.578359
2025-08-11,35368,2025081103010617,LBBL,Ashutosh Brokerage & Securities (PVT) Ltd.,Capital Hub P. Ltd,50,559.9,27995.0,2025-08-11 13:57:13.253095
2025-08-11,35258,2025081103010631,LBBL,J.F. Securites (PVT) Ltd.,Capital Hub P. Ltd,100,559.9,55990.0,2025-08-11 13:57:31.495040
2025-08-11,35153,2025081103010640,LBBL,Neev Securities Pvt. Ltd.,Capital Hub P. Ltd,55,559.9,30794.5,2025-08-11 13:57:52.514473
2025-08-11,35108,2025081103010646,LBBL,Imperial Securities Company Pvt. Ltd.,Capital Hub P. Ltd,200,558.9,111780.0,2025-08-11 13:58:03.430781
2025-08-11,34750,2025081103010686,LBBL,Sundhara Securities Limited,Bhrikuti Stock Broking Co. Pvt. Ltd.,1,550.0,550.0,2025-08-11 13:58:52.865642
2025-08-11,34406,2025081103010737,LBBL,Cristal Kanchanjanga Securites Pvt. Ltd.,Midas Stock Broking Company Private Limited,42,558.8,23469.6,2025-08-11 14:00:12.572687
2025-08-11,34254,2025081103010759,LBBL,Pragyan Securities (PVT) Ltd.,Capital Hub P. Ltd,30,556.5,16695.0,2025-08-11 14:00:47.871657
2025-08-11,34222,2025081103010773,LBBL,Ashutosh Brokerage & Securities (PVT) Ltd.,Capital Hub P. Ltd,500,556.4,278200.0,2025-08-11 14:00:55.893075
2025-08-11,34059,2025081103010810,LBBL,ABC Securities Private Limited,Midas Stock Broking Company Private Limited,27,558.8,15087.6,2025-08-11 14:01:33.333011
2025-08-11,34058,2025081103010811,LBBL,ABC Securities Private Limited,Capital Hub P. Ltd,329,559.0,183911.0,2025-08-11 14:01:33.333450
2025-08-11,34057,2025081103010812,LBBL,ABC Securities Private Limited,Ashutosh Brokerage & Securities (PVT) Ltd.,100,559.8,55980.0,2025-08-11 14:01:33.333736
2025-08-11,34056,2025081103010813,LBBL,ABC Securities Private Limited,Capital Hub P. Ltd,544,559.9,304585.6,2025-08-11 14:01:33.334000
2025-08-11,33515,2025081103010883,LBBL,K.B.L. Securities Limited ,Siprabi Securities Pvt. Ltd.,50,560.0,28000.0,2025-08-11 14:03:43.748303
2025-08-11,33514,2025081103010884,LBBL,K.B.L. Securities Limited ,ABC Securities Private Limited,450,560.0,252000.0,2025-08-11 14:03:43.748347
2025-08-11,33503,2025081103010885,LBBL,Imperial Securities Company Pvt. Ltd.,ABC Securities Private Limited,100,560.0,56000.0,2025-08-11 14:03:47.559226
2025-08-11,33482,2025081103010888,LBBL,Naasa Securities Co. Ltd.,Bhrikuti Stock Broking Co. Pvt. Ltd.,73,559.0,40807.0,2025-08-11 14:03:53.782319
2025-08-11,33375,2025081103010900,LBBL,Investment Management Nepal Pvt. Ltd.,ABC Securities Private Limited,100,560.0,56000.0,2025-08-11 14:04:11.500813
2025-08-11,33333,2025081103010904,LBBL,J.F. Securites (PVT) Ltd.,ABC Securities Private Limited,150,560.0,84000.0,2025-08-11 14:04:14.801365
2025-08-11,33332,2025081103010905,LBBL,J.F. Securites (PVT) Ltd.,Aakashbhairab Securities Ltd.,1000,560.0,560000.0,2025-08-11 14:04:14.801654
2025-08-11,32980,2025081103010954,LBBL,Nagarik Stock Dealer ,Midas Stock Broking Company Private Limited,1000,560.8,560800.0,2025-08-11 14:05:17.640910
2025-08-11,32883,2025081103010972,LBBL,J.F. Securites (PVT) Ltd.,Shree Krishna Securities Ltd.,633,561.0,355113.0,2025-08-11 14:05:37.306964
2025-08-11,32882,2025081103010973,LBBL,J.F. Securites (PVT) Ltd.,Sweta Securities Private Limited,67,561.0,37587.0,2025-08-11 14:05:37.307436
2025-08-11,32741,2025081103011003,LBBL,Naasa Securities Co. Ltd.,Sweta Securities Private Limited,50,561.0,28050.0,2025-08-11 14:06:04.943936
2025-08-11,32729,2025081103011005,LBBL,Naasa Securities Co. Ltd.,Linch Stock Market Ltd.,500,560.0,280000.0,2025-08-11 14:06:08.941950
2025-08-11,32637,2025081103011008,LBBL,Naasa Securities Co. Ltd.,Sweta Securities Private Limited,383,561.0,214863.0,2025-08-11 14:06:21.137795
2025-08-11,32636,2025081103011009,LBBL,Naasa Securities Co. Ltd.,Sweta Securities Private Limited,500,561.0,280500.0,2025-08-11 14:06:21.138030
2025-08-11,32635,2025081103011010,LBBL,Naasa Securities Co. Ltd.,Sani Securities Company Ltd.,50,561.2,28060.0,2025-08-11 14:06:21.138126
2025-08-11,32634,2025081103011011,LBBL,Naasa Securities Co. Ltd.,Aakashbhairab Securities Ltd.,1000,563.0,563000.0,2025-08-11 14:06:21.138241
2025-08-11,32633,2025081103011012,LBBL,Naasa Securities Co. Ltd.,Garima Securities Limited,200,564.0,112800.0,2025-08-11 14:06:21.138373
2025-08-11,32632,2025081103011013,LBBL,Naasa Securities Co. Ltd.,Capital Hub P. Ltd,500,564.0,282000.0,2025-08-11 14:06:21.138503
2025-08-11,32631,2025081103011014,LBBL,Naasa Securities Co. Ltd.,Naasa Securities Co. Ltd.,26782,564.0,15105048.0,2025-08-11 14:06:21.138611
2025-08-11,32604,2025081103011019,LBBL,Sundhara Securities Limited,Siprabi Securities Pvt. Ltd.,30,560.0,16800.0,2025-08-11 14:06:29.607964
2025-08-11,32563,2025081103011022,LBBL,Sumeru Securities Pvt. Ltd.,Sri Hari Securities Pvt. Ltd.,30,557.1,16713.0,2025-08-11 14:06:33.243339
2025-08-11,32562,2025081103011023,LBBL,Midas Stock Broking Company Private Limited,Sri Hari Securities Pvt. Ltd.,500,557.1,278550.0,2025-08-11 14:06:33.243611
2025-08-11,32561,2025081103011024,LBBL,J.F. Securites (PVT) Ltd.,Sri Hari Securities Pvt. Ltd.,1500,557.1,835650.0,2025-08-11 14:06:33.243705
2025-08-11,32560,2025081103011025,LBBL,Online Securities Pvt. Ltd.,Sri Hari Securities Pvt. Ltd.,100,556.5,55650.0,2025-08-11 14:06:33.243795
2025-08-11,32559,2025081103011026,LBBL,Sumeru Securities Pvt. Ltd.,Sri Hari Securities Pvt. Ltd.,30,556.4,16692.0,2025-08-11 14:06:33.243882
2025-08-11,32558,2025081103011027,LBBL,Sumeru Securities Pvt. Ltd.,Sri Hari Securities Pvt. Ltd.,50,556.2,27810.0,2025-08-11 14:06:33.243969
2025-08-11,32557,2025081103011028,LBBL,Ashutosh Brokerage & Securities (PVT) Ltd.,Sri Hari Securities Pvt. Ltd.,200,556.0,111200.0,2025-08-11 14:06:33.244062
2025-08-11,32556,2025081103011029,LBBL,Indira securities pvt. ltd,Sri Hari Securities Pvt. Ltd.,100,556.0,55600.0,2025-08-11 14:06:33.244147
2025-08-11,32555,2025081103011030,LBBL,Pragyan Securities (PVT) Ltd.,Sri Hari Securities Pvt. Ltd.,10,556.0,5560.0,2025-08-11 14:06:33.244228
2025-08-11,32258,2025081103011072,LBBL,Pragyan Securities (PVT) Ltd.,Magnet Securities and Investment Company Private Limited,10,556.0,5560.0,2025-08-11 14:07:23.713666
2025-08-11,32257,2025081103011073,LBBL,Nagarik Stock Dealer ,Magnet Securities and Investment Company Private Limited,263,555.0,145965.0,2025-08-11 14:07:23.713898
2025-08-11,32256,2025081103011074,LBBL,Market Securities & Exchange (PVT) Ltd.,Magnet Securities and Investment Company Private Limited,19,555.0,10545.0,2025-08-11 14:07:23.713991
2025-08-11,32255,2025081103011075,LBBL,Nepal Stock House (PVT) Ltd.,Magnet Securities and Investment Company Private Limited,200,555.0,111000.0,2025-08-11 14:07:23.714082
2025-08-11,32254,2025081103011076,LBBL,Asian Securities Private Ltd.,Magnet Securities and Investment Company Private Limited,100,555.0,55500.0,2025-08-11 14:07:23.714162
2025-08-11,32253,2025081103011077,LBBL,Aryatara Investment & Securities,Magnet Securities and Investment Company Private Limited,180,555.0,99900.0,2025-08-11 14:07:23.714245
2025-08-11,32252,2025081103011078,LBBL,Midas Stock Broking Company Private Limited,Magnet Securities and Investment Company Private Limited,228,555.0,126540.0,2025-08-11 14:07:23.714329
2025-08-11,31833,2025081103011158,LBBL,Midas Stock Broking Company Private Limited,Trademow Securities Private Limited,20,555.0,11100.0,2025-08-11 14:08:33.201602
2025-08-11,31747,2025081103011183,LBBL,Midas Stock Broking Company Private Limited,Trishakti Securities Public Limited,1040,555.0,577200.0,2025-08-11 14:08:51.971837
2025-08-11,31376,2025081103011219,LBBL,J.F. Securites (PVT) Ltd.,Siprabi Securities Pvt. Ltd.,153,555.1,84930.3,2025-08-11 14:09:39.800803
2025-08-11,31375,2025081103011220,LBBL,Midas Stock Broking Company Private Limited,Siprabi Securities Pvt. Ltd.,712,555.0,395160.0,2025-08-11 14:09:39.801102
2025-08-11,31374,2025081103011221,LBBL,Trishakti Securities Public Limited,Siprabi Securities Pvt. Ltd.,135,555.0,74925.0,2025-08-11 14:09:39.801195
2025-08-11,30906,2025081103011308,LBBL,Aryatara Investment & Securities,Creative Securities Pvt Ltd,170,555.0,94350.0,2025-08-11 14:10:51.698585
2025-08-11,30575,2025081103011372,LBBL,Aryatara Investment & Securities,BHOLE GANESH SECURITIES LTD,30,555.0,16650.0,2025-08-11 14:11:50.923092
2025-08-11,30386,2025081103011406,LBBL,Sani Securities Company Ltd.,BHOLE GANESH SECURITIES LTD,770,555.0,427350.0,2025-08-11 14:12:28.177854
2025-08-11,30199,2025081103011428,LBBL,Linch Stock Market Ltd.,Hatemalo Financial Services Private Limited,50,556.0,27800.0,2025-08-11 14:13:01.937178
2025-08-11,30198,2025081103011429,LBBL,Sani Securities Company Ltd.,Hatemalo Financial Services Private Limited,150,555.0,83250.0,2025-08-11 14:13:01.937269
2025-08-11,30124,2025081103011437,LBBL,Sani Securities Company Ltd.,Hatemalo Financial Services Private Limited,252,555.0,139860.0,2025-08-11 14:13:25.005720
2025-08-11,29897,2025081103011467,LBBL,Sani Securities Company Ltd.,Nepal Stock House (PVT) Ltd.,1000,555.0,555000.0,2025-08-11 14:14:01.955261
2025-08-11,29533,2025081103011537,LBBL,Midas Stock Broking Company Private Limited,Dipshikha Dhitopatra Karobar Co. Pvt Ltd.,1000,556.5,556500.0,2025-08-11 14:14:55.768099
2025-08-11,29405,2025081103011556,LBBL,Midas Stock Broking Company Private Limited,Dipshikha Dhitopatra Karobar Co. Pvt Ltd.,200,556.5,111300.0,2025-08-11 14:15:15.866358
2025-08-11,29347,2025081103011583,LBBL,K.B.L. Securities Limited ,Dipshikha Dhitopatra Karobar Co. Pvt Ltd.,150,556.5,83475.0,2025-08-11 14:15:22.351102
2025-08-11,29346,2025081103011584,LBBL,K.B.L. Securities Limited ,BHOLE GANESH SECURITIES LTD,104,557.0,57928.0,2025-08-11 14:15:22.351165
2025-08-11,29176,2025081103011604,LBBL,Midas Stock Broking Company Private Limited,BHOLE GANESH SECURITIES LTD,20,557.0,11140.0,2025-08-11 14:15:48.034917
2025-08-11,29175,2025081103011605,LBBL,Sani Securities Company Ltd.,Indira securities pvt. ltd,100,555.0,55500.0,2025-08-11 14:15:48.041521
2025-08-11,28860,2025081103011653,LBBL,Dakshinkali Investment & Securities Pvt. Ltd.,Linch Stock Market Ltd.,400,556.0,222400.0,2025-08-11 14:16:41.312514
2025-08-11,28632,2025081103011690,LBBL,Dakshinkali Investment & Securities Pvt. Ltd.,Cristal Kanchanjanga Securites Pvt. Ltd.,500,556.0,278000.0,2025-08-11 14:17:15.548770
2025-08-11,28551,2025081103011711,LBBL,Dakshinkali Investment & Securities Pvt. Ltd.,Linch Stock Market Ltd.,100,556.0,55600.0,2025-08-11 14:17:28.737678
2025-08-11,28260,2025081103011754,LBBL,Sani Securities Company Ltd.,Kumari Securities Private Limited,1228,555.0,681540.0,2025-08-11 14:18:10.114296
2025-08-11,28259,2025081103011755,LBBL,Naasa Securities Co. Ltd.,Kumari Securities Private Limited,150,555.0,83250.0,2025-08-11 14:18:10.114546
2025-08-11,28258,2025081103011756,LBBL,Dipshikha Dhitopatra Karobar Co. Pvt Ltd.,Kumari Securities Private Limited,250,555.0,138750.0,2025-08-11 14:18:10.114642
2025-08-11,28257,2025081103011757,LBBL,Sumeru Securities Pvt. Ltd.,Kumari Securities Private Limited,300,555.0,166500.0,2025-08-11 14:18:10.114731
2025-08-11,28256,2025081103011758,LBBL,Sundhara Securities Limited,Kumari Securities Private Limited,63,555.0,34965.0,2025-08-11 14:18:10.114820
2025-08-11,27543,2025081103011861,LBBL,Infinity Securities Limited,Kumari Securities Private Limited,37,555.1,20538.7,2025-08-11 14:20:24.096712
2025-08-11,27234,2025081103011907,LBBL,Sani Securities Company Ltd.,BHOLE GANESH SECURITIES LTD,16,557.0,8912.0,2025-08-11 14:21:13.959681
2025-08-11,27193,2025081103011912,LBBL,Sundhara Securities Limited,BHOLE GANESH SECURITIES LTD,100,557.0,55700.0,2025-08-11 14:21:19.714534
2025-08-11,26330,2025081103012055,LBBL,Opal Securities Investment (PVT) Ltd.,BHOLE GANESH SECURITIES LTD,560,557.0,311920.0,2025-08-11 14:23:31.687727
2025-08-11,26329,2025081103012056,LBBL,Opal Securities Investment (PVT) Ltd.,Cristal Kanchanjanga Securites Pvt. Ltd.,401,557.0,223357.0,2025-08-11 14:23:31.688276
2025-08-11,26328,2025081103012057,LBBL,Opal Securities Investment (PVT) Ltd.,K.B.L. Securities Limited ,50,557.0,27850.0,2025-08-11 14:23:31.688597
2025-08-11,26162,2025081103012084,LBBL,Opal Securities Investment (PVT) Ltd.,Dakshinkali Investment & Securities Pvt. Ltd.,50,557.0,27850.0,2025-08-11 14:24:05.778182
2025-08-11,26127,2025081103012093,LBBL,K.B.L. Securities Limited ,Market Securities & Exchange (PVT) Ltd.,100,559.0,55900.0,2025-08-11 14:24:11.476325
2025-08-11,25953,2025081103012134,LBBL,K.B.L. Securities Limited ,Capital Hub P. Ltd,55,558.9,30739.5,2025-08-11 14:24:40.574942
2025-08-11,25951,2025081103012135,LBBL,Imperial Securities Company Pvt. Ltd.,Asian Securities Private Ltd.,50,558.0,27900.0,2025-08-11 14:24:41.224171
2025-08-11,25950,2025081103012136,LBBL,Opal Securities Investment (PVT) Ltd.,Asian Securities Private Ltd.,250,557.0,139250.0,2025-08-11 14:24:41.224436
2025-08-11,25642,2025081103012204,LBBL,Prabhu Stock Market Limited,Capital Hub P. Ltd,11,558.9,6147.9,2025-08-11 14:25:13.723339
2025-08-11,25377,2025081103012242,LBBL,Opal Securities Investment (PVT) Ltd.,Citizens Share Broker Limited,1000,557.0,557000.0,2025-08-11 14:25:59.929671
2025-08-11,25348,2025081103012247,LBBL,Opal Securities Investment (PVT) Ltd.,Deevyaa Securities & Stock House Pvt. Ltd,2805,557.0,1562385.0,2025-08-11 14:26:07.470377
2025-08-11,25303,2025081103012251,LBBL,Linch Stock Market Ltd.,Deevyaa Securities & Stock House Pvt. Ltd,195,557.0,108615.0,2025-08-11 14:26:15.108695
2025-08-11,25178,2025081103012271,LBBL,Imperial Securities Company Pvt. Ltd.,Aakashbhairab Securities Ltd.,50,556.0,27800.0,2025-08-11 14:26:40.420020
2025-08-11,25067,2025081103012275,LBBL,SUN SECURITIES PVT LTD,Aakashbhairab Securities Ltd.,20,556.0,11120.0,2025-08-11 14:26:59.635359
2025-08-11,24857,2025081103012324,LBBL,Neev Securities Pvt. Ltd.,Aakashbhairab Securities Ltd.,10,556.0,5560.0,2025-08-11 14:27:29.287926
2025-08-11,24773,2025081103012333,LBBL,Midas Stock Broking Company Private Limited,Sumeru Securities Pvt. Ltd.,25,555.5,13887.5,2025-08-11 14:27:41.560978
2025-08-11,24381,2025081103012369,LBBL,Midas Stock Broking Company Private Limited,Aakashbhairab Securities Ltd.,275,555.5,152762.5,2025-08-11 14:28:49.790098
2025-08-11,24380,2025081103012370,LBBL,Sani Securities Company Ltd.,Aakashbhairab Securities Ltd.,200,555.5,111100.0,2025-08-11 14:28:49.790337
2025-08-11,24379,2025081103012371,LBBL,Citizens Share Broker Limited,Aakashbhairab Securities Ltd.,445,555.4,247153.0,2025-08-11 14:28:49.790431
2025-08-11,24135,2025081103012445,LBBL,Neev Securities Pvt. Ltd.,S.P.S.A. Securities Limited,50,555.7,27785.0,2025-08-11 14:29:24.991322
2025-08-11,22627,2025081103012686,LBBL,Hatemalo Financial Services Private Limited,Prabhu Stock Market Limited,500,558.0,279000.0,2025-08-11 14:32:46.178188
2025-08-11,22336,2025081103012723,LBBL,J.F. Securites (PVT) Ltd.,Capital Hub P. Ltd,10,557.0,5570.0,2025-08-11 14:33:20.234945
2025-08-11,22335,2025081103012724,LBBL,Imperial Securities Company Pvt. Ltd.,Capital Hub P. Ltd,50,557.0,27850.0,2025-08-11 14:33:20.234993
2025-08-11,22314,2025081103012738,LBBL,Sani Securities Company Ltd.,Capital Hub P. Ltd,100,558.2,55820.0,2025-08-11 14:33:23.333551
2025-08-11,22278,2025081103012740,LBBL,Imperial Securities Company Pvt. Ltd.,Capital Hub P. Ltd,50,556.0,27800.0,2025-08-11 14:33:32.270979
2025-08-11,21632,2025081103012819,LBBL,Cristal Kanchanjanga Securites Pvt. Ltd.,Shree Krishna Securities Ltd.,200,555.7,111140.0,2025-08-11 14:35:07.361912
2025-08-11,21631,2025081103012820,LBBL,Cristal Kanchanjanga Securites Pvt. Ltd.,Shree Krishna Securities Ltd.,150,555.7,83355.0,2025-08-11 14:35:07.361980
2025-08-11,21630,2025081103012821,LBBL,Citizens Share Broker Limited,Shree Krishna Securities Ltd.,55,555.4,30547.0,2025-08-11 14:35:07.362010
2025-08-11,21629,2025081103012822,LBBL,Naasa Securities Co. Ltd.,Shree Krishna Securities Ltd.,200,555.4,111080.0,2025-08-11 14:35:07.362048
2025-08-11,21628,2025081103012823,LBBL,Ashutosh Brokerage & Securities (PVT) Ltd.,Shree Krishna Securities Ltd.,1000,555.4,555400.0,2025-08-11 14:35:07.362076
2025-08-11,21627,2025081103012824,LBBL,Sani Securities Company Ltd.,Shree Krishna Securities Ltd.,200,555.4,111080.0,2025-08-11 14:35:07.362106
2025-08-11,21626,2025081103012825,LBBL,Infinity Securities Limited,Shree Krishna Securities Ltd.,13,555.1,7216.3,2025-08-11 14:35:07.362164
2025-08-11,21625,2025081103012826,LBBL,Sumeru Securities Pvt. Ltd.,Shree Krishna Securities Ltd.,10,555.1,5551.0,2025-08-11 14:35:07.362211
2025-08-11,21624,2025081103012827,LBBL,Sundhara Securities Limited,Shree Krishna Securities Ltd.,1000,555.1,555100.0,2025-08-11 14:35:07.362234
2025-08-11,21623,2025081103012828,LBBL,Sundhara Securities Limited,Shree Krishna Securities Ltd.,937,555.0,520035.0,2025-08-11 14:35:07.362258
2025-08-11,21622,2025081103012829,LBBL,Deevyaa Securities & Stock House Pvt. Ltd,Shree Krishna Securities Ltd.,20,555.0,11100.0,2025-08-11 14:35:07.362283
2025-08-11,21621,2025081103012830,LBBL,Dynamic Money Managers Securities Pvt. Ltd.,Shree Krishna Securities Ltd.,100,555.0,55500.0,2025-08-11 14:35:07.362307
2025-08-11,21620,2025081103012831,LBBL,Kalika Securities Pvt. Ltd.,Shree Krishna Securities Ltd.,100,555.0,55500.0,2025-08-11 14:35:07.362332
2025-08-11,21619,2025081103012832,LBBL,Premier Securities Company Ltd.,Shree Krishna Securities Ltd.,15,555.0,8325.0,2025-08-11 14:35:07.362355
2025-08-11,21421,2025081103012863,LBBL,Premier Securities Company Ltd.,J.F. Securites (PVT) Ltd.,27,555.0,14985.0,2025-08-11 14:35:31.575750
2025-08-11,21286,2025081103012893,LBBL,Premier Securities Company Ltd.,Naasa Securities Co. Ltd.,208,555.0,115440.0,2025-08-11 14:35:49.664483
2025-08-11,21285,2025081103012894,LBBL,Premier Securities Company Ltd.,Naasa Securities Co. Ltd.,400,555.0,222000.0,2025-08-11 14:35:49.664786
2025-08-11,21253,2025081103012900,LBBL,Agrawal Securities (PVT) Ltd.,Market Securities & Exchange (PVT) Ltd.,500,554.1,277050.0,2025-08-11 14:35:55.487827
2025-08-11,21185,2025081103012916,LBBL,Sewa Securities Pvt. Ltd.,Trishakti Securities Public Limited,170,554.0,94180.0,2025-08-11 14:36:06.195250
2025-08-11,21184,2025081103012917,LBBL,Agrawal Securities (PVT) Ltd.,Trishakti Securities Public Limited,330,554.0,182820.0,2025-08-11 14:36:06.195691
2025-08-11,21057,2025081103012930,LBBL,Sundhara Securities Limited,Naasa Securities Co. Ltd.,1392,555.0,772560.0,2025-08-11 14:36:16.115150
2025-08-11,21056,2025081103012931,LBBL,Sundhara Securities Limited,Dipshikha Dhitopatra Karobar Co. Pvt Ltd.,721,555.0,400155.0,2025-08-11 14:36:16.115398
2025-08-11,20994,2025081103012949,LBBL,Agrawal Securities (PVT) Ltd.,Online Securities Pvt. Ltd.,170,554.0,94180.0,2025-08-11 14:36:26.065168
2025-08-11,20993,2025081103012950,LBBL,Cristal Kanchanjanga Securites Pvt. Ltd.,Online Securities Pvt. Ltd.,50,554.0,27700.0,2025-08-11 14:36:26.065427
2025-08-11,20578,2025081103013022,LBBL,Market Securities & Exchange (PVT) Ltd.,Online Securities Pvt. Ltd.,499,554.0,276446.0,2025-08-11 14:37:21.970282
2025-08-11,20512,2025081103013030,LBBL,Sundhara Securities Limited,Midas Stock Broking Company Private Limited,499,554.0,276446.0,2025-08-11 14:37:33.337782
2025-08-11,20511,2025081103013031,LBBL,Imperial Securities Company Pvt. Ltd.,Midas Stock Broking Company Private Limited,25,553.9,13847.5,2025-08-11 14:37:33.338005
2025-08-11,20510,2025081103013032,LBBL,Market Securities & Exchange (PVT) Ltd.,Midas Stock Broking Company Private Limited,216,553.0,119448.0,2025-08-11 14:37:33.338107
2025-08-11,20509,2025081103013033,LBBL,Sundhara Securities Limited,Midas Stock Broking Company Private Limited,965,553.0,533645.0,2025-08-11 14:37:33.338198
2025-08-11,20291,2025081103013078,LBBL,Prabhu Stock Market Limited,Swarna Laxmi Securities Pvt. Ltd.,11,557.0,6127.0,2025-08-11 14:38:00.294783
2025-08-11,20207,2025081103013088,LBBL,Sundhara Securities Limited,Investment Management Nepal Pvt. Ltd.,35,553.0,19355.0,2025-08-11 14:38:10.906202
2025-08-11,20206,2025081103013089,LBBL,Cristal Kanchanjanga Securites Pvt. Ltd.,Investment Management Nepal Pvt. Ltd.,45,553.0,24885.0,2025-08-11 14:38:10.906493
2025-08-11,20205,2025081103013090,LBBL,Citizens Share Broker Limited,Investment Management Nepal Pvt. Ltd.,500,553.0,276500.0,2025-08-11 14:38:10.906588
2025-08-11,20204,2025081103013091,LBBL,Nagarik Stock Dealer ,Investment Management Nepal Pvt. Ltd.,500,552.2,276100.0,2025-08-11 14:38:10.906679
2025-08-11,20203,2025081103013092,LBBL,S.P.S.A. Securities Limited,Investment Management Nepal Pvt. Ltd.,1000,552.1,552100.0,2025-08-11 14:38:10.906767
2025-08-11,20202,2025081103013093,LBBL,Garima Securities Limited,Investment Management Nepal Pvt. Ltd.,1920,551.3,1058496.0,2025-08-11 14:38:10.906857
2025-08-11,20139,2025081103013102,LBBL,Garima Securities Limited,Imperial Securities Company Pvt. Ltd.,80,551.3,44104.0,2025-08-11 14:38:19.325948
