Date,S.N.,contract_id,symbol,buyer_broker,seller_broker,volume,price,amount,transaction_time
2025-08-11,97996,2025081103000050,MDB,Aakashbhairab Securities Ltd.,Cristal Kanchanjanga Securites Pvt. Ltd.,100,660.0,66000.0,2025-08-11 11:01:51.242800
2025-08-11,97126,2025081103000168,MDB,Dipshikha Dhitopatra Karobar Co. Pvt Ltd.,Aryatara Investment & Securities,700,660.0,462000.0,2025-08-11 11:04:31.574160
2025-08-11,96472,2025081103000235,MDB,Kalika Securities Pvt. Ltd.,Agrawal Securities (PVT) Ltd.,100,664.0,66400.0,2025-08-11 11:06:01.402486
2025-08-11,95562,2025081103000300,MDB,Capital Max Securities Ltd,Premier Securities Company Ltd.,500,661.0,330500.0,2025-08-11 11:08:08.530502
2025-08-11,95481,2025081103000311,MDB,Capital Max Securities Ltd,Indira securities pvt. ltd,100,661.0,66100.0,2025-08-11 11:08:21.399400
2025-08-11,95253,2025081103000333,MDB,Sumeru Securities Pvt. Ltd.,Naasa Securities Co. Ltd.,50,661.1,33055.0,2025-08-11 11:08:55.372563
2025-08-11,95073,2025081103000343,MDB,Capital Max Securities Ltd,Sri Hari Securities Pvt. Ltd.,400,661.0,264400.0,2025-08-11 11:09:23.608642
2025-08-11,93865,2025081103000528,MDB,Naasa Securities Co. Ltd.,Secured Securities Ltd.,121,661.2,80005.2,2025-08-11 11:12:03.990197
2025-08-11,93759,2025081103000549,MDB,Infinity Securities Limited,Aryatara Investment & Securities,200,661.0,132200.0,2025-08-11 11:12:17.883887
2025-08-11,93419,2025081103000595,MDB,Infinity Securities Limited,ABC Securities Private Limited,300,661.0,198300.0,2025-08-11 11:13:00.648566
2025-08-11,93418,2025081103000596,MDB,Naasa Securities Co. Ltd.,ABC Securities Private Limited,200,660.0,132000.0,2025-08-11 11:13:00.648607
2025-08-11,93417,2025081103000597,MDB,Malla & Malla Stock Broking Company Pvt. Limited,ABC Securities Private Limited,500,660.0,330000.0,2025-08-11 11:13:00.648656
2025-08-11,93416,2025081103000598,MDB,Vision Securities Pvt. Ltd,ABC Securities Private Limited,150,660.0,99000.0,2025-08-11 11:13:00.648680
2025-08-11,93415,2025081103000599,MDB,Oxford Securities Pvt. Ltd.,ABC Securities Private Limited,50,660.0,33000.0,2025-08-11 11:13:00.648704
2025-08-11,92212,2025081103000773,MDB,Oxford Securities Pvt. Ltd.,Cristal Kanchanjanga Securites Pvt. Ltd.,50,660.0,33000.0,2025-08-11 11:15:52.862034
2025-08-11,92211,2025081103000774,MDB,Siprabi Securities Pvt. Ltd.,Cristal Kanchanjanga Securites Pvt. Ltd.,200,660.0,132000.0,2025-08-11 11:15:52.862137
2025-08-11,92210,2025081103000775,MDB,Secured Securities Ltd.,Cristal Kanchanjanga Securites Pvt. Ltd.,100,660.0,66000.0,2025-08-11 11:15:52.862175
2025-08-11,89780,2025081103001089,MDB,Dipshikha Dhitopatra Karobar Co. Pvt Ltd.,Cristal Kanchanjanga Securites Pvt. Ltd.,250,659.0,164750.0,2025-08-11 11:21:28.664602
2025-08-11,88487,2025081103001250,MDB,Aryatara Investment & Securities,Aryatara Investment & Securities,50,660.0,33000.0,2025-08-11 11:24:54.536999
2025-08-11,86192,2025081103001499,MDB,Vision Securities Pvt. Ltd,Dakshinkali Investment & Securities Pvt. Ltd.,260,661.9,172094.0,2025-08-11 11:30:00.426943
2025-08-11,86191,2025081103001500,MDB,Vision Securities Pvt. Ltd,Trishakti Securities Public Limited,50,662.0,33100.0,2025-08-11 11:30:00.427050
2025-08-11,86190,2025081103001501,MDB,Vision Securities Pvt. Ltd,Sri Hari Securities Pvt. Ltd.,90,662.0,59580.0,2025-08-11 11:30:00.427087
2025-08-11,84118,2025081103001742,MDB,Premier Securities Company Ltd.,Agrawal Securities (PVT) Ltd.,20,661.0,13220.0,2025-08-11 11:34:41.024186
2025-08-11,84117,2025081103001743,MDB,Vision Securities Pvt. Ltd,Agrawal Securities (PVT) Ltd.,60,660.1,39606.0,2025-08-11 11:34:41.024267
2025-08-11,84116,2025081103001744,MDB,Nepal Stock House (PVT) Ltd.,Agrawal Securities (PVT) Ltd.,500,660.0,330000.0,2025-08-11 11:34:41.024306
2025-08-11,81651,2025081103002185,MDB,Malla & Malla Stock Broking Company Pvt. Limited,Agrawal Securities (PVT) Ltd.,313,660.0,206580.0,2025-08-11 11:40:08.125185
2025-08-11,81228,2025081103002246,MDB,Capital Max Securities Ltd,Agrawal Securities (PVT) Ltd.,240,659.5,158280.0,2025-08-11 11:41:08.779358
2025-08-11,81227,2025081103002247,MDB,Dynamic Money Managers Securities Pvt. Ltd.,Agrawal Securities (PVT) Ltd.,100,657.0,65700.0,2025-08-11 11:41:08.779466
2025-08-11,81226,2025081103002248,MDB,Aryatara Investment & Securities,Agrawal Securities (PVT) Ltd.,50,657.0,32850.0,2025-08-11 11:41:08.779515
2025-08-11,81225,2025081103002249,MDB,Vision Securities Pvt. Ltd,Agrawal Securities (PVT) Ltd.,500,657.0,328500.0,2025-08-11 11:41:08.779549
2025-08-11,81170,2025081103002255,MDB,Trishakti Securities Public Limited,Agrawal Securities (PVT) Ltd.,117,655.0,76635.0,2025-08-11 11:41:16.854492
2025-08-11,78745,2025081103002660,MDB,Sewa Securities Pvt. Ltd.,Sumeru Securities Pvt. Ltd.,20,655.2,13104.0,2025-08-11 11:47:30.713906
2025-08-11,78744,2025081103002661,MDB,Sewa Securities Pvt. Ltd.,Sumeru Securities Pvt. Ltd.,20,655.1,13102.0,2025-08-11 11:47:30.714018
2025-08-11,78743,2025081103002662,MDB,Bhrikuti Stock Broking Co. Pvt. Ltd.,Sumeru Securities Pvt. Ltd.,110,655.1,72061.0,2025-08-11 11:47:30.714078
2025-08-11,78297,2025081103002753,MDB,Bhrikuti Stock Broking Co. Pvt. Ltd.,ABC Securities Private Limited,90,655.1,58959.0,2025-08-11 11:48:45.889936
2025-08-11,77951,2025081103002810,MDB,Trishakti Securities Public Limited,ABC Securities Private Limited,19,655.0,12445.0,2025-08-11 11:49:37.293926
2025-08-11,77501,2025081103002931,MDB,Trishakti Securities Public Limited,Nagarik Stock Dealer ,64,655.0,41920.0,2025-08-11 11:50:44.414206
2025-08-11,77500,2025081103002932,MDB,Premier Securities Company Ltd.,Nagarik Stock Dealer ,300,655.0,196500.0,2025-08-11 11:50:44.414395
2025-08-11,77499,2025081103002933,MDB,Vision Securities Pvt. Ltd,Nagarik Stock Dealer ,136,655.0,89080.0,2025-08-11 11:50:44.414518
2025-08-11,76539,2025081103003131,MDB,Dynamic Money Managers Securities Pvt. Ltd.,ABC Securities Private Limited,10,656.0,6560.0,2025-08-11 11:53:05.046414
2025-08-11,76538,2025081103003132,MDB,Dynamic Money Managers Securities Pvt. Ltd.,ABC Securities Private Limited,10,655.9,6559.0,2025-08-11 11:53:05.046475
2025-08-11,76537,2025081103003133,MDB,Dynamic Money Managers Securities Pvt. Ltd.,ABC Securities Private Limited,10,655.8,6558.0,2025-08-11 11:53:05.046506
2025-08-11,76536,2025081103003134,MDB,Dynamic Money Managers Securities Pvt. Ltd.,ABC Securities Private Limited,10,655.7,6557.0,2025-08-11 11:53:05.046535
2025-08-11,76535,2025081103003135,MDB,Dynamic Money Managers Securities Pvt. Ltd.,ABC Securities Private Limited,10,655.6,6556.0,2025-08-11 11:53:05.046563
2025-08-11,76534,2025081103003136,MDB,Dynamic Money Managers Securities Pvt. Ltd.,ABC Securities Private Limited,10,655.5,6555.0,2025-08-11 11:53:05.046597
2025-08-11,76533,2025081103003137,MDB,Dynamic Money Managers Securities Pvt. Ltd.,ABC Securities Private Limited,10,655.4,6554.0,2025-08-11 11:53:05.046625
2025-08-11,76532,2025081103003138,MDB,Dynamic Money Managers Securities Pvt. Ltd.,ABC Securities Private Limited,10,655.3,6553.0,2025-08-11 11:53:05.046650
2025-08-11,76531,2025081103003139,MDB,Dynamic Money Managers Securities Pvt. Ltd.,ABC Securities Private Limited,10,655.2,6552.0,2025-08-11 11:53:05.046672
2025-08-11,76530,2025081103003140,MDB,Dynamic Money Managers Securities Pvt. Ltd.,ABC Securities Private Limited,10,655.1,6551.0,2025-08-11 11:53:05.046691
2025-08-11,76529,2025081103003141,MDB,Vision Securities Pvt. Ltd,ABC Securities Private Limited,14,655.0,9170.0,2025-08-11 11:53:05.046715
2025-08-11,76528,2025081103003142,MDB,Dynamic Money Managers Securities Pvt. Ltd.,ABC Securities Private Limited,100,652.0,65200.0,2025-08-11 11:53:05.046746
2025-08-11,76527,2025081103003143,MDB,Linch Stock Market Ltd.,ABC Securities Private Limited,100,651.2,65120.0,2025-08-11 11:53:05.046773
2025-08-11,76526,2025081103003144,MDB,ABC Securities Private Limited,ABC Securities Private Limited,20,650.8,13016.0,2025-08-11 11:53:05.046800
2025-08-11,76525,2025081103003145,MDB,Imperial Securities Company Pvt. Ltd.,ABC Securities Private Limited,166,650.7,108016.2,2025-08-11 11:53:05.046828
2025-08-11,76361,2025081103003188,MDB,Imperial Securities Company Pvt. Ltd.,ABC Securities Private Limited,134,650.7,87193.8,2025-08-11 11:53:21.152784
2025-08-11,76360,2025081103003189,MDB,Premier Securities Company Ltd.,ABC Securities Private Limited,100,650.1,65010.0,2025-08-11 11:53:21.152843
2025-08-11,76359,2025081103003190,MDB,Linch Stock Market Ltd.,ABC Securities Private Limited,30,650.0,19500.0,2025-08-11 11:53:21.152866
2025-08-11,76358,2025081103003191,MDB,Asian Securities Private Ltd.,ABC Securities Private Limited,500,650.0,325000.0,2025-08-11 11:53:21.152891
2025-08-11,76357,2025081103003192,MDB,Ashutosh Brokerage & Securities (PVT) Ltd.,ABC Securities Private Limited,200,650.0,130000.0,2025-08-11 11:53:21.152914
2025-08-11,76356,2025081103003193,MDB,Cristal Kanchanjanga Securites Pvt. Ltd.,ABC Securities Private Limited,150,650.0,97500.0,2025-08-11 11:53:21.152934
2025-08-11,76355,2025081103003194,MDB,Siprabi Securities Pvt. Ltd.,ABC Securities Private Limited,100,650.0,65000.0,2025-08-11 11:53:21.152955
2025-08-11,76354,2025081103003195,MDB,Sundhara Securities Limited,ABC Securities Private Limited,20,650.0,13000.0,2025-08-11 11:53:21.152989
2025-08-11,76353,2025081103003196,MDB,Aakashbhairab Securities Ltd.,ABC Securities Private Limited,366,650.0,237900.0,2025-08-11 11:53:21.153010
2025-08-11,73575,2025081103003830,MDB,Dynamic Money Managers Securities Pvt. Ltd.,ABC Securities Private Limited,10,651.9,6519.0,2025-08-11 12:00:09.659415
2025-08-11,73574,2025081103003831,MDB,Dynamic Money Managers Securities Pvt. Ltd.,ABC Securities Private Limited,10,651.8,6518.0,2025-08-11 12:00:09.659513
2025-08-11,73573,2025081103003832,MDB,Secured Securities Ltd.,ABC Securities Private Limited,100,651.2,65120.0,2025-08-11 12:00:09.659624
2025-08-11,73572,2025081103003833,MDB,Naasa Securities Co. Ltd.,ABC Securities Private Limited,300,651.1,195330.0,2025-08-11 12:00:09.659697
2025-08-11,73571,2025081103003834,MDB,Trishakti Securities Public Limited,ABC Securities Private Limited,95,651.0,61845.0,2025-08-11 12:00:09.659771
2025-08-11,73570,2025081103003835,MDB,Bhrikuti Stock Broking Co. Pvt. Ltd.,ABC Securities Private Limited,50,651.0,32550.0,2025-08-11 12:00:09.659838
2025-08-11,73569,2025081103003836,MDB,Kumari Securities Private Limited,ABC Securities Private Limited,100,650.2,65020.0,2025-08-11 12:00:09.659910
2025-08-11,73568,2025081103003837,MDB,Aryatara Investment & Securities,ABC Securities Private Limited,300,650.2,195060.0,2025-08-11 12:00:09.659982
2025-08-11,73567,2025081103003838,MDB,Dakshinkali Investment & Securities Pvt. Ltd.,ABC Securities Private Limited,20,650.2,13004.0,2025-08-11 12:00:09.660073
2025-08-11,73566,2025081103003839,MDB,Aryatara Investment & Securities,ABC Securities Private Limited,15,650.1,9751.5,2025-08-11 12:00:09.660143
2025-08-11,71227,2025081103004189,MDB,Kumari Securities Private Limited,ABC Securities Private Limited,50,653.0,32650.0,2025-08-11 12:06:57.375394
2025-08-11,68822,2025081103004669,MDB,South Asian Bulls Pvt. Ltd.,Malla & Malla Stock Broking Company Pvt. Limited,190,653.1,124089.0,2025-08-11 12:13:21.291669
2025-08-11,68192,2025081103004808,MDB,South Asian Bulls Pvt. Ltd.,Nepal Stock House (PVT) Ltd.,10,653.1,6531.0,2025-08-11 12:14:39.446289
2025-08-11,68191,2025081103004809,MDB,Kumari Securities Private Limited,Nepal Stock House (PVT) Ltd.,40,653.0,26120.0,2025-08-11 12:14:39.446542
2025-08-11,67495,2025081103004949,MDB,Kumari Securities Private Limited,Aryatara Investment & Securities,100,653.0,65300.0,2025-08-11 12:16:42.055359
2025-08-11,66392,2025081103005115,MDB,Online Securities Pvt. Ltd.,Kumari Securities Private Limited,10,655.0,6550.0,2025-08-11 12:19:38.868137
2025-08-11,66391,2025081103005116,MDB,Kumari Securities Private Limited,Kumari Securities Private Limited,10,653.0,6530.0,2025-08-11 12:19:38.868272
2025-08-11,66390,2025081103005117,MDB,Naasa Securities Co. Ltd.,Kumari Securities Private Limited,130,652.0,84760.0,2025-08-11 12:19:38.868324
2025-08-11,65924,2025081103005174,MDB,Naasa Securities Co. Ltd.,Swarna Laxmi Securities Pvt. Ltd.,120,652.0,78240.0,2025-08-11 12:20:50.259381
2025-08-11,65923,2025081103005175,MDB,Dynamic Money Managers Securities Pvt. Ltd.,Swarna Laxmi Securities Pvt. Ltd.,10,651.9,6519.0,2025-08-11 12:20:50.259643
2025-08-11,65922,2025081103005176,MDB,Dynamic Money Managers Securities Pvt. Ltd.,Swarna Laxmi Securities Pvt. Ltd.,10,651.8,6518.0,2025-08-11 12:20:50.259687
2025-08-11,65921,2025081103005177,MDB,Dynamic Money Managers Securities Pvt. Ltd.,Swarna Laxmi Securities Pvt. Ltd.,10,651.7,6517.0,2025-08-11 12:20:50.259710
2025-08-11,65920,2025081103005178,MDB,Premier Securities Company Ltd.,Swarna Laxmi Securities Pvt. Ltd.,500,651.7,325850.0,2025-08-11 12:20:50.259732
2025-08-11,65671,2025081103005254,MDB,Dynamic Money Managers Securities Pvt. Ltd.,Swarna Laxmi Securities Pvt. Ltd.,10,651.6,6516.0,2025-08-11 12:21:35.447589
2025-08-11,65670,2025081103005255,MDB,Dynamic Money Managers Securities Pvt. Ltd.,Swarna Laxmi Securities Pvt. Ltd.,10,651.5,6515.0,2025-08-11 12:21:35.447683
2025-08-11,65669,2025081103005256,MDB,Premier Securities Company Ltd.,Swarna Laxmi Securities Pvt. Ltd.,500,651.5,325750.0,2025-08-11 12:21:35.447726
2025-08-11,65668,2025081103005257,MDB,Dynamic Money Managers Securities Pvt. Ltd.,Swarna Laxmi Securities Pvt. Ltd.,10,651.4,6514.0,2025-08-11 12:21:35.447747
2025-08-11,65667,2025081103005258,MDB,Dynamic Money Managers Securities Pvt. Ltd.,Swarna Laxmi Securities Pvt. Ltd.,10,651.3,6513.0,2025-08-11 12:21:35.447768
2025-08-11,65666,2025081103005259,MDB,Aryatara Investment & Securities,Swarna Laxmi Securities Pvt. Ltd.,136,650.1,88413.6,2025-08-11 12:21:35.447788
2025-08-11,64744,2025081103005411,MDB,Aryatara Investment & Securities,Vision Securities Pvt. Ltd,49,650.1,31854.9,2025-08-11 12:24:02.247713
2025-08-11,64743,2025081103005412,MDB,Dynamic Money Managers Securities Pvt. Ltd.,Vision Securities Pvt. Ltd,100,650.0,65000.0,2025-08-11 12:24:02.247832
2025-08-11,63731,2025081103005575,MDB,Secured Securities Ltd.,ABC Securities Private Limited,50,650.0,32500.0,2025-08-11 12:27:08.085041
2025-08-11,63730,2025081103005576,MDB,Trishakti Securities Public Limited,ABC Securities Private Limited,60,650.0,39000.0,2025-08-11 12:27:08.085171
2025-08-11,63729,2025081103005577,MDB,Trishakti Securities Public Limited,ABC Securities Private Limited,50,650.0,32500.0,2025-08-11 12:27:08.085221
2025-08-11,63728,2025081103005578,MDB,Sani Securities Company Ltd.,ABC Securities Private Limited,10,650.0,6500.0,2025-08-11 12:27:08.085266
2025-08-11,63727,2025081103005579,MDB,Imperial Securities Company Pvt. Ltd.,ABC Securities Private Limited,90,650.0,58500.0,2025-08-11 12:27:08.085312
2025-08-11,62211,2025081103005855,MDB,Sani Securities Company Ltd.,ABC Securities Private Limited,148,650.0,96200.0,2025-08-11 12:31:36.082125
2025-08-11,61677,2025081103005933,MDB,Sani Securities Company Ltd.,ABC Securities Private Limited,50,650.0,32500.0,2025-08-11 12:33:45.621075
2025-08-11,61325,2025081103005976,MDB,Shree Krishna Securities Ltd.,Nepal Investment And Securities Trading Private Limited,10,649.0,6490.0,2025-08-11 12:35:00.987244
2025-08-11,61095,2025081103006013,MDB,Sani Securities Company Ltd.,ABC Securities Private Limited,58,650.0,37700.0,2025-08-11 12:35:47.441630
2025-08-11,60531,2025081103006076,MDB,Naasa Securities Co. Ltd.,ABC Securities Private Limited,100,650.0,65000.0,2025-08-11 12:37:28.414389
2025-08-11,60515,2025081103006082,MDB,Nepal Stock House (PVT) Ltd.,ABC Securities Private Limited,100,650.0,65000.0,2025-08-11 12:37:34.436667
2025-08-11,60297,2025081103006128,MDB,Oxford Securities Pvt. Ltd.,ABC Securities Private Limited,100,650.0,65000.0,2025-08-11 12:38:21.552429
2025-08-11,60150,2025081103006149,MDB,Online Securities Pvt. Ltd.,ABC Securities Private Limited,184,650.0,119600.0,2025-08-11 12:38:51.805304
2025-08-11,59243,2025081103006301,MDB,Dynamic Money Managers Securities Pvt. Ltd.,Oxford Securities Pvt. Ltd.,10,650.9,6509.0,2025-08-11 12:41:55.758085
2025-08-11,59242,2025081103006302,MDB,Dynamic Money Managers Securities Pvt. Ltd.,Oxford Securities Pvt. Ltd.,10,650.8,6508.0,2025-08-11 12:41:55.758208
2025-08-11,59241,2025081103006303,MDB,Dynamic Money Managers Securities Pvt. Ltd.,Oxford Securities Pvt. Ltd.,10,650.7,6507.0,2025-08-11 12:41:55.758282
2025-08-11,59240,2025081103006304,MDB,Dynamic Money Managers Securities Pvt. Ltd.,Oxford Securities Pvt. Ltd.,10,650.6,6506.0,2025-08-11 12:41:55.758329
2025-08-11,59239,2025081103006305,MDB,Capital Max Securities Ltd,Oxford Securities Pvt. Ltd.,100,650.6,65060.0,2025-08-11 12:41:55.758376
2025-08-11,59238,2025081103006306,MDB,Dynamic Money Managers Securities Pvt. Ltd.,Oxford Securities Pvt. Ltd.,10,650.5,6505.0,2025-08-11 12:41:55.758422
2025-08-11,59237,2025081103006307,MDB,Dynamic Money Managers Securities Pvt. Ltd.,Oxford Securities Pvt. Ltd.,10,650.4,6504.0,2025-08-11 12:41:55.758470
2025-08-11,59236,2025081103006308,MDB,Dynamic Money Managers Securities Pvt. Ltd.,Oxford Securities Pvt. Ltd.,10,650.3,6503.0,2025-08-11 12:41:55.758517
2025-08-11,59235,2025081103006309,MDB,Dynamic Money Managers Securities Pvt. Ltd.,Oxford Securities Pvt. Ltd.,10,650.2,6502.0,2025-08-11 12:41:55.758563
2025-08-11,59234,2025081103006310,MDB,Dynamic Money Managers Securities Pvt. Ltd.,Oxford Securities Pvt. Ltd.,10,650.1,6501.0,2025-08-11 12:41:55.758609
2025-08-11,59233,2025081103006311,MDB,Online Securities Pvt. Ltd.,Oxford Securities Pvt. Ltd.,71,650.0,46150.0,2025-08-11 12:41:55.758654
2025-08-11,59232,2025081103006312,MDB,Dynamic Money Managers Securities Pvt. Ltd.,Oxford Securities Pvt. Ltd.,25,650.0,16250.0,2025-08-11 12:41:55.758699
2025-08-11,59231,2025081103006313,MDB,Sani Securities Company Ltd.,Oxford Securities Pvt. Ltd.,50,649.0,32450.0,2025-08-11 12:41:55.758744
2025-08-11,59230,2025081103006314,MDB,Kalika Securities Pvt. Ltd.,Oxford Securities Pvt. Ltd.,25,649.0,16225.0,2025-08-11 12:41:55.758792
2025-08-11,59229,2025081103006315,MDB,Dynamic Money Managers Securities Pvt. Ltd.,Oxford Securities Pvt. Ltd.,10,648.9,6489.0,2025-08-11 12:41:55.758907
2025-08-11,59228,2025081103006316,MDB,Dynamic Money Managers Securities Pvt. Ltd.,Oxford Securities Pvt. Ltd.,10,648.8,6488.0,2025-08-11 12:41:55.758954
2025-08-11,59227,2025081103006317,MDB,Dynamic Money Managers Securities Pvt. Ltd.,Oxford Securities Pvt. Ltd.,10,648.7,6487.0,2025-08-11 12:41:55.759002
2025-08-11,59226,2025081103006318,MDB,Dynamic Money Managers Securities Pvt. Ltd.,Oxford Securities Pvt. Ltd.,10,648.6,6486.0,2025-08-11 12:41:55.759059
2025-08-11,59225,2025081103006319,MDB,Trishakti Securities Public Limited,Oxford Securities Pvt. Ltd.,100,648.5,64850.0,2025-08-11 12:41:55.759100
2025-08-11,59224,2025081103006320,MDB,Aakashbhairab Securities Ltd.,Oxford Securities Pvt. Ltd.,34,648.1,22035.4,2025-08-11 12:41:55.759146
2025-08-11,59223,2025081103006321,MDB,Vision Securities Pvt. Ltd,Oxford Securities Pvt. Ltd.,100,648.0,64800.0,2025-08-11 12:41:55.759202
2025-08-11,59222,2025081103006322,MDB,Sundhara Securities Limited,Oxford Securities Pvt. Ltd.,300,648.0,194400.0,2025-08-11 12:41:55.759256
2025-08-11,58973,2025081103006370,MDB,Midas Stock Broking Company Private Limited,Oxford Securities Pvt. Ltd.,100,648.0,64800.0,2025-08-11 12:42:46.861310
2025-08-11,58810,2025081103006393,MDB,Dipshikha Dhitopatra Karobar Co. Pvt Ltd.,Oxford Securities Pvt. Ltd.,165,648.0,106920.0,2025-08-11 12:43:20.460491
2025-08-11,58421,2025081103006453,MDB,Opal Securities Investment (PVT) Ltd.,Sumeru Securities Pvt. Ltd.,47,650.0,30550.0,2025-08-11 12:45:02.441606
2025-08-11,58293,2025081103006470,MDB,Trishakti Securities Public Limited,Sumeru Securities Pvt. Ltd.,153,650.0,99450.0,2025-08-11 12:45:33.357656
2025-08-11,57625,2025081103006588,MDB,ABC Securities Private Limited,Sri Hari Securities Pvt. Ltd.,10,649.0,6490.0,2025-08-11 12:47:57.104431
2025-08-11,57469,2025081103006620,MDB,ABC Securities Private Limited,Kalika Securities Pvt. Ltd.,20,649.0,12980.0,2025-08-11 12:48:39.502304
2025-08-11,55753,2025081103006912,MDB,Aakashbhairab Securities Ltd.,J.F. Securites (PVT) Ltd.,85,650.2,55267.0,2025-08-11 12:55:20.704478
2025-08-11,52832,2025081103007451,MDB,Primo Securities (PVT) Ltd.,Vision Securities Pvt. Ltd,100,651.0,65100.0,2025-08-11 13:05:56.917639
2025-08-11,52831,2025081103007452,MDB,Aakashbhairab Securities Ltd.,Vision Securities Pvt. Ltd,415,650.6,269999.0,2025-08-11 13:05:56.917915
2025-08-11,52830,2025081103007453,MDB,Thrive Brokerage House Pvt. Ltd,Vision Securities Pvt. Ltd,200,650.5,130100.0,2025-08-11 13:05:56.918101
2025-08-11,52829,2025081103007454,MDB,Sumeru Securities Pvt. Ltd.,Vision Securities Pvt. Ltd,50,650.3,32515.0,2025-08-11 13:05:56.918259
2025-08-11,52828,2025081103007455,MDB,Premier Securities Company Ltd.,Vision Securities Pvt. Ltd,430,650.3,279629.0,2025-08-11 13:05:56.918434
2025-08-11,52095,2025081103007572,MDB,Premier Securities Company Ltd.,Investment Management Nepal Pvt. Ltd.,70,650.3,45521.0,2025-08-11 13:08:10.544199
2025-08-11,52094,2025081103007573,MDB,Miyo Securities Pvt Ltd,Investment Management Nepal Pvt. Ltd.,200,650.1,130020.0,2025-08-11 13:08:10.544328
2025-08-11,52093,2025081103007574,MDB,Sundhara Securities Limited,Investment Management Nepal Pvt. Ltd.,263,650.0,170950.0,2025-08-11 13:08:10.544381
2025-08-11,52092,2025081103007575,MDB,Dakshinkali Investment & Securities Pvt. Ltd.,Investment Management Nepal Pvt. Ltd.,457,650.0,297050.0,2025-08-11 13:08:10.544430
2025-08-11,52047,2025081103007585,MDB,Dakshinkali Investment & Securities Pvt. Ltd.,Investment Management Nepal Pvt. Ltd.,10,650.0,6500.0,2025-08-11 13:08:18.577007
2025-08-11,52045,2025081103007587,MDB,Dakshinkali Investment & Securities Pvt. Ltd.,ABC Securities Private Limited,4533,650.0,2946450.0,2025-08-11 13:08:19.213601
2025-08-11,52044,2025081103007588,MDB,Nepal Stock House (PVT) Ltd.,ABC Securities Private Limited,30,650.0,19500.0,2025-08-11 13:08:19.213665
2025-08-11,52043,2025081103007589,MDB,ABC Securities Private Limited,ABC Securities Private Limited,30,649.0,19470.0,2025-08-11 13:08:19.213700
2025-08-11,52042,2025081103007590,MDB,Neev Securities Pvt. Ltd.,ABC Securities Private Limited,100,649.0,64900.0,2025-08-11 13:08:19.213737
2025-08-11,50278,2025081103007970,MDB,Dynamic Money Managers Securities Pvt. Ltd.,NIMB Stock Markets Limited,10,648.9,6489.0,2025-08-11 13:14:04.508411
2025-08-11,50277,2025081103007971,MDB,Dynamic Money Managers Securities Pvt. Ltd.,NIMB Stock Markets Limited,10,648.8,6488.0,2025-08-11 13:14:04.508540
2025-08-11,50276,2025081103007972,MDB,Dynamic Money Managers Securities Pvt. Ltd.,NIMB Stock Markets Limited,10,648.7,6487.0,2025-08-11 13:14:04.508592
2025-08-11,50275,2025081103007973,MDB,Dynamic Money Managers Securities Pvt. Ltd.,NIMB Stock Markets Limited,10,648.6,6486.0,2025-08-11 13:14:04.508663
2025-08-11,50274,2025081103007974,MDB,Dynamic Money Managers Securities Pvt. Ltd.,NIMB Stock Markets Limited,10,648.5,6485.0,2025-08-11 13:14:04.508708
2025-08-11,50273,2025081103007975,MDB,Dynamic Money Managers Securities Pvt. Ltd.,NIMB Stock Markets Limited,10,648.4,6484.0,2025-08-11 13:14:04.508757
2025-08-11,50272,2025081103007976,MDB,Dynamic Money Managers Securities Pvt. Ltd.,NIMB Stock Markets Limited,10,648.3,6483.0,2025-08-11 13:14:04.508806
2025-08-11,50271,2025081103007977,MDB,Dynamic Money Managers Securities Pvt. Ltd.,NIMB Stock Markets Limited,10,647.9,6479.0,2025-08-11 13:14:04.508854
2025-08-11,50270,2025081103007978,MDB,ABC Securities Private Limited,NIMB Stock Markets Limited,10,647.8,6478.0,2025-08-11 13:14:04.508913
2025-08-11,50269,2025081103007979,MDB,Dynamic Money Managers Securities Pvt. Ltd.,NIMB Stock Markets Limited,10,647.7,6477.0,2025-08-11 13:14:04.508981
2025-08-11,50268,2025081103007980,MDB,Dynamic Money Managers Securities Pvt. Ltd.,NIMB Stock Markets Limited,10,647.6,6476.0,2025-08-11 13:14:04.509063
2025-08-11,50267,2025081103007981,MDB,Dynamic Money Managers Securities Pvt. Ltd.,NIMB Stock Markets Limited,10,647.5,6475.0,2025-08-11 13:14:04.509121
2025-08-11,50266,2025081103007982,MDB,Dynamic Money Managers Securities Pvt. Ltd.,NIMB Stock Markets Limited,10,647.4,6474.0,2025-08-11 13:14:04.509174
2025-08-11,50265,2025081103007983,MDB,Dynamic Money Managers Securities Pvt. Ltd.,NIMB Stock Markets Limited,10,647.3,6473.0,2025-08-11 13:14:04.509225
2025-08-11,50264,2025081103007984,MDB,Online Securities Pvt. Ltd.,NIMB Stock Markets Limited,100,647.1,64710.0,2025-08-11 13:14:04.509274
2025-08-11,50263,2025081103007985,MDB,Imperial Securities Company Pvt. Ltd.,NIMB Stock Markets Limited,50,647.0,32350.0,2025-08-11 13:14:04.509333
2025-08-11,50262,2025081103007986,MDB,Dakshinkali Investment & Securities Pvt. Ltd.,NIMB Stock Markets Limited,3710,647.0,2400370.0,2025-08-11 13:14:04.509385
2025-08-11,50074,2025081103008003,MDB,Aakashbhairab Securities Ltd.,Vision Securities Pvt. Ltd,10,649.0,6490.0,2025-08-11 13:14:35.620610
2025-08-11,49884,2025081103008031,MDB,Dynamic Money Managers Securities Pvt. Ltd.,Vision Securities Pvt. Ltd,10,647.3,6473.0,2025-08-11 13:15:13.838426
2025-08-11,49883,2025081103008032,MDB,Dynamic Money Managers Securities Pvt. Ltd.,Vision Securities Pvt. Ltd,10,647.2,6472.0,2025-08-11 13:15:13.838652
2025-08-11,49882,2025081103008033,MDB,Primo Securities (PVT) Ltd.,Vision Securities Pvt. Ltd,100,647.1,64710.0,2025-08-11 13:15:13.838790
2025-08-11,49881,2025081103008034,MDB,Dynamic Money Managers Securities Pvt. Ltd.,Vision Securities Pvt. Ltd,10,647.1,6471.0,2025-08-11 13:15:13.838921
2025-08-11,49880,2025081103008035,MDB,Dakshinkali Investment & Securities Pvt. Ltd.,Vision Securities Pvt. Ltd,748,647.0,483956.0,2025-08-11 13:15:13.839082
2025-08-11,49537,2025081103008079,MDB,Dynamic Money Managers Securities Pvt. Ltd.,NIMB Stock Markets Limited,10,647.5,6475.0,2025-08-11 13:16:13.099200
2025-08-11,49536,2025081103008080,MDB,Dynamic Money Managers Securities Pvt. Ltd.,NIMB Stock Markets Limited,10,647.4,6474.0,2025-08-11 13:16:13.099431
2025-08-11,49535,2025081103008081,MDB,Dynamic Money Managers Securities Pvt. Ltd.,NIMB Stock Markets Limited,10,647.3,6473.0,2025-08-11 13:16:13.099569
2025-08-11,49534,2025081103008082,MDB,Dynamic Money Managers Securities Pvt. Ltd.,NIMB Stock Markets Limited,10,647.2,6472.0,2025-08-11 13:16:13.099731
2025-08-11,49533,2025081103008083,MDB,Dynamic Money Managers Securities Pvt. Ltd.,NIMB Stock Markets Limited,10,647.1,6471.0,2025-08-11 13:16:13.099856
2025-08-11,49532,2025081103008084,MDB,Dakshinkali Investment & Securities Pvt. Ltd.,NIMB Stock Markets Limited,3542,647.0,2291674.0,2025-08-11 13:16:13.099977
2025-08-11,49531,2025081103008085,MDB,ABC Securities Private Limited,NIMB Stock Markets Limited,10,646.8,6468.0,2025-08-11 13:16:13.100110
2025-08-11,49530,2025081103008086,MDB,Bhrikuti Stock Broking Co. Pvt. Ltd.,NIMB Stock Markets Limited,50,646.0,32300.0,2025-08-11 13:16:13.100239
2025-08-11,49529,2025081103008087,MDB,Trisul Securities & Invt. Ltd.,NIMB Stock Markets Limited,100,645.0,64500.0,2025-08-11 13:16:13.100369
2025-08-11,49528,2025081103008088,MDB,Asian Securities Private Ltd.,NIMB Stock Markets Limited,20,645.0,12900.0,2025-08-11 13:16:13.100500
2025-08-11,49527,2025081103008089,MDB,Shree Krishna Securities Ltd.,NIMB Stock Markets Limited,10,645.0,6450.0,2025-08-11 13:16:13.100621
2025-08-11,49526,2025081103008090,MDB,Dipshikha Dhitopatra Karobar Co. Pvt Ltd.,NIMB Stock Markets Limited,218,645.0,140610.0,2025-08-11 13:16:13.100730
2025-08-11,48345,2025081103008301,MDB,Dynamic Money Managers Securities Pvt. Ltd.,Dynamic Money Managers Securities Pvt. Ltd.,10,645.7,6457.0,2025-08-11 13:20:12.719596
2025-08-11,48344,2025081103008302,MDB,Dynamic Money Managers Securities Pvt. Ltd.,Dynamic Money Managers Securities Pvt. Ltd.,10,645.6,6456.0,2025-08-11 13:20:12.719659
2025-08-11,48343,2025081103008303,MDB,Dynamic Money Managers Securities Pvt. Ltd.,Dynamic Money Managers Securities Pvt. Ltd.,10,645.5,6455.0,2025-08-11 13:20:12.719698
2025-08-11,48342,2025081103008304,MDB,Dynamic Money Managers Securities Pvt. Ltd.,Dynamic Money Managers Securities Pvt. Ltd.,10,645.4,6454.0,2025-08-11 13:20:12.719743
2025-08-11,48341,2025081103008305,MDB,Dynamic Money Managers Securities Pvt. Ltd.,Dynamic Money Managers Securities Pvt. Ltd.,10,645.3,6453.0,2025-08-11 13:20:12.719778
2025-08-11,48340,2025081103008306,MDB,Aakashbhairab Securities Ltd.,Dynamic Money Managers Securities Pvt. Ltd.,100,645.2,64520.0,2025-08-11 13:20:12.719805
2025-08-11,48339,2025081103008307,MDB,Online Securities Pvt. Ltd.,Dynamic Money Managers Securities Pvt. Ltd.,80,645.2,51616.0,2025-08-11 13:20:12.719888
2025-08-11,48338,2025081103008308,MDB,South Asian Bulls Pvt. Ltd.,Dynamic Money Managers Securities Pvt. Ltd.,50,645.1,32255.0,2025-08-11 13:20:12.719946
2025-08-11,48337,2025081103008309,MDB,Dipshikha Dhitopatra Karobar Co. Pvt Ltd.,Dynamic Money Managers Securities Pvt. Ltd.,123,645.0,79335.0,2025-08-11 13:20:12.719978
2025-08-11,47063,2025081103008511,MDB,Linch Stock Market Ltd.,NIMB Stock Markets Limited,30,645.6,19368.0,2025-08-11 13:24:04.196516
2025-08-11,47062,2025081103008512,MDB,Sewa Securities Pvt. Ltd.,NIMB Stock Markets Limited,500,645.5,322750.0,2025-08-11 13:24:04.196634
2025-08-11,47061,2025081103008513,MDB,Aakashbhairab Securities Ltd.,NIMB Stock Markets Limited,100,645.1,64510.0,2025-08-11 13:24:04.196695
2025-08-11,47060,2025081103008514,MDB,Dipshikha Dhitopatra Karobar Co. Pvt Ltd.,NIMB Stock Markets Limited,194,645.0,125130.0,2025-08-11 13:24:04.196737
2025-08-11,47059,2025081103008515,MDB,Capital Max Securities Ltd,NIMB Stock Markets Limited,30,645.0,19350.0,2025-08-11 13:24:04.196777
2025-08-11,47058,2025081103008516,MDB,Asian Securities Private Ltd.,NIMB Stock Markets Limited,500,645.0,322500.0,2025-08-11 13:24:04.196823
2025-08-11,47057,2025081103008517,MDB,Premier Securities Company Ltd.,NIMB Stock Markets Limited,100,645.0,64500.0,2025-08-11 13:24:04.196867
2025-08-11,47056,2025081103008518,MDB,Vision Securities Pvt. Ltd,NIMB Stock Markets Limited,100,645.0,64500.0,2025-08-11 13:24:04.196908
2025-08-11,47055,2025081103008519,MDB,Nepal Stock House (PVT) Ltd.,NIMB Stock Markets Limited,20,645.0,12900.0,2025-08-11 13:24:04.196948
2025-08-11,47054,2025081103008520,MDB,Oxford Securities Pvt. Ltd.,NIMB Stock Markets Limited,100,645.0,64500.0,2025-08-11 13:24:04.196989
2025-08-11,46943,2025081103008532,MDB,Dynamic Money Managers Securities Pvt. Ltd.,Malla & Malla Stock Broking Company Pvt. Limited,10,644.0,6440.0,2025-08-11 13:24:29.963671
2025-08-11,46942,2025081103008533,MDB,Agrawal Securities (PVT) Ltd.,Malla & Malla Stock Broking Company Pvt. Limited,40,644.0,25760.0,2025-08-11 13:24:29.963779
2025-08-11,46135,2025081103008700,MDB,Infinity Securities Limited,NIMB Stock Markets Limited,150,644.0,96600.0,2025-08-11 13:26:53.764881
2025-08-11,45953,2025081103008747,MDB,Agrawal Securities (PVT) Ltd.,NIMB Stock Markets Limited,500,644.0,322000.0,2025-08-11 13:27:32.020950
2025-08-11,45387,2025081103008842,MDB,Creative Securities Pvt Ltd,NIMB Stock Markets Limited,100,644.0,64400.0,2025-08-11 13:29:12.068397
2025-08-11,44566,2025081103009012,MDB,Shree Krishna Securities Ltd.,Agrawal Securities (PVT) Ltd.,10,643.0,6430.0,2025-08-11 13:31:42.676434
2025-08-11,44565,2025081103009013,MDB,Dynamic Money Managers Securities Pvt. Ltd.,Agrawal Securities (PVT) Ltd.,50,643.0,32150.0,2025-08-11 13:31:42.676549
2025-08-11,44564,2025081103009014,MDB,Agrawal Securities (PVT) Ltd.,Agrawal Securities (PVT) Ltd.,58,643.0,37294.0,2025-08-11 13:31:42.676593
2025-08-11,44120,2025081103009077,MDB,Agrawal Securities (PVT) Ltd.,Aryatara Investment & Securities,200,643.0,128600.0,2025-08-11 13:32:39.734540
2025-08-11,44043,2025081103009098,MDB,Agrawal Securities (PVT) Ltd.,Sewa Securities Pvt. Ltd.,200,643.0,128600.0,2025-08-11 13:32:59.349888
2025-08-11,43213,2025081103009249,MDB,Swarna Laxmi Securities Pvt. Ltd.,Vision Securities Pvt. Ltd,10,642.0,6420.0,2025-08-11 13:34:51.082111
2025-08-11,43212,2025081103009250,MDB,Citizens Share Broker Limited,Vision Securities Pvt. Ltd,100,642.0,64200.0,2025-08-11 13:34:51.082323
2025-08-11,43211,2025081103009251,MDB,Vision Securities Pvt. Ltd,Vision Securities Pvt. Ltd,890,642.0,571380.0,2025-08-11 13:34:51.082461
2025-08-11,39203,2025081103009920,MDB,Naasa Securities Co. Ltd.,Aryatara Investment & Securities,16,643.9,10302.4,2025-08-11 13:45:22.863927
2025-08-11,39057,2025081103009955,MDB,Bhrikuti Stock Broking Co. Pvt. Ltd.,Aryatara Investment & Securities,84,643.9,54087.6,2025-08-11 13:45:49.535960
2025-08-11,38538,2025081103010049,MDB,Creative Securities Pvt Ltd,Sani Securities Company Ltd.,10,643.0,6430.0,2025-08-11 13:47:46.373968
2025-08-11,38537,2025081103010050,MDB,Bhrikuti Stock Broking Co. Pvt. Ltd.,Sani Securities Company Ltd.,16,642.2,10275.2,2025-08-11 13:47:46.374126
2025-08-11,38536,2025081103010051,MDB,Naasa Securities Co. Ltd.,Sani Securities Company Ltd.,100,642.1,64210.0,2025-08-11 13:47:46.374183
2025-08-11,38535,2025081103010052,MDB,Imperial Securities Company Pvt. Ltd.,Sani Securities Company Ltd.,10,642.0,6420.0,2025-08-11 13:47:46.374234
2025-08-11,38534,2025081103010053,MDB,Kohinoor Investment & Securities Pvt. Ltd.,Sani Securities Company Ltd.,200,642.0,128400.0,2025-08-11 13:47:46.374281
2025-08-11,38533,2025081103010054,MDB,Vision Securities Pvt. Ltd,Sani Securities Company Ltd.,50,641.0,32050.0,2025-08-11 13:47:46.374330
2025-08-11,38532,2025081103010055,MDB,Vision Securities Pvt. Ltd,Sani Securities Company Ltd.,314,641.0,201274.0,2025-08-11 13:47:46.374379
2025-08-11,38302,2025081103010104,MDB,Imperial Securities Company Pvt. Ltd.,Kumari Securities Private Limited,10,641.4,6414.0,2025-08-11 13:48:28.122204
2025-08-11,38301,2025081103010105,MDB,Imperial Securities Company Pvt. Ltd.,Kumari Securities Private Limited,10,641.3,6413.0,2025-08-11 13:48:28.122452
2025-08-11,38300,2025081103010106,MDB,Imperial Securities Company Pvt. Ltd.,Kumari Securities Private Limited,10,641.2,6412.0,2025-08-11 13:48:28.122600
2025-08-11,38299,2025081103010107,MDB,Premier Securities Company Ltd.,Kumari Securities Private Limited,470,641.2,301364.0,2025-08-11 13:48:28.122737
2025-08-11,38252,2025081103010109,MDB,Imperial Securities Company Pvt. Ltd.,Sani Securities Company Ltd.,10,641.5,6415.0,2025-08-11 13:48:35.033654
2025-08-11,38251,2025081103010110,MDB,Premier Securities Company Ltd.,Sani Securities Company Ltd.,30,641.2,19236.0,2025-08-11 13:48:35.033799
2025-08-11,38250,2025081103010111,MDB,Imperial Securities Company Pvt. Ltd.,Sani Securities Company Ltd.,10,641.1,6411.0,2025-08-11 13:48:35.033857
2025-08-11,38249,2025081103010112,MDB,Vision Securities Pvt. Ltd,Sani Securities Company Ltd.,372,641.0,238452.0,2025-08-11 13:48:35.033916
2025-08-11,38248,2025081103010113,MDB,Naasa Securities Co. Ltd.,Sani Securities Company Ltd.,40,641.0,25640.0,2025-08-11 13:48:35.033982
2025-08-11,38199,2025081103010125,MDB,Imperial Securities Company Pvt. Ltd.,Sani Securities Company Ltd.,38,641.0,24358.0,2025-08-11 13:48:45.864728
2025-08-11,37770,2025081103010222,MDB,Imperial Securities Company Pvt. Ltd.,Nepal Stock House (PVT) Ltd.,10,641.2,6412.0,2025-08-11 13:49:58.114354
2025-08-11,37769,2025081103010223,MDB,Imperial Securities Company Pvt. Ltd.,Nepal Stock House (PVT) Ltd.,10,641.1,6411.0,2025-08-11 13:49:58.114537
2025-08-11,37768,2025081103010224,MDB,Imperial Securities Company Pvt. Ltd.,Nepal Stock House (PVT) Ltd.,10,641.0,6410.0,2025-08-11 13:49:58.114589
2025-08-11,37767,2025081103010225,MDB,Sani Securities Company Ltd.,Nepal Stock House (PVT) Ltd.,100,641.0,64100.0,2025-08-11 13:49:58.114655
2025-08-11,37766,2025081103010226,MDB,Agrawal Securities (PVT) Ltd.,Nepal Stock House (PVT) Ltd.,100,641.0,64100.0,2025-08-11 13:49:58.114699
2025-08-11,37765,2025081103010227,MDB,Dipshikha Dhitopatra Karobar Co. Pvt Ltd.,Nepal Stock House (PVT) Ltd.,20,641.0,12820.0,2025-08-11 13:49:58.114745
2025-08-11,37764,2025081103010228,MDB,Dynamic Money Managers Securities Pvt. Ltd.,Nepal Stock House (PVT) Ltd.,10,640.9,6409.0,2025-08-11 13:49:58.114791
2025-08-11,37763,2025081103010229,MDB,Dynamic Money Managers Securities Pvt. Ltd.,Nepal Stock House (PVT) Ltd.,10,640.8,6408.0,2025-08-11 13:49:58.114837
2025-08-11,37762,2025081103010230,MDB,Dynamic Money Managers Securities Pvt. Ltd.,Nepal Stock House (PVT) Ltd.,10,640.7,6407.0,2025-08-11 13:49:58.114882
2025-08-11,37761,2025081103010231,MDB,Dynamic Money Managers Securities Pvt. Ltd.,Nepal Stock House (PVT) Ltd.,10,640.6,6406.0,2025-08-11 13:49:58.114929
2025-08-11,37760,2025081103010232,MDB,Dynamic Money Managers Securities Pvt. Ltd.,Nepal Stock House (PVT) Ltd.,10,640.5,6405.0,2025-08-11 13:49:58.114973
2025-08-11,37759,2025081103010233,MDB,Dynamic Money Managers Securities Pvt. Ltd.,Nepal Stock House (PVT) Ltd.,10,640.4,6404.0,2025-08-11 13:49:58.115015
2025-08-11,37758,2025081103010234,MDB,Sweta Securities Private Limited,Nepal Stock House (PVT) Ltd.,30,640.3,19209.0,2025-08-11 13:49:58.115102
2025-08-11,37757,2025081103010235,MDB,South Asian Bulls Pvt. Ltd.,Nepal Stock House (PVT) Ltd.,60,640.2,38412.0,2025-08-11 13:49:58.115145
2025-08-11,37756,2025081103010236,MDB,Naasa Securities Co. Ltd.,Nepal Stock House (PVT) Ltd.,50,640.0,32000.0,2025-08-11 13:49:58.115189
2025-08-11,37755,2025081103010237,MDB,Asian Securities Private Ltd.,Nepal Stock House (PVT) Ltd.,310,640.0,198400.0,2025-08-11 13:49:58.115233
2025-08-11,37534,2025081103010269,MDB,Asian Securities Private Ltd.,Sani Securities Company Ltd.,50,641.0,32050.0,2025-08-11 13:50:32.379122
2025-08-11,37533,2025081103010270,MDB,Asian Securities Private Ltd.,Sani Securities Company Ltd.,190,640.0,121600.0,2025-08-11 13:50:32.379249
2025-08-11,37532,2025081103010271,MDB,Shree Krishna Securities Ltd.,Sani Securities Company Ltd.,10,640.0,6400.0,2025-08-11 13:50:32.379298
2025-08-11,37531,2025081103010272,MDB,Trishakti Securities Public Limited,Sani Securities Company Ltd.,100,640.0,64000.0,2025-08-11 13:50:32.379340
2025-08-11,37530,2025081103010273,MDB,ABC Securities Private Limited,Sani Securities Company Ltd.,20,640.0,12800.0,2025-08-11 13:50:32.379393
2025-08-11,37529,2025081103010274,MDB,Aryatara Investment & Securities,Sani Securities Company Ltd.,50,640.0,32000.0,2025-08-11 13:50:32.379436
2025-08-11,37528,2025081103010275,MDB,South Asian Bulls Pvt. Ltd.,Sani Securities Company Ltd.,15,640.0,9600.0,2025-08-11 13:50:32.379476
2025-08-11,37527,2025081103010276,MDB,Trisul Securities & Invt. Ltd.,Sani Securities Company Ltd.,265,640.0,169600.0,2025-08-11 13:50:32.379514
2025-08-11,37358,2025081103010303,MDB,South Asian Bulls Pvt. Ltd.,Ashutosh Brokerage & Securities (PVT) Ltd.,30,641.0,19230.0,2025-08-11 13:50:57.744433
2025-08-11,37357,2025081103010304,MDB,Dipshikha Dhitopatra Karobar Co. Pvt Ltd.,Ashutosh Brokerage & Securities (PVT) Ltd.,20,641.0,12820.0,2025-08-11 13:50:57.744546
2025-08-11,37356,2025081103010305,MDB,Trisul Securities & Invt. Ltd.,Ashutosh Brokerage & Securities (PVT) Ltd.,196,640.0,125440.0,2025-08-11 13:50:57.744599
2025-08-11,36835,2025081103010381,MDB,Nagarik Stock Dealer ,Aryatara Investment & Securities,150,641.0,96150.0,2025-08-11 13:52:35.375036
2025-08-11,36621,2025081103010417,MDB,Naasa Securities Co. Ltd.,Aryatara Investment & Securities,100,641.6,64160.0,2025-08-11 13:53:14.761630
2025-08-11,36620,2025081103010418,MDB,South Asian Bulls Pvt. Ltd.,Aryatara Investment & Securities,500,641.5,320750.0,2025-08-11 13:53:14.761761
2025-08-11,36619,2025081103010419,MDB,Nagarik Stock Dealer ,Aryatara Investment & Securities,100,641.0,64100.0,2025-08-11 13:53:14.761815
2025-08-11,36551,2025081103010429,MDB,J.F. Securites (PVT) Ltd.,NIMB Stock Markets Limited,12,644.0,7728.0,2025-08-11 13:53:27.203693
2025-08-11,36304,2025081103010482,MDB,Sumeru Securities Pvt. Ltd.,Aryatara Investment & Securities,100,641.1,64110.0,2025-08-11 13:54:11.480572
2025-08-11,36185,2025081103010500,MDB,Nagarik Stock Dealer ,Sewa Securities Pvt. Ltd.,60,641.0,38460.0,2025-08-11 13:54:31.981148
2025-08-11,36177,2025081103010502,MDB,Bhrikuti Stock Broking Co. Pvt. Ltd.,Aryatara Investment & Securities,100,641.1,64110.0,2025-08-11 13:54:34.412848
2025-08-11,36062,2025081103010518,MDB,Sumeru Securities Pvt. Ltd.,Aryatara Investment & Securities,50,641.1,32055.0,2025-08-11 13:54:55.585536
2025-08-11,35415,2025081103010610,MDB,Dakshinkali Investment & Securities Pvt. Ltd.,NIMB Stock Markets Limited,200,644.0,128800.0,2025-08-11 13:57:01.052110
2025-08-11,35373,2025081103010615,MDB,Trishakti Securities Public Limited,Capital Max Securities Ltd,200,642.0,128400.0,2025-08-11 13:57:12.322360
2025-08-11,35193,2025081103010637,MDB,Trishakti Securities Public Limited,Capital Max Securities Ltd,200,642.0,128400.0,2025-08-11 13:57:48.593233
2025-08-11,34560,2025081103010720,MDB,Market Securities & Exchange (PVT) Ltd.,Aryatara Investment & Securities,20,642.1,12842.0,2025-08-11 13:59:39.507379
2025-08-11,34481,2025081103010725,MDB,Aakashbhairab Securities Ltd.,Capital Max Securities Ltd,40,643.0,25720.0,2025-08-11 13:59:56.989204
2025-08-11,34355,2025081103010743,MDB,J.F. Securites (PVT) Ltd.,Aryatara Investment & Securities,350,642.1,224735.0,2025-08-11 14:00:26.099471
2025-08-11,34118,2025081103010786,MDB,J.F. Securites (PVT) Ltd.,Asian Securities Private Ltd.,150,642.1,96315.0,2025-08-11 14:01:21.082932
2025-08-11,34117,2025081103010787,MDB,Dakshinkali Investment & Securities Pvt. Ltd.,Asian Securities Private Ltd.,500,642.0,321000.0,2025-08-11 14:01:21.083109
2025-08-11,34116,2025081103010788,MDB,Nepal Investment And Securities Trading Private Limited,Asian Securities Private Ltd.,300,642.0,192600.0,2025-08-11 14:01:21.083164
2025-08-11,34115,2025081103010789,MDB,Kumari Securities Private Limited,Asian Securities Private Ltd.,100,641.2,64120.0,2025-08-11 14:01:21.083215
2025-08-11,34114,2025081103010790,MDB,Dynamic Money Managers Securities Pvt. Ltd.,Asian Securities Private Ltd.,50,641.2,32060.0,2025-08-11 14:01:21.083268
2025-08-11,34113,2025081103010791,MDB,Nagarik Stock Dealer ,Asian Securities Private Ltd.,40,641.1,25644.0,2025-08-11 14:01:21.083315
2025-08-11,34112,2025081103010792,MDB,Nagarik Stock Dealer ,Asian Securities Private Ltd.,190,641.0,121790.0,2025-08-11 14:01:21.083363
2025-08-11,34111,2025081103010793,MDB,Premier Securities Company Ltd.,Asian Securities Private Ltd.,500,641.0,320500.0,2025-08-11 14:01:21.083410
2025-08-11,34110,2025081103010794,MDB,Swarna Laxmi Securities Pvt. Ltd.,Asian Securities Private Ltd.,450,640.2,288090.0,2025-08-11 14:01:21.083457
2025-08-11,34109,2025081103010795,MDB,Sumeru Securities Pvt. Ltd.,Asian Securities Private Ltd.,50,640.1,32005.0,2025-08-11 14:01:21.083504
2025-08-11,34108,2025081103010796,MDB,Dynamic Money Managers Securities Pvt. Ltd.,Asian Securities Private Ltd.,200,640.1,128020.0,2025-08-11 14:01:21.083551
2025-08-11,34107,2025081103010797,MDB,Trisul Securities & Invt. Ltd.,Asian Securities Private Ltd.,39,640.0,24960.0,2025-08-11 14:01:21.083602
2025-08-11,34106,2025081103010798,MDB,Malla & Malla Stock Broking Company Pvt. Limited,Asian Securities Private Ltd.,300,640.0,192000.0,2025-08-11 14:01:21.083650
2025-08-11,34105,2025081103010799,MDB,Dynamic Money Managers Securities Pvt. Ltd.,Asian Securities Private Ltd.,50,640.0,32000.0,2025-08-11 14:01:21.083693
2025-08-11,34104,2025081103010800,MDB,Nepal Stock House (PVT) Ltd.,Asian Securities Private Ltd.,30,640.0,19200.0,2025-08-11 14:01:21.083738
2025-08-11,34103,2025081103010801,MDB,Infinity Securities Limited,Asian Securities Private Ltd.,200,640.0,128000.0,2025-08-11 14:01:21.083783
2025-08-11,34102,2025081103010802,MDB,Infinity Securities Limited,Asian Securities Private Ltd.,200,640.0,128000.0,2025-08-11 14:01:21.083828
2025-08-11,34101,2025081103010803,MDB,ABC Securities Private Limited,Asian Securities Private Ltd.,50,640.0,32000.0,2025-08-11 14:01:21.083869
2025-08-11,34100,2025081103010804,MDB,Siprabi Securities Pvt. Ltd.,Asian Securities Private Ltd.,50,640.0,32000.0,2025-08-11 14:01:21.083907
2025-08-11,34099,2025081103010805,MDB,J.F. Securites (PVT) Ltd.,Asian Securities Private Ltd.,100,640.0,64000.0,2025-08-11 14:01:21.083943
2025-08-11,34098,2025081103010806,MDB,Vision Securities Pvt. Ltd,Asian Securities Private Ltd.,424,640.0,271360.0,2025-08-11 14:01:21.083984
2025-08-11,34097,2025081103010807,MDB,Naasa Securities Co. Ltd.,Asian Securities Private Ltd.,50,640.0,32000.0,2025-08-11 14:01:21.084031
2025-08-11,34051,2025081103010815,MDB,Siprabi Securities Pvt. Ltd.,Asian Securities Private Ltd.,680,640.0,435200.0,2025-08-11 14:01:35.209216
2025-08-11,33893,2025081103010825,MDB,Asian Securities Private Ltd.,Asian Securities Private Ltd.,10,640.0,6400.0,2025-08-11 14:02:01.347866
2025-08-11,33834,2025081103010830,MDB,J.F. Securites (PVT) Ltd.,Asian Securities Private Ltd.,287,640.0,183680.0,2025-08-11 14:02:13.122137
2025-08-11,33212,2025081103010923,MDB,Vision Securities Pvt. Ltd,Nepal Investment And Securities Trading Private Limited,10,643.0,6430.0,2025-08-11 14:04:40.075040
2025-08-11,32961,2025081103010956,MDB,Market Securities & Exchange (PVT) Ltd.,Hatemalo Financial Services Private Limited,50,641.0,32050.0,2025-08-11 14:05:24.681256
2025-08-11,32960,2025081103010957,MDB,Trishakti Securities Public Limited,Hatemalo Financial Services Private Limited,50,641.0,32050.0,2025-08-11 14:05:24.681369
2025-08-11,32891,2025081103010971,MDB,Trishakti Securities Public Limited,Capital Max Securities Ltd,16,641.0,10256.0,2025-08-11 14:05:35.158684
2025-08-11,32331,2025081103011061,MDB,Vision Securities Pvt. Ltd,Sani Securities Company Ltd.,50,642.0,32100.0,2025-08-11 14:07:16.172414
2025-08-11,32330,2025081103011062,MDB,Trishakti Securities Public Limited,Sani Securities Company Ltd.,34,641.0,21794.0,2025-08-11 14:07:16.172705
2025-08-11,32329,2025081103011063,MDB,Market Securities & Exchange (PVT) Ltd.,Sani Securities Company Ltd.,20,640.1,12802.0,2025-08-11 14:07:16.172910
2025-08-11,32328,2025081103011064,MDB,J.F. Securites (PVT) Ltd.,Sani Securities Company Ltd.,213,640.0,136320.0,2025-08-11 14:07:16.173133
2025-08-11,32327,2025081103011065,MDB,Sani Securities Company Ltd.,Sani Securities Company Ltd.,383,640.0,245120.0,2025-08-11 14:07:16.173325
2025-08-11,32170,2025081103011090,MDB,Sani Securities Company Ltd.,Nepal Investment And Securities Trading Private Limited,17,640.0,10880.0,2025-08-11 14:07:36.971288
2025-08-11,32169,2025081103011091,MDB,Kumari Securities Private Limited,Nepal Investment And Securities Trading Private Limited,273,640.0,174720.0,2025-08-11 14:07:36.971491
2025-08-11,32094,2025081103011101,MDB,Kumari Securities Private Limited,Himalayan Brokerage Company Limited,27,640.0,17280.0,2025-08-11 14:07:49.286332
2025-08-11,32093,2025081103011102,MDB,Premier Securities Company Ltd.,Himalayan Brokerage Company Limited,100,640.0,64000.0,2025-08-11 14:07:49.286394
2025-08-11,32092,2025081103011103,MDB,Dakshinkali Investment & Securities Pvt. Ltd.,Himalayan Brokerage Company Limited,373,640.0,238720.0,2025-08-11 14:07:49.286418
2025-08-11,31968,2025081103011124,MDB,Dakshinkali Investment & Securities Pvt. Ltd.,Himalayan Brokerage Company Limited,500,640.0,320000.0,2025-08-11 14:08:06.334588
2025-08-11,31860,2025081103011153,MDB,Dakshinkali Investment & Securities Pvt. Ltd.,Himalayan Brokerage Company Limited,50,640.0,32000.0,2025-08-11 14:08:27.419218
2025-08-11,31813,2025081103011163,MDB,Dakshinkali Investment & Securities Pvt. Ltd.,Hatemalo Financial Services Private Limited,190,640.0,121600.0,2025-08-11 14:08:37.208250
2025-08-11,31792,2025081103011169,MDB,Dakshinkali Investment & Securities Pvt. Ltd.,Himalayan Brokerage Company Limited,300,640.0,192000.0,2025-08-11 14:08:42.471719
2025-08-11,29941,2025081103011460,MDB,South Asian Bulls Pvt. Ltd.,Online Securities Pvt. Ltd.,50,640.1,32005.0,2025-08-11 14:13:57.945328
2025-08-11,29940,2025081103011461,MDB,Nagarik Stock Dealer ,Online Securities Pvt. Ltd.,20,640.1,12802.0,2025-08-11 14:13:57.945464
2025-08-11,29939,2025081103011462,MDB,Premier Securities Company Ltd.,Online Securities Pvt. Ltd.,100,640.1,64010.0,2025-08-11 14:13:57.945513
2025-08-11,29938,2025081103011463,MDB,Nagarik Stock Dealer ,Online Securities Pvt. Ltd.,100,640.1,64010.0,2025-08-11 14:13:57.945559
2025-08-11,29937,2025081103011464,MDB,Dakshinkali Investment & Securities Pvt. Ltd.,Online Securities Pvt. Ltd.,587,640.0,375680.0,2025-08-11 14:13:57.945607
2025-08-11,29936,2025081103011465,MDB,Nepal Investment And Securities Trading Private Limited,Online Securities Pvt. Ltd.,200,640.0,128000.0,2025-08-11 14:13:57.945654
2025-08-11,29935,2025081103011466,MDB,Nagarik Stock Dealer ,Online Securities Pvt. Ltd.,500,640.0,320000.0,2025-08-11 14:13:57.945697
2025-08-11,29658,2025081103011514,MDB,Vision Securities Pvt. Ltd,Online Securities Pvt. Ltd.,150,640.0,96000.0,2025-08-11 14:14:42.686681
2025-08-11,29260,2025081103011591,MDB,Imperial Securities Company Pvt. Ltd.,Dakshinkali Investment & Securities Pvt. Ltd.,10,639.9,6399.0,2025-08-11 14:15:41.383961
2025-08-11,29259,2025081103011592,MDB,Imperial Securities Company Pvt. Ltd.,Dakshinkali Investment & Securities Pvt. Ltd.,10,639.8,6398.0,2025-08-11 14:15:41.384047
2025-08-11,29258,2025081103011593,MDB,Imperial Securities Company Pvt. Ltd.,Dakshinkali Investment & Securities Pvt. Ltd.,10,639.7,6397.0,2025-08-11 14:15:41.384083
2025-08-11,29257,2025081103011594,MDB,Dynamic Money Managers Securities Pvt. Ltd.,Dakshinkali Investment & Securities Pvt. Ltd.,150,639.6,95940.0,2025-08-11 14:15:41.384110
2025-08-11,29256,2025081103011595,MDB,Naasa Securities Co. Ltd.,Dakshinkali Investment & Securities Pvt. Ltd.,150,639.6,95940.0,2025-08-11 14:15:41.384142
2025-08-11,29255,2025081103011596,MDB,Imperial Securities Company Pvt. Ltd.,Dakshinkali Investment & Securities Pvt. Ltd.,10,639.5,6395.0,2025-08-11 14:15:41.384169
2025-08-11,29254,2025081103011597,MDB,Nagarik Stock Dealer ,Dakshinkali Investment & Securities Pvt. Ltd.,60,639.0,38340.0,2025-08-11 14:15:41.384193
2025-08-11,28941,2025081103011643,MDB,Nagarik Stock Dealer ,Nepal Investment And Securities Trading Private Limited,200,639.0,127800.0,2025-08-11 14:16:27.799927
2025-08-11,28790,2025081103011657,MDB,Agrawal Securities (PVT) Ltd.,Online Securities Pvt. Ltd.,200,640.0,128000.0,2025-08-11 14:16:51.525507
2025-08-11,28780,2025081103011658,MDB,Nagarik Stock Dealer ,Indira securities pvt. ltd,47,639.0,30033.0,2025-08-11 14:16:54.230715
2025-08-11,28491,2025081103011718,MDB,Nagarik Stock Dealer ,Nepal Stock House (PVT) Ltd.,28,639.0,17892.0,2025-08-11 14:17:34.697106
2025-08-11,28490,2025081103011719,MDB,Nagarik Stock Dealer ,Nepal Stock House (PVT) Ltd.,72,639.0,46008.0,2025-08-11 14:17:34.697229
2025-08-11,28371,2025081103011726,MDB,Nagarik Stock Dealer ,Dakshinkali Investment & Securities Pvt. Ltd.,100,639.0,63900.0,2025-08-11 14:17:48.448604
2025-08-11,28048,2025081103011777,MDB,Nagarik Stock Dealer ,Nepal Stock House (PVT) Ltd.,28,639.0,17892.0,2025-08-11 14:18:46.202641
2025-08-11,28047,2025081103011778,MDB,Sundhara Securities Limited,Nepal Stock House (PVT) Ltd.,10,639.0,6390.0,2025-08-11 14:18:46.202772
2025-08-11,28046,2025081103011779,MDB,Dynamic Money Managers Securities Pvt. Ltd.,Nepal Stock House (PVT) Ltd.,10,638.6,6386.0,2025-08-11 14:18:46.202822
2025-08-11,28045,2025081103011780,MDB,Dynamic Money Managers Securities Pvt. Ltd.,Nepal Stock House (PVT) Ltd.,10,638.5,6385.0,2025-08-11 14:18:46.202872
2025-08-11,28044,2025081103011781,MDB,Dynamic Money Managers Securities Pvt. Ltd.,Nepal Stock House (PVT) Ltd.,10,638.4,6384.0,2025-08-11 14:18:46.202915
2025-08-11,28043,2025081103011782,MDB,Dynamic Money Managers Securities Pvt. Ltd.,Nepal Stock House (PVT) Ltd.,10,638.3,6383.0,2025-08-11 14:18:46.202958
2025-08-11,28042,2025081103011783,MDB,Arun Securities (PVT) Ltd.,Nepal Stock House (PVT) Ltd.,52,638.2,33186.4,2025-08-11 14:18:46.203000
2025-08-11,28041,2025081103011784,MDB,Premier Securities Company Ltd.,Nepal Stock House (PVT) Ltd.,10,638.0,6380.0,2025-08-11 14:18:46.203049
2025-08-11,28040,2025081103011785,MDB,Infinity Securities Limited,Nepal Stock House (PVT) Ltd.,200,638.0,127600.0,2025-08-11 14:18:46.203094
2025-08-11,28039,2025081103011786,MDB,KALASH STOCK MARKET PVT. LTD.,Nepal Stock House (PVT) Ltd.,12,638.0,7656.0,2025-08-11 14:18:46.203136
2025-08-11,27947,2025081103011799,MDB,Online Securities Pvt. Ltd.,Online Securities Pvt. Ltd.,293,640.0,187520.0,2025-08-11 14:19:05.311611
2025-08-11,27675,2025081103011837,MDB,Agrawal Securities (PVT) Ltd.,Oxford Securities Pvt. Ltd.,200,640.0,128000.0,2025-08-11 14:20:01.660747
2025-08-11,27407,2025081103011885,MDB,Agrawal Securities (PVT) Ltd.,Oxford Securities Pvt. Ltd.,100,640.0,64000.0,2025-08-11 14:20:46.127527
2025-08-11,27278,2025081103011901,MDB,Aryatara Investment & Securities,Oxford Securities Pvt. Ltd.,100,640.0,64000.0,2025-08-11 14:21:03.553875
2025-08-11,27240,2025081103011906,MDB,Cristal Kanchanjanga Securites Pvt. Ltd.,Oxford Securities Pvt. Ltd.,20,640.0,12800.0,2025-08-11 14:21:12.864239
2025-08-11,27195,2025081103011911,MDB,Agrawal Securities (PVT) Ltd.,Oxford Securities Pvt. Ltd.,80,640.0,51200.0,2025-08-11 14:21:19.555149
2025-08-11,26541,2025081103012033,MDB,Thrive Brokerage House Pvt. Ltd,Agrawal Securities (PVT) Ltd.,400,642.0,256800.0,2025-08-11 14:23:03.377976
2025-08-11,26438,2025081103012037,MDB,Agrawal Securities (PVT) Ltd.,Online Securities Pvt. Ltd.,20,640.0,12800.0,2025-08-11 14:23:19.424604
2025-08-11,26437,2025081103012038,MDB,Imperial Securities Company Pvt. Ltd.,Online Securities Pvt. Ltd.,40,640.0,25600.0,2025-08-11 14:23:19.424838
2025-08-11,26436,2025081103012039,MDB,Kumari Securities Private Limited,Online Securities Pvt. Ltd.,100,639.1,63910.0,2025-08-11 14:23:19.424973
2025-08-11,26435,2025081103012040,MDB,Asian Securities Private Ltd.,Online Securities Pvt. Ltd.,300,639.0,191700.0,2025-08-11 14:23:19.425153
2025-08-11,26434,2025081103012041,MDB,Dipshikha Dhitopatra Karobar Co. Pvt Ltd.,Online Securities Pvt. Ltd.,50,639.0,31950.0,2025-08-11 14:23:19.425479
2025-08-11,26433,2025081103012042,MDB,Dakshinkali Investment & Securities Pvt. Ltd.,Online Securities Pvt. Ltd.,1000,639.0,639000.0,2025-08-11 14:23:19.425627
2025-08-11,25717,2025081103012165,MDB,Dynamic Money Managers Securities Pvt. Ltd.,Online Securities Pvt. Ltd.,10,638.8,6388.0,2025-08-11 14:25:06.502754
2025-08-11,25716,2025081103012166,MDB,Dynamic Money Managers Securities Pvt. Ltd.,Online Securities Pvt. Ltd.,10,638.7,6387.0,2025-08-11 14:25:06.503020
2025-08-11,25715,2025081103012167,MDB,Dynamic Money Managers Securities Pvt. Ltd.,Online Securities Pvt. Ltd.,10,638.6,6386.0,2025-08-11 14:25:06.503077
2025-08-11,25714,2025081103012168,MDB,Dynamic Money Managers Securities Pvt. Ltd.,Online Securities Pvt. Ltd.,10,638.5,6385.0,2025-08-11 14:25:06.503122
2025-08-11,25713,2025081103012169,MDB,Dynamic Money Managers Securities Pvt. Ltd.,Online Securities Pvt. Ltd.,10,638.4,6384.0,2025-08-11 14:25:06.503166
2025-08-11,25712,2025081103012170,MDB,Dynamic Money Managers Securities Pvt. Ltd.,Online Securities Pvt. Ltd.,10,638.3,6383.0,2025-08-11 14:25:06.503208
2025-08-11,25711,2025081103012171,MDB,Dynamic Money Managers Securities Pvt. Ltd.,Online Securities Pvt. Ltd.,10,638.2,6382.0,2025-08-11 14:25:06.503252
2025-08-11,25710,2025081103012172,MDB,KALASH STOCK MARKET PVT. LTD.,Online Securities Pvt. Ltd.,38,638.0,24244.0,2025-08-11 14:25:06.503295
2025-08-11,25709,2025081103012173,MDB,Aryatara Investment & Securities,Online Securities Pvt. Ltd.,50,638.0,31900.0,2025-08-11 14:25:06.503337
2025-08-11,25708,2025081103012174,MDB,Dynamic Money Managers Securities Pvt. Ltd.,Online Securities Pvt. Ltd.,50,638.0,31900.0,2025-08-11 14:25:06.503379
2025-08-11,25707,2025081103012175,MDB,Asian Securities Private Ltd.,Online Securities Pvt. Ltd.,700,638.0,446600.0,2025-08-11 14:25:06.503460
2025-08-11,25706,2025081103012176,MDB,Kumari Securities Private Limited,Online Securities Pvt. Ltd.,100,638.0,63800.0,2025-08-11 14:25:06.503503
2025-08-11,25705,2025081103012177,MDB,Sani Securities Company Ltd.,Online Securities Pvt. Ltd.,200,637.2,127440.0,2025-08-11 14:25:06.503557
2025-08-11,25704,2025081103012178,MDB,Shree Krishna Securities Ltd.,Online Securities Pvt. Ltd.,10,637.1,6371.0,2025-08-11 14:25:06.503598
2025-08-11,25703,2025081103012179,MDB,South Asian Bulls Pvt. Ltd.,Online Securities Pvt. Ltd.,80,637.1,50968.0,2025-08-11 14:25:06.503639
2025-08-11,25702,2025081103012180,MDB,Trisul Securities & Invt. Ltd.,Online Securities Pvt. Ltd.,475,637.1,302622.5,2025-08-11 14:25:06.503679
2025-08-11,25701,2025081103012181,MDB,Dakshinkali Investment & Securities Pvt. Ltd.,Online Securities Pvt. Ltd.,1717,637.0,1093729.0,2025-08-11 14:25:06.503721
2025-08-11,25341,2025081103012248,MDB,Dakshinkali Investment & Securities Pvt. Ltd.,Dakshinkali Investment & Securities Pvt. Ltd.,1000,640.0,640000.0,2025-08-11 14:26:08.831905
2025-08-11,22842,2025081103012645,MDB,Agrawal Securities (PVT) Ltd.,Oxford Securities Pvt. Ltd.,100,640.0,64000.0,2025-08-11 14:32:20.984692
2025-08-11,20210,2025081103013087,MDB,Dipshikha Dhitopatra Karobar Co. Pvt Ltd.,Agrawal Securities (PVT) Ltd.,200,641.0,128200.0,2025-08-11 14:38:10.179936
2025-08-11,20157,2025081103013099,MDB,Dipshikha Dhitopatra Karobar Co. Pvt Ltd.,Nepal Stock House (PVT) Ltd.,150,641.0,96150.0,2025-08-11 14:38:16.792905
2025-08-11,20156,2025081103013100,MDB,Sumeru Securities Pvt. Ltd.,Nepal Stock House (PVT) Ltd.,50,641.0,32050.0,2025-08-11 14:38:16.793052
2025-08-11,19880,2025081103013149,MDB,Vision Securities Pvt. Ltd,Ashutosh Brokerage & Securities (PVT) Ltd.,50,641.0,32050.0,2025-08-11 14:38:49.165532
2025-08-11,19245,2025081103013258,MDB,Kumari Securities Private Limited,Bhrikuti Stock Broking Co. Pvt. Ltd.,50,640.0,32000.0,2025-08-11 14:39:47.816840
2025-08-11,19244,2025081103013259,MDB,Vision Securities Pvt. Ltd,Bhrikuti Stock Broking Co. Pvt. Ltd.,30,639.1,19173.0,2025-08-11 14:39:47.817108
2025-08-11,19243,2025081103013260,MDB,Creative Securities Pvt Ltd,Bhrikuti Stock Broking Co. Pvt. Ltd.,30,639.1,19173.0,2025-08-11 14:39:47.817268
2025-08-11,19242,2025081103013261,MDB,Premier Securities Company Ltd.,Bhrikuti Stock Broking Co. Pvt. Ltd.,1000,639.1,639100.0,2025-08-11 14:39:47.817421
2025-08-11,19241,2025081103013262,MDB,Premier Securities Company Ltd.,Bhrikuti Stock Broking Co. Pvt. Ltd.,50,639.0,31950.0,2025-08-11 14:39:47.817586
2025-08-11,19240,2025081103013263,MDB,Imperial Securities Company Pvt. Ltd.,Bhrikuti Stock Broking Co. Pvt. Ltd.,200,639.0,127800.0,2025-08-11 14:39:47.817735
2025-08-11,19239,2025081103013264,MDB,Trishakti Securities Public Limited,Bhrikuti Stock Broking Co. Pvt. Ltd.,100,639.0,63900.0,2025-08-11 14:39:47.817880
2025-08-11,18911,2025081103013316,MDB,Imperial Securities Company Pvt. Ltd.,Sumeru Securities Pvt. Ltd.,10,638.9,6389.0,2025-08-11 14:40:23.442925
2025-08-11,18910,2025081103013317,MDB,Imperial Securities Company Pvt. Ltd.,Sumeru Securities Pvt. Ltd.,10,638.8,6388.0,2025-08-11 14:40:23.442971
2025-08-11,18909,2025081103013318,MDB,Imperial Securities Company Pvt. Ltd.,Sumeru Securities Pvt. Ltd.,10,638.7,6387.0,2025-08-11 14:40:23.442998
2025-08-11,18908,2025081103013319,MDB,Imperial Securities Company Pvt. Ltd.,Sumeru Securities Pvt. Ltd.,10,638.6,6386.0,2025-08-11 14:40:23.443034
2025-08-11,18907,2025081103013320,MDB,Agrawal Securities (PVT) Ltd.,Sumeru Securities Pvt. Ltd.,10,638.1,6381.0,2025-08-11 14:40:23.443074
2025-08-11,18887,2025081103013323,MDB,Nagarik Stock Dealer ,Bhrikuti Stock Broking Co. Pvt. Ltd.,40,639.0,25560.0,2025-08-11 14:40:24.666365
2025-08-11,17695,2025081103013596,MDB,Nagarik Stock Dealer ,Imperial Securities Company Pvt. Ltd.,180,640.0,115200.0,2025-08-11 14:42:12.295901
2025-08-11,15462,2025081103014077,MDB,Nagarik Stock Dealer ,Naasa Securities Co. Ltd.,20,640.0,12800.0,2025-08-11 14:45:17.471886
2025-08-11,15052,2025081103014195,MDB,Nagarik Stock Dealer ,Capital Hub P. Ltd,100,640.0,64000.0,2025-08-11 14:45:44.525555
2025-08-11,14903,2025081103014241,MDB,Nagarik Stock Dealer ,Global IME Securities Limited,10,640.0,6400.0,2025-08-11 14:45:59.255599
2025-08-11,14902,2025081103014242,MDB,Premier Securities Company Ltd.,Global IME Securities Limited,90,640.0,57600.0,2025-08-11 14:45:59.255740
2025-08-11,14834,2025081103014262,MDB,Premier Securities Company Ltd.,Sri Hari Securities Pvt. Ltd.,200,640.0,128000.0,2025-08-11 14:46:06.171665
2025-08-11,13636,2025081103014480,MDB,Market Securities & Exchange (PVT) Ltd.,Ashutosh Brokerage & Securities (PVT) Ltd.,30,641.0,19230.0,2025-08-11 14:47:21.583910
2025-08-11,13085,2025081103014567,MDB,Premier Securities Company Ltd.,Imperial Securities Company Pvt. Ltd.,60,640.0,38400.0,2025-08-11 14:48:04.617358
2025-08-11,12788,2025081103014627,MDB,Sumeru Securities Pvt. Ltd.,Ashutosh Brokerage & Securities (PVT) Ltd.,30,641.0,19230.0,2025-08-11 14:48:24.324379
2025-08-11,12743,2025081103014643,MDB,Agrawal Securities (PVT) Ltd.,Sani Securities Company Ltd.,190,640.1,121619.0,2025-08-11 14:48:29.756241
2025-08-11,12742,2025081103014644,MDB,Premier Securities Company Ltd.,Sani Securities Company Ltd.,310,640.0,198400.0,2025-08-11 14:48:29.756386
2025-08-11,12545,2025081103014690,MDB,Premier Securities Company Ltd.,Dakshinkali Investment & Securities Pvt. Ltd.,340,640.0,217600.0,2025-08-11 14:48:45.028428
2025-08-11,12544,2025081103014691,MDB,Vision Securities Pvt. Ltd,Dakshinkali Investment & Securities Pvt. Ltd.,300,640.0,192000.0,2025-08-11 14:48:45.028615
2025-08-11,12543,2025081103014692,MDB,Nepal Investment And Securities Trading Private Limited,Dakshinkali Investment & Securities Pvt. Ltd.,100,640.0,64000.0,2025-08-11 14:48:45.028665
2025-08-11,12542,2025081103014693,MDB,Sani Securities Company Ltd.,Dakshinkali Investment & Securities Pvt. Ltd.,300,640.0,192000.0,2025-08-11 14:48:45.028719
2025-08-11,12541,2025081103014694,MDB,Premier Securities Company Ltd.,Dakshinkali Investment & Securities Pvt. Ltd.,200,640.0,128000.0,2025-08-11 14:48:45.028773
2025-08-11,12253,2025081103014752,MDB,Dynamic Money Managers Securities Pvt. Ltd.,Kohinoor Investment & Securities Pvt. Ltd.,10,639.0,6390.0,2025-08-11 14:49:07.248735
2025-08-11,12159,2025081103014760,MDB,Dynamic Money Managers Securities Pvt. Ltd.,Sumeru Securities Pvt. Ltd.,10,638.9,6389.0,2025-08-11 14:49:13.102577
2025-08-11,12158,2025081103014761,MDB,Dynamic Money Managers Securities Pvt. Ltd.,Sumeru Securities Pvt. Ltd.,10,638.8,6388.0,2025-08-11 14:49:13.102674
2025-08-11,12157,2025081103014762,MDB,Dynamic Money Managers Securities Pvt. Ltd.,Sumeru Securities Pvt. Ltd.,10,638.7,6387.0,2025-08-11 14:49:13.102768
2025-08-11,12156,2025081103014763,MDB,Dynamic Money Managers Securities Pvt. Ltd.,Sumeru Securities Pvt. Ltd.,10,638.6,6386.0,2025-08-11 14:49:13.102918
2025-08-11,12155,2025081103014764,MDB,Imperial Securities Company Pvt. Ltd.,Sumeru Securities Pvt. Ltd.,10,638.6,6386.0,2025-08-11 14:49:13.103021
2025-08-11,11913,2025081103014809,MDB,Imperial Securities Company Pvt. Ltd.,Kohinoor Investment & Securities Pvt. Ltd.,10,638.6,6386.0,2025-08-11 14:49:29.560008
2025-08-11,11908,2025081103014811,MDB,Dynamic Money Managers Securities Pvt. Ltd.,Dakshinkali Investment & Securities Pvt. Ltd.,10,638.5,6385.0,2025-08-11 14:49:30.334126
2025-08-11,11907,2025081103014812,MDB,Vision Securities Pvt. Ltd,Dakshinkali Investment & Securities Pvt. Ltd.,500,638.5,319250.0,2025-08-11 14:49:30.334453
2025-08-11,11906,2025081103014813,MDB,Linch Stock Market Ltd.,Dakshinkali Investment & Securities Pvt. Ltd.,80,638.5,51080.0,2025-08-11 14:49:30.334667
2025-08-11,11905,2025081103014814,MDB,Dynamic Money Managers Securities Pvt. Ltd.,Dakshinkali Investment & Securities Pvt. Ltd.,10,638.4,6384.0,2025-08-11 14:49:30.334868
2025-08-11,11904,2025081103014815,MDB,Dynamic Money Managers Securities Pvt. Ltd.,Dakshinkali Investment & Securities Pvt. Ltd.,10,638.3,6383.0,2025-08-11 14:49:30.335103
2025-08-11,11903,2025081103014816,MDB,Dakshinkali Investment & Securities Pvt. Ltd.,Dakshinkali Investment & Securities Pvt. Ltd.,300,638.0,191400.0,2025-08-11 14:49:30.335325
2025-08-11,11902,2025081103014817,MDB,Dynamic Money Managers Securities Pvt. Ltd.,Dakshinkali Investment & Securities Pvt. Ltd.,100,638.0,63800.0,2025-08-11 14:49:30.335530
2025-08-11,11901,2025081103014818,MDB,Sundhara Securities Limited,Dakshinkali Investment & Securities Pvt. Ltd.,200,638.0,127600.0,2025-08-11 14:49:30.335725
2025-08-11,11900,2025081103014819,MDB,J.F. Securites (PVT) Ltd.,Dakshinkali Investment & Securities Pvt. Ltd.,500,637.1,318550.0,2025-08-11 14:49:30.335935
2025-08-11,11899,2025081103014820,MDB,Dakshinkali Investment & Securities Pvt. Ltd.,Dakshinkali Investment & Securities Pvt. Ltd.,283,637.0,180271.0,2025-08-11 14:49:30.336158
2025-08-11,11898,2025081103014821,MDB,ABC Securities Private Limited,Dakshinkali Investment & Securities Pvt. Ltd.,10,637.0,6370.0,2025-08-11 14:49:30.336359
2025-08-11,11897,2025081103014822,MDB,Bhrikuti Stock Broking Co. Pvt. Ltd.,Dakshinkali Investment & Securities Pvt. Ltd.,100,637.0,63700.0,2025-08-11 14:49:30.336561
2025-08-11,11896,2025081103014823,MDB,Kumari Securities Private Limited,Dakshinkali Investment & Securities Pvt. Ltd.,200,637.0,127400.0,2025-08-11 14:49:30.336768
2025-08-11,11895,2025081103014824,MDB,Vision Securities Pvt. Ltd,Dakshinkali Investment & Securities Pvt. Ltd.,100,637.0,63700.0,2025-08-11 14:49:30.336963
2025-08-11,11894,2025081103014825,MDB,Dynamic Money Managers Securities Pvt. Ltd.,Dakshinkali Investment & Securities Pvt. Ltd.,10,636.9,6369.0,2025-08-11 14:49:30.337192
2025-08-11,11893,2025081103014826,MDB,Dynamic Money Managers Securities Pvt. Ltd.,Dakshinkali Investment & Securities Pvt. Ltd.,10,636.8,6368.0,2025-08-11 14:49:30.337390
2025-08-11,11892,2025081103014827,MDB,Dynamic Money Managers Securities Pvt. Ltd.,Dakshinkali Investment & Securities Pvt. Ltd.,10,636.7,6367.0,2025-08-11 14:49:30.337595
2025-08-11,11891,2025081103014828,MDB,Dynamic Money Managers Securities Pvt. Ltd.,Dakshinkali Investment & Securities Pvt. Ltd.,10,636.6,6366.0,2025-08-11 14:49:30.337791
2025-08-11,11890,2025081103014829,MDB,Dynamic Money Managers Securities Pvt. Ltd.,Dakshinkali Investment & Securities Pvt. Ltd.,10,636.5,6365.0,2025-08-11 14:49:30.337986
2025-08-11,11889,2025081103014830,MDB,Dynamic Money Managers Securities Pvt. Ltd.,Dakshinkali Investment & Securities Pvt. Ltd.,10,636.4,6364.0,2025-08-11 14:49:30.338195
2025-08-11,11888,2025081103014831,MDB,Dynamic Money Managers Securities Pvt. Ltd.,Dakshinkali Investment & Securities Pvt. Ltd.,10,636.3,6363.0,2025-08-11 14:49:30.338390
2025-08-11,11887,2025081103014832,MDB,Dynamic Money Managers Securities Pvt. Ltd.,Dakshinkali Investment & Securities Pvt. Ltd.,10,636.2,6362.0,2025-08-11 14:49:30.338604
2025-08-11,11886,2025081103014833,MDB,Kalika Securities Pvt. Ltd.,Dakshinkali Investment & Securities Pvt. Ltd.,10,636.1,6361.0,2025-08-11 14:49:30.338796
2025-08-11,11885,2025081103014834,MDB,Naasa Securities Co. Ltd.,Dakshinkali Investment & Securities Pvt. Ltd.,10,636.0,6360.0,2025-08-11 14:49:30.338992
2025-08-11,11884,2025081103014835,MDB,Infinity Securities Limited,Dakshinkali Investment & Securities Pvt. Ltd.,200,636.0,127200.0,2025-08-11 14:49:30.339194
2025-08-11,11883,2025081103014836,MDB,Nagarik Stock Dealer ,Dakshinkali Investment & Securities Pvt. Ltd.,700,636.0,445200.0,2025-08-11 14:49:30.339403
2025-08-11,11882,2025081103014837,MDB,Market Securities & Exchange (PVT) Ltd.,Dakshinkali Investment & Securities Pvt. Ltd.,20,635.1,12702.0,2025-08-11 14:49:30.339589
2025-08-11,11881,2025081103014838,MDB,Bhrikuti Stock Broking Co. Pvt. Ltd.,Dakshinkali Investment & Securities Pvt. Ltd.,500,635.0,317500.0,2025-08-11 14:49:30.339804
2025-08-11,11880,2025081103014839,MDB,Asian Securities Private Ltd.,Dakshinkali Investment & Securities Pvt. Ltd.,20,635.0,12700.0,2025-08-11 14:49:30.339990
2025-08-11,11879,2025081103014840,MDB,Trishakti Securities Public Limited,Dakshinkali Investment & Securities Pvt. Ltd.,1000,635.0,635000.0,2025-08-11 14:49:30.340204
2025-08-11,11878,2025081103014841,MDB,Dipshikha Dhitopatra Karobar Co. Pvt Ltd.,Dakshinkali Investment & Securities Pvt. Ltd.,1000,635.0,635000.0,2025-08-11 14:49:30.340378
2025-08-11,11877,2025081103014842,MDB,Ashutosh Brokerage & Securities (PVT) Ltd.,Dakshinkali Investment & Securities Pvt. Ltd.,200,635.0,127000.0,2025-08-11 14:49:30.340555
2025-08-11,11876,2025081103014843,MDB,KALASH STOCK MARKET PVT. LTD.,Dakshinkali Investment & Securities Pvt. Ltd.,50,635.0,31750.0,2025-08-11 14:49:30.340674
2025-08-11,11875,2025081103014844,MDB,Primo Securities (PVT) Ltd.,Dakshinkali Investment & Securities Pvt. Ltd.,200,635.0,127000.0,2025-08-11 14:49:30.340738
2025-08-11,11874,2025081103014845,MDB,Asian Securities Private Ltd.,Dakshinkali Investment & Securities Pvt. Ltd.,100,635.0,63500.0,2025-08-11 14:49:30.340806
2025-08-11,11873,2025081103014846,MDB,Vision Securities Pvt. Ltd,Dakshinkali Investment & Securities Pvt. Ltd.,100,635.0,63500.0,2025-08-11 14:49:30.340861
2025-08-11,11872,2025081103014847,MDB,Nepal Stock House (PVT) Ltd.,Dakshinkali Investment & Securities Pvt. Ltd.,200,635.0,127000.0,2025-08-11 14:49:30.340947
2025-08-11,11871,2025081103014848,MDB,Creative Securities Pvt Ltd,Dakshinkali Investment & Securities Pvt. Ltd.,50,635.0,31750.0,2025-08-11 14:49:30.341004
2025-08-11,11870,2025081103014849,MDB,Dynamic Money Managers Securities Pvt. Ltd.,Dakshinkali Investment & Securities Pvt. Ltd.,50,635.0,31750.0,2025-08-11 14:49:30.341073
2025-08-11,11869,2025081103014850,MDB,Premier Securities Company Ltd.,Dakshinkali Investment & Securities Pvt. Ltd.,1000,635.0,635000.0,2025-08-11 14:49:30.341132
2025-08-11,11495,2025081103014922,MDB,Sumeru Securities Pvt. Ltd.,Dakshinkali Investment & Securities Pvt. Ltd.,100,635.0,63500.0,2025-08-11 14:49:58.434260
2025-08-11,10982,2025081103014995,MDB,Sumeru Securities Pvt. Ltd.,Dakshinkali Investment & Securities Pvt. Ltd.,200,635.0,127000.0,2025-08-11 14:50:37.646407
2025-08-11,10937,2025081103015001,MDB,Deevyaa Securities & Stock House Pvt. Ltd,Dakshinkali Investment & Securities Pvt. Ltd.,50,635.0,31750.0,2025-08-11 14:50:42.188906
2025-08-11,10700,2025081103015042,MDB,Himalayan Brokerage Company Limited,Dakshinkali Investment & Securities Pvt. Ltd.,50,635.0,31750.0,2025-08-11 14:51:03.057766
2025-08-11,10694,2025081103015043,MDB,Aryatara Investment & Securities,Dakshinkali Investment & Securities Pvt. Ltd.,50,635.0,31750.0,2025-08-11 14:51:03.566370
2025-08-11,10626,2025081103015060,MDB,Kohinoor Investment & Securities Pvt. Ltd.,Dakshinkali Investment & Securities Pvt. Ltd.,100,635.0,63500.0,2025-08-11 14:51:10.856777
2025-08-11,10444,2025081103015124,MDB,South Asian Bulls Pvt. Ltd.,Bhrikuti Stock Broking Co. Pvt. Ltd.,20,633.5,12670.0,2025-08-11 14:51:22.243543
2025-08-11,10025,2025081103015274,MDB,Dynamic Money Managers Securities Pvt. Ltd.,Malla & Malla Stock Broking Company Pvt. Limited,10,633.9,6339.0,2025-08-11 14:51:59.577394
2025-08-11,10024,2025081103015275,MDB,Dynamic Money Managers Securities Pvt. Ltd.,Malla & Malla Stock Broking Company Pvt. Limited,10,633.8,6338.0,2025-08-11 14:51:59.577499
2025-08-11,10023,2025081103015276,MDB,Dynamic Money Managers Securities Pvt. Ltd.,Malla & Malla Stock Broking Company Pvt. Limited,10,633.7,6337.0,2025-08-11 14:51:59.577549
2025-08-11,10022,2025081103015277,MDB,South Asian Bulls Pvt. Ltd.,Malla & Malla Stock Broking Company Pvt. Limited,41,633.6,25977.6,2025-08-11 14:51:59.577589
2025-08-11,9486,2025081103015378,MDB,Sweta Securities Private Limited,Kohinoor Investment & Securities Pvt. Ltd.,30,634.0,19020.0,2025-08-11 14:52:33.591244
2025-08-11,9485,2025081103015379,MDB,ABC Securities Private Limited,Kohinoor Investment & Securities Pvt. Ltd.,10,633.6,6336.0,2025-08-11 14:52:33.591386
2025-08-11,8903,2025081103015499,MDB,Aryatara Investment & Securities,Dakshinkali Investment & Securities Pvt. Ltd.,317,633.9,200946.3,2025-08-11 14:53:14.385348
2025-08-11,8501,2025081103015579,MDB,J.F. Securites (PVT) Ltd.,Siprabi Securities Pvt. Ltd.,342,635.0,217170.0,2025-08-11 14:53:42.426287
2025-08-11,8355,2025081103015601,MDB,J.F. Securites (PVT) Ltd.,KALASH STOCK MARKET PVT. LTD.,25,635.0,15875.0,2025-08-11 14:53:52.244158
2025-08-11,8024,2025081103015669,MDB,J.F. Securites (PVT) Ltd.,Indira securities pvt. ltd,19,635.0,12065.0,2025-08-11 14:54:19.385146
2025-08-11,7302,2025081103015838,MDB,Premier Securities Company Ltd.,Malla & Malla Stock Broking Company Pvt. Limited,200,640.0,128000.0,2025-08-11 14:55:03.316224
2025-08-11,7301,2025081103015839,MDB,Premier Securities Company Ltd.,Linch Stock Market Ltd.,233,640.0,149120.0,2025-08-11 14:55:03.316435
2025-08-11,7300,2025081103015840,MDB,Premier Securities Company Ltd.,Sani Securities Company Ltd.,400,640.5,256200.0,2025-08-11 14:55:03.316567
2025-08-11,7299,2025081103015841,MDB,Premier Securities Company Ltd.,Ashutosh Brokerage & Securities (PVT) Ltd.,167,641.0,107047.0,2025-08-11 14:55:03.316693
2025-08-11,6965,2025081103015934,MDB,Premier Securities Company Ltd.,Ashutosh Brokerage & Securities (PVT) Ltd.,123,641.0,78843.0,2025-08-11 14:55:23.579954
2025-08-11,6964,2025081103015935,MDB,Premier Securities Company Ltd.,Market Securities & Exchange (PVT) Ltd.,100,641.0,64100.0,2025-08-11 14:55:23.580067
2025-08-11,6963,2025081103015936,MDB,Premier Securities Company Ltd.,Vision Securities Pvt. Ltd,530,641.0,339730.0,2025-08-11 14:55:23.580112
2025-08-11,6962,2025081103015937,MDB,Premier Securities Company Ltd.,Ashutosh Brokerage & Securities (PVT) Ltd.,247,642.0,158574.0,2025-08-11 14:55:23.580161
2025-08-11,3712,2025081103016647,MDB,J.F. Securites (PVT) Ltd.,Trishakti Securities Public Limited,114,636.4,72549.6,2025-08-11 14:58:05.263796
2025-08-11,3711,2025081103016648,MDB,Dynamic Money Managers Securities Pvt. Ltd.,Trishakti Securities Public Limited,86,636.3,54721.8,2025-08-11 14:58:05.263906
2025-08-11,3653,2025081103016662,MDB,ABC Securities Private Limited,Trisul Securities & Invt. Ltd.,100,641.0,64100.0,2025-08-11 14:58:08.889816
2025-08-11,3652,2025081103016663,MDB,ABC Securities Private Limited,Aryatara Investment & Securities,107,641.0,68587.0,2025-08-11 14:58:08.889926
2025-08-11,3651,2025081103016664,MDB,ABC Securities Private Limited,Ashutosh Brokerage & Securities (PVT) Ltd.,253,642.0,162426.0,2025-08-11 14:58:08.889969
2025-08-11,3650,2025081103016665,MDB,ABC Securities Private Limited,Neev Securities Pvt. Ltd.,40,642.0,25680.0,2025-08-11 14:58:08.890017
2025-08-11,2599,2025081103016852,MDB,Premier Securities Company Ltd.,Trisul Securities & Invt. Ltd.,1000,641.9,641900.0,2025-08-11 14:58:49.555374
2025-08-11,2069,2025081103016953,MDB,Sumeru Securities Pvt. Ltd.,Neev Securities Pvt. Ltd.,60,642.0,38520.0,2025-08-11 14:59:11.319114
2025-08-11,2068,2025081103016954,MDB,Sumeru Securities Pvt. Ltd.,Neev Securities Pvt. Ltd.,40,642.0,25680.0,2025-08-11 14:59:11.319226
2025-08-11,1431,2025081103017054,MDB,Bhrikuti Stock Broking Co. Pvt. Ltd.,Neev Securities Pvt. Ltd.,1000,642.0,642000.0,2025-08-11 14:59:28.897444
2025-08-11,307,2025081103017323,MDB,Neev Securities Pvt. Ltd.,Oxford Securities Pvt. Ltd.,100,641.0,64100.0,2025-08-11 14:59:54.176562
2025-08-11,1,2025081103017392,MDB,Investment Management Nepal Pvt. Ltd.,Neev Securities Pvt. Ltd.,30,642.0,19260.0,2025-08-11 14:59:59.913152
