Date,S.N.,Contract ID,Symbol,Buyer Broker,Seller Broker,volume,rate,amount,transaction_time
2025-08-11,97991,2025081105000177,NIFRA,Dynamic Money Managers Securities Pvt. Ltd.,Kohinoor Investment & Securities Pvt. Ltd.,454,290.0,131660.0,2025-08-11 11:01:51.975032
2025-08-11,97990,2025081105000178,NIFRA,Dynamic Money Managers Securities Pvt. Ltd.,Swarna Laxmi Securities Pvt. Ltd.,246,290.0,71340.0,2025-08-11 11:01:51.975176
2025-08-11,97938,2025081105000190,NIFRA,Dipshikha Dhitopatra Karobar Co. Pvt Ltd.,Swarna Laxmi Securities Pvt. Ltd.,54,290.0,15660.0,2025-08-11 11:02:03.689114
2025-08-11,97937,2025081105000191,NIFRA,Dipshikha Dhitopatra Karobar Co. Pvt Ltd.,Opal Securities Investment (PVT) Ltd.,200,290.0,58000.0,2025-08-11 11:02:03.689243
2025-08-11,97855,2025081105000215,NIFRA,Dynamic Money Managers Securities Pvt. Ltd.,Cristal Kanchanjanga Securites Pvt. Ltd.,200,290.9,58180.0,2025-08-11 11:02:21.200294
2025-08-11,97854,2025081105000216,NIFRA,Dynamic Money Managers Securities Pvt. Ltd.,Naasa Securities Co. Ltd.,800,290.9,232720.0,2025-08-11 11:02:21.200414
2025-08-11,97769,2025081105000246,NIFRA,Dipshikha Dhitopatra Karobar Co. Pvt Ltd.,Sri Hari Securities Pvt. Ltd.,10,290.0,2900.0,2025-08-11 11:02:35.496124
2025-08-11,97761,2025081105000250,NIFRA,Dynamic Money Managers Securities Pvt. Ltd.,Naasa Securities Co. Ltd.,200,290.9,58180.0,2025-08-11 11:02:37.212842
2025-08-11,97760,2025081105000251,NIFRA,Dynamic Money Managers Securities Pvt. Ltd.,Sundhara Securities Limited,500,290.9,145450.0,2025-08-11 11:02:37.212995
2025-08-11,97675,2025081105000280,NIFRA,Naasa Securities Co. Ltd.,Investment Management Nepal Pvt. Ltd.,190,290.1,55119.0,2025-08-11 11:02:54.827194
2025-08-11,97674,2025081105000281,NIFRA,Dipshikha Dhitopatra Karobar Co. Pvt Ltd.,Investment Management Nepal Pvt. Ltd.,436,290.0,126440.0,2025-08-11 11:02:54.827335
2025-08-11,97548,2025081105000318,NIFRA,Dakshinkali Investment & Securities Pvt. Ltd.,Investment Management Nepal Pvt. Ltd.,25,290.0,7250.0,2025-08-11 11:03:17.672189
2025-08-11,97541,2025081105000323,NIFRA,Linch Stock Market Ltd.,Investment Management Nepal Pvt. Ltd.,349,290.0,101210.0,2025-08-11 11:03:19.257486
2025-08-11,97540,2025081105000324,NIFRA,Linch Stock Market Ltd.,Trisul Securities & Invt. Ltd.,54,292.0,15768.0,2025-08-11 11:03:19.257609
2025-08-11,97539,2025081105000325,NIFRA,Linch Stock Market Ltd.,Cristal Kanchanjanga Securites Pvt. Ltd.,137,293.0,40141.0,2025-08-11 11:03:19.257675
2025-08-11,97354,2025081105000375,NIFRA,Shree Krishna Securities Ltd.,Sani Securities Company Ltd.,54,292.0,15768.0,2025-08-11 11:03:53.632998
2025-08-11,97353,2025081105000376,NIFRA,Shree Krishna Securities Ltd.,Aakashbhairab Securities Ltd.,296,292.0,86432.0,2025-08-11 11:03:53.633105
2025-08-11,97269,2025081105000406,NIFRA,Nepal Stock House (PVT) Ltd.,Malla & Malla Stock Broking Company Pvt. Limited,10,287.2,2872.0,2025-08-11 11:04:08.557457
2025-08-11,97218,2025081105000415,NIFRA,Nepal Stock House (PVT) Ltd.,Nepal Investment And Securities Trading Private Limited,54,287.2,15508.8,2025-08-11 11:04:16.058713
2025-08-11,97127,2025081105000451,NIFRA,Nepal Stock House (PVT) Ltd.,Dynamic Money Managers Securities Pvt. Ltd.,36,287.2,10339.2,2025-08-11 11:04:31.071562
2025-08-11,96981,2025081105000496,NIFRA,INDEX SECURITIES LIMITED,Sri Hari Securities Pvt. Ltd.,54,286.8,15487.2,2025-08-11 11:04:50.789700
2025-08-11,96932,2025081105000513,NIFRA,Imperial Securities Company Pvt. Ltd.,Dynamic Money Managers Securities Pvt. Ltd.,18,287.2,5169.6,2025-08-11 11:04:58.327344
2025-08-11,96897,2025081105000520,NIFRA,Himalayan Securities Limited,Bhrikuti Stock Broking Co. Pvt. Ltd.,300,288.0,86400.0,2025-08-11 11:05:02.775223
2025-08-11,96896,2025081105000521,NIFRA,Himalayan Securities Limited,Bhrikuti Stock Broking Co. Pvt. Ltd.,300,289.0,86700.0,2025-08-11 11:05:02.775366
2025-08-11,96895,2025081105000522,NIFRA,Himalayan Securities Limited,Thrive Brokerage House Pvt. Ltd,100,291.0,29100.0,2025-08-11 11:05:02.775429
2025-08-11,96698,2025081105000588,NIFRA,Imperial Securities Company Pvt. Ltd.,Hatemalo Financial Services Private Limited,54,287.3,15514.2,2025-08-11 11:05:30.692419
2025-08-11,96697,2025081105000589,NIFRA,Sagarmatha Securities Private Limited,Agrawal Securities (PVT) Ltd.,150,290.0,43500.0,2025-08-11 11:05:30.725851
2025-08-11,96553,2025081105000632,NIFRA,Vision Securities Pvt. Ltd,Nepal Stock House (PVT) Ltd.,54,289.0,15606.0,2025-08-11 11:05:51.967671
2025-08-11,96552,2025081105000633,NIFRA,Vision Securities Pvt. Ltd,Agrawal Securities (PVT) Ltd.,46,290.0,13340.0,2025-08-11 11:05:51.967794
2025-08-11,96419,2025081105000675,NIFRA,Sri Hari Securities Pvt. Ltd.,Naasa Securities Co. Ltd.,35,288.0,10080.0,2025-08-11 11:06:10.972545
2025-08-11,96349,2025081105000699,NIFRA,Kohinoor Investment & Securities Pvt. Ltd.,Naasa Securities Co. Ltd.,19,288.0,5472.0,2025-08-11 11:06:21.647838
2025-08-11,96348,2025081105000700,NIFRA,Kohinoor Investment & Securities Pvt. Ltd.,Agrawal Securities (PVT) Ltd.,681,290.0,197490.0,2025-08-11 11:06:21.647990
2025-08-11,96246,2025081105000731,NIFRA,Opal Securities Investment (PVT) Ltd.,Agrawal Securities (PVT) Ltd.,10,290.0,2900.0,2025-08-11 11:06:36.468170
2025-08-11,96052,2025081105000781,NIFRA,Sharepro Securities Private Limited,Agrawal Securities (PVT) Ltd.,1113,290.0,322770.0,2025-08-11 11:07:00.545467
2025-08-11,96051,2025081105000782,NIFRA,Sharepro Securities Private Limited,BHOLE GANESH SECURITIES LTD,1000,290.0,290000.0,2025-08-11 11:07:00.545538
2025-08-11,96050,2025081105000783,NIFRA,Sharepro Securities Private Limited,Naasa Securities Co. Ltd.,20,290.0,5800.0,2025-08-11 11:07:00.545564
2025-08-11,96049,2025081105000784,NIFRA,Sharepro Securities Private Limited,Oxford Securities Pvt. Ltd.,67,290.9,19490.3,2025-08-11 11:07:00.545591
2025-08-11,95920,2025081105000823,NIFRA,Online Securities Pvt. Ltd.,MILKY WAY SHARE BROKER COMPANY LTD ,324,290.0,93960.0,2025-08-11 11:07:18.269757
2025-08-11,95741,2025081105000883,NIFRA,Online Securities Pvt. Ltd.,Aakashbhairab Securities Ltd.,91,290.0,26390.0,2025-08-11 11:07:40.582130
2025-08-11,95704,2025081105000896,NIFRA,Himalayan Securities Limited,Aakashbhairab Securities Ltd.,909,290.0,263610.0,2025-08-11 11:07:46.239032
2025-08-11,95703,2025081105000897,NIFRA,Himalayan Securities Limited,Aryatara Investment & Securities,500,290.0,145000.0,2025-08-11 11:07:46.239219
2025-08-11,95702,2025081105000898,NIFRA,Himalayan Securities Limited,Naasa Securities Co. Ltd.,91,290.8,26462.8,2025-08-11 11:07:46.239284
2025-08-11,95658,2025081105000915,NIFRA,Himalayan Securities Limited,Naasa Securities Co. Ltd.,459,290.8,133477.2,2025-08-11 11:07:55.269136
2025-08-11,95657,2025081105000916,NIFRA,Himalayan Securities Limited,Oxford Securities Pvt. Ltd.,33,290.9,9599.7,2025-08-11 11:07:55.269292
2025-08-11,95656,2025081105000917,NIFRA,Himalayan Securities Limited,Linch Stock Market Ltd.,540,291.0,157140.0,2025-08-11 11:07:55.269366
2025-08-11,95655,2025081105000918,NIFRA,Himalayan Securities Limited,Online Securities Pvt. Ltd.,54,291.0,15714.0,2025-08-11 11:07:55.269428
2025-08-11,95654,2025081105000919,NIFRA,Himalayan Securities Limited,BHOLE GANESH SECURITIES LTD,414,291.0,120474.0,2025-08-11 11:07:55.269488
2025-08-11,94752,2025081105001209,NIFRA,ABC Securities Private Limited,K.B.L. Securities Limited ,30,288.1,8643.0,2025-08-11 11:10:04.305273
2025-08-11,94751,2025081105001210,NIFRA,Sumeru Securities Pvt. Ltd.,K.B.L. Securities Limited ,60,288.1,17286.0,2025-08-11 11:10:04.305643
2025-08-11,94575,2025081105001262,NIFRA,Sumeru Securities Pvt. Ltd.,K.B.L. Securities Limited ,10,288.1,2881.0,2025-08-11 11:10:30.436684
2025-08-11,94249,2025081105001394,NIFRA,Naasa Securities Co. Ltd.,Sagarmatha Securities Private Limited,15,289.0,4335.0,2025-08-11 11:11:10.782138
2025-08-11,94190,2025081105001423,NIFRA,Nepal Stock House (PVT) Ltd.,Sagarmatha Securities Private Limited,285,289.0,82365.0,2025-08-11 11:11:17.714056
2025-08-11,94189,2025081105001424,NIFRA,Nepal Stock House (PVT) Ltd.,Thrive Brokerage House Pvt. Ltd,15,289.0,4335.0,2025-08-11 11:11:17.714262
2025-08-11,93788,2025081105001539,NIFRA,Naasa Securities Co. Ltd.,Creative Securities Pvt Ltd,54,288.2,15562.8,2025-08-11 11:12:16.065224
2025-08-11,93693,2025081105001567,NIFRA,Sri Hari Securities Pvt. Ltd.,Thrive Brokerage House Pvt. Ltd,39,289.0,11271.0,2025-08-11 11:12:25.743138
2025-08-11,93505,2025081105001646,NIFRA,Nepal Stock House (PVT) Ltd.,Creative Securities Pvt Ltd,200,289.6,57920.0,2025-08-11 11:12:51.503237
2025-08-11,93133,2025081105001760,NIFRA,Sri Hari Securities Pvt. Ltd.,Linch Stock Market Ltd.,11,289.0,3179.0,2025-08-11 11:13:43.336004
2025-08-11,93132,2025081105001761,NIFRA,Thrive Brokerage House Pvt. Ltd,Linch Stock Market Ltd.,39,289.0,11271.0,2025-08-11 11:13:43.336227
2025-08-11,93130,2025081105001762,NIFRA,Thrive Brokerage House Pvt. Ltd,Market Securities & Exchange (PVT) Ltd.,31,289.0,8959.0,2025-08-11 11:13:43.784928
2025-08-11,93129,2025081105001763,NIFRA,Sani Securities Company Ltd.,Market Securities & Exchange (PVT) Ltd.,23,289.0,6647.0,2025-08-11 11:13:43.785138
2025-08-11,93120,2025081105001768,NIFRA,Sani Securities Company Ltd.,Thrive Brokerage House Pvt. Ltd,17,289.0,4913.0,2025-08-11 11:13:45.325549
2025-08-11,93119,2025081105001769,NIFRA,Sewa Securities Pvt. Ltd.,Thrive Brokerage House Pvt. Ltd,37,289.0,10693.0,2025-08-11 11:13:45.325735
2025-08-11,93101,2025081105001774,NIFRA,Sewa Securities Pvt. Ltd.,Investment Management Nepal Pvt. Ltd.,1000,289.0,289000.0,2025-08-11 11:13:47.549638
2025-08-11,92906,2025081105001819,NIFRA,Sewa Securities Pvt. Ltd.,Dipshikha Dhitopatra Karobar Co. Pvt Ltd.,800,289.0,231200.0,2025-08-11 11:14:14.051545
2025-08-11,92855,2025081105001831,NIFRA,Sewa Securities Pvt. Ltd.,Creative Securities Pvt Ltd,163,289.0,47107.0,2025-08-11 11:14:21.864346
2025-08-11,92601,2025081105001920,NIFRA,Trishakti Securities Public Limited,Creative Securities Pvt Ltd,24,289.0,6936.0,2025-08-11 11:14:53.196847
2025-08-11,92533,2025081105001940,NIFRA,Nepal Investment And Securities Trading Private Limited,Creative Securities Pvt Ltd,135,289.0,39015.0,2025-08-11 11:15:06.095817
2025-08-11,92332,2025081105002011,NIFRA,Vision Securities Pvt. Ltd,Dipshikha Dhitopatra Karobar Co. Pvt Ltd.,50,288.9,14445.0,2025-08-11 11:15:37.515189
2025-08-11,92331,2025081105002012,NIFRA,Vision Securities Pvt. Ltd,Nepal Stock House (PVT) Ltd.,35,288.9,10111.5,2025-08-11 11:15:37.515427
2025-08-11,92330,2025081105002013,NIFRA,Vision Securities Pvt. Ltd,Creative Securities Pvt Ltd,15,289.0,4335.0,2025-08-11 11:15:37.515509
2025-08-11,92124,2025081105002082,NIFRA,Naasa Securities Co. Ltd.,Primo Securities (PVT) Ltd.,64,288.2,18444.8,2025-08-11 11:16:05.332360
2025-08-11,91994,2025081105002113,NIFRA,Naasa Securities Co. Ltd.,Vision Securities Pvt. Ltd,382,288.2,110092.4,2025-08-11 11:16:19.910735
2025-08-11,91993,2025081105002114,NIFRA,Sumeru Securities Pvt. Ltd.,Vision Securities Pvt. Ltd,30,288.1,8643.0,2025-08-11 11:16:19.910962
2025-08-11,91992,2025081105002115,NIFRA,Trishakti Securities Public Limited,Vision Securities Pvt. Ltd,104,288.1,29962.4,2025-08-11 11:16:19.911059
2025-08-11,91668,2025081105002211,NIFRA,Sri Hari Securities Pvt. Ltd.,Bhrikuti Stock Broking Co. Pvt. Ltd.,50,288.2,14410.0,2025-08-11 11:17:00.586440
2025-08-11,91583,2025081105002241,NIFRA,Naasa Securities Co. Ltd.,Bhrikuti Stock Broking Co. Pvt. Ltd.,14,288.2,4034.8,2025-08-11 11:17:18.481198
2025-08-11,91577,2025081105002244,NIFRA,Naasa Securities Co. Ltd.,Thrive Brokerage House Pvt. Ltd,89,288.8,25703.2,2025-08-11 11:17:19.473508
2025-08-11,91576,2025081105002245,NIFRA,Trishakti Securities Public Limited,Thrive Brokerage House Pvt. Ltd,896,288.1,258137.6,2025-08-11 11:17:19.473950
2025-08-11,91575,2025081105002246,NIFRA,Nepal Investment And Securities Trading Private Limited,Thrive Brokerage House Pvt. Ltd,100,288.1,28810.0,2025-08-11 11:17:19.474399
2025-08-11,91574,2025081105002247,NIFRA,Naasa Securities Co. Ltd.,Thrive Brokerage House Pvt. Ltd,25,288.1,7202.5,2025-08-11 11:17:19.474768
2025-08-11,91573,2025081105002248,NIFRA,Deevyaa Securities & Stock House Pvt. Ltd,Thrive Brokerage House Pvt. Ltd,90,288.0,25920.0,2025-08-11 11:17:19.475139
2025-08-11,91525,2025081105002267,NIFRA,Deevyaa Securities & Stock House Pvt. Ltd,Deevyaa Securities & Stock House Pvt. Ltd,310,288.0,89280.0,2025-08-11 11:17:28.763859
2025-08-11,91524,2025081105002268,NIFRA,Sajilo Broker Limited,Deevyaa Securities & Stock House Pvt. Ltd,500,288.0,144000.0,2025-08-11 11:17:28.764095
2025-08-11,91523,2025081105002269,NIFRA,Himalayan Securities Limited,Deevyaa Securities & Stock House Pvt. Ltd,1190,288.0,342720.0,2025-08-11 11:17:28.764188
2025-08-11,91521,2025081105002270,NIFRA,Himalayan Securities Limited,J.F. Securites (PVT) Ltd.,50,288.0,14400.0,2025-08-11 11:17:29.132334
2025-08-11,91216,2025081105002382,NIFRA,Himalayan Securities Limited,KALASH STOCK MARKET PVT. LTD.,10,288.9,2889.0,2025-08-11 11:18:04.395235
2025-08-11,91208,2025081105002383,NIFRA,Himalayan Securities Limited,Vision Securities Pvt. Ltd,30,288.0,8640.0,2025-08-11 11:18:06.027901
2025-08-11,91205,2025081105002386,NIFRA,Kohinoor Investment & Securities Pvt. Ltd.,KALASH STOCK MARKET PVT. LTD.,390,288.9,112671.0,2025-08-11 11:18:06.513059
2025-08-11,91070,2025081105002425,NIFRA,Himalayan Securities Limited,Creative Securities Pvt Ltd,10,289.0,2890.0,2025-08-11 11:18:32.474848
2025-08-11,91006,2025081105002446,NIFRA,Himalayan Securities Limited,Midas Stock Broking Company Private Limited,54,288.0,15552.0,2025-08-11 11:18:42.769298
2025-08-11,90985,2025081105002453,NIFRA,Himalayan Securities Limited,Online Securities Pvt. Ltd.,54,288.0,15552.0,2025-08-11 11:18:43.807633
2025-08-11,90543,2025081105002611,NIFRA,Himalayan Securities Limited,J.F. Securites (PVT) Ltd.,100,288.0,28800.0,2025-08-11 11:19:46.775405
2025-08-11,90415,2025081105002648,NIFRA,Nepal Investment And Securities Trading Private Limited,Creative Securities Pvt Ltd,15,289.0,4335.0,2025-08-11 11:20:00.596005
2025-08-11,90301,2025081105002691,NIFRA,Himalayan Securities Limited,Creative Securities Pvt Ltd,138,289.0,39882.0,2025-08-11 11:20:12.004850
2025-08-11,90300,2025081105002692,NIFRA,Himalayan Securities Limited,Investment Management Nepal Pvt. Ltd.,1000,289.0,289000.0,2025-08-11 11:20:12.005084
2025-08-11,90299,2025081105002693,NIFRA,Himalayan Securities Limited,Premier Securities Company Ltd.,216,289.0,62424.0,2025-08-11 11:20:12.005178
2025-08-11,90298,2025081105002694,NIFRA,Himalayan Securities Limited,pahiinvestment,64,289.0,18496.0,2025-08-11 11:20:12.005264
2025-08-11,90297,2025081105002695,NIFRA,Himalayan Securities Limited,Kumari Securities Private Limited,54,289.0,15606.0,2025-08-11 11:20:12.005370
2025-08-11,90296,2025081105002696,NIFRA,Himalayan Securities Limited,Kohinoor Investment & Securities Pvt. Ltd.,21,289.0,6069.0,2025-08-11 11:20:12.005484
2025-08-11,90292,2025081105002697,NIFRA,Prabhu Stock Market Limited,Nepal Stock House (PVT) Ltd.,64,288.1,18438.4,2025-08-11 11:20:12.923451
2025-08-11,90272,2025081105002706,NIFRA,Prabhu Stock Market Limited,Capital Max Securities Ltd,54,288.1,15557.4,2025-08-11 11:20:17.420876
2025-08-11,90209,2025081105002723,NIFRA,Prabhu Stock Market Limited,Nepal Investment And Securities Trading Private Limited,50,288.1,14405.0,2025-08-11 11:20:24.812769
2025-08-11,90164,2025081105002749,NIFRA,Himalayan Securities Limited,Creative Securities Pvt Ltd,10,289.6,2896.0,2025-08-11 11:20:32.056064
2025-08-11,90053,2025081105002782,NIFRA,Sani Securities Company Ltd.,Creative Securities Pvt Ltd,100,289.6,28960.0,2025-08-11 11:20:46.934563
2025-08-11,89981,2025081105002806,NIFRA,Himalayan Securities Limited,Creative Securities Pvt Ltd,190,289.6,55024.0,2025-08-11 11:21:01.128417
2025-08-11,89980,2025081105002807,NIFRA,Himalayan Securities Limited,Kohinoor Investment & Securities Pvt. Ltd.,1000,289.8,289800.0,2025-08-11 11:21:01.128667
2025-08-11,89979,2025081105002808,NIFRA,Himalayan Securities Limited,Kalika Securities Pvt. Ltd.,64,289.9,18553.6,2025-08-11 11:21:01.128765
2025-08-11,89893,2025081105002833,NIFRA,Himalayan Securities Limited,Imperial Securities Company Pvt. Ltd.,50,289.9,14495.0,2025-08-11 11:21:12.596901
2025-08-11,89892,2025081105002834,NIFRA,Himalayan Securities Limited,Blue Chip Securities Ltd,64,289.9,18553.6,2025-08-11 11:21:13.003090
2025-08-11,89865,2025081105002848,NIFRA,Himalayan Securities Limited,Swarna Laxmi Securities Pvt. Ltd.,132,289.9,38266.8,2025-08-11 11:21:18.460059
2025-08-11,89664,2025081105002940,NIFRA,Trisul Securities & Invt. Ltd.,Investment Management Nepal Pvt. Ltd.,500,289.9,144950.0,2025-08-11 11:21:48.859138
2025-08-11,89663,2025081105002941,NIFRA,Trisul Securities & Invt. Ltd.,KALASH STOCK MARKET PVT. LTD.,200,289.9,57980.0,2025-08-11 11:21:48.859400
2025-08-11,89662,2025081105002942,NIFRA,Trisul Securities & Invt. Ltd.,Sewa Securities Pvt. Ltd.,20,289.9,5798.0,2025-08-11 11:21:48.859496
2025-08-11,89533,2025081105003002,NIFRA,Trisul Securities & Invt. Ltd.,Investment Management Nepal Pvt. Ltd.,280,289.9,81172.0,2025-08-11 11:22:04.261136
2025-08-11,89487,2025081105003033,NIFRA,Online Securities Pvt. Ltd.,Aryatara Investment & Securities,50,289.5,14475.0,2025-08-11 11:22:11.425547
2025-08-11,89486,2025081105003034,NIFRA,Prabhu Stock Market Limited,Aryatara Investment & Securities,2782,289.1,804276.2,2025-08-11 11:22:11.426134
2025-08-11,89469,2025081105003044,NIFRA,Himalayan Securities Limited,Investment Management Nepal Pvt. Ltd.,20,289.9,5798.0,2025-08-11 11:22:14.315819
2025-08-11,89343,2025081105003101,NIFRA,Prabhu Stock Market Limited,Agrawal Securities (PVT) Ltd.,10,289.1,2891.0,2025-08-11 11:22:40.048391
2025-08-11,89279,2025081105003124,NIFRA,Prabhu Stock Market Limited,Kohinoor Investment & Securities Pvt. Ltd.,40,289.1,11564.0,2025-08-11 11:22:50.542180
2025-08-11,89278,2025081105003125,NIFRA,Himalayan Securities Limited,Kohinoor Investment & Securities Pvt. Ltd.,10,289.1,2891.0,2025-08-11 11:22:50.542441
2025-08-11,89243,2025081105003147,NIFRA,Kumari Securities Private Limited,Dynamic Money Managers Securities Pvt. Ltd.,300,288.2,86460.0,2025-08-11 11:22:59.129733
2025-08-11,89242,2025081105003148,NIFRA,Kalika Securities Pvt. Ltd.,Dynamic Money Managers Securities Pvt. Ltd.,60,288.2,17292.0,2025-08-11 11:22:59.130161
2025-08-11,89241,2025081105003149,NIFRA,Trisul Securities & Invt. Ltd.,Dynamic Money Managers Securities Pvt. Ltd.,940,288.1,270814.0,2025-08-11 11:22:59.130486
2025-08-11,89031,2025081105003238,NIFRA,Thrive Brokerage House Pvt. Ltd,Shree Krishna Securities Ltd.,44,289.0,12716.0,2025-08-11 11:23:34.373395
2025-08-11,89030,2025081105003239,NIFRA,Thrive Brokerage House Pvt. Ltd,Naasa Securities Co. Ltd.,54,289.9,15654.6,2025-08-11 11:23:34.373685
2025-08-11,89029,2025081105003240,NIFRA,Thrive Brokerage House Pvt. Ltd,Sri Hari Securities Pvt. Ltd.,20,290.0,5800.0,2025-08-11 11:23:34.373787
2025-08-11,89028,2025081105003241,NIFRA,Thrive Brokerage House Pvt. Ltd,Oxford Securities Pvt. Ltd.,10,290.0,2900.0,2025-08-11 11:23:34.373885
2025-08-11,89027,2025081105003242,NIFRA,Thrive Brokerage House Pvt. Ltd,ABC Securities Private Limited,272,290.0,78880.0,2025-08-11 11:23:34.373979
2025-08-11,88950,2025081105003271,NIFRA,Oxford Securities Pvt. Ltd.,ABC Securities Private Limited,200,290.0,58000.0,2025-08-11 11:23:48.215500
2025-08-11,88640,2025081105003365,NIFRA,Sundhara Securities Limited,ABC Securities Private Limited,500,290.0,145000.0,2025-08-11 11:24:33.257110
2025-08-11,88616,2025081105003373,NIFRA,Naasa Securities Co. Ltd.,ABC Securities Private Limited,118,290.0,34220.0,2025-08-11 11:24:35.928173
2025-08-11,88615,2025081105003374,NIFRA,Naasa Securities Co. Ltd.,Online Securities Pvt. Ltd.,50,290.0,14500.0,2025-08-11 11:24:35.928429
2025-08-11,88614,2025081105003375,NIFRA,Naasa Securities Co. Ltd.,Online Securities Pvt. Ltd.,32,290.0,9280.0,2025-08-11 11:24:35.928528
2025-08-11,88443,2025081105003439,NIFRA,Property Wiard Limited,Dynamic Money Managers Securities Pvt. Ltd.,1000,288.3,288300.0,2025-08-11 11:25:01.129089
2025-08-11,88442,2025081105003440,NIFRA,Himalayan Securities Limited,Dynamic Money Managers Securities Pvt. Ltd.,1500,288.3,432450.0,2025-08-11 11:25:01.129324
2025-08-11,87968,2025081105003664,NIFRA,Primo Securities (PVT) Ltd.,Naasa Securities Co. Ltd.,18,288.3,5189.4,2025-08-11 11:26:03.696866
2025-08-11,87681,2025081105003819,NIFRA,Primo Securities (PVT) Ltd.,Secured Securities Ltd.,64,288.3,18451.2,2025-08-11 11:26:45.888630
2025-08-11,87347,2025081105003969,NIFRA,Linch Stock Market Ltd.,Bhrikuti Stock Broking Co. Pvt. Ltd.,54,288.5,15579.0,2025-08-11 11:27:32.675577
2025-08-11,87265,2025081105003995,NIFRA,Linch Stock Market Ltd.,Blue Chip Securities Ltd,54,288.5,15579.0,2025-08-11 11:27:45.401273
2025-08-11,87217,2025081105004016,NIFRA,Himalayan Securities Limited,Creative Securities Pvt Ltd,10,289.8,2898.0,2025-08-11 11:27:53.200689
2025-08-11,87050,2025081105004087,NIFRA,Linch Stock Market Ltd.,Nepal Stock House (PVT) Ltd.,54,288.5,15579.0,2025-08-11 11:28:22.617794
2025-08-11,86861,2025081105004143,NIFRA,Vision Securities Pvt. Ltd,ABC Securities Private Limited,64,288.6,18470.4,2025-08-11 11:28:48.286540
2025-08-11,86772,2025081105004169,NIFRA,Himalayan Securities Limited,Premier Securities Company Ltd.,12,289.0,3468.0,2025-08-11 11:29:01.592943
2025-08-11,86771,2025081105004170,NIFRA,Himalayan Securities Limited,Neev Securities Pvt. Ltd.,64,289.0,18496.0,2025-08-11 11:29:01.593451
2025-08-11,86770,2025081105004171,NIFRA,Himalayan Securities Limited,Creative Securities Pvt Ltd,490,289.8,142002.0,2025-08-11 11:29:01.593747
2025-08-11,86769,2025081105004172,NIFRA,Himalayan Securities Limited,Nepal Investment And Securities Trading Private Limited,400,289.9,115960.0,2025-08-11 11:29:01.594045
2025-08-11,86462,2025081105004340,NIFRA,Vision Securities Pvt. Ltd,Agrawal Securities (PVT) Ltd.,54,288.6,15584.4,2025-08-11 11:29:30.660854
2025-08-11,86454,2025081105004342,NIFRA,Nepal Stock House (PVT) Ltd.,Online Securities Pvt. Ltd.,18,290.0,5220.0,2025-08-11 11:29:31.434870
2025-08-11,86352,2025081105004360,NIFRA,Online Securities Pvt. Ltd.,Kalika Securities Pvt. Ltd.,44,290.0,12760.0,2025-08-11 11:29:38.244919
2025-08-11,86351,2025081105004361,NIFRA,Online Securities Pvt. Ltd.,Sharepro Securities Private Limited,256,290.0,74240.0,2025-08-11 11:29:38.245420
2025-08-11,86287,2025081105004393,NIFRA,Miyo Securities Pvt Ltd,Oxford Securities Pvt. Ltd.,10,289.9,2899.0,2025-08-11 11:29:48.323297
2025-08-11,86262,2025081105004402,NIFRA,Vision Securities Pvt. Ltd,Nepal Stock House (PVT) Ltd.,54,288.6,15584.4,2025-08-11 11:29:50.253546
2025-08-11,86095,2025081105004480,NIFRA,Himalayan Securities Limited,Oxford Securities Pvt. Ltd.,10,289.9,2899.0,2025-08-11 11:30:17.789181
2025-08-11,86036,2025081105004507,NIFRA,Shree Krishna Securities Ltd.,Online Securities Pvt. Ltd.,9,285.0,2565.0,2025-08-11 11:30:26.147493
2025-08-11,85885,2025081105004585,NIFRA,Miyo Securities Pvt Ltd,Oxford Securities Pvt. Ltd.,400,289.9,115960.0,2025-08-11 11:30:48.675270
2025-08-11,85839,2025081105004591,NIFRA,Dipshikha Dhitopatra Karobar Co. Pvt Ltd.,Bhrikuti Stock Broking Co. Pvt. Ltd.,30,289.0,8670.0,2025-08-11 11:30:52.875735
2025-08-11,85808,2025081105004598,NIFRA,Sani Securities Company Ltd.,Linch Stock Market Ltd.,100,288.7,28870.0,2025-08-11 11:30:56.159215
2025-08-11,85807,2025081105004599,NIFRA,Vision Securities Pvt. Ltd,Linch Stock Market Ltd.,82,288.6,23665.2,2025-08-11 11:30:56.159524
2025-08-11,85539,2025081105004711,NIFRA,Vision Securities Pvt. Ltd,Bhrikuti Stock Broking Co. Pvt. Ltd.,24,289.0,6936.0,2025-08-11 11:31:31.281377
2025-08-11,85531,2025081105004715,NIFRA,Shree Krishna Securities Ltd.,Asian Securities Private Ltd.,1,283.3,283.3,2025-08-11 11:31:34.695487
2025-08-11,85473,2025081105004735,NIFRA,Himalayan Securities Limited,Oxford Securities Pvt. Ltd.,10,289.9,2899.0,2025-08-11 11:31:45.008223
2025-08-11,85316,2025081105004799,NIFRA,Neev Securities Pvt. Ltd.,Oxford Securities Pvt. Ltd.,70,289.9,20293.0,2025-08-11 11:32:06.883547
2025-08-11,85315,2025081105004800,NIFRA,Neev Securities Pvt. Ltd.,Sharepro Securities Private Limited,230,290.0,66700.0,2025-08-11 11:32:06.883858
2025-08-11,85203,2025081105004825,NIFRA,Naasa Securities Co. Ltd.,Sharepro Securities Private Limited,300,290.0,87000.0,2025-08-11 11:32:20.092194
2025-08-11,85094,2025081105004877,NIFRA,Himalayan Securities Limited,Sharepro Securities Private Limited,214,290.0,62060.0,2025-08-11 11:32:34.207421
2025-08-11,85093,2025081105004878,NIFRA,Himalayan Securities Limited,Online Securities Pvt. Ltd.,64,290.0,18560.0,2025-08-11 11:32:34.207948
2025-08-11,85092,2025081105004879,NIFRA,Himalayan Securities Limited,Trishakti Securities Public Limited,40,290.0,11600.0,2025-08-11 11:32:34.208297
2025-08-11,85091,2025081105004880,NIFRA,Himalayan Securities Limited,Sewa Securities Pvt. Ltd.,54,290.0,15660.0,2025-08-11 11:32:34.208664
2025-08-11,85090,2025081105004881,NIFRA,Himalayan Securities Limited,Vision Securities Pvt. Ltd,500,290.0,145000.0,2025-08-11 11:32:34.209002
2025-08-11,85089,2025081105004882,NIFRA,Himalayan Securities Limited,Naasa Securities Co. Ltd.,50,290.0,14500.0,2025-08-11 11:32:34.209355
2025-08-11,85088,2025081105004883,NIFRA,Himalayan Securities Limited,Kohinoor Investment & Securities Pvt. Ltd.,29,290.0,8410.0,2025-08-11 11:32:34.209687
2025-08-11,85087,2025081105004884,NIFRA,Himalayan Securities Limited,Linch Stock Market Ltd.,54,290.0,15660.0,2025-08-11 11:32:34.210025
2025-08-11,85086,2025081105004885,NIFRA,Himalayan Securities Limited,Cristal Kanchanjanga Securites Pvt. Ltd.,210,290.0,60900.0,2025-08-11 11:32:34.210400
2025-08-11,85085,2025081105004886,NIFRA,Himalayan Securities Limited,Trishakti Securities Public Limited,54,290.0,15660.0,2025-08-11 11:32:34.210742
2025-08-11,85084,2025081105004887,NIFRA,Himalayan Securities Limited,Kohinoor Investment & Securities Pvt. Ltd.,230,290.0,66700.0,2025-08-11 11:32:34.211075
2025-08-11,84946,2025081105004915,NIFRA,Himalayan Securities Limited,Miyo Securities Pvt Ltd,10,290.0,2900.0,2025-08-11 11:32:50.265253
2025-08-11,84884,2025081105004930,NIFRA,Vision Securities Pvt. Ltd,Cristal Kanchanjanga Securites Pvt. Ltd.,26,289.0,7514.0,2025-08-11 11:32:58.439626
2025-08-11,84883,2025081105004931,NIFRA,Sri Hari Securities Pvt. Ltd.,Cristal Kanchanjanga Securites Pvt. Ltd.,38,288.7,10970.6,2025-08-11 11:32:58.440225
2025-08-11,84791,2025081105004965,NIFRA,Imperial Securities Company Pvt. Ltd.,South Asian Bulls Pvt. Ltd.,17,289.0,4913.0,2025-08-11 11:33:13.421348
2025-08-11,84790,2025081105004966,NIFRA,Imperial Securities Company Pvt. Ltd.,Miyo Securities Pvt Ltd,53,290.0,15370.0,2025-08-11 11:33:13.421640
2025-08-11,84521,2025081105005078,NIFRA,Dakshinkali Investment & Securities Pvt. Ltd.,Aryatara Investment & Securities,64,288.8,18483.2,2025-08-11 11:33:51.414071
2025-08-11,84275,2025081105005159,NIFRA,Dakshinkali Investment & Securities Pvt. Ltd.,Aakashbhairab Securities Ltd.,636,288.8,183676.8,2025-08-11 11:34:23.553712
2025-08-11,84274,2025081105005160,NIFRA,Sri Hari Securities Pvt. Ltd.,Aakashbhairab Securities Ltd.,62,288.7,17899.4,2025-08-11 11:34:23.554059
2025-08-11,84273,2025081105005161,NIFRA,Himalayan Securities Limited,Aakashbhairab Securities Ltd.,534,288.7,154165.8,2025-08-11 11:34:23.554199
2025-08-11,84272,2025081105005162,NIFRA,Naasa Securities Co. Ltd.,Aakashbhairab Securities Ltd.,200,288.6,57720.0,2025-08-11 11:34:23.554343
2025-08-11,84271,2025081105005163,NIFRA,Imperial Securities Company Pvt. Ltd.,Aakashbhairab Securities Ltd.,40,288.6,11544.0,2025-08-11 11:34:23.554476
2025-08-11,84270,2025081105005164,NIFRA,Imperial Securities Company Pvt. Ltd.,Aakashbhairab Securities Ltd.,1200,288.6,346320.0,2025-08-11 11:34:23.554620
2025-08-11,84269,2025081105005165,NIFRA,Sewa Securities Pvt. Ltd.,Aakashbhairab Securities Ltd.,500,288.6,144300.0,2025-08-11 11:34:23.554798
2025-08-11,84268,2025081105005166,NIFRA,Linch Stock Market Ltd.,Aakashbhairab Securities Ltd.,38,288.5,10963.0,2025-08-11 11:34:23.554931
2025-08-11,84267,2025081105005167,NIFRA,Primo Securities (PVT) Ltd.,Aakashbhairab Securities Ltd.,918,288.5,264843.0,2025-08-11 11:34:23.555084
2025-08-11,84266,2025081105005168,NIFRA,Midas Stock Broking Company Private Limited,Aakashbhairab Securities Ltd.,872,288.5,251572.0,2025-08-11 11:34:23.555208
2025-08-11,84068,2025081105005222,NIFRA,Midas Stock Broking Company Private Limited,Aryatara Investment & Securities,54,288.5,15579.0,2025-08-11 11:34:48.264730
2025-08-11,83971,2025081105005262,NIFRA,Midas Stock Broking Company Private Limited,Naasa Securities Co. Ltd.,64,288.5,18464.0,2025-08-11 11:35:01.945133
2025-08-11,83923,2025081105005283,NIFRA,Midas Stock Broking Company Private Limited,ABC Securities Private Limited,54,288.5,15579.0,2025-08-11 11:35:10.594390
2025-08-11,83730,2025081105005349,NIFRA,Sharepro Securities Private Limited,Bhrikuti Stock Broking Co. Pvt. Ltd.,64,288.9,18489.6,2025-08-11 11:35:32.021794
2025-08-11,83729,2025081105005350,NIFRA,Sharepro Securities Private Limited,Agrawal Securities (PVT) Ltd.,2000,289.0,578000.0,2025-08-11 11:35:32.022114
2025-08-11,83349,2025081105005448,NIFRA,Sharepro Securities Private Limited,Dipshikha Dhitopatra Karobar Co. Pvt Ltd.,10,289.0,2890.0,2025-08-11 11:36:18.845918
2025-08-11,83284,2025081105005473,NIFRA,Sharepro Securities Private Limited,K.B.L. Securities Limited ,54,289.0,15606.0,2025-08-11 11:36:24.694909
2025-08-11,83157,2025081105005529,NIFRA,Sani Securities Company Ltd.,Aakashbhairab Securities Ltd.,500,290.0,145000.0,2025-08-11 11:36:40.602806
2025-08-11,83137,2025081105005535,NIFRA,Sharepro Securities Private Limited,Creative Securities Pvt Ltd,500,289.0,144500.0,2025-08-11 11:36:43.527663
2025-08-11,83120,2025081105005542,NIFRA,Trishakti Securities Public Limited,Midas Stock Broking Company Private Limited,4,284.0,1136.0,2025-08-11 11:36:47.844392
2025-08-11,82842,2025081105005637,NIFRA,Himalayan Securities Limited,Dynamic Money Managers Securities Pvt. Ltd.,241,289.1,69673.1,2025-08-11 11:37:20.258011
2025-08-11,82841,2025081105005638,NIFRA,Dakshinkali Investment & Securities Pvt. Ltd.,Dynamic Money Managers Securities Pvt. Ltd.,300,289.1,86730.0,2025-08-11 11:37:20.258696
2025-08-11,82840,2025081105005639,NIFRA,Sharepro Securities Private Limited,Dynamic Money Managers Securities Pvt. Ltd.,2372,289.0,685508.0,2025-08-11 11:37:20.259236
2025-08-11,82839,2025081105005640,NIFRA,Premier Securities Company Ltd.,Dynamic Money Managers Securities Pvt. Ltd.,87,289.0,25143.0,2025-08-11 11:37:20.259762
2025-08-11,82598,2025081105005726,NIFRA,Premier Securities Company Ltd.,Sajilo Broker Limited,200,289.0,57800.0,2025-08-11 11:37:56.736769
2025-08-11,82551,2025081105005742,NIFRA,Premier Securities Company Ltd.,Bhrikuti Stock Broking Co. Pvt. Ltd.,54,289.0,15606.0,2025-08-11 11:38:02.495339
2025-08-11,82485,2025081105005762,NIFRA,Premier Securities Company Ltd.,J.F. Securites (PVT) Ltd.,50,289.0,14450.0,2025-08-11 11:38:11.483524
2025-08-11,82431,2025081105005782,NIFRA,Dynamic Money Managers Securities Pvt. Ltd.,Premier Securities Company Ltd.,54,289.0,15606.0,2025-08-11 11:38:16.932030
2025-08-11,82428,2025081105005784,NIFRA,Dynamic Money Managers Securities Pvt. Ltd.,Agrawal Securities (PVT) Ltd.,54,289.0,15606.0,2025-08-11 11:38:17.911181
2025-08-11,82355,2025081105005810,NIFRA,Dynamic Money Managers Securities Pvt. Ltd.,Aryatara Investment & Securities,54,289.0,15606.0,2025-08-11 11:38:29.593648
2025-08-11,82219,2025081105005843,NIFRA,Trishakti Securities Public Limited,Kumari Securities Private Limited,4,285.0,1140.0,2025-08-11 11:38:49.647881
2025-08-11,82104,2025081105005887,NIFRA,Dynamic Money Managers Securities Pvt. Ltd.,Naasa Securities Co. Ltd.,10,289.0,2890.0,2025-08-11 11:39:08.603636
2025-08-11,81561,2025081105006048,NIFRA,Dynamic Money Managers Securities Pvt. Ltd.,J.F. Securites (PVT) Ltd.,64,288.9,18489.6,2025-08-11 11:40:22.220512
2025-08-11,81321,2025081105006115,NIFRA,Dynamic Money Managers Securities Pvt. Ltd.,Agrawal Securities (PVT) Ltd.,14,288.9,4044.6,2025-08-11 11:40:50.582539
2025-08-11,81289,2025081105006126,NIFRA,Aryatara Investment & Securities,Imperial Securities Company Pvt. Ltd.,64,288.8,18483.2,2025-08-11 11:40:56.304895
2025-08-11,81235,2025081105006146,NIFRA,Creative Securities Pvt Ltd,KALASH STOCK MARKET PVT. LTD.,300,289.0,86700.0,2025-08-11 11:41:07.184718
2025-08-11,81234,2025081105006147,NIFRA,Creative Securities Pvt Ltd,Bhrikuti Stock Broking Co. Pvt. Ltd.,43,289.0,12427.0,2025-08-11 11:41:07.185031
2025-08-11,81156,2025081105006170,NIFRA,Creative Securities Pvt Ltd,Sri Hari Securities Pvt. Ltd.,54,289.0,15606.0,2025-08-11 11:41:18.375121
2025-08-11,81135,2025081105006179,NIFRA,Creative Securities Pvt Ltd,Nepal Stock House (PVT) Ltd.,64,289.0,18496.0,2025-08-11 11:41:23.339474
2025-08-11,81088,2025081105006198,NIFRA,Creative Securities Pvt Ltd,Aakashbhairab Securities Ltd.,39,289.0,11271.0,2025-08-11 11:41:32.760195
2025-08-11,81087,2025081105006199,NIFRA,Sharepro Securities Private Limited,Aakashbhairab Securities Ltd.,961,289.0,277729.0,2025-08-11 11:41:32.760507
2025-08-11,80787,2025081105006309,NIFRA,Trisul Securities & Invt. Ltd.,Sweta Securities Private Limited,54,289.4,15627.6,2025-08-11 11:42:14.471082
2025-08-11,80786,2025081105006310,NIFRA,Trisul Securities & Invt. Ltd.,Sundhara Securities Limited,54,289.5,15633.0,2025-08-11 11:42:14.471426
2025-08-11,80688,2025081105006349,NIFRA,Trisul Securities & Invt. Ltd.,Shree Krishna Securities Ltd.,92,289.5,26634.0,2025-08-11 11:42:32.373670
2025-08-11,80687,2025081105006350,NIFRA,Sharepro Securities Private Limited,Shree Krishna Securities Ltd.,39,289.0,11271.0,2025-08-11 11:42:32.373996
2025-08-11,80400,2025081105006451,NIFRA,Trisul Securities & Invt. Ltd.,Shree Krishna Securities Ltd.,100,289.9,28990.0,2025-08-11 11:43:20.773058
2025-08-11,80263,2025081105006500,NIFRA,Trisul Securities & Invt. Ltd.,Ashutosh Brokerage & Securities (PVT) Ltd.,55,289.1,15900.5,2025-08-11 11:43:37.534885
2025-08-11,80070,2025081105006571,NIFRA,Naasa Securities Co. Ltd.,Shree Krishna Securities Ltd.,19,289.9,5508.1,2025-08-11 11:44:05.634999
2025-08-11,80069,2025081105006572,NIFRA,Naasa Securities Co. Ltd.,Vision Securities Pvt. Ltd,81,289.9,23481.9,2025-08-11 11:44:05.635777
2025-08-11,80049,2025081105006576,NIFRA,Online Securities Pvt. Ltd.,Vision Securities Pvt. Ltd,50,289.9,14495.0,2025-08-11 11:44:07.413577
2025-08-11,79950,2025081105006596,NIFRA,Trisul Securities & Invt. Ltd.,Naasa Securities Co. Ltd.,54,289.1,15611.4,2025-08-11 11:44:18.149910
2025-08-11,79941,2025081105006600,NIFRA,Trisul Securities & Invt. Ltd.,Ashutosh Brokerage & Securities (PVT) Ltd.,54,289.1,15611.4,2025-08-11 11:44:19.803244
2025-08-11,79798,2025081105006648,NIFRA,Trisul Securities & Invt. Ltd.,KALASH STOCK MARKET PVT. LTD.,37,289.1,10696.7,2025-08-11 11:44:38.777127
2025-08-11,79797,2025081105006649,NIFRA,Sweta Securities Private Limited,KALASH STOCK MARKET PVT. LTD.,263,289.1,76033.3,2025-08-11 11:44:38.777763
2025-08-11,79656,2025081105006694,NIFRA,Trisul Securities & Invt. Ltd.,Vision Securities Pvt. Ltd,355,289.9,102914.5,2025-08-11 11:44:54.201178
2025-08-11,79513,2025081105006760,NIFRA,Sweta Securities Private Limited,Naasa Securities Co. Ltd.,32,289.1,9251.2,2025-08-11 11:45:22.973912
2025-08-11,79499,2025081105006768,NIFRA,Market Securities & Exchange (PVT) Ltd.,J.F. Securites (PVT) Ltd.,4,285.0,1140.0,2025-08-11 11:45:25.780659
2025-08-11,79443,2025081105006791,NIFRA,Nepal Investment And Securities Trading Private Limited,Imperial Securities Company Pvt. Ltd.,10,289.2,2892.0,2025-08-11 11:45:36.471372
2025-08-11,79303,2025081105006844,NIFRA,Nepal Investment And Securities Trading Private Limited,Premier Securities Company Ltd.,80,289.2,23136.0,2025-08-11 11:46:01.835846
2025-08-11,79090,2025081105006928,NIFRA,Siprabi Securities Pvt. Ltd.,Linch Stock Market Ltd.,64,289.3,18515.2,2025-08-11 11:46:36.415695
2025-08-11,79025,2025081105006949,NIFRA,Siprabi Securities Pvt. Ltd.,Imperial Securities Company Pvt. Ltd.,32,289.3,9257.6,2025-08-11 11:46:47.527354
2025-08-11,78860,2025081105007030,NIFRA,Siprabi Securities Pvt. Ltd.,Naasa Securities Co. Ltd.,64,289.3,18515.2,2025-08-11 11:47:13.045149
2025-08-11,78700,2025081105007075,NIFRA,Nepal Investment And Securities Trading Private Limited,Kumari Securities Private Limited,54,289.2,15616.8,2025-08-11 11:47:37.553998
2025-08-11,78654,2025081105007100,NIFRA,Imperial Securities Company Pvt. Ltd.,Vision Securities Pvt. Ltd,14,289.9,4058.6,2025-08-11 11:47:45.476841
2025-08-11,78653,2025081105007101,NIFRA,Imperial Securities Company Pvt. Ltd.,Dynamic Money Managers Securities Pvt. Ltd.,64,289.9,18553.6,2025-08-11 11:47:45.477176
2025-08-11,78643,2025081105007102,NIFRA,Nepal Investment And Securities Trading Private Limited,R.B.B. Securities Company Ltd,856,289.2,247555.2,2025-08-11 11:47:46.976185
2025-08-11,78642,2025081105007103,NIFRA,Sweta Securities Private Limited,R.B.B. Securities Company Ltd,205,289.1,59265.5,2025-08-11 11:47:46.976257
2025-08-11,78641,2025081105007104,NIFRA,Sri Hari Securities Pvt. Ltd.,R.B.B. Securities Company Ltd,100,289.0,28900.0,2025-08-11 11:47:46.976285
2025-08-11,78640,2025081105007105,NIFRA,Thrive Brokerage House Pvt. Ltd,R.B.B. Securities Company Ltd,200,289.0,57800.0,2025-08-11 11:47:46.976330
2025-08-11,78639,2025081105007106,NIFRA,Global IME Securities Limited,R.B.B. Securities Company Ltd,20,289.0,5780.0,2025-08-11 11:47:46.976354
2025-08-11,78638,2025081105007107,NIFRA,Trishakti Securities Public Limited,R.B.B. Securities Company Ltd,20,289.0,5780.0,2025-08-11 11:47:46.976380
2025-08-11,78637,2025081105007108,NIFRA,Aryatara Investment & Securities,R.B.B. Securities Company Ltd,10,289.0,2890.0,2025-08-11 11:47:46.976404
2025-08-11,78636,2025081105007109,NIFRA,Aryatara Investment & Securities,R.B.B. Securities Company Ltd,936,288.8,270316.8,2025-08-11 11:47:46.976428
2025-08-11,78635,2025081105007110,NIFRA,Deevyaa Securities & Stock House Pvt. Ltd,R.B.B. Securities Company Ltd,1500,288.8,433200.0,2025-08-11 11:47:46.976455
2025-08-11,78634,2025081105007111,NIFRA,Sharepro Securities Private Limited,R.B.B. Securities Company Ltd,653,288.7,188521.1,2025-08-11 11:47:46.976481
2025-08-11,78549,2025081105007134,NIFRA,Online Securities Pvt. Ltd.,R.B.B. Securities Company Ltd,100,289.4,28940.0,2025-08-11 11:48:02.015418
2025-08-11,78548,2025081105007135,NIFRA,Sharepro Securities Private Limited,R.B.B. Securities Company Ltd,1900,288.7,548530.0,2025-08-11 11:48:02.015485
2025-08-11,78357,2025081105007190,NIFRA,Sharepro Securities Private Limited,Linch Stock Market Ltd.,54,288.7,15589.8,2025-08-11 11:48:36.037645
2025-08-11,78259,2025081105007231,NIFRA,Sharepro Securities Private Limited,Dynamic Money Managers Securities Pvt. Ltd.,2393,288.7,690859.1,2025-08-11 11:48:48.579324
2025-08-11,78258,2025081105007232,NIFRA,Naasa Securities Co. Ltd.,Dynamic Money Managers Securities Pvt. Ltd.,150,288.6,43290.0,2025-08-11 11:48:48.579634
2025-08-11,78257,2025081105007233,NIFRA,Midas Stock Broking Company Private Limited,Dynamic Money Managers Securities Pvt. Ltd.,456,288.5,131556.0,2025-08-11 11:48:48.579772
2025-08-11,78256,2025081105007234,NIFRA,Midas Stock Broking Company Private Limited,Dynamic Money Managers Securities Pvt. Ltd.,201,288.5,57988.5,2025-08-11 11:48:48.579907
2025-08-11,78162,2025081105007254,NIFRA,Midas Stock Broking Company Private Limited,Naasa Securities Co. Ltd.,54,288.5,15579.0,2025-08-11 11:49:03.815368
2025-08-11,78056,2025081105007287,NIFRA,Naasa Securities Co. Ltd.,MILKY WAY SHARE BROKER COMPANY LTD ,10,289.9,2899.0,2025-08-11 11:49:22.623196
2025-08-11,77506,2025081105007484,NIFRA,Midas Stock Broking Company Private Limited,R.B.B. Securities Company Ltd,1245,288.5,359182.5,2025-08-11 11:50:44.394796
2025-08-11,77505,2025081105007485,NIFRA,Nepal Investment And Securities Trading Private Limited,R.B.B. Securities Company Ltd,500,288.5,144250.0,2025-08-11 11:50:44.394875
2025-08-11,77504,2025081105007486,NIFRA,Creative Securities Pvt Ltd,R.B.B. Securities Company Ltd,200,288.5,57700.0,2025-08-11 11:50:44.394902
2025-08-11,77503,2025081105007487,NIFRA,Siprabi Securities Pvt. Ltd.,R.B.B. Securities Company Ltd,55,288.5,15867.5,2025-08-11 11:50:44.394956
2025-08-11,77315,2025081105007530,NIFRA,Online Securities Pvt. Ltd.,Sweta Securities Private Limited,4491,288.4,1295204.4,2025-08-11 11:51:09.589151
2025-08-11,77240,2025081105007568,NIFRA,Online Securities Pvt. Ltd.,Naasa Securities Co. Ltd.,54,288.4,15573.6,2025-08-11 11:51:22.310449
2025-08-11,77231,2025081105007571,NIFRA,Online Securities Pvt. Ltd.,Primo Securities (PVT) Ltd.,43,288.4,12401.2,2025-08-11 11:51:27.145082
2025-08-11,77186,2025081105007585,NIFRA,Sri Hari Securities Pvt. Ltd.,Dipshikha Dhitopatra Karobar Co. Pvt Ltd.,50,289.0,14450.0,2025-08-11 11:51:32.356052
2025-08-11,77102,2025081105007612,NIFRA,Market Securities & Exchange (PVT) Ltd.,J.F. Securites (PVT) Ltd.,4,285.0,1140.0,2025-08-11 11:51:46.606581
2025-08-11,77082,2025081105007625,NIFRA,Online Securities Pvt. Ltd.,Naasa Securities Co. Ltd.,54,288.4,15573.6,2025-08-11 11:51:49.769810
2025-08-11,77025,2025081105007645,NIFRA,Online Securities Pvt. Ltd.,Trisul Securities & Invt. Ltd.,64,288.4,18457.6,2025-08-11 11:51:56.012407
2025-08-11,76372,2025081105007883,NIFRA,Imperial Securities Company Pvt. Ltd.,Dipshikha Dhitopatra Karobar Co. Pvt Ltd.,14,289.0,4046.0,2025-08-11 11:53:19.638648
2025-08-11,76371,2025081105007884,NIFRA,Imperial Securities Company Pvt. Ltd.,Naasa Securities Co. Ltd.,38,289.0,10982.0,2025-08-11 11:53:19.639214
2025-08-11,76063,2025081105007983,NIFRA,Sri Hari Securities Pvt. Ltd.,Naasa Securities Co. Ltd.,12,289.0,3468.0,2025-08-11 11:54:03.229630
2025-08-11,76062,2025081105007984,NIFRA,Sri Hari Securities Pvt. Ltd.,Premier Securities Company Ltd.,38,289.0,10982.0,2025-08-11 11:54:03.229972
2025-08-11,75702,2025081105008065,NIFRA,Online Securities Pvt. Ltd.,Vision Securities Pvt. Ltd,226,288.4,65178.4,2025-08-11 11:54:58.333115
2025-08-11,75614,2025081105008110,NIFRA,Online Securities Pvt. Ltd.,Naasa Securities Co. Ltd.,54,288.4,15573.6,2025-08-11 11:55:14.973466
2025-08-11,75386,2025081105008161,NIFRA,Online Securities Pvt. Ltd.,Naasa Securities Co. Ltd.,14,288.4,4037.6,2025-08-11 11:55:49.643602
2025-08-11,75385,2025081105008162,NIFRA,Sani Securities Company Ltd.,Naasa Securities Co. Ltd.,50,288.4,14420.0,2025-08-11 11:55:49.644003
2025-08-11,75240,2025081105008188,NIFRA,Sani Securities Company Ltd.,Bhrikuti Stock Broking Co. Pvt. Ltd.,32,288.4,9228.8,2025-08-11 11:56:07.718929
2025-08-11,75206,2025081105008212,NIFRA,Sani Securities Company Ltd.,Kumari Securities Private Limited,18,288.4,5191.2,2025-08-11 11:56:12.038380
2025-08-11,75205,2025081105008213,NIFRA,Trisul Securities & Invt. Ltd.,Kumari Securities Private Limited,482,288.2,138912.4,2025-08-11 11:56:12.039032
2025-08-11,75157,2025081105008228,NIFRA,Trisul Securities & Invt. Ltd.,Sri Hari Securities Pvt. Ltd.,18,288.2,5187.6,2025-08-11 11:56:19.439455
2025-08-11,75156,2025081105008229,NIFRA,Kalika Securities Pvt. Ltd.,Sri Hari Securities Pvt. Ltd.,36,288.2,10375.2,2025-08-11 11:56:19.440140
2025-08-11,74836,2025081105008337,NIFRA,Kalika Securities Pvt. Ltd.,Dipshikha Dhitopatra Karobar Co. Pvt Ltd.,24,288.2,6916.8,2025-08-11 11:57:15.334001
2025-08-11,74835,2025081105008338,NIFRA,KALASH STOCK MARKET PVT. LTD.,Dipshikha Dhitopatra Karobar Co. Pvt Ltd.,30,288.2,8646.0,2025-08-11 11:57:15.334695
2025-08-11,74821,2025081105008340,NIFRA,KALASH STOCK MARKET PVT. LTD.,Dipshikha Dhitopatra Karobar Co. Pvt Ltd.,54,288.2,15562.8,2025-08-11 11:57:17.409898
2025-08-11,74802,2025081105008344,NIFRA,J.F. Securites (PVT) Ltd.,Naasa Securities Co. Ltd.,35,288.4,10094.0,2025-08-11 11:57:20.315722
2025-08-11,74801,2025081105008345,NIFRA,J.F. Securites (PVT) Ltd.,Premier Securities Company Ltd.,16,289.0,4624.0,2025-08-11 11:57:20.316080
2025-08-11,74800,2025081105008346,NIFRA,J.F. Securites (PVT) Ltd.,Naasa Securities Co. Ltd.,43,289.0,12427.0,2025-08-11 11:57:20.316238
2025-08-11,74799,2025081105008347,NIFRA,J.F. Securites (PVT) Ltd.,Sewa Securities Pvt. Ltd.,54,289.0,15606.0,2025-08-11 11:57:20.316409
2025-08-11,74634,2025081105008427,NIFRA,J.F. Securites (PVT) Ltd.,Vision Securities Pvt. Ltd,500,289.0,144500.0,2025-08-11 11:57:38.975553
2025-08-11,74518,2025081105008472,NIFRA,J.F. Securites (PVT) Ltd.,Naasa Securities Co. Ltd.,54,289.0,15606.0,2025-08-11 11:57:56.399799
2025-08-11,74473,2025081105008481,NIFRA,J.F. Securites (PVT) Ltd.,Naasa Securities Co. Ltd.,54,289.0,15606.0,2025-08-11 11:58:03.219621
2025-08-11,74456,2025081105008486,NIFRA,J.F. Securites (PVT) Ltd.,Premier Securities Company Ltd.,64,289.0,18496.0,2025-08-11 11:58:06.561264
2025-08-11,74171,2025081105008609,NIFRA,J.F. Securites (PVT) Ltd.,Thrive Brokerage House Pvt. Ltd,64,289.0,18496.0,2025-08-11 11:58:35.110550
2025-08-11,73998,2025081105008672,NIFRA,J.F. Securites (PVT) Ltd.,Aryatara Investment & Securities,1000,289.0,289000.0,2025-08-11 11:58:56.676476
2025-08-11,73988,2025081105008676,NIFRA,J.F. Securites (PVT) Ltd.,Naasa Securities Co. Ltd.,50,289.0,14450.0,2025-08-11 11:58:58.899403
2025-08-11,73795,2025081105008736,NIFRA,J.F. Securites (PVT) Ltd.,Aakashbhairab Securities Ltd.,66,289.0,19074.0,2025-08-11 11:59:32.052994
2025-08-11,73794,2025081105008737,NIFRA,Sani Securities Company Ltd.,Aakashbhairab Securities Ltd.,1000,289.0,289000.0,2025-08-11 11:59:32.053354
2025-08-11,73793,2025081105008738,NIFRA,Sani Securities Company Ltd.,Aakashbhairab Securities Ltd.,934,289.0,269926.0,2025-08-11 11:59:32.053511
2025-08-11,73764,2025081105008746,NIFRA,Sani Securities Company Ltd.,J.F. Securites (PVT) Ltd.,50,289.0,14450.0,2025-08-11 11:59:34.963058
2025-08-11,73744,2025081105008751,NIFRA,Sani Securities Company Ltd.,Aryatara Investment & Securities,54,289.0,15606.0,2025-08-11 11:59:39.058830
2025-08-11,73725,2025081105008753,NIFRA,Sani Securities Company Ltd.,Sani Securities Company Ltd.,112,289.0,32368.0,2025-08-11 11:59:40.143157
2025-08-11,73535,2025081105008822,NIFRA,Deevyaa Securities & Stock House Pvt. Ltd,Oxford Securities Pvt. Ltd.,50,288.4,14420.0,2025-08-11 12:00:16.819998
2025-08-11,73530,2025081105008825,NIFRA,Deevyaa Securities & Stock House Pvt. Ltd,Dipshikha Dhitopatra Karobar Co. Pvt Ltd.,44,288.4,12689.6,2025-08-11 12:00:18.096611
2025-08-11,73482,2025081105008835,NIFRA,Deevyaa Securities & Stock House Pvt. Ltd,Dipshikha Dhitopatra Karobar Co. Pvt Ltd.,10,288.4,2884.0,2025-08-11 12:00:26.149980
2025-08-11,73248,2025081105008905,NIFRA,Deevyaa Securities & Stock House Pvt. Ltd,Aryatara Investment & Securities,14,288.4,4037.6,2025-08-11 12:01:02.055618
2025-08-11,73247,2025081105008906,NIFRA,Kohinoor Investment & Securities Pvt. Ltd.,Aryatara Investment & Securities,40,288.4,11536.0,2025-08-11 12:01:02.055739
2025-08-11,73191,2025081105008923,NIFRA,Kohinoor Investment & Securities Pvt. Ltd.,Investment Management Nepal Pvt. Ltd.,100,288.4,28840.0,2025-08-11 12:01:15.834459
2025-08-11,73170,2025081105008931,NIFRA,Kohinoor Investment & Securities Pvt. Ltd.,Malla & Malla Stock Broking Company Pvt. Limited,54,288.4,15573.6,2025-08-11 12:01:21.514838
2025-08-11,73099,2025081105008948,NIFRA,KALASH STOCK MARKET PVT. LTD.,Imperial Securities Company Pvt. Ltd.,50,288.4,14420.0,2025-08-11 12:01:30.384880
2025-08-11,72861,2025081105009027,NIFRA,KALASH STOCK MARKET PVT. LTD.,Naasa Securities Co. Ltd.,64,288.4,18457.6,2025-08-11 12:02:18.206617
2025-08-11,72784,2025081105009053,NIFRA,KALASH STOCK MARKET PVT. LTD.,Aryatara Investment & Securities,64,288.4,18457.6,2025-08-11 12:02:32.103184
2025-08-11,72676,2025081105009098,NIFRA,Trishakti Securities Public Limited,Sundhara Securities Limited,4,283.3,1133.2,2025-08-11 12:02:55.542505
2025-08-11,72646,2025081105009109,NIFRA,Nepal Stock House (PVT) Ltd.,Agrawal Securities (PVT) Ltd.,7,290.0,2030.0,2025-08-11 12:03:02.043387
2025-08-11,72634,2025081105009116,NIFRA,Market Securities & Exchange (PVT) Ltd.,J.F. Securites (PVT) Ltd.,5,285.0,1425.0,2025-08-11 12:03:04.921529
2025-08-11,72571,2025081105009147,NIFRA,Trishakti Securities Public Limited,Naasa Securities Co. Ltd.,9,286.0,2574.0,2025-08-11 12:03:18.666067
2025-08-11,72526,2025081105009164,NIFRA,KALASH STOCK MARKET PVT. LTD.,Dipshikha Dhitopatra Karobar Co. Pvt Ltd.,38,288.4,10959.2,2025-08-11 12:03:30.166588
2025-08-11,72525,2025081105009165,NIFRA,Sri Hari Securities Pvt. Ltd.,Dipshikha Dhitopatra Karobar Co. Pvt Ltd.,26,288.4,7498.4,2025-08-11 12:03:30.167331
2025-08-11,72505,2025081105009172,NIFRA,Sri Hari Securities Pvt. Ltd.,Online Securities Pvt. Ltd.,24,288.4,6921.6,2025-08-11 12:03:35.779733
2025-08-11,72202,2025081105009293,NIFRA,Deevyaa Securities & Stock House Pvt. Ltd,Thrive Brokerage House Pvt. Ltd,64,288.2,18444.8,2025-08-11 12:04:15.638531
2025-08-11,72166,2025081105009303,NIFRA,Market Securities & Exchange (PVT) Ltd.,Online Securities Pvt. Ltd.,4,285.0,1140.0,2025-08-11 12:04:25.339594
2025-08-11,72079,2025081105009333,NIFRA,Deevyaa Securities & Stock House Pvt. Ltd,Arun Securities (PVT) Ltd.,500,288.2,144100.0,2025-08-11 12:04:44.057908
2025-08-11,71832,2025081105009429,NIFRA,Sani Securities Company Ltd.,Sri Hari Securities Pvt. Ltd.,54,288.3,15568.2,2025-08-11 12:05:19.009444
2025-08-11,71765,2025081105009455,NIFRA,Sani Securities Company Ltd.,Vision Securities Pvt. Ltd,64,288.3,18451.2,2025-08-11 12:05:31.413693
2025-08-11,71250,2025081105009693,NIFRA,Sani Securities Company Ltd.,Kumari Securities Private Limited,82,288.3,23640.6,2025-08-11 12:06:52.229115
2025-08-11,71249,2025081105009694,NIFRA,Sani Securities Company Ltd.,Kumari Securities Private Limited,28,288.3,8072.4,2025-08-11 12:06:52.229904
2025-08-11,71199,2025081105009713,NIFRA,Sani Securities Company Ltd.,Premier Securities Company Ltd.,10,288.3,2883.0,2025-08-11 12:06:59.671966
2025-08-11,70982,2025081105009826,NIFRA,Sani Securities Company Ltd.,Trishakti Securities Public Limited,62,288.3,17874.6,2025-08-11 12:07:38.791850
2025-08-11,70727,2025081105009924,NIFRA,Deevyaa Securities & Stock House Pvt. Ltd,ABC Securities Private Limited,54,288.2,15562.8,2025-08-11 12:08:13.905388
2025-08-11,70697,2025081105009936,NIFRA,Deevyaa Securities & Stock House Pvt. Ltd,Sri Hari Securities Pvt. Ltd.,54,288.2,15562.8,2025-08-11 12:08:21.432676
2025-08-11,70582,2025081105009981,NIFRA,Deevyaa Securities & Stock House Pvt. Ltd,Nepal Investment And Securities Trading Private Limited,777,288.2,223931.4,2025-08-11 12:08:39.573446
2025-08-11,70528,2025081105009996,NIFRA,Deevyaa Securities & Stock House Pvt. Ltd,Siprabi Securities Pvt. Ltd.,51,288.2,14698.2,2025-08-11 12:08:46.564447
2025-08-11,70506,2025081105010001,NIFRA,Trisul Securities & Invt. Ltd.,Primo Securities (PVT) Ltd.,10,288.1,2881.0,2025-08-11 12:08:50.440046
2025-08-11,70222,2025081105010094,NIFRA,Trisul Securities & Invt. Ltd.,Aryatara Investment & Securities,50,288.1,14405.0,2025-08-11 12:09:46.605067
2025-08-11,70221,2025081105010095,NIFRA,Kumari Securities Private Limited,Aryatara Investment & Securities,14,288.1,4033.4,2025-08-11 12:09:46.605477
2025-08-11,70105,2025081105010133,NIFRA,Kumari Securities Private Limited,Aryatara Investment & Securities,54,288.1,15557.4,2025-08-11 12:10:07.973045
2025-08-11,70010,2025081105010165,NIFRA,Imperial Securities Company Pvt. Ltd.,J.F. Securites (PVT) Ltd.,4,288.0,1152.0,2025-08-11 12:10:26.487021
2025-08-11,69983,2025081105010179,NIFRA,Kumari Securities Private Limited,Aryatara Investment & Securities,64,288.1,18438.4,2025-08-11 12:10:33.335507
2025-08-11,69741,2025081105010268,NIFRA,Imperial Securities Company Pvt. Ltd.,Siprabi Securities Pvt. Ltd.,3,288.2,864.6,2025-08-11 12:11:10.213069
2025-08-11,69736,2025081105010271,NIFRA,Kumari Securities Private Limited,SHUBHAKAMANA SECURITIES PVT. LTD,168,288.1,48400.8,2025-08-11 12:11:10.773958
2025-08-11,69735,2025081105010272,NIFRA,Deevyaa Securities & Stock House Pvt. Ltd,SHUBHAKAMANA SECURITIES PVT. LTD,100,288.1,28810.0,2025-08-11 12:11:10.774427
2025-08-11,69734,2025081105010273,NIFRA,Naasa Securities Co. Ltd.,SHUBHAKAMANA SECURITIES PVT. LTD,97,288.0,27936.0,2025-08-11 12:11:10.774602
2025-08-11,69733,2025081105010274,NIFRA,Sani Securities Company Ltd.,SHUBHAKAMANA SECURITIES PVT. LTD,1200,288.0,345600.0,2025-08-11 12:11:10.774771
2025-08-11,69732,2025081105010275,NIFRA,ABC Securities Private Limited,SHUBHAKAMANA SECURITIES PVT. LTD,20,288.0,5760.0,2025-08-11 12:11:10.774945
2025-08-11,69731,2025081105010276,NIFRA,Naasa Securities Co. Ltd.,SHUBHAKAMANA SECURITIES PVT. LTD,50,288.0,14400.0,2025-08-11 12:11:10.775113
2025-08-11,69730,2025081105010277,NIFRA,Naasa Securities Co. Ltd.,SHUBHAKAMANA SECURITIES PVT. LTD,50,288.0,14400.0,2025-08-11 12:11:10.775273
2025-08-11,69729,2025081105010278,NIFRA,Nepal Investment And Securities Trading Private Limited,SHUBHAKAMANA SECURITIES PVT. LTD,15,288.0,4320.0,2025-08-11 12:11:10.775444
2025-08-11,69728,2025081105010279,NIFRA,Online Securities Pvt. Ltd.,Online Securities Pvt. Ltd.,40,288.4,11536.0,2025-08-11 12:11:11.449431
2025-08-11,69727,2025081105010280,NIFRA,Online Securities Pvt. Ltd.,Kalika Securities Pvt. Ltd.,40,288.4,11536.0,2025-08-11 12:11:11.449828
2025-08-11,69655,2025081105010308,NIFRA,Primo Securities (PVT) Ltd.,Premier Securities Company Ltd.,24,288.0,6912.0,2025-08-11 12:11:24.081635
2025-08-11,69555,2025081105010360,NIFRA,Primo Securities (PVT) Ltd.,Linch Stock Market Ltd.,10,288.0,2880.0,2025-08-11 12:11:33.894631
2025-08-11,69493,2025081105010384,NIFRA,Primo Securities (PVT) Ltd.,Hatemalo Financial Services Private Limited,100,288.0,28800.0,2025-08-11 12:11:41.603567
2025-08-11,69420,2025081105010396,NIFRA,Primo Securities (PVT) Ltd.,Vision Securities Pvt. Ltd,366,288.0,105408.0,2025-08-11 12:11:52.014395
2025-08-11,69419,2025081105010397,NIFRA,Deevyaa Securities & Stock House Pvt. Ltd,Vision Securities Pvt. Ltd,100,288.0,28800.0,2025-08-11 12:11:52.015182
2025-08-11,69418,2025081105010398,NIFRA,Trisul Securities & Invt. Ltd.,Vision Securities Pvt. Ltd,200,288.0,57600.0,2025-08-11 12:11:52.015925
2025-08-11,69417,2025081105010399,NIFRA,Malla & Malla Stock Broking Company Pvt. Limited,Vision Securities Pvt. Ltd,100,288.0,28800.0,2025-08-11 12:11:52.016522
2025-08-11,69416,2025081105010400,NIFRA,Sweta Securities Private Limited,Vision Securities Pvt. Ltd,1800,288.0,518400.0,2025-08-11 12:11:52.017097
2025-08-11,69415,2025081105010401,NIFRA,Bhrikuti Stock Broking Co. Pvt. Ltd.,Vision Securities Pvt. Ltd,434,288.0,124992.0,2025-08-11 12:11:52.017846
2025-08-11,69333,2025081105010437,NIFRA,Kumari Securities Private Limited,Trishakti Securities Public Limited,100,288.0,28800.0,2025-08-11 12:12:06.767895
2025-08-11,69332,2025081105010438,NIFRA,Siprabi Securities Pvt. Ltd.,Trishakti Securities Public Limited,110,288.0,31680.0,2025-08-11 12:12:06.768327
2025-08-11,69331,2025081105010439,NIFRA,Linch Stock Market Ltd.,Trishakti Securities Public Limited,20,288.0,5760.0,2025-08-11 12:12:06.768497
2025-08-11,69330,2025081105010440,NIFRA,Dipshikha Dhitopatra Karobar Co. Pvt Ltd.,Trishakti Securities Public Limited,10,288.0,2880.0,2025-08-11 12:12:06.768663
2025-08-11,69191,2025081105010477,NIFRA,Sundhara Securities Limited,Aryatara Investment & Securities,64,287.6,18406.4,2025-08-11 12:12:27.569885
2025-08-11,69022,2025081105010529,NIFRA,Sundhara Securities Limited,Arun Securities (PVT) Ltd.,36,287.6,10353.6,2025-08-11 12:12:53.616075
2025-08-11,68707,2025081105010638,NIFRA,Nepal Investment And Securities Trading Private Limited,Bhrikuti Stock Broking Co. Pvt. Ltd.,10,287.5,2875.0,2025-08-11 12:13:29.480685
2025-08-11,68536,2025081105010683,NIFRA,Imperial Securities Company Pvt. Ltd.,Vision Securities Pvt. Ltd,28,287.3,8044.4,2025-08-11 12:13:54.239292
2025-08-11,68535,2025081105010684,NIFRA,Kumari Securities Private Limited,Vision Securities Pvt. Ltd,26,287.1,7464.6,2025-08-11 12:13:54.239730
2025-08-11,68273,2025081105010761,NIFRA,Kumari Securities Private Limited,Naasa Securities Co. Ltd.,54,287.1,15503.4,2025-08-11 12:14:27.558995
2025-08-11,68258,2025081105010767,NIFRA,Kumari Securities Private Limited,South Asian Bulls Pvt. Ltd.,220,287.1,63162.0,2025-08-11 12:14:30.181569
2025-08-11,68257,2025081105010768,NIFRA,Sagarmatha Securities Private Limited,South Asian Bulls Pvt. Ltd.,100,287.0,28700.0,2025-08-11 12:14:30.181975
2025-08-11,68256,2025081105010769,NIFRA,SUN SECURITIES PVT LTD,South Asian Bulls Pvt. Ltd.,100,287.0,28700.0,2025-08-11 12:14:30.182161
2025-08-11,68255,2025081105010770,NIFRA,Nepal Investment And Securities Trading Private Limited,South Asian Bulls Pvt. Ltd.,13,287.0,3731.0,2025-08-11 12:14:30.182371
2025-08-11,68254,2025081105010771,NIFRA,Trishakti Securities Public Limited,South Asian Bulls Pvt. Ltd.,100,287.0,28700.0,2025-08-11 12:14:30.182548
2025-08-11,68253,2025081105010772,NIFRA,Kohinoor Investment & Securities Pvt. Ltd.,South Asian Bulls Pvt. Ltd.,300,287.0,86100.0,2025-08-11 12:14:30.182736
2025-08-11,68252,2025081105010773,NIFRA,Midas Stock Broking Company Private Limited,South Asian Bulls Pvt. Ltd.,50,287.0,14350.0,2025-08-11 12:14:30.182901
2025-08-11,68251,2025081105010774,NIFRA,Kohinoor Investment & Securities Pvt. Ltd.,South Asian Bulls Pvt. Ltd.,25,287.0,7175.0,2025-08-11 12:14:30.183099
2025-08-11,68250,2025081105010775,NIFRA,Online Securities Pvt. Ltd.,South Asian Bulls Pvt. Ltd.,92,287.0,26404.0,2025-08-11 12:14:30.183271
2025-08-11,68085,2025081105010834,NIFRA,Trishakti Securities Public Limited,Trishakti Securities Public Limited,2,282.3,564.6,2025-08-11 12:14:58.836839
2025-08-11,68017,2025081105010855,NIFRA,Online Securities Pvt. Ltd.,Dynamic Money Managers Securities Pvt. Ltd.,54,287.0,15498.0,2025-08-11 12:15:12.257146
2025-08-11,67692,2025081105010927,NIFRA,Imperial Securities Company Pvt. Ltd.,Imperial Securities Company Pvt. Ltd.,4,286.9,1147.6,2025-08-11 12:16:00.840209
2025-08-11,67568,2025081105010949,NIFRA,INDEX SECURITIES LIMITED,Bhrikuti Stock Broking Co. Pvt. Ltd.,54,286.8,15487.2,2025-08-11 12:16:27.740860
2025-08-11,67296,2025081105011041,NIFRA,Imperial Securities Company Pvt. Ltd.,Imperial Securities Company Pvt. Ltd.,4,286.9,1147.6,2025-08-11 12:17:19.912945
2025-08-11,67153,2025081105011105,NIFRA,INDEX SECURITIES LIMITED,Arun Securities (PVT) Ltd.,18,286.8,5162.4,2025-08-11 12:17:37.784985
2025-08-11,67106,2025081105011117,NIFRA,Trishakti Securities Public Limited,Creative Securities Pvt Ltd,4,282.0,1128.0,2025-08-11 12:17:44.948711
2025-08-11,67017,2025081105011134,NIFRA,INDEX SECURITIES LIMITED,R.B.B. Securities Company Ltd,874,286.8,250663.2,2025-08-11 12:18:04.862014
2025-08-11,67016,2025081105011135,NIFRA,Linch Stock Market Ltd.,R.B.B. Securities Company Ltd,400,286.7,114680.0,2025-08-11 12:18:04.862078
2025-08-11,67015,2025081105011136,NIFRA,Himalayan Brokerage Company Limited,R.B.B. Securities Company Ltd,90,286.5,25785.0,2025-08-11 12:18:04.862107
2025-08-11,67014,2025081105011137,NIFRA,Kumari Securities Private Limited,R.B.B. Securities Company Ltd,300,286.3,85890.0,2025-08-11 12:18:04.862132
2025-08-11,67013,2025081105011138,NIFRA,Aryatara Investment & Securities,R.B.B. Securities Company Ltd,400,286.2,114480.0,2025-08-11 12:18:04.862154
2025-08-11,67012,2025081105011139,NIFRA,Kumari Securities Private Limited,R.B.B. Securities Company Ltd,236,286.1,67519.6,2025-08-11 12:18:04.862179
2025-08-11,66829,2025081105011190,NIFRA,Kumari Securities Private Limited,Kalika Securities Pvt. Ltd.,24,286.1,6866.4,2025-08-11 12:18:32.726156
2025-08-11,66785,2025081105011212,NIFRA,Kumari Securities Private Limited,BHOLE GANESH SECURITIES LTD,40,286.1,11444.0,2025-08-11 12:18:39.086879
2025-08-11,66784,2025081105011213,NIFRA,Naasa Securities Co. Ltd.,BHOLE GANESH SECURITIES LTD,100,286.1,28610.0,2025-08-11 12:18:39.087252
2025-08-11,66783,2025081105011214,NIFRA,Trisul Securities & Invt. Ltd.,BHOLE GANESH SECURITIES LTD,239,286.1,68377.9,2025-08-11 12:18:39.087435
2025-08-11,66773,2025081105011218,NIFRA,Imperial Securities Company Pvt. Ltd.,Imperial Securities Company Pvt. Ltd.,4,286.2,1144.8,2025-08-11 12:18:41.909556
2025-08-11,66457,2025081105011291,NIFRA,Trisul Securities & Invt. Ltd.,Naasa Securities Co. Ltd.,491,286.1,140475.1,2025-08-11 12:19:29.668560
2025-08-11,66456,2025081105011292,NIFRA,J.F. Securites (PVT) Ltd.,Naasa Securities Co. Ltd.,509,286.0,145574.0,2025-08-11 12:19:29.668997
2025-08-11,66318,2025081105011347,NIFRA,Capital Max Securities Ltd,South Asian Bulls Pvt. Ltd.,85,286.1,24318.5,2025-08-11 12:19:54.784508
2025-08-11,66251,2025081105011386,NIFRA,Capital Max Securities Ltd,Capital Max Securities Ltd,565,286.1,161646.5,2025-08-11 12:20:07.470422
2025-08-11,66250,2025081105011387,NIFRA,ABC Securities Private Limited,Capital Max Securities Ltd,180,286.1,51498.0,2025-08-11 12:20:07.470518
2025-08-11,66249,2025081105011388,NIFRA,J.F. Securites (PVT) Ltd.,Capital Max Securities Ltd,755,286.0,215930.0,2025-08-11 12:20:07.470598
2025-08-11,66168,2025081105011413,NIFRA,J.F. Securites (PVT) Ltd.,South Asian Bulls Pvt. Ltd.,70,286.0,20020.0,2025-08-11 12:20:21.903206
2025-08-11,66039,2025081105011444,NIFRA,J.F. Securites (PVT) Ltd.,Bhrikuti Stock Broking Co. Pvt. Ltd.,11,286.0,3146.0,2025-08-11 12:20:37.961173
2025-08-11,65990,2025081105011452,NIFRA,Trishakti Securities Public Limited,Sundhara Securities Limited,9,280.4,2523.6,2025-08-11 12:20:41.220866
2025-08-11,65926,2025081105011465,NIFRA,J.F. Securites (PVT) Ltd.,Midas Stock Broking Company Private Limited,32,286.0,9152.0,2025-08-11 12:20:49.985124
2025-08-11,65919,2025081105011467,NIFRA,J.F. Securites (PVT) Ltd.,Secured Securities Ltd.,64,286.0,18304.0,2025-08-11 12:20:50.394428
2025-08-11,65848,2025081105011489,NIFRA,Deevyaa Securities & Stock House Pvt. Ltd,Agrawal Securities (PVT) Ltd.,100,286.1,28610.0,2025-08-11 12:21:03.236070
2025-08-11,65360,2025081105011655,NIFRA,Deevyaa Securities & Stock House Pvt. Ltd,J.F. Securites (PVT) Ltd.,14,286.2,4006.8,2025-08-11 12:22:20.482410
2025-08-11,65290,2025081105011700,NIFRA,Deevyaa Securities & Stock House Pvt. Ltd,Aryatara Investment & Securities,64,286.2,18316.8,2025-08-11 12:22:29.551204
2025-08-11,65286,2025081105011702,NIFRA,Deevyaa Securities & Stock House Pvt. Ltd,Siprabi Securities Pvt. Ltd.,54,286.2,15454.8,2025-08-11 12:22:31.107910
2025-08-11,65193,2025081105011723,NIFRA,Deevyaa Securities & Stock House Pvt. Ltd,Investment Management Nepal Pvt. Ltd.,368,286.2,105321.6,2025-08-11 12:22:43.581102
2025-08-11,65192,2025081105011724,NIFRA,Kumari Securities Private Limited,Investment Management Nepal Pvt. Ltd.,300,286.2,85860.0,2025-08-11 12:22:43.581538
2025-08-11,65191,2025081105011725,NIFRA,Deevyaa Securities & Stock House Pvt. Ltd,Investment Management Nepal Pvt. Ltd.,1400,286.1,400540.0,2025-08-11 12:22:43.581734
2025-08-11,65190,2025081105011726,NIFRA,J.F. Securites (PVT) Ltd.,Investment Management Nepal Pvt. Ltd.,432,286.0,123552.0,2025-08-11 12:22:43.581901
2025-08-11,65183,2025081105011730,NIFRA,J.F. Securites (PVT) Ltd.,Premier Securities Company Ltd.,500,286.0,143000.0,2025-08-11 12:22:45.178363
2025-08-11,64957,2025081105011852,NIFRA,J.F. Securites (PVT) Ltd.,Trishakti Securities Public Limited,54,286.0,15444.0,2025-08-11 12:23:18.241738
2025-08-11,64660,2025081105011946,NIFRA,J.F. Securites (PVT) Ltd.,Naasa Securities Co. Ltd.,54,286.0,15444.0,2025-08-11 12:24:13.694225
2025-08-11,64593,2025081105011993,NIFRA,J.F. Securites (PVT) Ltd.,MILKY WAY SHARE BROKER COMPANY LTD ,64,286.0,18304.0,2025-08-11 12:24:25.139776
2025-08-11,64581,2025081105011998,NIFRA,J.F. Securites (PVT) Ltd.,Sani Securities Company Ltd.,54,286.0,15444.0,2025-08-11 12:24:28.828139
2025-08-11,64479,2025081105012026,NIFRA,Sweta Securities Private Limited,Secured Securities Ltd.,50,286.5,14325.0,2025-08-11 12:24:46.096086
2025-08-11,63951,2025081105012175,NIFRA,Naasa Securities Co. Ltd.,Sweta Securities Private Limited,14,286.6,4012.4,2025-08-11 12:26:23.857505
2025-08-11,63513,2025081105012313,NIFRA,Naasa Securities Co. Ltd.,Sweta Securities Private Limited,30,286.6,8598.0,2025-08-11 12:27:42.456294
2025-08-11,63289,2025081105012396,NIFRA,Trisul Securities & Invt. Ltd.,Naasa Securities Co. Ltd.,54,286.1,15449.4,2025-08-11 12:28:35.214681
2025-08-11,62932,2025081105012501,NIFRA,Premier Securities Company Ltd.,Naasa Securities Co. Ltd.,20,287.0,5740.0,2025-08-11 12:29:40.833432
2025-08-11,62691,2025081105012590,NIFRA,Kumari Securities Private Limited,Naasa Securities Co. Ltd.,54,286.2,15454.8,2025-08-11 12:30:16.552071
2025-08-11,62510,2025081105012637,NIFRA,Naasa Securities Co. Ltd.,Stoxkarts Securities Limited,54,286.3,15460.2,2025-08-11 12:30:46.652559
2025-08-11,62478,2025081105012651,NIFRA,Online Securities Pvt. Ltd.,Trishakti Securities Public Limited,4,287.0,1148.0,2025-08-11 12:30:52.580366
2025-08-11,62288,2025081105012721,NIFRA,Naasa Securities Co. Ltd.,Naasa Securities Co. Ltd.,30,287.0,8610.0,2025-08-11 12:31:24.940136
2025-08-11,62287,2025081105012722,NIFRA,Naasa Securities Co. Ltd.,Sundhara Securities Limited,20,287.0,5740.0,2025-08-11 12:31:24.940563
2025-08-11,62267,2025081105012734,NIFRA,Aryatara Investment & Securities,Sundhara Securities Limited,124,287.0,35588.0,2025-08-11 12:31:29.499787
2025-08-11,62266,2025081105012735,NIFRA,Aryatara Investment & Securities,Sri Hari Securities Pvt. Ltd.,680,287.0,195160.0,2025-08-11 12:31:29.500612
2025-08-11,62064,2025081105012825,NIFRA,Kohinoor Investment & Securities Pvt. Ltd.,Sweta Securities Private Limited,10,287.9,2879.0,2025-08-11 12:32:12.424225
2025-08-11,62063,2025081105012826,NIFRA,Kohinoor Investment & Securities Pvt. Ltd.,Trishakti Securities Public Limited,190,288.0,54720.0,2025-08-11 12:32:12.424658
2025-08-11,62036,2025081105012832,NIFRA,Sri Hari Securities Pvt. Ltd.,Trishakti Securities Public Limited,570,288.0,164160.0,2025-08-11 12:32:20.041642
2025-08-11,62035,2025081105012833,NIFRA,Sri Hari Securities Pvt. Ltd.,Siprabi Securities Pvt. Ltd.,30,288.0,8640.0,2025-08-11 12:32:20.042502
2025-08-11,62018,2025081105012839,NIFRA,Aryatara Investment & Securities,Shree Krishna Securities Ltd.,64,287.0,18368.0,2025-08-11 12:32:23.892781
2025-08-11,61900,2025081105012863,NIFRA,Aryatara Investment & Securities,Aryatara Investment & Securities,14,287.0,4018.0,2025-08-11 12:32:54.377596
2025-08-11,61870,2025081105012881,NIFRA,Aryatara Investment & Securities,Sri Hari Securities Pvt. Ltd.,54,287.0,15498.0,2025-08-11 12:33:02.574615
2025-08-11,61869,2025081105012882,NIFRA,Aryatara Investment & Securities,Naasa Securities Co. Ltd.,21,287.0,6027.0,2025-08-11 12:33:03.005574
2025-08-11,61599,2025081105012989,NIFRA,Aryatara Investment & Securities,Imperial Securities Company Pvt. Ltd.,43,287.0,12341.0,2025-08-11 12:34:04.842641
2025-08-11,61598,2025081105012990,NIFRA,Naasa Securities Co. Ltd.,Imperial Securities Company Pvt. Ltd.,21,287.0,6027.0,2025-08-11 12:34:04.843094
2025-08-11,61449,2025081105013035,NIFRA,Naasa Securities Co. Ltd.,Cristal Kanchanjanga Securites Pvt. Ltd.,54,287.0,15498.0,2025-08-11 12:34:37.650575
2025-08-11,61217,2025081105013156,NIFRA,Deevyaa Securities & Stock House Pvt. Ltd,Kumari Securities Private Limited,100,287.9,28790.0,2025-08-11 12:35:24.594030
2025-08-11,61209,2025081105013159,NIFRA,Naasa Securities Co. Ltd.,J.F. Securites (PVT) Ltd.,25,287.0,7175.0,2025-08-11 12:35:26.018496
2025-08-11,61208,2025081105013160,NIFRA,Imperial Securities Company Pvt. Ltd.,J.F. Securites (PVT) Ltd.,29,287.0,8323.0,2025-08-11 12:35:26.018976
2025-08-11,60595,2025081105013341,NIFRA,ABC Securities Private Limited,Opal Securities Investment (PVT) Ltd.,64,287.2,18380.8,2025-08-11 12:37:14.615925
2025-08-11,60300,2025081105013445,NIFRA,Sharepro Securities Private Limited,Aryatara Investment & Securities,54,287.3,15514.2,2025-08-11 12:38:21.017714
2025-08-11,60069,2025081105013553,NIFRA,Naasa Securities Co. Ltd.,Sani Securities Company Ltd.,54,287.6,15530.4,2025-08-11 12:39:12.392637
2025-08-11,59984,2025081105013581,NIFRA,Naasa Securities Co. Ltd.,Kohinoor Investment & Securities Pvt. Ltd.,46,287.6,13229.6,2025-08-11 12:39:36.709100
2025-08-11,59974,2025081105013583,NIFRA,ABC Securities Private Limited,Capital Max Securities Ltd,1000,287.5,287500.0,2025-08-11 12:39:40.215175
2025-08-11,59917,2025081105013609,NIFRA,ABC Securities Private Limited,Kohinoor Investment & Securities Pvt. Ltd.,18,287.5,5175.0,2025-08-11 12:39:50.779555
2025-08-11,59654,2025081105013724,NIFRA,ABC Securities Private Limited,Online Securities Pvt. Ltd.,16,287.5,4600.0,2025-08-11 12:40:47.249430
2025-08-11,59652,2025081105013726,NIFRA,Sharepro Securities Private Limited,Aakashbhairab Securities Ltd.,946,287.3,271785.8,2025-08-11 12:40:48.883978
2025-08-11,59651,2025081105013727,NIFRA,Kumari Securities Private Limited,Aakashbhairab Securities Ltd.,300,287.2,86160.0,2025-08-11 12:40:48.884428
2025-08-11,59650,2025081105013728,NIFRA,Naasa Securities Co. Ltd.,Aakashbhairab Securities Ltd.,50,287.2,14360.0,2025-08-11 12:40:48.884635
2025-08-11,59649,2025081105013729,NIFRA,Sharepro Securities Private Limited,Aakashbhairab Securities Ltd.,704,287.1,202118.4,2025-08-11 12:40:48.884830
2025-08-11,59345,2025081105013817,NIFRA,Sharepro Securities Private Limited,Premier Securities Company Ltd.,296,287.1,84981.6,2025-08-11 12:41:44.210677
2025-08-11,59070,2025081105013866,NIFRA,Imperial Securities Company Pvt. Ltd.,Linch Stock Market Ltd.,471,287.0,135177.0,2025-08-11 12:42:22.856125
2025-08-11,59069,2025081105013867,NIFRA,Secured Securities Ltd.,Linch Stock Market Ltd.,29,287.0,8323.0,2025-08-11 12:42:22.857075
2025-08-11,58833,2025081105013968,NIFRA,Secured Securities Ltd.,Naasa Securities Co. Ltd.,54,287.0,15498.0,2025-08-11 12:43:12.223765
2025-08-11,58600,2025081105014050,NIFRA,Secured Securities Ltd.,Aryatara Investment & Securities,54,287.0,15498.0,2025-08-11 12:44:08.351351
2025-08-11,58575,2025081105014056,NIFRA,Secured Securities Ltd.,Deevyaa Securities & Stock House Pvt. Ltd,200,287.0,57400.0,2025-08-11 12:44:10.585945
2025-08-11,58539,2025081105014080,NIFRA,Secured Securities Ltd.,Online Securities Pvt. Ltd.,40,287.0,11480.0,2025-08-11 12:44:16.591866
2025-08-11,58533,2025081105014084,NIFRA,Secured Securities Ltd.,Naasa Securities Co. Ltd.,53,287.0,15211.0,2025-08-11 12:44:18.950063
2025-08-11,58472,2025081105014117,NIFRA,Deevyaa Securities & Stock House Pvt. Ltd,Agrawal Securities (PVT) Ltd.,54,286.7,15481.8,2025-08-11 12:44:46.477004
2025-08-11,57785,2025081105014359,NIFRA,Online Securities Pvt. Ltd.,Capital Max Securities Ltd,175,287.0,50225.0,2025-08-11 12:47:19.368438
2025-08-11,57693,2025081105014384,NIFRA,Deevyaa Securities & Stock House Pvt. Ltd,Kalika Securities Pvt. Ltd.,46,286.7,13188.2,2025-08-11 12:47:36.630745
2025-08-11,57478,2025081105014472,NIFRA,Imperial Securities Company Pvt. Ltd.,Capital Max Securities Ltd,305,287.0,87535.0,2025-08-11 12:48:36.263709
2025-08-11,57473,2025081105014474,NIFRA,Investment Management Nepal Pvt. Ltd.,Kalika Securities Pvt. Ltd.,10,286.7,2867.0,2025-08-11 12:48:37.937934
2025-08-11,57472,2025081105014475,NIFRA,Kumari Securities Private Limited,Kalika Securities Pvt. Ltd.,44,286.6,12610.4,2025-08-11 12:48:37.938434
2025-08-11,57471,2025081105014476,NIFRA,Kumari Securities Private Limited,Kalika Securities Pvt. Ltd.,54,286.6,15476.4,2025-08-11 12:48:37.941001
2025-08-11,57224,2025081105014543,NIFRA,Kumari Securities Private Limited,BHOLE GANESH SECURITIES LTD,202,286.6,57893.2,2025-08-11 12:49:56.145652
2025-08-11,57223,2025081105014544,NIFRA,Sharepro Securities Private Limited,BHOLE GANESH SECURITIES LTD,11,286.6,3152.6,2025-08-11 12:49:56.145721
2025-08-11,57222,2025081105014545,NIFRA,Aryatara Investment & Securities,BHOLE GANESH SECURITIES LTD,400,286.6,114640.0,2025-08-11 12:49:56.145750
2025-08-11,57221,2025081105014546,NIFRA,Capital Max Securities Ltd,BHOLE GANESH SECURITIES LTD,10,286.6,2866.0,2025-08-11 12:49:56.145774
2025-08-11,57220,2025081105014547,NIFRA,Nepal Stock House (PVT) Ltd.,BHOLE GANESH SECURITIES LTD,1202,286.5,344373.0,2025-08-11 12:49:56.145811
2025-08-11,57219,2025081105014548,NIFRA,Trisul Securities & Invt. Ltd.,BHOLE GANESH SECURITIES LTD,446,286.5,127779.0,2025-08-11 12:49:56.145845
2025-08-11,57218,2025081105014549,NIFRA,Kalika Securities Pvt. Ltd.,BHOLE GANESH SECURITIES LTD,347,286.5,99415.5,2025-08-11 12:49:56.145869
2025-08-11,57217,2025081105014550,NIFRA,Online Securities Pvt. Ltd.,BHOLE GANESH SECURITIES LTD,382,286.4,109404.8,2025-08-11 12:49:56.145891
2025-08-11,57184,2025081105014562,NIFRA,Online Securities Pvt. Ltd.,BHOLE GANESH SECURITIES LTD,1000,286.4,286400.0,2025-08-11 12:50:06.173843
2025-08-11,56960,2025081105014620,NIFRA,Online Securities Pvt. Ltd.,Online Securities Pvt. Ltd.,54,286.4,15465.6,2025-08-11 12:51:12.621239
2025-08-11,56951,2025081105014622,NIFRA,Online Securities Pvt. Ltd.,SUN SECURITIES PVT LTD,64,286.4,18329.6,2025-08-11 12:51:15.942892
2025-08-11,56916,2025081105014633,NIFRA,Online Securities Pvt. Ltd.,Premier Securities Company Ltd.,51,286.4,14606.4,2025-08-11 12:51:27.628678
2025-08-11,56851,2025081105014649,NIFRA,Dipshikha Dhitopatra Karobar Co. Pvt Ltd.,Premier Securities Company Ltd.,13,286.4,3723.2,2025-08-11 12:51:43.709257
2025-08-11,56631,2025081105014715,NIFRA,Sweta Securities Private Limited,Capital Max Securities Ltd,20,287.0,5740.0,2025-08-11 12:52:12.579252
2025-08-11,56630,2025081105014716,NIFRA,Sweta Securities Private Limited,Naasa Securities Co. Ltd.,64,287.0,18368.0,2025-08-11 12:52:12.580224
2025-08-11,56629,2025081105014717,NIFRA,Sweta Securities Private Limited,Himalayan Brokerage Company Limited,54,287.0,15498.0,2025-08-11 12:52:12.580914
2025-08-11,56628,2025081105014718,NIFRA,Sweta Securities Private Limited,Nepal Investment And Securities Trading Private Limited,37,287.0,10619.0,2025-08-11 12:52:12.581598
2025-08-11,56627,2025081105014719,NIFRA,Sweta Securities Private Limited,Sundhara Securities Limited,25,287.0,7175.0,2025-08-11 12:52:12.582456
2025-08-11,56481,2025081105014769,NIFRA,Sewa Securities Pvt. Ltd.,Sundhara Securities Limited,29,287.0,8323.0,2025-08-11 12:52:39.393058
2025-08-11,56480,2025081105014770,NIFRA,Sewa Securities Pvt. Ltd.,Himalayan Securities Limited,25,287.0,7175.0,2025-08-11 12:52:39.393550
2025-08-11,56479,2025081105014771,NIFRA,Sewa Securities Pvt. Ltd.,Naasa Securities Co. Ltd.,21,287.0,6027.0,2025-08-11 12:52:39.393758
2025-08-11,56421,2025081105014796,NIFRA,Kalika Securities Pvt. Ltd.,Kumari Securities Private Limited,24,287.0,6888.0,2025-08-11 12:53:00.560585
2025-08-11,56420,2025081105014797,NIFRA,Asian Securities Private Ltd.,Kumari Securities Private Limited,40,286.6,11464.0,2025-08-11 12:53:00.560729
2025-08-11,56290,2025081105014849,NIFRA,Asian Securities Private Ltd.,Naasa Securities Co. Ltd.,10,286.6,2866.0,2025-08-11 12:53:34.947954
2025-08-11,56289,2025081105014850,NIFRA,Naasa Securities Co. Ltd.,Naasa Securities Co. Ltd.,65,286.5,18622.5,2025-08-11 12:53:34.948450
2025-08-11,56151,2025081105014905,NIFRA,Naasa Securities Co. Ltd.,Naasa Securities Co. Ltd.,50,286.5,14325.0,2025-08-11 12:53:55.122249
2025-08-11,56150,2025081105014906,NIFRA,Dipshikha Dhitopatra Karobar Co. Pvt Ltd.,Naasa Securities Co. Ltd.,37,286.4,10596.8,2025-08-11 12:53:55.123166
2025-08-11,56149,2025081105014907,NIFRA,Kumari Securities Private Limited,Naasa Securities Co. Ltd.,213,286.4,61003.2,2025-08-11 12:53:55.123773
2025-08-11,56103,2025081105014926,NIFRA,Kumari Securities Private Limited,Dynamic Money Managers Securities Pvt. Ltd.,64,286.6,18342.4,2025-08-11 12:54:13.917621
2025-08-11,56081,2025081105014937,NIFRA,Arun Securities (PVT) Ltd.,Dipshikha Dhitopatra Karobar Co. Pvt Ltd.,54,286.5,15471.0,2025-08-11 12:54:18.000375
2025-08-11,56049,2025081105014950,NIFRA,Arun Securities (PVT) Ltd.,Sewa Securities Pvt. Ltd.,64,286.5,18336.0,2025-08-11 12:54:23.130530
2025-08-11,55985,2025081105014969,NIFRA,Capital Max Securities Ltd,Siprabi Securities Pvt. Ltd.,54,286.6,15476.4,2025-08-11 12:54:32.188603
2025-08-11,55846,2025081105015022,NIFRA,Capital Max Securities Ltd,J.F. Securites (PVT) Ltd.,10,286.6,2866.0,2025-08-11 12:55:01.603230
2025-08-11,55812,2025081105015034,NIFRA,Online Securities Pvt. Ltd.,Vision Securities Pvt. Ltd,30,287.0,8610.0,2025-08-11 12:55:11.028721
2025-08-11,55767,2025081105015054,NIFRA,Secured Securities Ltd.,Naasa Securities Co. Ltd.,1,285.0,285.0,2025-08-11 12:55:17.232360
2025-08-11,55714,2025081105015067,NIFRA,Market Securities & Exchange (PVT) Ltd.,J.F. Securites (PVT) Ltd.,4,285.0,1140.0,2025-08-11 12:55:27.658994
2025-08-11,55679,2025081105015082,NIFRA,Capital Max Securities Ltd,Aryatara Investment & Securities,54,286.6,15476.4,2025-08-11 12:55:36.099403
2025-08-11,55424,2025081105015174,NIFRA,Capital Max Securities Ltd,J.F. Securites (PVT) Ltd.,100,286.6,28660.0,2025-08-11 12:56:29.099485
2025-08-11,55123,2025081105015271,NIFRA,Capital Max Securities Ltd,Vision Securities Pvt. Ltd,282,286.6,80821.2,2025-08-11 12:57:34.381400
2025-08-11,55122,2025081105015272,NIFRA,Opal Securities Investment (PVT) Ltd.,Vision Securities Pvt. Ltd,126,286.6,36111.6,2025-08-11 12:57:34.381886
2025-08-11,54777,2025081105015394,NIFRA,Capital Max Securities Ltd,Neev Securities Pvt. Ltd.,10,286.7,2867.0,2025-08-11 12:58:39.607901
2025-08-11,54776,2025081105015395,NIFRA,Opal Securities Investment (PVT) Ltd.,Neev Securities Pvt. Ltd.,44,286.6,12610.4,2025-08-11 12:58:39.608403
2025-08-11,54764,2025081105015399,NIFRA,Imperial Securities Company Pvt. Ltd.,Vision Securities Pvt. Ltd,24,287.0,6888.0,2025-08-11 12:58:44.000284
2025-08-11,54759,2025081105015401,NIFRA,Imperial Securities Company Pvt. Ltd.,Agrawal Securities (PVT) Ltd.,21,287.0,6027.0,2025-08-11 12:58:45.548817
2025-08-11,54540,2025081105015473,NIFRA,Blue Chip Securities Ltd,Premier Securities Company Ltd.,40,287.3,11492.0,2025-08-11 12:59:43.913093
2025-08-11,54455,2025081105015504,NIFRA,Imperial Securities Company Pvt. Ltd.,Swarna Laxmi Securities Pvt. Ltd.,10,287.0,2870.0,2025-08-11 13:00:04.480280
2025-08-11,54304,2025081105015559,NIFRA,Imperial Securities Company Pvt. Ltd.,Investment Management Nepal Pvt. Ltd.,54,287.0,15498.0,2025-08-11 13:00:46.737857
2025-08-11,54246,2025081105015582,NIFRA,Linch Stock Market Ltd.,Premier Securities Company Ltd.,164,287.3,47117.2,2025-08-11 13:01:04.876966
2025-08-11,54195,2025081105015589,NIFRA,Aryatara Investment & Securities,Kumari Securities Private Limited,100,287.9,28790.0,2025-08-11 13:01:18.296661
2025-08-11,54151,2025081105015601,NIFRA,Naasa Securities Co. Ltd.,Siprabi Securities Pvt. Ltd.,20,288.0,5760.0,2025-08-11 13:01:28.586999
2025-08-11,53556,2025081105015914,NIFRA,Imperial Securities Company Pvt. Ltd.,Nepal Investment And Securities Trading Private Limited,64,287.0,18368.0,2025-08-11 13:03:23.030841
2025-08-11,53498,2025081105015938,NIFRA,Imperial Securities Company Pvt. Ltd.,Agrawal Securities (PVT) Ltd.,54,287.0,15498.0,2025-08-11 13:03:40.136761
2025-08-11,53370,2025081105015994,NIFRA,Sani Securities Company Ltd.,Vision Securities Pvt. Ltd,64,287.1,18374.4,2025-08-11 13:04:08.870260
2025-08-11,53302,2025081105016024,NIFRA,Sani Securities Company Ltd.,Aakashbhairab Securities Ltd.,100,287.2,28720.0,2025-08-11 13:04:24.798200
2025-08-11,53301,2025081105016025,NIFRA,Sani Securities Company Ltd.,Aakashbhairab Securities Ltd.,36,287.1,10335.6,2025-08-11 13:04:24.799237
2025-08-11,53300,2025081105016026,NIFRA,Trishakti Securities Public Limited,Aakashbhairab Securities Ltd.,864,287.1,248054.4,2025-08-11 13:04:24.799912
2025-08-11,53168,2025081105016055,NIFRA,Naasa Securities Co. Ltd.,Online Securities Pvt. Ltd.,50,288.0,14400.0,2025-08-11 13:04:52.643524
2025-08-11,52939,2025081105016105,NIFRA,Secured Securities Ltd.,Online Securities Pvt. Ltd.,4,285.0,1140.0,2025-08-11 13:05:31.751961
2025-08-11,52811,2025081105016144,NIFRA,Sani Securities Company Ltd.,Aryatara Investment & Securities,10,287.2,2872.0,2025-08-11 13:06:02.478366
2025-08-11,52810,2025081105016145,NIFRA,Trishakti Securities Public Limited,Aryatara Investment & Securities,44,287.1,12632.4,2025-08-11 13:06:02.479300
2025-08-11,52668,2025081105016209,NIFRA,Trishakti Securities Public Limited,Imperial Securities Company Pvt. Ltd.,92,287.1,26413.2,2025-08-11 13:06:37.741710
2025-08-11,52667,2025081105016210,NIFRA,Imperial Securities Company Pvt. Ltd.,Imperial Securities Company Pvt. Ltd.,33,287.0,9471.0,2025-08-11 13:06:37.742208
2025-08-11,52550,2025081105016256,NIFRA,Sani Securities Company Ltd.,Midas Stock Broking Company Private Limited,22,286.7,6307.4,2025-08-11 13:06:57.291440
2025-08-11,52379,2025081105016310,NIFRA,Sani Securities Company Ltd.,Prabhu Stock Market Limited,78,286.7,22362.6,2025-08-11 13:07:29.979737
2025-08-11,52378,2025081105016311,NIFRA,Opal Securities Investment (PVT) Ltd.,Prabhu Stock Market Limited,30,286.6,8598.0,2025-08-11 13:07:29.980225
2025-08-11,52377,2025081105016312,NIFRA,Kalika Securities Pvt. Ltd.,Prabhu Stock Market Limited,100,286.6,28660.0,2025-08-11 13:07:29.980446
2025-08-11,52376,2025081105016313,NIFRA,ABC Securities Private Limited,Prabhu Stock Market Limited,30,286.5,8595.0,2025-08-11 13:07:29.980657
2025-08-11,52375,2025081105016314,NIFRA,Midas Stock Broking Company Private Limited,Prabhu Stock Market Limited,50,286.5,14325.0,2025-08-11 13:07:29.980865
2025-08-11,52374,2025081105016315,NIFRA,Arun Securities (PVT) Ltd.,Prabhu Stock Market Limited,882,286.5,252693.0,2025-08-11 13:07:29.981106
2025-08-11,52076,2025081105016415,NIFRA,Kumari Securities Private Limited,Imperial Securities Company Pvt. Ltd.,210,286.4,60144.0,2025-08-11 13:08:14.252705
2025-08-11,52036,2025081105016422,NIFRA,Kumari Securities Private Limited,Kumari Securities Private Limited,90,286.4,25776.0,2025-08-11 13:08:21.922389
2025-08-11,52035,2025081105016423,NIFRA,Naasa Securities Co. Ltd.,Kumari Securities Private Limited,110,286.3,31493.0,2025-08-11 13:08:21.922933
2025-08-11,51903,2025081105016462,NIFRA,Naasa Securities Co. Ltd.,Imperial Securities Company Pvt. Ltd.,54,286.3,15460.2,2025-08-11 13:08:45.656363
2025-08-11,51793,2025081105016485,NIFRA,Naasa Securities Co. Ltd.,Vision Securities Pvt. Ltd,132,286.3,37791.6,2025-08-11 13:09:08.575676
2025-08-11,51792,2025081105016486,NIFRA,Kumari Securities Private Limited,Vision Securities Pvt. Ltd,246,286.2,70405.2,2025-08-11 13:09:08.576155
2025-08-11,51791,2025081105016487,NIFRA,Premier Securities Company Ltd.,Vision Securities Pvt. Ltd,300,286.2,85860.0,2025-08-11 13:09:08.576429
2025-08-11,51790,2025081105016488,NIFRA,Naasa Securities Co. Ltd.,Vision Securities Pvt. Ltd,100,286.1,28610.0,2025-08-11 13:09:08.576639
2025-08-11,51789,2025081105016489,NIFRA,Kumari Securities Private Limited,Vision Securities Pvt. Ltd,300,286.1,85830.0,2025-08-11 13:09:08.576845
2025-08-11,51788,2025081105016490,NIFRA,Kohinoor Investment & Securities Pvt. Ltd.,Vision Securities Pvt. Ltd,300,286.1,85830.0,2025-08-11 13:09:08.577060
2025-08-11,51787,2025081105016491,NIFRA,J.F. Securites (PVT) Ltd.,Vision Securities Pvt. Ltd,401,286.0,114686.0,2025-08-11 13:09:08.577274
2025-08-11,51786,2025081105016492,NIFRA,Linch Stock Market Ltd.,Vision Securities Pvt. Ltd,500,286.0,143000.0,2025-08-11 13:09:08.577493
2025-08-11,51785,2025081105016493,NIFRA,Kohinoor Investment & Securities Pvt. Ltd.,Vision Securities Pvt. Ltd,160,286.0,45760.0,2025-08-11 13:09:08.577702
2025-08-11,51784,2025081105016494,NIFRA,ABC Securities Private Limited,Vision Securities Pvt. Ltd,1000,286.0,286000.0,2025-08-11 13:09:08.577905
2025-08-11,51783,2025081105016495,NIFRA,ABC Securities Private Limited,Vision Securities Pvt. Ltd,13,286.0,3718.0,2025-08-11 13:09:08.578109
2025-08-11,51782,2025081105016496,NIFRA,Trishakti Securities Public Limited,Vision Securities Pvt. Ltd,100,286.0,28600.0,2025-08-11 13:09:08.578318
2025-08-11,51781,2025081105016497,NIFRA,SUN SECURITIES PVT LTD,Vision Securities Pvt. Ltd,30,286.0,8580.0,2025-08-11 13:09:08.578524
2025-08-11,51780,2025081105016498,NIFRA,Midas Stock Broking Company Private Limited,Vision Securities Pvt. Ltd,380,286.0,108680.0,2025-08-11 13:09:08.578728
2025-08-11,51779,2025081105016499,NIFRA,Naasa Securities Co. Ltd.,Vision Securities Pvt. Ltd,10,286.0,2860.0,2025-08-11 13:09:08.578932
2025-08-11,51778,2025081105016500,NIFRA,Aryatara Investment & Securities,Vision Securities Pvt. Ltd,28,286.0,8008.0,2025-08-11 13:09:08.579134
2025-08-11,51752,2025081105016507,NIFRA,Aryatara Investment & Securities,Prabhu Stock Market Limited,72,286.0,20592.0,2025-08-11 13:09:14.242017
2025-08-11,51751,2025081105016508,NIFRA,Kumari Securities Private Limited,Prabhu Stock Market Limited,500,286.0,143000.0,2025-08-11 13:09:14.242580
2025-08-11,51750,2025081105016509,NIFRA,Ashutosh Brokerage & Securities (PVT) Ltd.,Prabhu Stock Market Limited,50,286.0,14300.0,2025-08-11 13:09:14.242796
2025-08-11,51749,2025081105016510,NIFRA,Thrive Brokerage House Pvt. Ltd,Prabhu Stock Market Limited,400,286.0,114400.0,2025-08-11 13:09:14.243016
2025-08-11,51748,2025081105016511,NIFRA,Imperial Securities Company Pvt. Ltd.,Prabhu Stock Market Limited,150,286.0,42900.0,2025-08-11 13:09:14.243218
2025-08-11,51747,2025081105016512,NIFRA,Sri Hari Securities Pvt. Ltd.,Prabhu Stock Market Limited,45,286.0,12870.0,2025-08-11 13:09:14.243440
2025-08-11,51746,2025081105016513,NIFRA,Neev Securities Pvt. Ltd.,Prabhu Stock Market Limited,200,286.0,57200.0,2025-08-11 13:09:14.243656
2025-08-11,51629,2025081105016546,NIFRA,Dakshinkali Investment & Securities Pvt. Ltd.,Prabhu Stock Market Limited,100,286.0,28600.0,2025-08-11 13:09:39.971221
2025-08-11,51499,2025081105016586,NIFRA,Imperial Securities Company Pvt. Ltd.,J.F. Securites (PVT) Ltd.,54,285.6,15422.4,2025-08-11 13:10:01.574638
2025-08-11,51119,2025081105016706,NIFRA,Agrawal Securities (PVT) Ltd.,Imperial Securities Company Pvt. Ltd.,54,285.7,15427.8,2025-08-11 13:11:15.579513
2025-08-11,51085,2025081105016721,NIFRA,Agrawal Securities (PVT) Ltd.,Naasa Securities Co. Ltd.,46,285.7,13142.2,2025-08-11 13:11:25.265077
2025-08-11,51084,2025081105016722,NIFRA,Imperial Securities Company Pvt. Ltd.,Naasa Securities Co. Ltd.,18,285.6,5140.8,2025-08-11 13:11:25.265556
2025-08-11,51035,2025081105016746,NIFRA,Imperial Securities Company Pvt. Ltd.,Imperial Securities Company Pvt. Ltd.,50,285.6,14280.0,2025-08-11 13:11:36.819502
2025-08-11,50967,2025081105016761,NIFRA,Imperial Securities Company Pvt. Ltd.,Trishakti Securities Public Limited,64,285.6,18278.4,2025-08-11 13:11:58.821017
2025-08-11,50929,2025081105016768,NIFRA,Imperial Securities Company Pvt. Ltd.,Dipshikha Dhitopatra Karobar Co. Pvt Ltd.,54,285.6,15422.4,2025-08-11 13:12:03.747577
2025-08-11,50901,2025081105016774,NIFRA,Imperial Securities Company Pvt. Ltd.,Imperial Securities Company Pvt. Ltd.,64,285.6,18278.4,2025-08-11 13:12:14.330030
2025-08-11,50894,2025081105016781,NIFRA,Imperial Securities Company Pvt. Ltd.,Midas Stock Broking Company Private Limited,46,285.6,13137.6,2025-08-11 13:12:15.678824
2025-08-11,50707,2025081105016820,NIFRA,Creative Securities Pvt Ltd,Prabhu Stock Market Limited,500,285.5,142750.0,2025-08-11 13:12:48.953301
2025-08-11,50670,2025081105016833,NIFRA,Capital Max Securities Ltd,Prabhu Stock Market Limited,10,285.5,2855.0,2025-08-11 13:12:56.670213
2025-08-11,50621,2025081105016841,NIFRA,Nepal Investment And Securities Trading Private Limited,Naasa Securities Co. Ltd.,500,285.3,142650.0,2025-08-11 13:13:03.736680
2025-08-11,50620,2025081105016842,NIFRA,Naasa Securities Co. Ltd.,Naasa Securities Co. Ltd.,105,285.2,29946.0,2025-08-11 13:13:03.737598
2025-08-11,50619,2025081105016843,NIFRA,Kumari Securities Private Limited,Naasa Securities Co. Ltd.,300,285.2,85560.0,2025-08-11 13:13:03.738238
2025-08-11,50618,2025081105016844,NIFRA,Elite Stock House Limited,Naasa Securities Co. Ltd.,200,285.1,57020.0,2025-08-11 13:13:03.738870
2025-08-11,50617,2025081105016845,NIFRA,South Asian Bulls Pvt. Ltd.,Naasa Securities Co. Ltd.,20,285.1,5702.0,2025-08-11 13:13:03.739484
2025-08-11,50616,2025081105016846,NIFRA,Vision Securities Pvt. Ltd,Naasa Securities Co. Ltd.,108,285.1,30790.8,2025-08-11 13:13:03.740088
2025-08-11,50453,2025081105016902,NIFRA,Vision Securities Pvt. Ltd,Aryatara Investment & Securities,54,285.1,15395.4,2025-08-11 13:13:35.869750
2025-08-11,50443,2025081105016904,NIFRA,Online Securities Pvt. Ltd.,Thrive Brokerage House Pvt. Ltd,64,285.2,18252.8,2025-08-11 13:13:38.947616
2025-08-11,50372,2025081105016940,NIFRA,Online Securities Pvt. Ltd.,Imperial Securities Company Pvt. Ltd.,200,285.2,57040.0,2025-08-11 13:13:50.503130
2025-08-11,50338,2025081105016949,NIFRA,Online Securities Pvt. Ltd.,Kalika Securities Pvt. Ltd.,36,285.2,10267.2,2025-08-11 13:13:55.109466
2025-08-11,50337,2025081105016950,NIFRA,Nepal Stock House (PVT) Ltd.,Kalika Securities Pvt. Ltd.,30,285.2,8556.0,2025-08-11 13:13:55.109943
2025-08-11,50189,2025081105016994,NIFRA,Vision Securities Pvt. Ltd,Prabhu Stock Market Limited,838,285.1,238913.8,2025-08-11 13:14:18.164402
2025-08-11,50188,2025081105016995,NIFRA,Kohinoor Investment & Securities Pvt. Ltd.,Prabhu Stock Market Limited,250,285.1,71275.0,2025-08-11 13:14:18.165333
2025-08-11,50187,2025081105016996,NIFRA,Kumari Securities Private Limited,Prabhu Stock Market Limited,300,285.1,85530.0,2025-08-11 13:14:18.165974
2025-08-11,50186,2025081105016997,NIFRA,Siprabi Securities Pvt. Ltd.,Prabhu Stock Market Limited,95,285.1,27084.5,2025-08-11 13:14:18.166611
2025-08-11,50178,2025081105016999,NIFRA,Sani Securities Company Ltd.,ABC Securities Private Limited,350,285.1,99785.0,2025-08-11 13:14:19.411935
2025-08-11,50177,2025081105017000,NIFRA,Sani Securities Company Ltd.,ABC Securities Private Limited,220,285.1,62722.0,2025-08-11 13:14:19.412427
2025-08-11,50145,2025081105017009,NIFRA,Sri Hari Securities Pvt. Ltd.,Prabhu Stock Market Limited,16,285.0,4560.0,2025-08-11 13:14:26.186250
2025-08-11,50144,2025081105017010,NIFRA,Imperial Securities Company Pvt. Ltd.,Prabhu Stock Market Limited,1000,285.0,285000.0,2025-08-11 13:14:26.187159
2025-08-11,50143,2025081105017011,NIFRA,Sumeru Securities Pvt. Ltd.,Prabhu Stock Market Limited,50,285.0,14250.0,2025-08-11 13:14:26.187841
2025-08-11,50142,2025081105017012,NIFRA,ABC Securities Private Limited,Prabhu Stock Market Limited,254,285.0,72390.0,2025-08-11 13:14:26.188599
2025-08-11,50121,2025081105017018,NIFRA,Capital Max Securities Ltd,ABC Securities Private Limited,10,285.1,2851.0,2025-08-11 13:14:28.114932
2025-08-11,50106,2025081105017024,NIFRA,ABC Securities Private Limited,Bhrikuti Stock Broking Co. Pvt. Ltd.,64,285.0,18240.0,2025-08-11 13:14:30.479682
2025-08-11,50080,2025081105017032,NIFRA,ABC Securities Private Limited,Aakashbhairab Securities Ltd.,500,285.0,142500.0,2025-08-11 13:14:33.613421
2025-08-11,50045,2025081105017040,NIFRA,ABC Securities Private Limited,Agrawal Securities (PVT) Ltd.,130,285.0,37050.0,2025-08-11 13:14:45.484260
2025-08-11,50021,2025081105017048,NIFRA,ABC Securities Private Limited,ABC Securities Private Limited,52,285.0,14820.0,2025-08-11 13:14:47.629849
2025-08-11,50020,2025081105017049,NIFRA,Linch Stock Market Ltd.,ABC Securities Private Limited,250,285.0,71250.0,2025-08-11 13:14:47.630336
2025-08-11,50019,2025081105017050,NIFRA,Primo Securities (PVT) Ltd.,ABC Securities Private Limited,1018,285.0,290130.0,2025-08-11 13:14:47.630555
2025-08-11,50016,2025081105017052,NIFRA,Primo Securities (PVT) Ltd.,Investment Management Nepal Pvt. Ltd.,64,285.0,18240.0,2025-08-11 13:14:49.143840
2025-08-11,49933,2025081105017089,NIFRA,Primo Securities (PVT) Ltd.,Prabhu Stock Market Limited,918,285.0,261630.0,2025-08-11 13:15:02.485923
2025-08-11,49932,2025081105017090,NIFRA,Naasa Securities Co. Ltd.,Prabhu Stock Market Limited,82,285.0,23370.0,2025-08-11 13:15:02.486373
2025-08-11,49643,2025081105017240,NIFRA,Siprabi Securities Pvt. Ltd.,Dynamic Money Managers Securities Pvt. Ltd.,5,285.1,1425.5,2025-08-11 13:15:46.659389
2025-08-11,49571,2025081105017262,NIFRA,Oxford Securities Pvt. Ltd.,Kalika Securities Pvt. Ltd.,96,285.2,27379.2,2025-08-11 13:16:08.496678
2025-08-11,49558,2025081105017267,NIFRA,Oxford Securities Pvt. Ltd.,Asian Securities Private Ltd.,64,285.2,18252.8,2025-08-11 13:16:12.678759
2025-08-11,49518,2025081105017269,NIFRA,Naasa Securities Co. Ltd.,Opal Securities Investment (PVT) Ltd.,50,285.4,14270.0,2025-08-11 13:16:16.025159
2025-08-11,49517,2025081105017270,NIFRA,Naasa Securities Co. Ltd.,South Asian Bulls Pvt. Ltd.,150,286.0,42900.0,2025-08-11 13:16:16.025728
2025-08-11,49446,2025081105017302,NIFRA,Naasa Securities Co. Ltd.,Cristal Kanchanjanga Securites Pvt. Ltd.,6,287.0,1722.0,2025-08-11 13:16:39.477800
2025-08-11,49360,2025081105017331,NIFRA,Oxford Securities Pvt. Ltd.,Online Securities Pvt. Ltd.,140,285.2,39928.0,2025-08-11 13:16:58.834746
2025-08-11,49201,2025081105017356,NIFRA,Sweta Securities Private Limited,BHOLE GANESH SECURITIES LTD,19,285.1,5416.9,2025-08-11 13:17:26.659086
2025-08-11,49200,2025081105017357,NIFRA,Dipshikha Dhitopatra Karobar Co. Pvt Ltd.,BHOLE GANESH SECURITIES LTD,250,285.1,71275.0,2025-08-11 13:17:26.659161
2025-08-11,49199,2025081105017358,NIFRA,Sharepro Securities Private Limited,BHOLE GANESH SECURITIES LTD,2000,285.1,570200.0,2025-08-11 13:17:26.659191
2025-08-11,49198,2025081105017359,NIFRA,Kohinoor Investment & Securities Pvt. Ltd.,BHOLE GANESH SECURITIES LTD,731,285.1,208408.1,2025-08-11 13:17:26.659221
2025-08-11,49196,2025081105017360,NIFRA,Kohinoor Investment & Securities Pvt. Ltd.,Online Securities Pvt. Ltd.,269,285.1,76691.9,2025-08-11 13:17:27.040613
2025-08-11,49195,2025081105017361,NIFRA,Kumari Securities Private Limited,Online Securities Pvt. Ltd.,300,285.1,85530.0,2025-08-11 13:17:27.041060
2025-08-11,49191,2025081105017363,NIFRA,Aryatara Investment & Securities,Online Securities Pvt. Ltd.,431,285.1,122878.1,2025-08-11 13:17:29.991927
2025-08-11,49162,2025081105017373,NIFRA,Aryatara Investment & Securities,INDEX SECURITIES LIMITED,54,285.2,15400.8,2025-08-11 13:17:35.976722
2025-08-11,49145,2025081105017374,NIFRA,Aryatara Investment & Securities,Prabhu Stock Market Limited,15,285.2,4278.0,2025-08-11 13:17:36.864333
2025-08-11,49144,2025081105017375,NIFRA,Asian Securities Private Ltd.,Prabhu Stock Market Limited,500,285.1,142550.0,2025-08-11 13:17:36.864912
2025-08-11,49143,2025081105017376,NIFRA,Naasa Securities Co. Ltd.,Prabhu Stock Market Limited,168,285.0,47880.0,2025-08-11 13:17:36.865147
2025-08-11,49142,2025081105017377,NIFRA,Naasa Securities Co. Ltd.,Prabhu Stock Market Limited,75,285.0,21375.0,2025-08-11 13:17:36.865367
2025-08-11,49141,2025081105017378,NIFRA,Agrawal Securities (PVT) Ltd.,Prabhu Stock Market Limited,70,285.0,19950.0,2025-08-11 13:17:36.865584
2025-08-11,49140,2025081105017379,NIFRA,Kohinoor Investment & Securities Pvt. Ltd.,Prabhu Stock Market Limited,172,285.0,49020.0,2025-08-11 13:17:36.865849
2025-08-11,49076,2025081105017395,NIFRA,Naasa Securities Co. Ltd.,Aakashbhairab Securities Ltd.,24,285.9,6861.6,2025-08-11 13:17:45.648772
2025-08-11,49075,2025081105017396,NIFRA,Kohinoor Investment & Securities Pvt. Ltd.,Aakashbhairab Securities Ltd.,28,285.0,7980.0,2025-08-11 13:17:45.649670
2025-08-11,49074,2025081105017397,NIFRA,Vision Securities Pvt. Ltd,Aakashbhairab Securities Ltd.,500,285.0,142500.0,2025-08-11 13:17:45.650273
2025-08-11,49073,2025081105017398,NIFRA,Vision Securities Pvt. Ltd,Aakashbhairab Securities Ltd.,448,285.0,127680.0,2025-08-11 13:17:45.650875
2025-08-11,48955,2025081105017432,NIFRA,Vision Securities Pvt. Ltd,Asian Securities Private Ltd.,52,285.0,14820.0,2025-08-11 13:18:08.397811
2025-08-11,48894,2025081105017439,NIFRA,Aryatara Investment & Securities,Primo Securities (PVT) Ltd.,64,285.1,18246.4,2025-08-11 13:18:22.610496
2025-08-11,48652,2025081105017515,NIFRA,Naasa Securities Co. Ltd.,South Asian Bulls Pvt. Ltd.,16,286.0,4576.0,2025-08-11 13:19:14.312511
2025-08-11,48477,2025081105017568,NIFRA,Kohinoor Investment & Securities Pvt. Ltd.,South Asian Bulls Pvt. Ltd.,134,286.0,38324.0,2025-08-11 13:19:43.863534
2025-08-11,48476,2025081105017569,NIFRA,Kohinoor Investment & Securities Pvt. Ltd.,Siprabi Securities Pvt. Ltd.,366,286.0,104676.0,2025-08-11 13:19:43.864024
2025-08-11,48421,2025081105017600,NIFRA,Agrawal Securities (PVT) Ltd.,Sumeru Securities Pvt. Ltd.,54,285.3,15406.2,2025-08-11 13:20:01.924508
2025-08-11,48227,2025081105017671,NIFRA,ABC Securities Private Limited,Asian Securities Private Ltd.,2,287.5,575.0,2025-08-11 13:20:30.357421
2025-08-11,48092,2025081105017700,NIFRA,South Asian Bulls Pvt. Ltd.,Siprabi Securities Pvt. Ltd.,134,286.0,38324.0,2025-08-11 13:20:48.501801
2025-08-11,48091,2025081105017701,NIFRA,South Asian Bulls Pvt. Ltd.,Opal Securities Investment (PVT) Ltd.,108,286.0,30888.0,2025-08-11 13:20:48.502429
2025-08-11,48090,2025081105017702,NIFRA,South Asian Bulls Pvt. Ltd.,Kalika Securities Pvt. Ltd.,400,286.0,114400.0,2025-08-11 13:20:48.502661
2025-08-11,48089,2025081105017703,NIFRA,South Asian Bulls Pvt. Ltd.,Trisul Securities & Invt. Ltd.,43,286.0,12298.0,2025-08-11 13:20:48.502880
2025-08-11,48088,2025081105017704,NIFRA,South Asian Bulls Pvt. Ltd.,Dakshinkali Investment & Securities Pvt. Ltd.,54,286.0,15444.0,2025-08-11 13:20:48.503092
2025-08-11,47417,2025081105017918,NIFRA,Naasa Securities Co. Ltd.,Sumeru Securities Pvt. Ltd.,20,286.0,5720.0,2025-08-11 13:23:07.576256
2025-08-11,47416,2025081105017919,NIFRA,Agrawal Securities (PVT) Ltd.,Sumeru Securities Pvt. Ltd.,34,285.3,9700.2,2025-08-11 13:23:07.576327
2025-08-11,46955,2025081105018079,NIFRA,Sundhara Securities Limited,Aryatara Investment & Securities,64,285.4,18265.6,2025-08-11 13:24:26.710077
2025-08-11,46587,2025081105018175,NIFRA,Sundhara Securities Limited,Prabhu Stock Market Limited,540,285.5,154170.0,2025-08-11 13:25:32.058405
2025-08-11,46586,2025081105018176,NIFRA,Nepal Investment And Securities Trading Private Limited,Prabhu Stock Market Limited,70,285.5,19985.0,2025-08-11 13:25:32.058933
2025-08-11,46532,2025081105018195,NIFRA,Sundhara Securities Limited,Prabhu Stock Market Limited,36,285.4,10274.4,2025-08-11 13:25:45.102703
2025-08-11,46531,2025081105018196,NIFRA,Agrawal Securities (PVT) Ltd.,Prabhu Stock Market Limited,100,285.4,28540.0,2025-08-11 13:25:45.103203
2025-08-11,46522,2025081105018198,NIFRA,Agrawal Securities (PVT) Ltd.,Dipshikha Dhitopatra Karobar Co. Pvt Ltd.,12,285.3,3423.6,2025-08-11 13:25:46.863451
2025-08-11,46521,2025081105018199,NIFRA,Sumeru Securities Pvt. Ltd.,Dipshikha Dhitopatra Karobar Co. Pvt Ltd.,52,285.2,14830.4,2025-08-11 13:25:46.863628
2025-08-11,46488,2025081105018209,NIFRA,Sumeru Securities Pvt. Ltd.,Prabhu Stock Market Limited,148,285.2,42209.6,2025-08-11 13:25:52.120389
2025-08-11,46487,2025081105018210,NIFRA,Kalika Securities Pvt. Ltd.,Prabhu Stock Market Limited,17,285.2,4848.4,2025-08-11 13:25:52.120884
2025-08-11,46486,2025081105018211,NIFRA,Aryatara Investment & Securities,Prabhu Stock Market Limited,36,285.1,10263.6,2025-08-11 13:25:52.121141
2025-08-11,46485,2025081105018212,NIFRA,Vision Securities Pvt. Ltd,Prabhu Stock Market Limited,53,285.1,15110.3,2025-08-11 13:25:52.121407
2025-08-11,46400,2025081105018259,NIFRA,Midas Stock Broking Company Private Limited,Investment Management Nepal Pvt. Ltd.,54,286.0,15444.0,2025-08-11 13:26:11.489940
2025-08-11,46399,2025081105018260,NIFRA,Midas Stock Broking Company Private Limited,Nabil Stock Dealer Ltd.,1946,286.3,557139.8,2025-08-11 13:26:11.490446
2025-08-11,46386,2025081105018262,NIFRA,Miyo Securities Pvt Ltd,Nabil Stock Dealer Ltd.,10,286.3,2863.0,2025-08-11 13:26:13.461561
2025-08-11,46362,2025081105018266,NIFRA,Vision Securities Pvt. Ltd,Dipshikha Dhitopatra Karobar Co. Pvt Ltd.,54,285.1,15395.4,2025-08-11 13:26:17.188985
2025-08-11,46260,2025081105018301,NIFRA,SUN SECURITIES PVT LTD,Nabil Stock Dealer Ltd.,44,286.3,12597.2,2025-08-11 13:26:40.161335
2025-08-11,46259,2025081105018302,NIFRA,SUN SECURITIES PVT LTD,Dipshikha Dhitopatra Karobar Co. Pvt Ltd.,34,286.4,9737.6,2025-08-11 13:26:40.161805
2025-08-11,46258,2025081105018303,NIFRA,SUN SECURITIES PVT LTD,Online Securities Pvt. Ltd.,54,287.0,15498.0,2025-08-11 13:26:40.162177
2025-08-11,46257,2025081105018304,NIFRA,SUN SECURITIES PVT LTD,Aryatara Investment & Securities,61,287.8,17555.8,2025-08-11 13:26:40.162441
2025-08-11,46214,2025081105018322,NIFRA,Aryatara Investment & Securities,Linch Stock Market Ltd.,54,285.2,15400.8,2025-08-11 13:26:43.371471
