Date,S.N.,contract_id,symbol,buyer_broker,seller_broker,volume,price,amount,transaction_time
2025-08-11,91943,2025081103000808,NLICL,SUN SECURITIES PVT LTD,Sundhara Securities Limited,153,632.0,96696.0,2025-08-11 11:16:22.599667
2025-08-11,90295,2025081103001051,NLICL,SUN SECURITIES PVT LTD,Citizens Share Broker Limited,347,632.0,219304.0,2025-08-11 11:20:12.223594
2025-08-11,90294,2025081103001052,NLICL,Bhrikuti Stock Broking Co. Pvt. Ltd.,Citizens Share Broker Limited,250,631.1,157775.0,2025-08-11 11:20:12.223651
2025-08-11,90293,2025081103001053,NLICL,Imperial Securities Company Pvt. Ltd.,Citizens Share Broker Limited,203,631.0,128093.0,2025-08-11 11:20:12.223678
2025-08-11,88717,2025081103001207,NLICL,Opal Securities Investment (PVT) Ltd.,Sri Hari Securities Pvt. Ltd.,40,631.1,25244.0,2025-08-11 11:24:22.837475
2025-08-11,85922,2025081103001539,NLICL,Neev Securities Pvt. Ltd.,Opal Securities Investment (PVT) Ltd.,100,633.1,63310.0,2025-08-11 11:30:43.930016
2025-08-11,85921,2025081103001540,NLICL,Nagarik Stock Dealer ,Opal Securities Investment (PVT) Ltd.,100,633.0,63300.0,2025-08-11 11:30:43.930135
2025-08-11,85242,2025081103001620,NLICL,Nagarik Stock Dealer ,Thrive Brokerage House Pvt. Ltd,100,633.0,63300.0,2025-08-11 11:32:13.898262
2025-08-11,85241,2025081103001621,NLICL,Thrive Brokerage House Pvt. Ltd,Thrive Brokerage House Pvt. Ltd,100,633.0,63300.0,2025-08-11 11:32:13.898354
2025-08-11,85176,2025081103001631,NLICL,Neev Securities Pvt. Ltd.,Thrive Brokerage House Pvt. Ltd,91,633.0,57603.0,2025-08-11 11:32:24.005722
2025-08-11,82928,2025081103001982,NLICL,Neev Securities Pvt. Ltd.,Indira securities pvt. ltd,40,636.0,25440.0,2025-08-11 11:37:04.640787
2025-08-11,82927,2025081103001983,NLICL,Neev Securities Pvt. Ltd.,Malla & Malla Stock Broking Company Pvt. Limited,69,636.0,43884.0,2025-08-11 11:37:04.640849
2025-08-11,79308,2025081103002554,NLICL,Trishakti Securities Public Limited,Dynamic Money Managers Securities Pvt. Ltd.,1000,633.2,633200.0,2025-08-11 11:46:00.780727
2025-08-11,79307,2025081103002555,NLICL,Nepal Investment And Securities Trading Private Limited,Dynamic Money Managers Securities Pvt. Ltd.,1000,633.2,633200.0,2025-08-11 11:46:00.780868
2025-08-11,77252,2025081103003016,NLICL,Opal Securities Investment (PVT) Ltd.,Agrawal Securities (PVT) Ltd.,20,631.1,12622.0,2025-08-11 11:51:20.963635
2025-08-11,76437,2025081103003169,NLICL,Opal Securities Investment (PVT) Ltd.,Deevyaa Securities & Stock House Pvt. Ltd,40,631.1,25244.0,2025-08-11 11:53:14.977679
2025-08-11,76436,2025081103003170,NLICL,Trishakti Securities Public Limited,Deevyaa Securities & Stock House Pvt. Ltd,57,631.1,35972.7,2025-08-11 11:53:14.977841
2025-08-11,76435,2025081103003171,NLICL,Trishakti Securities Public Limited,Deevyaa Securities & Stock House Pvt. Ltd,400,631.1,252440.0,2025-08-11 11:53:14.977936
2025-08-11,76434,2025081103003172,NLICL,Imperial Securities Company Pvt. Ltd.,Deevyaa Securities & Stock House Pvt. Ltd,297,631.0,187407.0,2025-08-11 11:53:14.978045
2025-08-11,76433,2025081103003173,NLICL,Vision Securities Pvt. Ltd,Deevyaa Securities & Stock House Pvt. Ltd,16,631.0,10096.0,2025-08-11 11:53:14.978161
2025-08-11,76432,2025081103003174,NLICL,Nagarik Stock Dealer ,Deevyaa Securities & Stock House Pvt. Ltd,20,630.1,12602.0,2025-08-11 11:53:14.978286
2025-08-11,76431,2025081103003175,NLICL,Kalika Securities Pvt. Ltd.,Deevyaa Securities & Stock House Pvt. Ltd,100,630.0,63000.0,2025-08-11 11:53:14.978443
2025-08-11,76430,2025081103003176,NLICL,Vision Securities Pvt. Ltd,Deevyaa Securities & Stock House Pvt. Ltd,300,630.0,189000.0,2025-08-11 11:53:14.978534
2025-08-11,76429,2025081103003177,NLICL,Vision Securities Pvt. Ltd,Deevyaa Securities & Stock House Pvt. Ltd,100,630.0,63000.0,2025-08-11 11:53:14.978625
2025-08-11,76428,2025081103003178,NLICL,Prabhu Stock Market Limited,Deevyaa Securities & Stock House Pvt. Ltd,70,630.0,44100.0,2025-08-11 11:53:14.978741
2025-08-11,76057,2025081103003266,NLICL,Prabhu Stock Market Limited,Deevyaa Securities & Stock House Pvt. Ltd,30,630.0,18900.0,2025-08-11 11:54:05.221677
2025-08-11,76056,2025081103003267,NLICL,Premier Securities Company Ltd.,Deevyaa Securities & Stock House Pvt. Ltd,100,630.0,63000.0,2025-08-11 11:54:05.221765
2025-08-11,76055,2025081103003268,NLICL,Naasa Securities Co. Ltd.,Deevyaa Securities & Stock House Pvt. Ltd,40,630.0,25200.0,2025-08-11 11:54:05.221796
2025-08-11,76054,2025081103003269,NLICL,Premier Securities Company Ltd.,Deevyaa Securities & Stock House Pvt. Ltd,490,630.0,308700.0,2025-08-11 11:54:05.221820
2025-08-11,73841,2025081103003771,NLICL,Premier Securities Company Ltd.,Cristal Kanchanjanga Securites Pvt. Ltd.,10,634.0,6340.0,2025-08-11 11:59:22.118739
2025-08-11,73087,2025081103003921,NLICL,Online Securities Pvt. Ltd.,Naasa Securities Co. Ltd.,30,629.0,18870.0,2025-08-11 12:01:35.132427
2025-08-11,71294,2025081103004169,NLICL,Nepal Stock House (PVT) Ltd.,Cristal Kanchanjanga Securites Pvt. Ltd.,90,634.0,57060.0,2025-08-11 12:06:44.772329
2025-08-11,71293,2025081103004170,NLICL,Nepal Stock House (PVT) Ltd.,Malla & Malla Stock Broking Company Pvt. Limited,10,634.0,6340.0,2025-08-11 12:06:44.772408
2025-08-11,70921,2025081103004229,NLICL,Nepal Stock House (PVT) Ltd.,K.B.L. Securities Limited ,100,630.3,63030.0,2025-08-11 12:07:48.095952
2025-08-11,70920,2025081103004230,NLICL,Nepal Stock House (PVT) Ltd.,K.B.L. Securities Limited ,100,630.2,63020.0,2025-08-11 12:07:48.096052
2025-08-11,70919,2025081103004231,NLICL,Online Securities Pvt. Ltd.,K.B.L. Securities Limited ,300,630.1,189030.0,2025-08-11 12:07:48.096087
2025-08-11,70095,2025081103004395,NLICL,Imperial Securities Company Pvt. Ltd.,Sri Hari Securities Pvt. Ltd.,8,625.0,5000.0,2025-08-11 12:10:09.291784
2025-08-11,68068,2025081103004825,NLICL,Sharepro Securities Private Limited,Deevyaa Securities & Stock House Pvt. Ltd,1000,631.0,631000.0,2025-08-11 12:15:03.288063
2025-08-11,68067,2025081103004826,NLICL,Nepal Stock House (PVT) Ltd.,Deevyaa Securities & Stock House Pvt. Ltd,100,630.3,63030.0,2025-08-11 12:15:03.288101
2025-08-11,68066,2025081103004827,NLICL,Nepal Stock House (PVT) Ltd.,Deevyaa Securities & Stock House Pvt. Ltd,100,630.2,63020.0,2025-08-11 12:15:03.288124
2025-08-11,68065,2025081103004828,NLICL,Online Securities Pvt. Ltd.,Deevyaa Securities & Stock House Pvt. Ltd,140,630.1,88214.0,2025-08-11 12:15:03.288147
2025-08-11,66254,2025081103005137,NLICL,Nepal Stock House (PVT) Ltd.,Vision Securities Pvt. Ltd,100,630.6,63060.0,2025-08-11 12:20:07.194063
2025-08-11,64842,2025081103005403,NLICL,Bhrikuti Stock Broking Co. Pvt. Ltd.,Nepal Investment And Securities Trading Private Limited,7,630.0,4410.0,2025-08-11 12:23:38.027071
2025-08-11,62799,2025081103005742,NLICL,J.F. Securites (PVT) Ltd.,Malla & Malla Stock Broking Company Pvt. Limited,10,634.0,6340.0,2025-08-11 12:29:55.270390
2025-08-11,61914,2025081103005907,NLICL,NIMB Stock Markets Limited,Online Securities Pvt. Ltd.,2000,631.2,1262400.0,2025-08-11 12:32:50.461774
2025-08-11,61913,2025081103005908,NLICL,Sharepro Securities Private Limited,Online Securities Pvt. Ltd.,2000,631.0,1262000.0,2025-08-11 12:32:50.461867
2025-08-11,59461,2025081103006259,NLICL,Nepal Stock House (PVT) Ltd.,Primo Securities (PVT) Ltd.,154,631.1,97189.4,2025-08-11 12:41:25.585002
2025-08-11,55460,2025081103006961,NLICL,Online Securities Pvt. Ltd.,Shree Krishna Securities Ltd.,223,631.9,140913.7,2025-08-11 12:56:20.227125
2025-08-11,55393,2025081103006971,NLICL,Shree Krishna Securities Ltd.,Malla & Malla Stock Broking Company Pvt. Limited,11,634.0,6974.0,2025-08-11 12:56:35.281988
2025-08-11,55392,2025081103006972,NLICL,Shree Krishna Securities Ltd.,Siprabi Securities Pvt. Ltd.,10,637.0,6370.0,2025-08-11 12:56:35.282032
2025-08-11,54805,2025081103007074,NLICL,Sharepro Securities Private Limited,K.B.L. Securities Limited ,161,632.0,101752.0,2025-08-11 12:58:33.292353
2025-08-11,53510,2025081103007311,NLICL,Agrawal Securities (PVT) Ltd.,Nepal Stock House (PVT) Ltd.,257,633.0,162681.0,2025-08-11 13:03:36.772990
2025-08-11,47075,2025081103008507,NLICL,Naasa Securities Co. Ltd.,Siprabi Securities Pvt. Ltd.,40,637.0,25480.0,2025-08-11 13:24:01.623076
2025-08-11,47074,2025081103008508,NLICL,Naasa Securities Co. Ltd.,Dynamic Money Managers Securities Pvt. Ltd.,10,637.0,6370.0,2025-08-11 13:24:01.623158
2025-08-11,44385,2025081103009053,NLICL,Online Securities Pvt. Ltd.,Linch Stock Market Ltd.,100,637.9,63790.0,2025-08-11 13:32:15.937974
2025-08-11,44384,2025081103009054,NLICL,Online Securities Pvt. Ltd.,Linch Stock Market Ltd.,1000,638.0,638000.0,2025-08-11 13:32:15.938078
2025-08-11,44383,2025081103009055,NLICL,Online Securities Pvt. Ltd.,Dynamic Money Managers Securities Pvt. Ltd.,19,638.0,12122.0,2025-08-11 13:32:15.938114
2025-08-11,44382,2025081103009056,NLICL,Online Securities Pvt. Ltd.,Sani Securities Company Ltd.,20,638.0,12760.0,2025-08-11 13:32:15.938173
2025-08-11,38768,2025081103010005,NLICL,Online Securities Pvt. Ltd.,Dipshikha Dhitopatra Karobar Co. Pvt Ltd.,20,633.3,12666.0,2025-08-11 13:46:59.741208
2025-08-11,31948,2025081103011129,NLICL,Online Securities Pvt. Ltd.,Premier Securities Company Ltd.,10,633.3,6333.0,2025-08-11 14:08:10.586958
2025-08-11,31605,2025081103011202,NLICL,Online Securities Pvt. Ltd.,Nepal Investment And Securities Trading Private Limited,393,633.3,248886.9,2025-08-11 14:09:13.427018
2025-08-11,30895,2025081103011313,NLICL,Online Securities Pvt. Ltd.,Shree Krishna Securities Ltd.,274,633.3,173524.2,2025-08-11 14:10:55.100188
2025-08-11,30830,2025081103011324,NLICL,Online Securities Pvt. Ltd.,Dakshinkali Investment & Securities Pvt. Ltd.,200,633.3,126660.0,2025-08-11 14:11:06.739286
2025-08-11,26264,2025081103012063,NLICL,Deevyaa Securities & Stock House Pvt. Ltd,Vision Securities Pvt. Ltd,300,634.0,190200.0,2025-08-11 14:23:42.401844
2025-08-11,25454,2025081103012233,NLICL,Deevyaa Securities & Stock House Pvt. Ltd,Nepal Stock House (PVT) Ltd.,12,634.0,7608.0,2025-08-11 14:25:38.693354
2025-08-11,24745,2025081103012336,NLICL,Online Securities Pvt. Ltd.,Naasa Securities Co. Ltd.,168,635.0,106680.0,2025-08-11 14:27:46.408542
2025-08-11,24242,2025081103012418,NLICL,Deevyaa Securities & Stock House Pvt. Ltd,Imperial Securities Company Pvt. Ltd.,100,634.0,63400.0,2025-08-11 14:29:10.923115
2025-08-11,17964,2025081103013555,NLICL,Sharepro Securities Private Limited,Deevyaa Securities & Stock House Pvt. Ltd,250,634.5,158625.0,2025-08-11 14:41:56.046405
2025-08-11,17963,2025081103013556,NLICL,Sharepro Securities Private Limited,Naasa Securities Co. Ltd.,900,635.0,571500.0,2025-08-11 14:41:56.046513
2025-08-11,17962,2025081103013557,NLICL,Sharepro Securities Private Limited,Dynamic Money Managers Securities Pvt. Ltd.,10,635.0,6350.0,2025-08-11 14:41:56.046588
2025-08-11,16217,2025081103013898,NLICL,Deevyaa Securities & Stock House Pvt. Ltd,Naasa Securities Co. Ltd.,88,634.0,55792.0,2025-08-11 14:44:23.603551
2025-08-11,16216,2025081103013899,NLICL,Sharepro Securities Private Limited,Naasa Securities Co. Ltd.,662,634.0,419708.0,2025-08-11 14:44:23.603670
2025-08-11,15047,2025081103014196,NLICL,Sharepro Securities Private Limited,Trisul Securities & Invt. Ltd.,17,635.0,10795.0,2025-08-11 14:45:45.331583
2025-08-11,14584,2025081103014304,NLICL,Linch Stock Market Ltd.,Vision Securities Pvt. Ltd,100,634.0,63400.0,2025-08-11 14:46:20.288652
2025-08-11,14583,2025081103014305,NLICL,Online Securities Pvt. Ltd.,Vision Securities Pvt. Ltd,900,633.5,570150.0,2025-08-11 14:46:20.288755
2025-08-11,12973,2025081103014592,NLICL,Online Securities Pvt. Ltd.,Cristal Kanchanjanga Securites Pvt. Ltd.,203,633.5,128600.5,2025-08-11 14:48:13.765811
2025-08-11,12972,2025081103014593,NLICL,Market Securities & Exchange (PVT) Ltd.,Cristal Kanchanjanga Securites Pvt. Ltd.,100,633.4,63340.0,2025-08-11 14:48:13.765916
2025-08-11,12971,2025081103014594,NLICL,Deevyaa Securities & Stock House Pvt. Ltd,Cristal Kanchanjanga Securites Pvt. Ltd.,472,633.4,298964.8,2025-08-11 14:48:13.765981
2025-08-11,12966,2025081103014595,NLICL,Deevyaa Securities & Stock House Pvt. Ltd,Aakashbhairab Securities Ltd.,28,633.4,17735.2,2025-08-11 14:48:14.366316
2025-08-11,12965,2025081103014596,NLICL,Agrawal Securities (PVT) Ltd.,Aakashbhairab Securities Ltd.,272,633.0,172176.0,2025-08-11 14:48:14.366374
2025-08-11,12051,2025081103014781,NLICL,Agrawal Securities (PVT) Ltd.,K.B.L. Securities Limited ,205,633.0,129765.0,2025-08-11 14:49:19.079655
2025-08-11,12050,2025081103014782,NLICL,J.F. Securites (PVT) Ltd.,K.B.L. Securities Limited ,10,633.0,6330.0,2025-08-11 14:49:19.079721
2025-08-11,12049,2025081103014783,NLICL,Dakshinkali Investment & Securities Pvt. Ltd.,K.B.L. Securities Limited ,200,633.0,126600.0,2025-08-11 14:49:19.079749
2025-08-11,12048,2025081103014784,NLICL,Sani Securities Company Ltd.,K.B.L. Securities Limited ,100,632.0,63200.0,2025-08-11 14:49:19.079777
2025-08-11,12047,2025081103014785,NLICL,Linch Stock Market Ltd.,K.B.L. Securities Limited ,16,632.0,10112.0,2025-08-11 14:49:19.079799
2025-08-11,12046,2025081103014786,NLICL,INDEX SECURITIES LIMITED,K.B.L. Securities Limited ,969,631.3,611729.7,2025-08-11 14:49:19.079822
2025-08-11,11573,2025081103014896,NLICL,INDEX SECURITIES LIMITED,Primo Securities (PVT) Ltd.,11,631.3,6944.3,2025-08-11 14:49:53.517369
2025-08-11,10200,2025081103015201,NLICL,INDEX SECURITIES LIMITED,Trishakti Securities Public Limited,200,631.3,126260.0,2025-08-11 14:51:43.230186
2025-08-11,9570,2025081103015368,NLICL,Shree Krishna Securities Ltd.,Bhrikuti Stock Broking Co. Pvt. Ltd.,10,636.5,6365.0,2025-08-11 14:52:28.387142
2025-08-11,8803,2025081103015512,NLICL,INDEX SECURITIES LIMITED,K.B.L. Securities Limited ,1820,631.3,1148966.0,2025-08-11 14:53:19.995003
2025-08-11,8802,2025081103015513,NLICL,INDEX SECURITIES LIMITED,K.B.L. Securities Limited ,10,631.0,6310.0,2025-08-11 14:53:19.995060
2025-08-11,8801,2025081103015514,NLICL,SHUBHAKAMANA SECURITIES PVT. LTD,K.B.L. Securities Limited ,500,630.2,315100.0,2025-08-11 14:53:19.995093
2025-08-11,8800,2025081103015515,NLICL,Nepal Stock House (PVT) Ltd.,K.B.L. Securities Limited ,1000,630.1,630100.0,2025-08-11 14:53:19.995121
2025-08-11,8799,2025081103015516,NLICL,Sumeru Securities Pvt. Ltd.,K.B.L. Securities Limited ,163,630.0,102690.0,2025-08-11 14:53:19.995162
2025-08-11,8798,2025081103015517,NLICL,Nepal Stock House (PVT) Ltd.,K.B.L. Securities Limited ,197,630.0,124110.0,2025-08-11 14:53:19.995199
2025-08-11,8797,2025081103015518,NLICL,Sani Securities Company Ltd.,K.B.L. Securities Limited ,310,630.0,195300.0,2025-08-11 14:53:19.995222
2025-08-11,7488,2025081103015783,NLICL,Linch Stock Market Ltd.,Deevyaa Securities & Stock House Pvt. Ltd,55,630.1,34655.5,2025-08-11 14:54:53.236312
2025-08-11,7487,2025081103015784,NLICL,SHUBHAKAMANA SECURITIES PVT. LTD,Deevyaa Securities & Stock House Pvt. Ltd,300,630.1,189030.0,2025-08-11 14:54:53.236438
2025-08-11,7486,2025081103015785,NLICL,Online Securities Pvt. Ltd.,Deevyaa Securities & Stock House Pvt. Ltd,95,630.1,59859.5,2025-08-11 14:54:53.236475
2025-08-11,1268,2025081103017077,NLICL,Online Securities Pvt. Ltd.,Creative Securities Pvt Ltd,405,630.1,255190.5,2025-08-11 14:59:32.859165
2025-08-11,1267,2025081103017078,NLICL,Sani Securities Company Ltd.,Creative Securities Pvt Ltd,100,630.0,63000.0,2025-08-11 14:59:32.859254
2025-08-11,1266,2025081103017079,NLICL,Premier Securities Company Ltd.,Creative Securities Pvt Ltd,50,630.0,31500.0,2025-08-11 14:59:32.859295
2025-08-11,1265,2025081103017080,NLICL,Opal Securities Investment (PVT) Ltd.,Creative Securities Pvt Ltd,20,630.0,12600.0,2025-08-11 14:59:32.859333
2025-08-11,1264,2025081103017081,NLICL,Nepal Investment And Securities Trading Private Limited,Creative Securities Pvt Ltd,40,630.0,25200.0,2025-08-11 14:59:32.859371
2025-08-11,1263,2025081103017082,NLICL,Naasa Securities Co. Ltd.,Creative Securities Pvt Ltd,10,630.0,6300.0,2025-08-11 14:59:32.859410
2025-08-11,667,2025081103017224,NLICL,Asian Securities Private Ltd.,Creative Securities Pvt Ltd,12,629.1,7549.2,2025-08-11 14:59:45.036888
2025-08-11,228,2025081103017355,NLICL,Midas Stock Broking Company Private Limited,Creative Securities Pvt Ltd,50,629.0,31450.0,2025-08-11 14:59:56.080882
