Date,S.N.,contract_id,symbol,buyer_broker,seller_broker,volume,price,amount,transaction_time
2025-08-11,98511,2025081105000003,NRN,Sani Securities Company Ltd.,Nepal Stock House (PVT) Ltd.,10,2351.7,23517.0,2025-08-11 10:46:00.020156
2025-08-11,98016,2025081105000166,NRN,Investment Management Nepal Pvt. Ltd.,Kumari Securities Private Limited,20,2319.0,46380.0,2025-08-11 11:01:47.264890
2025-08-11,96662,2025081105000599,NRN,Sri Hari Securities Pvt. Ltd.,Trademow Securities Private Limited,10,2305.5,23055.0,2025-08-11 11:05:35.079004
2025-08-11,95277,2025081105001035,NRN,Sri Hari Securities Pvt. Ltd.,Online Securities Pvt. Ltd.,11,2305.5,25360.5,2025-08-11 11:08:50.244388
2025-08-11,95036,2025081105001119,NRN,Sri Hari Securities Pvt. Ltd.,Sri Hari Securities Pvt. Ltd.,29,2305.5,66859.5,2025-08-11 11:09:29.650100
2025-08-11,95035,2025081105001120,NRN,Investment Management Nepal Pvt. Ltd.,Sri Hari Securities Pvt. Ltd.,10,2305.0,23050.0,2025-08-11 11:09:29.650255
2025-08-11,95034,2025081105001121,NRN,Sweta Securities Private Limited,Sri Hari Securities Pvt. Ltd.,20,2300.0,46000.0,2025-08-11 11:09:29.650301
2025-08-11,95033,2025081105001122,NRN,Magnet Securities and Investment Company Private Limited,Sri Hari Securities Pvt. Ltd.,41,2300.0,94300.0,2025-08-11 11:09:29.650365
2025-08-11,94749,2025081105001211,NRN,Sweta Securities Private Limited,Imperial Securities Company Pvt. Ltd.,20,2290.0,45800.0,2025-08-11 11:10:04.933828
2025-08-11,94748,2025081105001212,NRN,Linch Stock Market Ltd.,Imperial Securities Company Pvt. Ltd.,34,2280.0,77520.0,2025-08-11 11:10:04.933917
2025-08-11,94434,2025081105001309,NRN,Premier Securities Company Ltd.,Naasa Securities Co. Ltd.,10,2300.0,23000.0,2025-08-11 11:10:47.771413
2025-08-11,94428,2025081105001312,NRN,Miyo Securities Pvt Ltd,Dynamic Money Managers Securities Pvt. Ltd.,10,2281.0,22810.0,2025-08-11 11:10:49.413267
2025-08-11,93915,2025081105001503,NRN,Premier Securities Company Ltd.,Dynamic Money Managers Securities Pvt. Ltd.,10,2300.0,23000.0,2025-08-11 11:11:59.226603
2025-08-11,93198,2025081105001730,NRN,Cristal Kanchanjanga Securites Pvt. Ltd.,Premier Securities Company Ltd.,10,2291.1,22911.0,2025-08-11 11:13:33.846631
2025-08-11,93197,2025081105001731,NRN,Miyo Securities Pvt Ltd,Premier Securities Company Ltd.,10,2291.0,22910.0,2025-08-11 11:13:33.846755
2025-08-11,93196,2025081105001732,NRN,Investment Management Nepal Pvt. Ltd.,Premier Securities Company Ltd.,10,2290.0,22900.0,2025-08-11 11:13:33.846803
2025-08-11,93195,2025081105001733,NRN,J.F. Securites (PVT) Ltd.,Premier Securities Company Ltd.,500,2282.0,1141000.0,2025-08-11 11:13:33.846849
2025-08-11,93194,2025081105001734,NRN,Bhrikuti Stock Broking Co. Pvt. Ltd.,Premier Securities Company Ltd.,470,2281.0,1072070.0,2025-08-11 11:13:33.846892
2025-08-11,92939,2025081105001810,NRN,Bhrikuti Stock Broking Co. Pvt. Ltd.,Premier Securities Company Ltd.,30,2281.0,68430.0,2025-08-11 11:14:10.013999
2025-08-11,92938,2025081105001811,NRN,Nepal Investment And Securities Trading Private Limited,Premier Securities Company Ltd.,50,2281.0,114050.0,2025-08-11 11:14:10.014140
2025-08-11,92937,2025081105001812,NRN,SHUBHAKAMANA SECURITIES PVT. LTD,Premier Securities Company Ltd.,100,2280.1,228010.0,2025-08-11 11:14:10.014301
2025-08-11,92936,2025081105001813,NRN,Linch Stock Market Ltd.,Premier Securities Company Ltd.,320,2280.0,729600.0,2025-08-11 11:14:10.014379
2025-08-11,92204,2025081105002041,NRN,Trishakti Securities Public Limited,Primo Securities (PVT) Ltd.,11,2280.1,25081.1,2025-08-11 11:15:53.266354
2025-08-11,91549,2025081105002256,NRN,Naasa Securities Co. Ltd.,Premier Securities Company Ltd.,50,2280.2,114010.0,2025-08-11 11:17:25.263246
2025-08-11,91548,2025081105002257,NRN,Trishakti Securities Public Limited,Premier Securities Company Ltd.,189,2280.1,430938.9,2025-08-11 11:17:25.263390
2025-08-11,91547,2025081105002258,NRN,Linch Stock Market Ltd.,Premier Securities Company Ltd.,146,2280.0,332880.0,2025-08-11 11:17:25.263462
2025-08-11,91546,2025081105002259,NRN,Capital Max Securities Ltd,Premier Securities Company Ltd.,615,2280.0,1402200.0,2025-08-11 11:17:25.263528
2025-08-11,91068,2025081105002427,NRN,Naasa Securities Co. Ltd.,Premier Securities Company Ltd.,11,2280.1,25081.1,2025-08-11 11:18:32.643447
2025-08-11,90915,2025081105002483,NRN,Vision Securities Pvt. Ltd,Nepal Stock House (PVT) Ltd.,54,2290.0,123660.0,2025-08-11 11:18:54.370853
2025-08-11,90914,2025081105002484,NRN,Vision Securities Pvt. Ltd,Online Securities Pvt. Ltd.,11,2290.0,25190.0,2025-08-11 11:18:54.371086
2025-08-11,90788,2025081105002531,NRN,Vision Securities Pvt. Ltd,Secured Securities Ltd.,30,2281.0,68430.0,2025-08-11 11:19:13.702463
2025-08-11,90327,2025081105002685,NRN,Nepal Investment And Securities Trading Private Limited,Aryatara Investment & Securities,11,2290.0,25190.0,2025-08-11 11:20:08.782578
2025-08-11,89869,2025081105002845,NRN,Naasa Securities Co. Ltd.,Capital Max Securities Ltd,100,2295.0,229500.0,2025-08-11 11:21:17.473952
2025-08-11,89291,2025081105003118,NRN,Naasa Securities Co. Ltd.,Online Securities Pvt. Ltd.,31,2295.0,71145.0,2025-08-11 11:22:48.126467
2025-08-11,89227,2025081105003154,NRN,Naasa Securities Co. Ltd.,Secured Securities Ltd.,50,2296.0,114800.0,2025-08-11 11:23:02.387333
2025-08-11,86938,2025081105004122,NRN,J.F. Securites (PVT) Ltd.,Sani Securities Company Ltd.,3,2251.0,6753.0,2025-08-11 11:28:36.375610
2025-08-11,85579,2025081105004683,NRN,Capital Max Securities Ltd,Premier Securities Company Ltd.,500,2300.0,1150000.0,2025-08-11 11:31:28.589241
2025-08-11,85578,2025081105004684,NRN,Capital Max Securities Ltd,Imperial Securities Company Pvt. Ltd.,10,2300.0,23000.0,2025-08-11 11:31:28.589394
2025-08-11,85577,2025081105004685,NRN,Capital Max Securities Ltd,Vision Securities Pvt. Ltd,11,2300.0,25300.0,2025-08-11 11:31:28.589452
2025-08-11,85576,2025081105004686,NRN,Capital Max Securities Ltd,Vision Securities Pvt. Ltd,11,2300.0,25300.0,2025-08-11 11:31:28.589506
2025-08-11,85575,2025081105004687,NRN,Capital Max Securities Ltd,Nagarik Stock Dealer ,15,2300.0,34500.0,2025-08-11 11:31:28.589590
2025-08-11,85574,2025081105004688,NRN,Capital Max Securities Ltd,Premier Securities Company Ltd.,11,2300.0,25300.0,2025-08-11 11:31:28.589647
2025-08-11,85494,2025081105004728,NRN,Capital Max Securities Ltd,Premier Securities Company Ltd.,442,2300.0,1016600.0,2025-08-11 11:31:42.229628
2025-08-11,85430,2025081105004746,NRN,Kohinoor Investment & Securities Pvt. Ltd.,Premier Securities Company Ltd.,450,2300.0,1035000.0,2025-08-11 11:31:50.304116
2025-08-11,85144,2025081105004860,NRN,Naasa Securities Co. Ltd.,Shree Krishna Securities Ltd.,11,2290.0,25190.0,2025-08-11 11:32:27.942115
2025-08-11,85105,2025081105004871,NRN,SHUBHAKAMANA SECURITIES PVT. LTD,Premier Securities Company Ltd.,100,2300.0,230000.0,2025-08-11 11:32:32.087063
2025-08-11,81476,2025081105006078,NRN,Naasa Securities Co. Ltd.,Miyo Securities Pvt Ltd,11,2300.0,25300.0,2025-08-11 11:40:36.405068
2025-08-11,81315,2025081105006116,NRN,Miyo Securities Pvt Ltd,Capital Max Securities Ltd,20,2300.0,46000.0,2025-08-11 11:40:51.093155
2025-08-11,81134,2025081105006180,NRN,Linch Stock Market Ltd.,ABC Securities Private Limited,262,2294.0,601028.0,2025-08-11 11:41:23.357390
2025-08-11,80888,2025081105006263,NRN,Siprabi Securities Pvt. Ltd.,Capital Max Securities Ltd,80,2300.0,184000.0,2025-08-11 11:41:59.389293
2025-08-11,80887,2025081105006264,NRN,Siprabi Securities Pvt. Ltd.,Linch Stock Market Ltd.,11,2300.0,25300.0,2025-08-11 11:41:59.389469
2025-08-11,80817,2025081105006296,NRN,Linch Stock Market Ltd.,Premier Securities Company Ltd.,738,2294.0,1692972.0,2025-08-11 11:42:09.428662
2025-08-11,80816,2025081105006297,NRN,Siprabi Securities Pvt. Ltd.,Premier Securities Company Ltd.,100,2293.1,229310.0,2025-08-11 11:42:09.428830
2025-08-11,80815,2025081105006298,NRN,Naasa Securities Co. Ltd.,Premier Securities Company Ltd.,100,2293.0,229300.0,2025-08-11 11:42:09.428893
2025-08-11,80814,2025081105006299,NRN,Naasa Securities Co. Ltd.,Premier Securities Company Ltd.,62,2293.0,142166.0,2025-08-11 11:42:09.428971
2025-08-11,80706,2025081105006340,NRN,Naasa Securities Co. Ltd.,Premier Securities Company Ltd.,38,2293.0,87134.0,2025-08-11 11:42:30.606381
2025-08-11,80705,2025081105006341,NRN,Naasa Securities Co. Ltd.,Premier Securities Company Ltd.,100,2293.0,229300.0,2025-08-11 11:42:30.606532
2025-08-11,80704,2025081105006342,NRN,Miyo Securities Pvt Ltd,Premier Securities Company Ltd.,10,2292.0,22920.0,2025-08-11 11:42:30.606596
2025-08-11,80703,2025081105006343,NRN,Online Securities Pvt. Ltd.,Premier Securities Company Ltd.,50,2291.0,114550.0,2025-08-11 11:42:30.606654
2025-08-11,80702,2025081105006344,NRN,Nepal Investment And Securities Trading Private Limited,Premier Securities Company Ltd.,50,2291.0,114550.0,2025-08-11 11:42:30.606712
2025-08-11,80701,2025081105006345,NRN,Aakashbhairab Securities Ltd.,Premier Securities Company Ltd.,70,2290.2,160314.0,2025-08-11 11:42:30.606768
2025-08-11,80700,2025081105006346,NRN,Naasa Securities Co. Ltd.,Premier Securities Company Ltd.,19682,2290.0,45071780.0,2025-08-11 11:42:30.606822
2025-08-11,80381,2025081105006456,NRN,Naasa Securities Co. Ltd.,Online Securities Pvt. Ltd.,10,2294.0,22940.0,2025-08-11 11:43:24.817460
2025-08-11,80344,2025081105006467,NRN,Naasa Securities Co. Ltd.,Secured Securities Ltd.,100,2290.0,229000.0,2025-08-11 11:43:29.379693
2025-08-11,79909,2025081105006615,NRN,J.F. Securites (PVT) Ltd.,Sweta Securities Private Limited,1,2254.0,2254.0,2025-08-11 11:44:22.494444
2025-08-11,79631,2025081105006710,NRN,Neev Securities Pvt. Ltd.,Nepal Stock House (PVT) Ltd.,11,2296.0,25256.0,2025-08-11 11:45:00.647381
2025-08-11,79571,2025081105006731,NRN,Bhrikuti Stock Broking Co. Pvt. Ltd.,Trisul Securities & Invt. Ltd.,11,2300.0,25300.0,2025-08-11 11:45:14.435719
2025-08-11,79570,2025081105006732,NRN,Bhrikuti Stock Broking Co. Pvt. Ltd.,Property Wiard Limited,89,2300.0,204700.0,2025-08-11 11:45:14.435893
2025-08-11,79449,2025081105006787,NRN,Roadshow securities limited,Property Wiard Limited,11,2300.0,25300.0,2025-08-11 11:45:35.427731
2025-08-11,79448,2025081105006788,NRN,Roadshow securities limited,South Asian Bulls Pvt. Ltd.,24,2300.0,55200.0,2025-08-11 11:45:35.428015
2025-08-11,79403,2025081105006806,NRN,Neev Securities Pvt. Ltd.,South Asian Bulls Pvt. Ltd.,26,2300.0,59800.0,2025-08-11 11:45:43.584332
2025-08-11,79402,2025081105006807,NRN,Neev Securities Pvt. Ltd.,Kohinoor Investment & Securities Pvt. Ltd.,10,2300.0,23000.0,2025-08-11 11:45:43.584501
2025-08-11,79401,2025081105006808,NRN,Neev Securities Pvt. Ltd.,Himalayan Brokerage Company Limited,11,2300.0,25300.0,2025-08-11 11:45:43.584567
2025-08-11,79400,2025081105006809,NRN,Neev Securities Pvt. Ltd.,Aryatara Investment & Securities,108,2300.0,248400.0,2025-08-11 11:45:43.584623
2025-08-11,79399,2025081105006810,NRN,Neev Securities Pvt. Ltd.,Naasa Securities Co. Ltd.,45,2300.0,103500.0,2025-08-11 11:45:43.584677
2025-08-11,79374,2025081105006818,NRN,Trishakti Securities Public Limited,Naasa Securities Co. Ltd.,10,2300.0,23000.0,2025-08-11 11:45:49.021534
2025-08-11,79092,2025081105006926,NRN,Trishakti Securities Public Limited,Property Wiard Limited,90,2300.0,207000.0,2025-08-11 11:46:35.298470
2025-08-11,79020,2025081105006954,NRN,Sumeru Securities Pvt. Ltd.,Opal Securities Investment (PVT) Ltd.,10,2305.0,23050.0,2025-08-11 11:46:48.109789
2025-08-11,79019,2025081105006955,NRN,Sumeru Securities Pvt. Ltd.,Dynamic Money Managers Securities Pvt. Ltd.,10,2305.0,23050.0,2025-08-11 11:46:48.109955
2025-08-11,79018,2025081105006956,NRN,Sumeru Securities Pvt. Ltd.,Naasa Securities Co. Ltd.,50,2305.0,115250.0,2025-08-11 11:46:48.110025
2025-08-11,79017,2025081105006957,NRN,Sumeru Securities Pvt. Ltd.,Sani Securities Company Ltd.,11,2305.0,25355.0,2025-08-11 11:46:48.110100
2025-08-11,79016,2025081105006958,NRN,Sumeru Securities Pvt. Ltd.,Trademow Securities Private Limited,10,2305.0,23050.0,2025-08-11 11:46:48.110165
2025-08-11,79015,2025081105006959,NRN,Sumeru Securities Pvt. Ltd.,Nepal Stock House (PVT) Ltd.,59,2305.2,136006.8,2025-08-11 11:46:48.110225
2025-08-11,78589,2025081105007117,NRN,Siprabi Securities Pvt. Ltd.,Aryatara Investment & Securities,5,2292.0,11460.0,2025-08-11 11:47:53.434215
2025-08-11,78543,2025081105007137,NRN,Naasa Securities Co. Ltd.,Kumari Securities Private Limited,11,2298.0,25278.0,2025-08-11 11:48:03.718910
2025-08-11,78398,2025081105007178,NRN,Siprabi Securities Pvt. Ltd.,Aryatara Investment & Securities,1,2290.0,2290.0,2025-08-11 11:48:26.688541
2025-08-11,78339,2025081105007191,NRN,Siprabi Securities Pvt. Ltd.,Nepal Investment And Securities Trading Private Limited,1,2300.0,2300.0,2025-08-11 11:48:37.792986
2025-08-11,78102,2025081105007280,NRN,Cristal Kanchanjanga Securites Pvt. Ltd.,Dipshikha Dhitopatra Karobar Co. Pvt Ltd.,40,2300.0,92000.0,2025-08-11 11:49:15.204364
2025-08-11,77938,2025081105007326,NRN,J.F. Securites (PVT) Ltd.,Naasa Securities Co. Ltd.,1,2260.0,2260.0,2025-08-11 11:49:38.909170
2025-08-11,77646,2025081105007418,NRN,Cristal Kanchanjanga Securites Pvt. Ltd.,Dynamic Money Managers Securities Pvt. Ltd.,10,2300.0,23000.0,2025-08-11 11:50:22.801728
2025-08-11,77593,2025081105007439,NRN,Cristal Kanchanjanga Securites Pvt. Ltd.,Dynamic Money Managers Securities Pvt. Ltd.,10,2300.0,23000.0,2025-08-11 11:50:34.479748
2025-08-11,77481,2025081105007491,NRN,Cristal Kanchanjanga Securites Pvt. Ltd.,Premier Securities Company Ltd.,90,2300.0,207000.0,2025-08-11 11:50:46.363168
2025-08-11,77480,2025081105007492,NRN,Nepal Investment And Securities Trading Private Limited,Premier Securities Company Ltd.,200,2300.0,460000.0,2025-08-11 11:50:46.363350
2025-08-11,77424,2025081105007502,NRN,Naasa Securities Co. Ltd.,Kumari Securities Private Limited,14,2298.0,32172.0,2025-08-11 11:50:55.051649
2025-08-11,77313,2025081105007531,NRN,Nepal Stock House (PVT) Ltd.,Premier Securities Company Ltd.,20,2300.0,46000.0,2025-08-11 11:51:10.167028
2025-08-11,77312,2025081105007532,NRN,Nepal Stock House (PVT) Ltd.,Premier Securities Company Ltd.,20,2300.0,46000.0,2025-08-11 11:51:10.167408
2025-08-11,77311,2025081105007533,NRN,Nepal Stock House (PVT) Ltd.,Premier Securities Company Ltd.,20,2300.0,46000.0,2025-08-11 11:51:10.167891
2025-08-11,77310,2025081105007534,NRN,Nepal Stock House (PVT) Ltd.,Premier Securities Company Ltd.,20,2300.0,46000.0,2025-08-11 11:51:10.171633
2025-08-11,77309,2025081105007535,NRN,Nepal Stock House (PVT) Ltd.,Premier Securities Company Ltd.,20,2300.0,46000.0,2025-08-11 11:51:10.211495
2025-08-11,77304,2025081105007540,NRN,Nepal Stock House (PVT) Ltd.,Premier Securities Company Ltd.,20,2300.0,46000.0,2025-08-11 11:51:10.285801
2025-08-11,76618,2025081105007805,NRN,Naasa Securities Co. Ltd.,Naasa Securities Co. Ltd.,11,2295.1,25246.1,2025-08-11 11:52:52.073086
2025-08-11,76116,2025081105007968,NRN,Nepal Stock House (PVT) Ltd.,Sani Securities Company Ltd.,20,2295.3,45906.0,2025-08-11 11:53:53.933089
2025-08-11,76115,2025081105007969,NRN,Naasa Securities Co. Ltd.,Sani Securities Company Ltd.,39,2295.1,89508.9,2025-08-11 11:53:53.933238
2025-08-11,76114,2025081105007970,NRN,Trishakti Securities Public Limited,Sani Securities Company Ltd.,100,2295.0,229500.0,2025-08-11 11:53:53.933303
2025-08-11,75973,2025081105007996,NRN,Naasa Securities Co. Ltd.,Premier Securities Company Ltd.,500,2291.1,1145550.0,2025-08-11 11:54:15.874718
2025-08-11,75972,2025081105007997,NRN,Deevyaa Securities & Stock House Pvt. Ltd,Premier Securities Company Ltd.,200,2291.0,458200.0,2025-08-11 11:54:15.874876
2025-08-11,75971,2025081105007998,NRN,Naasa Securities Co. Ltd.,Premier Securities Company Ltd.,300,2290.1,687030.0,2025-08-11 11:54:15.874943
2025-08-11,75680,2025081105008081,NRN,Naasa Securities Co. Ltd.,Premier Securities Company Ltd.,90,2290.1,206109.0,2025-08-11 11:55:01.149571
2025-08-11,75546,2025081105008127,NRN,Naasa Securities Co. Ltd.,Dipshikha Dhitopatra Karobar Co. Pvt Ltd.,11,2290.1,25191.1,2025-08-11 11:55:24.998981
2025-08-11,74113,2025081105008636,NRN,Naasa Securities Co. Ltd.,Premier Securities Company Ltd.,99,2290.1,226719.9,2025-08-11 11:58:41.734454
2025-08-11,74112,2025081105008637,NRN,Naasa Securities Co. Ltd.,Premier Securities Company Ltd.,200,2290.1,458020.0,2025-08-11 11:58:41.734620
2025-08-11,74111,2025081105008638,NRN,Naasa Securities Co. Ltd.,Premier Securities Company Ltd.,201,2290.0,460290.0,2025-08-11 11:58:41.734692
2025-08-11,74023,2025081105008663,NRN,Sumeru Securities Pvt. Ltd.,ABC Securities Private Limited,15,2286.0,34290.0,2025-08-11 11:58:54.051055
2025-08-11,74022,2025081105008664,NRN,Aryatara Investment & Securities,ABC Securities Private Limited,100,2286.0,228600.0,2025-08-11 11:58:54.051095
2025-08-11,74021,2025081105008665,NRN,Nepal Stock House (PVT) Ltd.,ABC Securities Private Limited,50,2285.0,114250.0,2025-08-11 11:58:54.051171
2025-08-11,74020,2025081105008666,NRN,Naasa Securities Co. Ltd.,ABC Securities Private Limited,10,2285.0,22850.0,2025-08-11 11:58:54.051193
2025-08-11,74019,2025081105008667,NRN,Naasa Securities Co. Ltd.,ABC Securities Private Limited,100,2283.0,228300.0,2025-08-11 11:58:54.051243
2025-08-11,74018,2025081105008668,NRN,Naasa Securities Co. Ltd.,ABC Securities Private Limited,225,2281.2,513270.0,2025-08-11 11:58:54.051266
2025-08-11,73962,2025081105008684,NRN,Naasa Securities Co. Ltd.,ABC Securities Private Limited,275,2281.2,627330.0,2025-08-11 11:59:01.126976
2025-08-11,73961,2025081105008685,NRN,Aryatara Investment & Securities,ABC Securities Private Limited,20,2281.1,45622.0,2025-08-11 11:59:01.127063
2025-08-11,73960,2025081105008686,NRN,Vision Securities Pvt. Ltd,ABC Securities Private Limited,70,2281.0,159670.0,2025-08-11 11:59:01.127092
2025-08-11,73959,2025081105008687,NRN,J.F. Securites (PVT) Ltd.,ABC Securities Private Limited,135,2280.4,307854.0,2025-08-11 11:59:01.127113
2025-08-11,73272,2025081105008898,NRN,Opal Securities Investment (PVT) Ltd.,Malla & Malla Stock Broking Company Pvt. Limited,11,2281.5,25096.5,2025-08-11 12:00:57.344500
2025-08-11,73231,2025081105008910,NRN,Primo Securities (PVT) Ltd.,Linch Stock Market Ltd.,11,2282.0,25102.0,2025-08-11 12:01:04.906752
2025-08-11,73009,2025081105008976,NRN,Nepal Stock House (PVT) Ltd.,Dipshikha Dhitopatra Karobar Co. Pvt Ltd.,11,2283.5,25118.5,2025-08-11 12:01:54.170537
2025-08-11,72978,2025081105008987,NRN,Asian Securities Private Ltd.,ABC Securities Private Limited,500,2282.1,1141050.0,2025-08-11 12:01:59.587756
2025-08-11,72977,2025081105008988,NRN,Primo Securities (PVT) Ltd.,ABC Securities Private Limited,15,2282.0,34230.0,2025-08-11 12:01:59.587800
2025-08-11,72976,2025081105008989,NRN,Naasa Securities Co. Ltd.,ABC Securities Private Limited,200,2281.6,456320.0,2025-08-11 12:01:59.587829
2025-08-11,72975,2025081105008990,NRN,Opal Securities Investment (PVT) Ltd.,ABC Securities Private Limited,383,2281.5,873814.5,2025-08-11 12:01:59.587857
2025-08-11,72974,2025081105008991,NRN,Aakashbhairab Securities Ltd.,ABC Securities Private Limited,85,2281.5,193927.5,2025-08-11 12:01:59.587880
2025-08-11,72973,2025081105008992,NRN,Naasa Securities Co. Ltd.,ABC Securities Private Limited,67,2281.0,152827.0,2025-08-11 12:01:59.587909
2025-08-11,71913,2025081105009408,NRN,Sumeru Securities Pvt. Ltd.,R.B.B. Securities Company Ltd,11,2285.0,25135.0,2025-08-11 12:05:09.280181
2025-08-11,71649,2025081105009511,NRN,Sumeru Securities Pvt. Ltd.,Creative Securities Pvt Ltd,11,2290.0,25190.0,2025-08-11 12:05:52.479578
2025-08-11,70464,2025081105010014,NRN,Premier Securities Company Ltd.,Dynamic Money Managers Securities Pvt. Ltd.,10,2285.0,22850.0,2025-08-11 12:08:58.007565
2025-08-11,70002,2025081105010169,NRN,Naasa Securities Co. Ltd.,Primo Securities (PVT) Ltd.,20,2282.5,45650.0,2025-08-11 12:10:27.796303
2025-08-11,70001,2025081105010170,NRN,SHUBHAKAMANA SECURITIES PVT. LTD,Primo Securities (PVT) Ltd.,30,2282.2,68466.0,2025-08-11 12:10:27.796534
2025-08-11,70000,2025081105010171,NRN,Linch Stock Market Ltd.,Primo Securities (PVT) Ltd.,10,2282.0,22820.0,2025-08-11 12:10:27.796605
2025-08-11,69999,2025081105010172,NRN,Malla & Malla Stock Broking Company Pvt. Limited,Primo Securities (PVT) Ltd.,25,2281.5,57037.5,2025-08-11 12:10:27.796672
2025-08-11,69998,2025081105010173,NRN,Naasa Securities Co. Ltd.,Primo Securities (PVT) Ltd.,15,2281.0,34215.0,2025-08-11 12:10:27.796738
2025-08-11,69906,2025081105010214,NRN,Naasa Securities Co. Ltd.,Sri Hari Securities Pvt. Ltd.,18,2281.0,41058.0,2025-08-11 12:10:47.036631
2025-08-11,69905,2025081105010215,NRN,Citizens Share Broker Limited,Sri Hari Securities Pvt. Ltd.,100,2280.6,228060.0,2025-08-11 12:10:47.036671
2025-08-11,69904,2025081105010216,NRN,Asian Securities Private Ltd.,Sri Hari Securities Pvt. Ltd.,182,2280.4,415032.8,2025-08-11 12:10:47.036705
2025-08-11,69520,2025081105010366,NRN,Asian Securities Private Ltd.,Premier Securities Company Ltd.,318,2280.4,725167.2,2025-08-11 12:11:38.142390
2025-08-11,69519,2025081105010367,NRN,Hatemalo Financial Services Private Limited,Premier Securities Company Ltd.,100,2280.2,228020.0,2025-08-11 12:11:38.142548
2025-08-11,69518,2025081105010368,NRN,ABC Securities Private Limited,Premier Securities Company Ltd.,25,2280.0,57000.0,2025-08-11 12:11:38.142614
2025-08-11,69517,2025081105010369,NRN,BHOLE GANESH SECURITIES LTD,Premier Securities Company Ltd.,200,2280.0,456000.0,2025-08-11 12:11:38.142679
2025-08-11,69516,2025081105010370,NRN,BHOLE GANESH SECURITIES LTD,Premier Securities Company Ltd.,200,2280.0,456000.0,2025-08-11 12:11:38.142742
2025-08-11,69515,2025081105010371,NRN,BHOLE GANESH SECURITIES LTD,Premier Securities Company Ltd.,100,2280.0,228000.0,2025-08-11 12:11:38.142805
2025-08-11,69514,2025081105010372,NRN,Dipshikha Dhitopatra Karobar Co. Pvt Ltd.,Premier Securities Company Ltd.,50,2280.0,114000.0,2025-08-11 12:11:38.142878
2025-08-11,69205,2025081105010476,NRN,Imperial Securities Company Pvt. Ltd.,Nepal Investment And Securities Trading Private Limited,1,2280.0,2280.0,2025-08-11 12:12:26.757488
2025-08-11,69085,2025081105010510,NRN,Sewa Securities Pvt. Ltd.,Aryatara Investment & Securities,40,2280.0,91200.0,2025-08-11 12:12:41.811298
2025-08-11,68982,2025081105010547,NRN,Sani Securities Company Ltd.,Aryatara Investment & Securities,60,2278.0,136680.0,2025-08-11 12:12:58.564520
2025-08-11,68981,2025081105010548,NRN,Sani Securities Company Ltd.,Nepal Stock House (PVT) Ltd.,90,2289.0,206010.0,2025-08-11 12:12:58.564691
2025-08-11,68980,2025081105010549,NRN,Sani Securities Company Ltd.,Sani Securities Company Ltd.,11,2290.0,25190.0,2025-08-11 12:12:58.564763
2025-08-11,68979,2025081105010550,NRN,Sani Securities Company Ltd.,Ashutosh Brokerage & Securities (PVT) Ltd.,39,2290.0,89310.0,2025-08-11 12:12:58.564828
2025-08-11,68450,2025081105010720,NRN,Primo Securities (PVT) Ltd.,Vision Securities Pvt. Ltd,11,2276.0,25036.0,2025-08-11 12:14:09.409790
2025-08-11,68060,2025081105010844,NRN,Vision Securities Pvt. Ltd,Capital Max Securities Ltd,30,2278.0,68340.0,2025-08-11 12:15:03.988550
2025-08-11,67899,2025081105010878,NRN,Capital Max Securities Ltd,Dynamic Money Managers Securities Pvt. Ltd.,11,2276.5,25041.5,2025-08-11 12:15:25.561335
2025-08-11,67890,2025081105010882,NRN,Capital Max Securities Ltd,Capital Max Securities Ltd,70,2276.5,159355.0,2025-08-11 12:15:26.130988
2025-08-11,67373,2025081105011022,NRN,Capital Max Securities Ltd,Dipshikha Dhitopatra Karobar Co. Pvt Ltd.,10,2276.5,22765.0,2025-08-11 12:17:05.457113
2025-08-11,67316,2025081105011035,NRN,Capital Max Securities Ltd,Secured Securities Ltd.,50,2276.5,113825.0,2025-08-11 12:17:16.995462
2025-08-11,66395,2025081105011316,NRN,Miyo Securities Pvt Ltd,Primo Securities (PVT) Ltd.,11,2277.0,25047.0,2025-08-11 12:19:38.264751
2025-08-11,65679,2025081105011527,NRN,Trishakti Securities Public Limited,Vision Securities Pvt. Ltd,50,2277.1,113855.0,2025-08-11 12:21:33.200113
2025-08-11,65294,2025081105011697,NRN,Miyo Securities Pvt Ltd,Nagarik Stock Dealer ,50,2277.2,113860.0,2025-08-11 12:22:29.122108
2025-08-11,63942,2025081105012178,NRN,Arun Securities (PVT) Ltd.,Sajilo Broker Limited,11,2277.2,25049.2,2025-08-11 12:26:26.366390
2025-08-11,63609,2025081105012268,NRN,Miyo Securities Pvt Ltd,Nagarik Stock Dealer ,49,2277.0,111573.0,2025-08-11 12:27:22.156838
2025-08-11,63608,2025081105012269,NRN,Primo Securities (PVT) Ltd.,Nagarik Stock Dealer ,89,2276.0,202564.0,2025-08-11 12:27:22.157285
2025-08-11,63607,2025081105012270,NRN,Magnet Securities and Investment Company Private Limited,Nagarik Stock Dealer ,50,2275.0,113750.0,2025-08-11 12:27:22.157592
2025-08-11,63606,2025081105012271,NRN,Vision Securities Pvt. Ltd,Nagarik Stock Dealer ,12,2275.0,27300.0,2025-08-11 12:27:22.157926
2025-08-11,63030,2025081105012457,NRN,Trishakti Securities Public Limited,Online Securities Pvt. Ltd.,30,2272.1,68163.0,2025-08-11 12:29:23.235084
2025-08-11,62645,2025081105012597,NRN,Market Securities & Exchange (PVT) Ltd.,Imperial Securities Company Pvt. Ltd.,11,2275.0,25025.0,2025-08-11 12:30:26.200442
2025-08-11,62644,2025081105012598,NRN,Market Securities & Exchange (PVT) Ltd.,Shree Krishna Securities Ltd.,89,2275.0,202475.0,2025-08-11 12:30:26.200658
2025-08-11,62486,2025081105012647,NRN,Sri Hari Securities Pvt. Ltd.,Agrawal Securities (PVT) Ltd.,11,2274.0,25014.0,2025-08-11 12:30:50.717046
2025-08-11,62381,2025081105012686,NRN,Trishakti Securities Public Limited,Shree Krishna Securities Ltd.,50,2275.0,113750.0,2025-08-11 12:31:09.666276
2025-08-11,62246,2025081105012740,NRN,Trishakti Securities Public Limited,Imperial Securities Company Pvt. Ltd.,11,2275.0,25025.0,2025-08-11 12:31:31.894899
2025-08-11,62163,2025081105012780,NRN,Trishakti Securities Public Limited,Online Securities Pvt. Ltd.,11,2275.0,25025.0,2025-08-11 12:31:50.950295
2025-08-11,61130,2025081105013185,NRN,Sri Hari Securities Pvt. Ltd.,Sajilo Broker Limited,11,2277.0,25047.0,2025-08-11 12:35:41.526887
2025-08-11,61129,2025081105013186,NRN,Sri Hari Securities Pvt. Ltd.,K.B.L. Securities Limited ,70,2277.0,159390.0,2025-08-11 12:35:41.527122
2025-08-11,60412,2025081105013399,NRN,Sri Hari Securities Pvt. Ltd.,J.F. Securites (PVT) Ltd.,11,2277.1,25048.1,2025-08-11 12:37:59.833979
2025-08-11,60068,2025081105013554,NRN,Linch Stock Market Ltd.,Kohinoor Investment & Securities Pvt. Ltd.,11,2289.0,25179.0,2025-08-11 12:39:12.545568
2025-08-11,59626,2025081105013737,NRN,Naasa Securities Co. Ltd.,Sajilo Broker Limited,11,2278.2,25060.2,2025-08-11 12:40:52.557844
2025-08-11,59363,2025081105013807,NRN,Cristal Kanchanjanga Securites Pvt. Ltd.,Asian Securities Private Ltd.,10,2278.3,22783.0,2025-08-11 12:41:40.530560
2025-08-11,59362,2025081105013808,NRN,Naasa Securities Co. Ltd.,Asian Securities Private Ltd.,53,2278.2,120744.6,2025-08-11 12:41:40.530941
2025-08-11,59361,2025081105013809,NRN,Nepal Investment And Securities Trading Private Limited,Asian Securities Private Ltd.,20,2278.0,45560.0,2025-08-11 12:41:40.531171
2025-08-11,59360,2025081105013810,NRN,Miyo Securities Pvt Ltd,Asian Securities Private Ltd.,20,2277.1,45542.0,2025-08-11 12:41:40.531411
2025-08-11,59359,2025081105013811,NRN,Trishakti Securities Public Limited,Asian Securities Private Ltd.,50,2277.0,113850.0,2025-08-11 12:41:40.531640
2025-08-11,59358,2025081105013812,NRN,Trishakti Securities Public Limited,Asian Securities Private Ltd.,53,2275.3,120590.9,2025-08-11 12:41:40.531863
2025-08-11,59357,2025081105013813,NRN,Asian Securities Private Ltd.,Asian Securities Private Ltd.,294,2275.2,668908.8,2025-08-11 12:41:40.532089
2025-08-11,59049,2025081105013876,NRN,Naasa Securities Co. Ltd.,Ashutosh Brokerage & Securities (PVT) Ltd.,61,2290.0,139690.0,2025-08-11 12:42:27.105001
2025-08-11,59048,2025081105013877,NRN,Naasa Securities Co. Ltd.,Premier Securities Company Ltd.,11,2290.0,25190.0,2025-08-11 12:42:27.105242
2025-08-11,58535,2025081105014082,NRN,Naasa Securities Co. Ltd.,Bhrikuti Stock Broking Co. Pvt. Ltd.,28,2290.0,64120.0,2025-08-11 12:44:18.522953
2025-08-11,58534,2025081105014083,NRN,Arun Securities (PVT) Ltd.,Bhrikuti Stock Broking Co. Pvt. Ltd.,10,2290.0,22900.0,2025-08-11 12:44:18.523376
2025-08-11,58069,2025081105014242,NRN,NIMB Stock Markets Limited,Agrawal Securities (PVT) Ltd.,280,2293.7,642236.0,2025-08-11 12:46:18.218547
2025-08-11,58068,2025081105014243,NRN,NIMB Stock Markets Limited,Elite Stock House Limited,50,2293.8,114690.0,2025-08-11 12:46:18.218599
2025-08-11,58067,2025081105014244,NRN,NIMB Stock Markets Limited,Miyo Securities Pvt Ltd,470,2293.9,1078133.0,2025-08-11 12:46:18.218624
2025-08-11,57852,2025081105014328,NRN,Asian Securities Private Ltd.,Sani Securities Company Ltd.,10,2275.2,22752.0,2025-08-11 12:47:06.506565
2025-08-11,56425,2025081105014795,NRN,ABC Securities Private Limited,Naasa Securities Co. Ltd.,2,2260.0,4520.0,2025-08-11 12:52:57.100854
2025-08-11,56085,2025081105014934,NRN,Naasa Securities Co. Ltd.,Vision Securities Pvt. Ltd,11,2288.0,25168.0,2025-08-11 12:54:16.435698
2025-08-11,56084,2025081105014935,NRN,Naasa Securities Co. Ltd.,Asian Securities Private Ltd.,489,2290.0,1119810.0,2025-08-11 12:54:16.436100
2025-08-11,55432,2025081105015168,NRN,Naasa Securities Co. Ltd.,Asian Securities Private Ltd.,100,2276.2,227620.0,2025-08-11 12:56:25.833158
2025-08-11,55431,2025081105015169,NRN,Asian Securities Private Ltd.,Asian Securities Private Ltd.,196,2276.1,446115.6,2025-08-11 12:56:25.833388
2025-08-11,55430,2025081105015170,NRN,Nepal Investment And Securities Trading Private Limited,Asian Securities Private Ltd.,100,2276.0,227600.0,2025-08-11 12:56:25.833469
2025-08-11,55429,2025081105015171,NRN,Linch Stock Market Ltd.,Asian Securities Private Ltd.,50,2276.0,113800.0,2025-08-11 12:56:25.833546
2025-08-11,55390,2025081105015193,NRN,Trishakti Securities Public Limited,Miyo Securities Pvt Ltd,15,2275.0,34125.0,2025-08-11 12:56:35.838769
2025-08-11,55342,2025081105015203,NRN,Trishakti Securities Public Limited,Asian Securities Private Ltd.,50,2275.0,113750.0,2025-08-11 12:56:45.243352
2025-08-11,55341,2025081105015204,NRN,Market Securities & Exchange (PVT) Ltd.,Asian Securities Private Ltd.,50,2275.0,113750.0,2025-08-11 12:56:45.243754
2025-08-11,55340,2025081105015205,NRN,Infinity Securities Limited,Asian Securities Private Ltd.,200,2275.0,455000.0,2025-08-11 12:56:45.244040
2025-08-11,55339,2025081105015206,NRN,Primo Securities (PVT) Ltd.,Asian Securities Private Ltd.,254,2275.0,577850.0,2025-08-11 12:56:45.244367
2025-08-11,54205,2025081105015588,NRN,Sundhara Securities Limited,Dynamic Money Managers Securities Pvt. Ltd.,10,2290.0,22900.0,2025-08-11 13:01:16.259506
2025-08-11,53413,2025081105015981,NRN,Kohinoor Investment & Securities Pvt. Ltd.,Kalika Securities Pvt. Ltd.,11,2276.0,25036.0,2025-08-11 13:03:58.906514
2025-08-11,53309,2025081105016019,NRN,Kohinoor Investment & Securities Pvt. Ltd.,Primo Securities (PVT) Ltd.,29,2276.0,66004.0,2025-08-11 13:04:23.724982
2025-08-11,53308,2025081105016020,NRN,Arun Securities (PVT) Ltd.,Primo Securities (PVT) Ltd.,20,2276.0,45520.0,2025-08-11 13:04:23.725277
2025-08-11,53307,2025081105016021,NRN,Shree Krishna Securities Ltd.,Primo Securities (PVT) Ltd.,21,2276.0,47796.0,2025-08-11 13:04:23.725370
2025-08-11,53306,2025081105016022,NRN,Investment Management Nepal Pvt. Ltd.,Primo Securities (PVT) Ltd.,10,2276.0,22760.0,2025-08-11 13:04:23.725451
2025-08-11,53305,2025081105016023,NRN,Online Securities Pvt. Ltd.,Primo Securities (PVT) Ltd.,20,2276.0,45520.0,2025-08-11 13:04:23.725531
2025-08-11,53280,2025081105016030,NRN,Online Securities Pvt. Ltd.,J.F. Securites (PVT) Ltd.,11,2276.0,25036.0,2025-08-11 13:04:26.639815
2025-08-11,53036,2025081105016085,NRN,Online Securities Pvt. Ltd.,Nepal Investment And Securities Trading Private Limited,11,2276.0,25036.0,2025-08-11 13:05:14.708743
2025-08-11,51964,2025081105016439,NRN,Deevyaa Securities & Stock House Pvt. Ltd,Asian Securities Private Ltd.,100,2276.0,227600.0,2025-08-11 13:08:33.927761
2025-08-11,51963,2025081105016440,NRN,BHOLE GANESH SECURITIES LTD,Asian Securities Private Ltd.,100,2275.0,227500.0,2025-08-11 13:08:33.927980
2025-08-11,51962,2025081105016441,NRN,Asian Securities Private Ltd.,Asian Securities Private Ltd.,500,2272.2,1136100.0,2025-08-11 13:08:33.928064
2025-08-11,51961,2025081105016442,NRN,Vision Securities Pvt. Ltd,Asian Securities Private Ltd.,200,2272.1,454420.0,2025-08-11 13:08:33.928144
2025-08-11,51960,2025081105016443,NRN,Naasa Securities Co. Ltd.,Asian Securities Private Ltd.,200,2272.0,454400.0,2025-08-11 13:08:33.928223
2025-08-11,51959,2025081105016444,NRN,Linch Stock Market Ltd.,Asian Securities Private Ltd.,50,2272.0,113600.0,2025-08-11 13:08:33.928302
2025-08-11,51958,2025081105016445,NRN,Primo Securities (PVT) Ltd.,Asian Securities Private Ltd.,200,2272.0,454400.0,2025-08-11 13:08:33.928385
2025-08-11,51957,2025081105016446,NRN,Sri Hari Securities Pvt. Ltd.,Asian Securities Private Ltd.,100,2270.3,227030.0,2025-08-11 13:08:33.928466
2025-08-11,51956,2025081105016447,NRN,Vision Securities Pvt. Ltd,Asian Securities Private Ltd.,200,2270.2,454040.0,2025-08-11 13:08:33.928543
2025-08-11,51955,2025081105016448,NRN,Naasa Securities Co. Ltd.,Asian Securities Private Ltd.,10,2270.1,22701.0,2025-08-11 13:08:33.928619
2025-08-11,51954,2025081105016449,NRN,Sri Hari Securities Pvt. Ltd.,Asian Securities Private Ltd.,200,2270.0,454000.0,2025-08-11 13:08:33.928696
2025-08-11,51953,2025081105016450,NRN,Trishakti Securities Public Limited,Asian Securities Private Ltd.,40,2270.0,90800.0,2025-08-11 13:08:33.928773
2025-08-11,51952,2025081105016451,NRN,Malla & Malla Stock Broking Company Pvt. Limited,Asian Securities Private Ltd.,50,2270.0,113500.0,2025-08-11 13:08:33.928852
2025-08-11,51951,2025081105016452,NRN,Ashutosh Brokerage & Securities (PVT) Ltd.,Asian Securities Private Ltd.,50,2270.0,113500.0,2025-08-11 13:08:33.928927
2025-08-11,50934,2025081105016767,NRN,Capital Max Securities Ltd,Primo Securities (PVT) Ltd.,100,2270.2,227020.0,2025-08-11 13:12:02.825794
2025-08-11,50849,2025081105016789,NRN,Dakshinkali Investment & Securities Pvt. Ltd.,Siprabi Securities Pvt. Ltd.,200,2270.1,454020.0,2025-08-11 13:12:29.670085
2025-08-11,50848,2025081105016790,NRN,Ashutosh Brokerage & Securities (PVT) Ltd.,Siprabi Securities Pvt. Ltd.,16,2270.0,36320.0,2025-08-11 13:12:29.670335
2025-08-11,50841,2025081105016791,NRN,Ashutosh Brokerage & Securities (PVT) Ltd.,Premier Securities Company Ltd.,144,2270.0,326880.0,2025-08-11 13:12:31.072955
2025-08-11,50840,2025081105016792,NRN,KALASH STOCK MARKET PVT. LTD.,Premier Securities Company Ltd.,44,2270.0,99880.0,2025-08-11 13:12:31.073366
2025-08-11,50839,2025081105016793,NRN,Linch Stock Market Ltd.,Premier Securities Company Ltd.,50,2270.0,113500.0,2025-08-11 13:12:31.073607
2025-08-11,50838,2025081105016794,NRN,Trishakti Securities Public Limited,Premier Securities Company Ltd.,100,2270.0,227000.0,2025-08-11 13:12:31.073842
2025-08-11,50694,2025081105016822,NRN,Asian Securities Private Ltd.,Primo Securities (PVT) Ltd.,100,2265.1,226510.0,2025-08-11 13:12:52.017530
2025-08-11,50636,2025081105016836,NRN,Dakshinkali Investment & Securities Pvt. Ltd.,Premier Securities Company Ltd.,162,2270.0,367740.0,2025-08-11 13:13:02.195237
2025-08-11,50321,2025081105016953,NRN,Dakshinkali Investment & Securities Pvt. Ltd.,Trishakti Securities Public Limited,11,2270.0,24970.0,2025-08-11 13:13:56.724016
2025-08-11,49457,2025081105017298,NRN,Dakshinkali Investment & Securities Pvt. Ltd.,Vision Securities Pvt. Ltd,27,2270.0,61290.0,2025-08-11 13:16:36.496015
2025-08-11,48569,2025081105017529,NRN,Arun Securities (PVT) Ltd.,Naasa Securities Co. Ltd.,10,2270.0,22700.0,2025-08-11 13:19:28.574618
2025-08-11,48427,2025081105017596,NRN,Sri Hari Securities Pvt. Ltd.,Vision Securities Pvt. Ltd,11,2270.0,24970.0,2025-08-11 13:20:00.736562
2025-08-11,48277,2025081105017644,NRN,Sri Hari Securities Pvt. Ltd.,Deevyaa Securities & Stock House Pvt. Ltd,139,2270.0,315530.0,2025-08-11 13:20:22.495295
2025-08-11,47964,2025081105017754,NRN,Naasa Securities Co. Ltd.,Vision Securities Pvt. Ltd,10,2265.1,22651.0,2025-08-11 13:21:16.039032
2025-08-11,47959,2025081105017759,NRN,Indira securities pvt. ltd,Deevyaa Securities & Stock House Pvt. Ltd,38,2265.0,86070.0,2025-08-11 13:21:16.746783
2025-08-11,47795,2025081105017785,NRN,Naasa Securities Co. Ltd.,Premier Securities Company Ltd.,11,2265.1,24916.1,2025-08-11 13:21:48.573462
2025-08-11,46430,2025081105018232,NRN,Naasa Securities Co. Ltd.,Sharepro Securities Private Limited,89,2265.1,201593.9,2025-08-11 13:26:07.896057
2025-08-11,46429,2025081105018233,NRN,Kohinoor Investment & Securities Pvt. Ltd.,Sharepro Securities Private Limited,10,2265.1,22651.0,2025-08-11 13:26:07.896300
2025-08-11,46428,2025081105018234,NRN,Indira securities pvt. ltd,Sharepro Securities Private Limited,62,2265.0,140430.0,2025-08-11 13:26:07.896432
2025-08-11,46427,2025081105018235,NRN,Sri Hari Securities Pvt. Ltd.,Sharepro Securities Private Limited,100,2261.1,226110.0,2025-08-11 13:26:07.896519
2025-08-11,46426,2025081105018236,NRN,Bhrikuti Stock Broking Co. Pvt. Ltd.,Sharepro Securities Private Limited,500,2261.0,1130500.0,2025-08-11 13:26:07.896600
2025-08-11,46425,2025081105018237,NRN,Primo Securities (PVT) Ltd.,Sharepro Securities Private Limited,200,2261.0,452200.0,2025-08-11 13:26:07.896683
2025-08-11,46424,2025081105018238,NRN,Naasa Securities Co. Ltd.,Sharepro Securities Private Limited,79,2260.2,178555.8,2025-08-11 13:26:07.896763
2025-08-11,46423,2025081105018239,NRN,Vision Securities Pvt. Ltd,Sharepro Securities Private Limited,100,2260.2,226020.0,2025-08-11 13:26:07.896856
2025-08-11,46422,2025081105018240,NRN,Naasa Securities Co. Ltd.,Sharepro Securities Private Limited,486,2260.2,1098457.2,2025-08-11 13:26:07.896933
2025-08-11,46332,2025081105018274,NRN,Naasa Securities Co. Ltd.,Premier Securities Company Ltd.,14,2260.2,31642.8,2025-08-11 13:26:27.453706
2025-08-11,46331,2025081105018275,NRN,Naasa Securities Co. Ltd.,Premier Securities Company Ltd.,10,2260.1,22601.0,2025-08-11 13:26:27.454145
2025-08-11,46330,2025081105018276,NRN,Naasa Securities Co. Ltd.,Premier Securities Company Ltd.,500,2260.1,1130050.0,2025-08-11 13:26:27.454418
2025-08-11,46329,2025081105018277,NRN,Naasa Securities Co. Ltd.,Premier Securities Company Ltd.,10476,2260.0,23675760.0,2025-08-11 13:26:27.454698
2025-08-11,46084,2025081105018346,NRN,Naasa Securities Co. Ltd.,Premier Securities Company Ltd.,100,2260.0,226000.0,2025-08-11 13:27:01.665930
2025-08-11,46054,2025081105018360,NRN,Naasa Securities Co. Ltd.,NIMB Stock Markets Limited,4250,2260.0,9605000.0,2025-08-11 13:27:08.965688
2025-08-11,44107,2025081105019004,NRN,Trishakti Securities Public Limited,Naasa Securities Co. Ltd.,50,2266.0,113300.0,2025-08-11 13:32:41.395450
2025-08-11,44106,2025081105019005,NRN,Dakshinkali Investment & Securities Pvt. Ltd.,Naasa Securities Co. Ltd.,100,2265.1,226510.0,2025-08-11 13:32:41.395683
2025-08-11,43973,2025081105019057,NRN,ABC Securities Private Limited,J.F. Securites (PVT) Ltd.,11,2270.0,24970.0,2025-08-11 13:33:08.923815
2025-08-11,43972,2025081105019058,NRN,ABC Securities Private Limited,Agrawal Securities (PVT) Ltd.,11,2277.0,25047.0,2025-08-11 13:33:08.924056
2025-08-11,43971,2025081105019059,NRN,ABC Securities Private Limited,Sumeru Securities Pvt. Ltd.,78,2278.0,177684.0,2025-08-11 13:33:08.924137
2025-08-11,43111,2025081105019369,NRN,Asian Securities Private Ltd.,Sewa Securities Pvt. Ltd.,200,2268.1,453620.0,2025-08-11 13:35:02.225538
2025-08-11,43110,2025081105019370,NRN,Online Securities Pvt. Ltd.,Sewa Securities Pvt. Ltd.,61,2268.0,138348.0,2025-08-11 13:35:02.225790
2025-08-11,42816,2025081105019488,NRN,Online Securities Pvt. Ltd.,Sundhara Securities Limited,11,2268.0,24948.0,2025-08-11 13:35:48.493193
2025-08-11,42331,2025081105019676,NRN,Sumeru Securities Pvt. Ltd.,Dynamic Money Managers Securities Pvt. Ltd.,25,2269.0,56725.0,2025-08-11 13:36:54.619996
2025-08-11,42219,2025081105019707,NRN,Sumeru Securities Pvt. Ltd.,Infinity Securities Limited,30,2269.0,68070.0,2025-08-11 13:37:08.392122
2025-08-11,41918,2025081105019813,NRN,J.F. Securites (PVT) Ltd.,Infinity Securities Limited,1,2223.7,2223.7,2025-08-11 13:38:05.562933
2025-08-11,41467,2025081105019951,NRN,Sundhara Securities Limited,ABC Securities Private Limited,10,2274.0,22740.0,2025-08-11 13:39:26.538817
2025-08-11,40681,2025081105020342,NRN,Sumeru Securities Pvt. Ltd.,Dipshikha Dhitopatra Karobar Co. Pvt Ltd.,545,2269.0,1236605.0,2025-08-11 13:41:09.178455
2025-08-11,40018,2025081105020590,NRN,Imperial Securities Company Pvt. Ltd.,Bhrikuti Stock Broking Co. Pvt. Ltd.,11,2268.1,24949.1,2025-08-11 13:43:13.375069
2025-08-11,39838,2025081105020677,NRN,BHOLE GANESH SECURITIES LTD,Naasa Securities Co. Ltd.,200,2269.0,453800.0,2025-08-11 13:43:41.128515
2025-08-11,39591,2025081105020738,NRN,Imperial Securities Company Pvt. Ltd.,Dipshikha Dhitopatra Karobar Co. Pvt Ltd.,455,2268.1,1031985.5,2025-08-11 13:44:11.216521
2025-08-11,39535,2025081105020754,NRN,Imperial Securities Company Pvt. Ltd.,Nepal Stock House (PVT) Ltd.,11,2268.1,24949.1,2025-08-11 13:44:21.755879
2025-08-11,39099,2025081105020908,NRN,Imperial Securities Company Pvt. Ltd.,Sani Securities Company Ltd.,23,2268.1,52166.3,2025-08-11 13:45:40.150719
2025-08-11,39098,2025081105020909,NRN,Online Securities Pvt. Ltd.,Sani Securities Company Ltd.,77,2268.0,174636.0,2025-08-11 13:45:40.150976
2025-08-11,39049,2025081105020931,NRN,Online Securities Pvt. Ltd.,Miyo Securities Pvt Ltd,30,2268.0,68040.0,2025-08-11 13:45:50.874767
2025-08-11,38966,2025081105020957,NRN,Sani Securities Company Ltd.,Naasa Securities Co. Ltd.,500,2269.0,1134500.0,2025-08-11 13:46:10.405075
2025-08-11,38922,2025081105020974,NRN,Kohinoor Investment & Securities Pvt. Ltd.,Naasa Securities Co. Ltd.,550,2269.0,1247950.0,2025-08-11 13:46:22.421592
2025-08-11,38871,2025081105021001,NRN,Naasa Securities Co. Ltd.,Naasa Securities Co. Ltd.,1,2269.0,2269.0,2025-08-11 13:46:27.968638
2025-08-11,38809,2025081105021027,NRN,Naasa Securities Co. Ltd.,Naasa Securities Co. Ltd.,1,2270.0,2270.0,2025-08-11 13:46:50.650703
2025-08-11,38770,2025081105021037,NRN,Sundhara Securities Limited,Arun Securities (PVT) Ltd.,11,2268.1,24949.1,2025-08-11 13:46:58.978725
2025-08-11,37340,2025081105021573,NRN,Online Securities Pvt. Ltd.,SUN SECURITIES PVT LTD,321,2268.0,728028.0,2025-08-11 13:51:03.421008
2025-08-11,37339,2025081105021574,NRN,Sri Hari Securities Pvt. Ltd.,SUN SECURITIES PVT LTD,100,2268.0,226800.0,2025-08-11 13:51:03.421251
2025-08-11,36769,2025081105021779,NRN,Sri Hari Securities Pvt. Ltd.,Sani Securities Company Ltd.,250,2267.2,566800.0,2025-08-11 13:52:50.933655
2025-08-11,36768,2025081105021780,NRN,Imperial Securities Company Pvt. Ltd.,Sani Securities Company Ltd.,100,2267.1,226710.0,2025-08-11 13:52:50.934150
2025-08-11,36767,2025081105021781,NRN,Kohinoor Investment & Securities Pvt. Ltd.,Sani Securities Company Ltd.,150,2267.0,340050.0,2025-08-11 13:52:50.934480
2025-08-11,36182,2025081105021965,NRN,J.F. Securites (PVT) Ltd.,Sani Securities Company Ltd.,11,2267.1,24938.1,2025-08-11 13:54:32.959663
2025-08-11,35953,2025081105022053,NRN,Trishakti Securities Public Limited,Naasa Securities Co. Ltd.,11,2268.0,24948.0,2025-08-11 13:55:14.308543
2025-08-11,35773,2025081105022138,NRN,J.F. Securites (PVT) Ltd.,Imperial Securities Company Pvt. Ltd.,20,2268.1,45362.0,2025-08-11 13:55:45.711287
2025-08-11,35589,2025081105022189,NRN,J.F. Securites (PVT) Ltd.,Pragyan Securities (PVT) Ltd.,11,2268.1,24949.1,2025-08-11 13:56:23.089858
2025-08-11,34855,2025081105022580,NRN,ABC Securities Private Limited,SUN SECURITIES PVT LTD,279,2273.9,634418.1,2025-08-11 13:58:29.157475
2025-08-11,34854,2025081105022581,NRN,ABC Securities Private Limited,ABC Securities Private Limited,40,2274.0,90960.0,2025-08-11 13:58:29.157523
2025-08-11,34853,2025081105022582,NRN,ABC Securities Private Limited,Bhrikuti Stock Broking Co. Pvt. Ltd.,100,2274.0,227400.0,2025-08-11 13:58:29.157565
2025-08-11,34852,2025081105022583,NRN,ABC Securities Private Limited,Imperial Securities Company Pvt. Ltd.,81,2275.0,184275.0,2025-08-11 13:58:29.157625
2025-08-11,34699,2025081105022658,NRN,J.F. Securites (PVT) Ltd.,Secured Securities Ltd.,1,2266.0,2266.0,2025-08-11 13:59:03.003789
2025-08-11,34633,2025081105022689,NRN,Sri Hari Securities Pvt. Ltd.,Sri Hari Securities Pvt. Ltd.,250,2273.0,568250.0,2025-08-11 13:59:20.192940
2025-08-11,34158,2025081105022864,NRN,ABC Securities Private Limited,Imperial Securities Company Pvt. Ltd.,500,2275.0,1137500.0,2025-08-11 14:01:09.862182
2025-08-11,34133,2025081105022879,NRN,Naasa Securities Co. Ltd.,Trishakti Securities Public Limited,10,2269.0,22690.0,2025-08-11 14:01:15.567068
2025-08-11,33663,2025081105023052,NRN,Naasa Securities Co. Ltd.,Nepal Stock House (PVT) Ltd.,30,2269.0,68070.0,2025-08-11 14:03:09.219150
2025-08-11,33594,2025081105023079,NRN,J.F. Securites (PVT) Ltd.,Nepal Stock House (PVT) Ltd.,458,2268.1,1038789.8,2025-08-11 14:03:26.116435
2025-08-11,33533,2025081105023120,NRN,Trishakti Securities Public Limited,Nepal Stock House (PVT) Ltd.,12,2268.0,27216.0,2025-08-11 14:03:38.923046
2025-08-11,33518,2025081105023132,NRN,Trishakti Securities Public Limited,Deevyaa Securities & Stock House Pvt. Ltd,11,2268.0,24948.0,2025-08-11 14:03:42.561833
2025-08-11,33025,2025081105023305,NRN,J.F. Securites (PVT) Ltd.,SUN SECURITIES PVT LTD,500,2271.0,1135500.0,2025-08-11 14:05:10.759012
2025-08-11,33024,2025081105023306,NRN,Sipla Securities Private Limited,SUN SECURITIES PVT LTD,100,2270.1,227010.0,2025-08-11 14:05:10.759307
2025-08-11,33023,2025081105023307,NRN,Naasa Securities Co. Ltd.,SUN SECURITIES PVT LTD,611,2270.0,1386970.0,2025-08-11 14:05:10.759459
2025-08-11,32863,2025081105023367,NRN,Trishakti Securities Public Limited,SHUBHAKAMANA SECURITIES PVT. LTD,16,2268.0,36288.0,2025-08-11 14:05:42.518463
2025-08-11,32862,2025081105023368,NRN,Miyo Securities Pvt Ltd,SHUBHAKAMANA SECURITIES PVT. LTD,10,2268.0,22680.0,2025-08-11 14:05:42.518914
2025-08-11,32861,2025081105023369,NRN,Premier Securities Company Ltd.,SHUBHAKAMANA SECURITIES PVT. LTD,40,2268.0,90720.0,2025-08-11 14:05:42.519161
2025-08-11,32669,2025081105023445,NRN,Kohinoor Investment & Securities Pvt. Ltd.,Dakshinkali Investment & Securities Pvt. Ltd.,10,2267.0,22670.0,2025-08-11 14:06:17.662925
2025-08-11,30959,2025081105024183,NRN,SHUBHAKAMANA SECURITIES PVT. LTD,South Asian Bulls Pvt. Ltd.,10,2268.0,22680.0,2025-08-11 14:10:38.330792
2025-08-11,30430,2025081105024344,NRN,SHUBHAKAMANA SECURITIES PVT. LTD,Shree Krishna Securities Ltd.,11,2269.0,24959.0,2025-08-11 14:12:18.607999
2025-08-11,29808,2025081105024554,NRN,SHUBHAKAMANA SECURITIES PVT. LTD,Prabhu Stock Market Limited,39,2269.0,88491.0,2025-08-11 14:14:15.640838
2025-08-11,29807,2025081105024555,NRN,Sri Hari Securities Pvt. Ltd.,Prabhu Stock Market Limited,11,2268.0,24948.0,2025-08-11 14:14:15.641193
2025-08-11,29806,2025081105024556,NRN,Sipla Securities Private Limited,Prabhu Stock Market Limited,100,2267.1,226710.0,2025-08-11 14:14:15.641303
2025-08-11,29805,2025081105024557,NRN,Kohinoor Investment & Securities Pvt. Ltd.,Prabhu Stock Market Limited,340,2267.0,770780.0,2025-08-11 14:14:15.641414
2025-08-11,29804,2025081105024558,NRN,Sumeru Securities Pvt. Ltd.,Prabhu Stock Market Limited,10,2267.0,22670.0,2025-08-11 14:14:15.641501
2025-08-11,29545,2025081105024644,NRN,J.F. Securites (PVT) Ltd.,South Asian Bulls Pvt. Ltd.,1,2268.0,2268.0,2025-08-11 14:14:53.538564
2025-08-11,29444,2025081105024700,NRN,Sumeru Securities Pvt. Ltd.,Deevyaa Securities & Stock House Pvt. Ltd,65,2267.0,147355.0,2025-08-11 14:15:09.503908
2025-08-11,29443,2025081105024701,NRN,Dakshinkali Investment & Securities Pvt. Ltd.,Deevyaa Securities & Stock House Pvt. Ltd,300,2266.1,679830.0,2025-08-11 14:15:09.504376
2025-08-11,29442,2025081105024702,NRN,Trishakti Securities Public Limited,Deevyaa Securities & Stock House Pvt. Ltd,50,2265.0,113250.0,2025-08-11 14:15:09.504644
2025-08-11,29441,2025081105024703,NRN,Naasa Securities Co. Ltd.,Deevyaa Securities & Stock House Pvt. Ltd,220,2265.0,498300.0,2025-08-11 14:15:09.504933
2025-08-11,29440,2025081105024704,NRN,Naasa Securities Co. Ltd.,Deevyaa Securities & Stock House Pvt. Ltd,65,2265.0,147225.0,2025-08-11 14:15:09.505026
2025-08-11,29240,2025081105024760,NRN,Naasa Securities Co. Ltd.,Prabhu Stock Market Limited,65,2265.0,147225.0,2025-08-11 14:15:41.892920
2025-08-11,29239,2025081105024761,NRN,Naasa Securities Co. Ltd.,Prabhu Stock Market Limited,100,2265.0,226500.0,2025-08-11 14:15:41.893393
2025-08-11,29238,2025081105024762,NRN,NIMB Stock Markets Limited,Prabhu Stock Market Limited,335,2262.3,757870.5,2025-08-11 14:15:41.893648
2025-08-11,28692,2025081105024994,NRN,Vision Securities Pvt. Ltd,Vision Securities Pvt. Ltd,1,2220.1,2220.1,2025-08-11 14:17:09.205919
2025-08-11,28665,2025081105024997,NRN,Agrawal Securities (PVT) Ltd.,ABC Securities Private Limited,200,2261.0,452200.0,2025-08-11 14:17:12.451940
2025-08-11,28664,2025081105024998,NRN,Sri Hari Securities Pvt. Ltd.,ABC Securities Private Limited,100,2261.0,226100.0,2025-08-11 14:17:12.451988
2025-08-11,28663,2025081105024999,NRN,Sharepro Securities Private Limited,ABC Securities Private Limited,300,2260.1,678030.0,2025-08-11 14:17:12.452036
2025-08-11,28662,2025081105025000,NRN,NIMB Stock Markets Limited,ABC Securities Private Limited,165,2260.1,372916.5,2025-08-11 14:17:12.452075
2025-08-11,28661,2025081105025001,NRN,Prabhu Stock Market Limited,ABC Securities Private Limited,435,2260.1,983143.5,2025-08-11 14:17:12.452101
2025-08-11,28563,2025081105025030,NRN,Prabhu Stock Market Limited,Naasa Securities Co. Ltd.,65,2260.1,146906.5,2025-08-11 14:17:25.595228
2025-08-11,28562,2025081105025031,NRN,BHOLE GANESH SECURITIES LTD,Naasa Securities Co. Ltd.,1935,2260.0,4373100.0,2025-08-11 14:17:25.595514
2025-08-11,28342,2025081105025120,NRN,BHOLE GANESH SECURITIES LTD,ABC Securities Private Limited,65,2260.0,146900.0,2025-08-11 14:17:57.925930
2025-08-11,28341,2025081105025121,NRN,Linch Stock Market Ltd.,ABC Securities Private Limited,50,2260.0,113000.0,2025-08-11 14:17:57.926006
2025-08-11,28340,2025081105025122,NRN,Arun Securities (PVT) Ltd.,ABC Securities Private Limited,20,2260.0,45200.0,2025-08-11 14:17:57.926031
2025-08-11,28339,2025081105025123,NRN,Deevyaa Securities & Stock House Pvt. Ltd,ABC Securities Private Limited,200,2260.0,452000.0,2025-08-11 14:17:57.926054
2025-08-11,28338,2025081105025124,NRN,Naasa Securities Co. Ltd.,ABC Securities Private Limited,200,2260.0,452000.0,2025-08-11 14:17:57.926078
2025-08-11,28337,2025081105025125,NRN,Sri Hari Securities Pvt. Ltd.,ABC Securities Private Limited,100,2260.0,226000.0,2025-08-11 14:17:57.926103
2025-08-11,28336,2025081105025126,NRN,K.B.L. Securities Limited ,ABC Securities Private Limited,130,2260.0,293800.0,2025-08-11 14:17:57.926142
2025-08-11,28335,2025081105025127,NRN,Sumeru Securities Pvt. Ltd.,ABC Securities Private Limited,100,2260.0,226000.0,2025-08-11 14:17:57.926164
2025-08-11,28334,2025081105025128,NRN,Sri Hari Securities Pvt. Ltd.,ABC Securities Private Limited,10,2260.0,22600.0,2025-08-11 14:17:57.926187
2025-08-11,28333,2025081105025129,NRN,Trishakti Securities Public Limited,ABC Securities Private Limited,10,2260.0,22600.0,2025-08-11 14:17:57.926211
2025-08-11,26934,2025081105025699,NRN,SHUBHAKAMANA SECURITIES PVT. LTD,Shree Krishna Securities Ltd.,10,2261.0,22610.0,2025-08-11 14:22:04.996161
2025-08-11,26815,2025081105025737,NRN,Vision Securities Pvt. Ltd,ABC Securities Private Limited,500,2268.0,1134000.0,2025-08-11 14:22:31.122950
2025-08-11,25381,2025081105026366,NRN,J.F. Securites (PVT) Ltd.,Neev Securities Pvt. Ltd.,1,2250.0,2250.0,2025-08-11 14:25:59.718876
2025-08-11,24540,2025081105026771,NRN,Shree Krishna Securities Ltd.,Agrawal Securities (PVT) Ltd.,200,2265.0,453000.0,2025-08-11 14:28:18.361285
2025-08-11,24470,2025081105026807,NRN,Shree Krishna Securities Ltd.,Agrawal Securities (PVT) Ltd.,200,2265.0,453000.0,2025-08-11 14:28:31.590649
2025-08-11,24282,2025081105026892,NRN,Shree Krishna Securities Ltd.,Siprabi Securities Pvt. Ltd.,95,2265.0,215175.0,2025-08-11 14:29:05.036688
2025-08-11,24066,2025081105026944,NRN,Dynamic Money Managers Securities Pvt. Ltd.,Agrawal Securities (PVT) Ltd.,100,2265.0,226500.0,2025-08-11 14:29:32.981691
2025-08-11,23520,2025081105027138,NRN,SHUBHAKAMANA SECURITIES PVT. LTD,Midas Stock Broking Company Private Limited,10,2263.0,22630.0,2025-08-11 14:30:51.679914
2025-08-11,23519,2025081105027139,NRN,Himalayan Brokerage Company Limited,Midas Stock Broking Company Private Limited,52,2263.0,117676.0,2025-08-11 14:30:51.680390
2025-08-11,23399,2025081105027170,NRN,Himalayan Brokerage Company Limited,Midas Stock Broking Company Private Limited,10,2263.0,22630.0,2025-08-11 14:31:06.776217
2025-08-11,23211,2025081105027224,NRN,Himalayan Brokerage Company Limited,Sri Hari Securities Pvt. Ltd.,38,2263.0,85994.0,2025-08-11 14:31:27.577382
2025-08-11,23210,2025081105027225,NRN,Naasa Securities Co. Ltd.,Sri Hari Securities Pvt. Ltd.,50,2262.3,113115.0,2025-08-11 14:31:27.577631
2025-08-11,23209,2025081105027226,NRN,Indira securities pvt. ltd,Sri Hari Securities Pvt. Ltd.,80,2262.1,180968.0,2025-08-11 14:31:27.577730
2025-08-11,23127,2025081105027262,NRN,Bhrikuti Stock Broking Co. Pvt. Ltd.,Agrawal Securities (PVT) Ltd.,100,2261.0,226100.0,2025-08-11 14:31:35.673599
2025-08-11,22985,2025081105027312,NRN,Trishakti Securities Public Limited,Sumeru Securities Pvt. Ltd.,5,2275.0,11375.0,2025-08-11 14:31:59.934664
2025-08-11,22182,2025081105027624,NRN,Capital Max Securities Ltd,ABC Securities Private Limited,200,2262.0,452400.0,2025-08-11 14:33:43.838735
2025-08-11,22181,2025081105027625,NRN,Kumari Securities Private Limited,ABC Securities Private Limited,10,2261.0,22610.0,2025-08-11 14:33:43.838837
2025-08-11,22180,2025081105027626,NRN,J.F. Securites (PVT) Ltd.,ABC Securities Private Limited,365,2259.0,824535.0,2025-08-11 14:33:43.838910
2025-08-11,22179,2025081105027627,NRN,Himalayan Brokerage Company Limited,ABC Securities Private Limited,1000,2258.2,2258200.0,2025-08-11 14:33:43.839012
2025-08-11,22178,2025081105027628,NRN,Prabhu Stock Market Limited,ABC Securities Private Limited,200,2258.1,451620.0,2025-08-11 14:33:43.839073
2025-08-11,22177,2025081105027629,NRN,Vision Securities Pvt. Ltd,ABC Securities Private Limited,225,2258.0,508050.0,2025-08-11 14:33:43.839141
2025-08-11,21704,2025081105027790,NRN,Online Securities Pvt. Ltd.,Nepal Investment And Securities Trading Private Limited,25,2258.1,56452.5,2025-08-11 14:34:57.054002
2025-08-11,21670,2025081105027800,NRN,Online Securities Pvt. Ltd.,Trisul Securities & Invt. Ltd.,200,2258.1,451620.0,2025-08-11 14:35:01.197891
2025-08-11,21441,2025081105027873,NRN,Online Securities Pvt. Ltd.,Online Securities Pvt. Ltd.,75,2258.1,169357.5,2025-08-11 14:35:28.364475
2025-08-11,21440,2025081105027874,NRN,Aryatara Investment & Securities,Online Securities Pvt. Ltd.,10,2258.1,22581.0,2025-08-11 14:35:28.364744
2025-08-11,21439,2025081105027875,NRN,Vision Securities Pvt. Ltd,Online Securities Pvt. Ltd.,91,2258.0,205478.0,2025-08-11 14:35:28.364837
2025-08-11,21422,2025081105027877,NRN,Vision Securities Pvt. Ltd,Trisul Securities & Invt. Ltd.,100,2258.0,225800.0,2025-08-11 14:35:31.510145
2025-08-11,20953,2025081105028031,NRN,Vision Securities Pvt. Ltd,Siprabi Securities Pvt. Ltd.,25,2258.0,56450.0,2025-08-11 14:36:33.724909
2025-08-11,20704,2025081105028113,NRN,Vision Securities Pvt. Ltd,Neev Securities Pvt. Ltd.,59,2258.0,133222.0,2025-08-11 14:37:07.377753
2025-08-11,20703,2025081105028114,NRN,Vision Securities Pvt. Ltd,Neev Securities Pvt. Ltd.,441,2257.0,995337.0,2025-08-11 14:37:07.378022
2025-08-11,20454,2025081105028241,NRN,Vision Securities Pvt. Ltd,Neev Securities Pvt. Ltd.,59,2257.0,133163.0,2025-08-11 14:37:41.641140
2025-08-11,20453,2025081105028242,NRN,Imperial Securities Company Pvt. Ltd.,Neev Securities Pvt. Ltd.,26,2256.3,58663.8,2025-08-11 14:37:41.641575
2025-08-11,19994,2025081105028395,NRN,Vision Securities Pvt. Ltd,Roadshow securities limited,200,2256.0,451200.0,2025-08-11 14:38:35.343169
2025-08-11,19490,2025081105028527,NRN,Online Securities Pvt. Ltd.,Sani Securities Company Ltd.,100,2256.1,225610.0,2025-08-11 14:39:27.832306
2025-08-11,18797,2025081105028757,NRN,Naasa Securities Co. Ltd.,Imperial Securities Company Pvt. Ltd.,1,2265.0,2265.0,2025-08-11 14:40:34.322064
2025-08-11,18646,2025081105028809,NRN,Global IME Securities Limited,Imperial Securities Company Pvt. Ltd.,800,2262.0,1809600.0,2025-08-11 14:40:49.274697
2025-08-11,18645,2025081105028810,NRN,Global IME Securities Limited,Indira securities pvt. ltd,175,2262.0,395850.0,2025-08-11 14:40:49.275170
2025-08-11,18483,2025081105028874,NRN,Naasa Securities Co. Ltd.,Sewa Securities Pvt. Ltd.,1,2275.0,2275.0,2025-08-11 14:41:05.367499
2025-08-11,17502,2025081105029102,NRN,Naasa Securities Co. Ltd.,Nepal Stock House (PVT) Ltd.,1,2240.0,2240.0,2025-08-11 14:42:28.003072
2025-08-11,17362,2025081105029144,NRN,Sundhara Securities Limited,Sri Hari Securities Pvt. Ltd.,10,2257.0,22570.0,2025-08-11 14:42:43.764947
2025-08-11,17361,2025081105029145,NRN,SHUBHAKAMANA SECURITIES PVT. LTD,Sri Hari Securities Pvt. Ltd.,100,2256.7,225670.0,2025-08-11 14:42:43.765215
2025-08-11,17360,2025081105029146,NRN,Sri Hari Securities Pvt. Ltd.,Sri Hari Securities Pvt. Ltd.,45,2256.6,101547.0,2025-08-11 14:42:43.765322
2025-08-11,17359,2025081105029147,NRN,Online Securities Pvt. Ltd.,Sri Hari Securities Pvt. Ltd.,100,2256.1,225610.0,2025-08-11 14:42:43.765419
2025-08-11,17358,2025081105029148,NRN,Vision Securities Pvt. Ltd,Sri Hari Securities Pvt. Ltd.,300,2256.0,676800.0,2025-08-11 14:42:43.765511
2025-08-11,17357,2025081105029149,NRN,Imperial Securities Company Pvt. Ltd.,Sri Hari Securities Pvt. Ltd.,13,2256.0,29328.0,2025-08-11 14:42:43.765603
2025-08-11,17356,2025081105029150,NRN,Sumeru Securities Pvt. Ltd.,Sri Hari Securities Pvt. Ltd.,100,2255.1,225510.0,2025-08-11 14:42:43.765699
2025-08-11,17355,2025081105029151,NRN,Prabhu Stock Market Limited,Sri Hari Securities Pvt. Ltd.,300,2255.1,676530.0,2025-08-11 14:42:43.765787
2025-08-11,17354,2025081105029152,NRN,Dipshikha Dhitopatra Karobar Co. Pvt Ltd.,Sri Hari Securities Pvt. Ltd.,32,2255.0,72160.0,2025-08-11 14:42:43.765875
2025-08-11,17118,2025081105029226,NRN,Primo Securities (PVT) Ltd.,Online Securities Pvt. Ltd.,50,2257.0,112850.0,2025-08-11 14:43:04.266219
2025-08-11,16688,2025081105029306,NRN,J.F. Securites (PVT) Ltd.,Siprabi Securities Pvt. Ltd.,1,2250.0,2250.0,2025-08-11 14:43:40.916529
2025-08-11,16515,2025081105029370,NRN,Primo Securities (PVT) Ltd.,Dipshikha Dhitopatra Karobar Co. Pvt Ltd.,11,2255.1,24806.1,2025-08-11 14:43:56.514817
2025-08-11,16191,2025081105029467,NRN,Primo Securities (PVT) Ltd.,Kohinoor Investment & Securities Pvt. Ltd.,39,2255.1,87948.9,2025-08-11 14:44:26.098840
2025-08-11,16190,2025081105029468,NRN,Asian Securities Private Ltd.,Kohinoor Investment & Securities Pvt. Ltd.,14,2255.1,31571.4,2025-08-11 14:44:26.099101
2025-08-11,15709,2025081105029651,NRN,Asian Securities Private Ltd.,Neev Securities Pvt. Ltd.,10,2255.1,22551.0,2025-08-11 14:44:57.252329
2025-08-11,15697,2025081105029653,NRN,Asian Securities Private Ltd.,Trishakti Securities Public Limited,11,2255.1,24806.1,2025-08-11 14:44:58.239413
2025-08-11,15520,2025081105029703,NRN,Naasa Securities Co. Ltd.,Dynamic Money Managers Securities Pvt. Ltd.,1,2257.0,2257.0,2025-08-11 14:45:10.774017
2025-08-11,15425,2025081105029726,NRN,Asian Securities Private Ltd.,Vision Securities Pvt. Ltd,15,2255.1,33826.5,2025-08-11 14:45:19.104101
2025-08-11,15424,2025081105029727,NRN,Dipshikha Dhitopatra Karobar Co. Pvt Ltd.,Vision Securities Pvt. Ltd,86,2255.0,193930.0,2025-08-11 14:45:19.104440
2025-08-11,15082,2025081105029825,NRN,Dipshikha Dhitopatra Karobar Co. Pvt Ltd.,Naasa Securities Co. Ltd.,82,2255.0,184910.0,2025-08-11 14:45:42.742952
2025-08-11,15081,2025081105029826,NRN,Dakshinkali Investment & Securities Pvt. Ltd.,Naasa Securities Co. Ltd.,25,2255.0,56375.0,2025-08-11 14:45:42.743403
2025-08-11,15080,2025081105029827,NRN,Secured Securities Ltd.,Naasa Securities Co. Ltd.,20,2255.0,45100.0,2025-08-11 14:45:42.743745
2025-08-11,15079,2025081105029828,NRN,Kohinoor Investment & Securities Pvt. Ltd.,Naasa Securities Co. Ltd.,83,2255.0,187165.0,2025-08-11 14:45:42.744162
2025-08-11,14822,2025081105029898,NRN,Kohinoor Investment & Securities Pvt. Ltd.,Dipshikha Dhitopatra Karobar Co. Pvt Ltd.,11,2255.0,24805.0,2025-08-11 14:46:07.194140
2025-08-11,14420,2025081105030019,NRN,Kohinoor Investment & Securities Pvt. Ltd.,Sri Hari Securities Pvt. Ltd.,170,2255.0,383350.0,2025-08-11 14:46:32.584837
2025-08-11,14064,2025081105030104,NRN,Kohinoor Investment & Securities Pvt. Ltd.,Naasa Securities Co. Ltd.,50,2255.0,112750.0,2025-08-11 14:46:55.976225
2025-08-11,13929,2025081105030143,NRN,Kohinoor Investment & Securities Pvt. Ltd.,R.B.B. Securities Company Ltd,186,2255.0,419430.0,2025-08-11 14:47:05.882091
2025-08-11,13928,2025081105030144,NRN,KALASH STOCK MARKET PVT. LTD.,R.B.B. Securities Company Ltd,100,2255.0,225500.0,2025-08-11 14:47:05.882351
2025-08-11,13927,2025081105030145,NRN,ABC Securities Private Limited,R.B.B. Securities Company Ltd,25,2254.0,56350.0,2025-08-11 14:47:05.882443
2025-08-11,13926,2025081105030146,NRN,Deevyaa Securities & Stock House Pvt. Ltd,R.B.B. Securities Company Ltd,111,2251.0,249861.0,2025-08-11 14:47:05.882537
2025-08-11,13925,2025081105030147,NRN,Bhrikuti Stock Broking Co. Pvt. Ltd.,R.B.B. Securities Company Ltd,500,2251.0,1125500.0,2025-08-11 14:47:05.882623
2025-08-11,13924,2025081105030148,NRN,Naasa Securities Co. Ltd.,R.B.B. Securities Company Ltd,10,2250.1,22501.0,2025-08-11 14:47:05.882710
2025-08-11,13923,2025081105030149,NRN,Magnet Securities and Investment Company Private Limited,R.B.B. Securities Company Ltd,50,2250.0,112500.0,2025-08-11 14:47:05.882796
2025-08-11,13922,2025081105030150,NRN,Naasa Securities Co. Ltd.,R.B.B. Securities Company Ltd,20,2250.0,45000.0,2025-08-11 14:47:05.882893
2025-08-11,13921,2025081105030151,NRN,Swarna Laxmi Securities Pvt. Ltd.,R.B.B. Securities Company Ltd,20,2250.0,45000.0,2025-08-11 14:47:05.882975
2025-08-11,13920,2025081105030152,NRN,Kohinoor Investment & Securities Pvt. Ltd.,R.B.B. Securities Company Ltd,10,2250.0,22500.0,2025-08-11 14:47:05.883060
2025-08-11,13919,2025081105030153,NRN,Sweta Securities Private Limited,R.B.B. Securities Company Ltd,10,2250.0,22500.0,2025-08-11 14:47:05.883142
2025-08-11,13918,2025081105030154,NRN,Naasa Securities Co. Ltd.,R.B.B. Securities Company Ltd,100,2250.0,225000.0,2025-08-11 14:47:05.883223
2025-08-11,13917,2025081105030155,NRN,Agrawal Securities (PVT) Ltd.,R.B.B. Securities Company Ltd,50,2250.0,112500.0,2025-08-11 14:47:05.883306
2025-08-11,13916,2025081105030156,NRN,J.F. Securites (PVT) Ltd.,R.B.B. Securities Company Ltd,300,2250.0,675000.0,2025-08-11 14:47:05.883393
2025-08-11,13915,2025081105030157,NRN,Sumeru Securities Pvt. Ltd.,R.B.B. Securities Company Ltd,50,2250.0,112500.0,2025-08-11 14:47:05.883475
2025-08-11,13914,2025081105030158,NRN,Deevyaa Securities & Stock House Pvt. Ltd,R.B.B. Securities Company Ltd,130,2250.0,292500.0,2025-08-11 14:47:05.883555
2025-08-11,13913,2025081105030159,NRN,Online Securities Pvt. Ltd.,R.B.B. Securities Company Ltd,500,2250.0,1125000.0,2025-08-11 14:47:05.883633
2025-08-11,13912,2025081105030160,NRN,Trishakti Securities Public Limited,R.B.B. Securities Company Ltd,40,2250.0,90000.0,2025-08-11 14:47:05.883711
2025-08-11,13911,2025081105030161,NRN,Naasa Securities Co. Ltd.,R.B.B. Securities Company Ltd,100,2250.0,225000.0,2025-08-11 14:47:05.883795
2025-08-11,13910,2025081105030162,NRN,Malla & Malla Stock Broking Company Pvt. Limited,R.B.B. Securities Company Ltd,25,2250.0,56250.0,2025-08-11 14:47:05.883877
2025-08-11,13341,2025081105030297,NRN,ABC Securities Private Limited,R.B.B. Securities Company Ltd,600,2250.0,1350000.0,2025-08-11 14:47:41.675854
2025-08-11,13030,2025081105030363,NRN,Naasa Securities Co. Ltd.,R.B.B. Securities Company Ltd,63,2250.0,141750.0,2025-08-11 14:48:07.981030
2025-08-11,10421,2025081105031093,NRN,Naasa Securities Co. Ltd.,Malla & Malla Stock Broking Company Pvt. Limited,11,2250.1,24751.1,2025-08-11 14:51:24.266642
2025-08-11,10216,2025081105031148,NRN,Naasa Securities Co. Ltd.,Aryatara Investment & Securities,20,2250.1,45002.0,2025-08-11 14:51:41.123548
2025-08-11,9951,2025081105031213,NRN,Kumari Securities Private Limited,Property Wiard Limited,10,2251.0,22510.0,2025-08-11 14:52:03.037775
2025-08-11,9950,2025081105031214,NRN,Nagarik Stock Dealer ,Property Wiard Limited,10,2250.0,22500.0,2025-08-11 14:52:03.038033
2025-08-11,9949,2025081105031215,NRN,Arun Securities (PVT) Ltd.,Property Wiard Limited,20,2250.0,45000.0,2025-08-11 14:52:03.038171
2025-08-11,9948,2025081105031216,NRN,Aakashbhairab Securities Ltd.,Property Wiard Limited,960,2250.0,2160000.0,2025-08-11 14:52:03.038274
2025-08-11,9708,2025081105031268,NRN,Aakashbhairab Securities Ltd.,Property Wiard Limited,40,2250.0,90000.0,2025-08-11 14:52:17.101681
2025-08-11,9707,2025081105031269,NRN,Dynamic Money Managers Securities Pvt. Ltd.,Property Wiard Limited,160,2250.0,360000.0,2025-08-11 14:52:17.101916
2025-08-11,9148,2025081105031427,NRN,Dynamic Money Managers Securities Pvt. Ltd.,Property Wiard Limited,340,2250.0,765000.0,2025-08-11 14:52:59.273335
2025-08-11,9147,2025081105031428,NRN,Dipshikha Dhitopatra Karobar Co. Pvt Ltd.,Property Wiard Limited,160,2250.0,360000.0,2025-08-11 14:52:59.273618
2025-08-11,8671,2025081105031536,NRN,Dipshikha Dhitopatra Karobar Co. Pvt Ltd.,Property Wiard Limited,40,2250.0,90000.0,2025-08-11 14:53:29.421388
2025-08-11,8670,2025081105031537,NRN,Trishakti Securities Public Limited,Property Wiard Limited,50,2250.0,112500.0,2025-08-11 14:53:29.421635
2025-08-11,8478,2025081105031584,NRN,Sri Hari Securities Pvt. Ltd.,INDEX SECURITIES LIMITED,10,2249.0,22490.0,2025-08-11 14:53:43.940175
2025-08-11,8477,2025081105031585,NRN,Neev Securities Pvt. Ltd.,INDEX SECURITIES LIMITED,90,2248.0,202320.0,2025-08-11 14:53:43.940222
2025-08-11,8050,2025081105031736,NRN,Neev Securities Pvt. Ltd.,Capital Max Securities Ltd,110,2248.0,247280.0,2025-08-11 14:54:16.795244
2025-08-11,8049,2025081105031737,NRN,Aakashbhairab Securities Ltd.,Capital Max Securities Ltd,890,2248.0,2000720.0,2025-08-11 14:54:16.795454
2025-08-11,8029,2025081105031741,NRN,Aakashbhairab Securities Ltd.,Vision Securities Pvt. Ltd,11,2248.0,24728.0,2025-08-11 14:54:18.638127
2025-08-11,8028,2025081105031742,NRN,J.F. Securites (PVT) Ltd.,Dynamic Money Managers Securities Pvt. Ltd.,1,2244.0,2244.0,2025-08-11 14:54:18.688206
2025-08-11,7359,2025081105031923,NRN,SHUBHAKAMANA SECURITIES PVT. LTD,Bhrikuti Stock Broking Co. Pvt. Ltd.,10,2249.0,22490.0,2025-08-11 14:54:59.966618
2025-08-11,7358,2025081105031924,NRN,Aakashbhairab Securities Ltd.,Bhrikuti Stock Broking Co. Pvt. Ltd.,99,2248.0,222552.0,2025-08-11 14:54:59.966872
2025-08-11,7199,2025081105031978,NRN,Nagarik Stock Dealer ,Bhrikuti Stock Broking Co. Pvt. Ltd.,10,2248.0,22480.0,2025-08-11 14:55:09.978696
2025-08-11,7028,2025081105032032,NRN,Arun Securities (PVT) Ltd.,Bhrikuti Stock Broking Co. Pvt. Ltd.,35,2248.0,78680.0,2025-08-11 14:55:20.213067
2025-08-11,6961,2025081105032054,NRN,Nabil Stock Dealer Ltd.,SHUBHAKAMANA SECURITIES PVT. LTD,10,2245.2,22452.0,2025-08-11 14:55:23.622995
2025-08-11,6960,2025081105032055,NRN,Dipshikha Dhitopatra Karobar Co. Pvt Ltd.,SHUBHAKAMANA SECURITIES PVT. LTD,174,2245.0,390630.0,2025-08-11 14:55:23.623224
2025-08-11,6790,2025081105032121,NRN,Naasa Securities Co. Ltd.,Sumeru Securities Pvt. Ltd.,1,2276.0,2276.0,2025-08-11 14:55:32.495149
2025-08-11,6715,2025081105032139,NRN,Dipshikha Dhitopatra Karobar Co. Pvt Ltd.,Miyo Securities Pvt Ltd,36,2245.0,80820.0,2025-08-11 14:55:39.549187
2025-08-11,6714,2025081105032140,NRN,Property Wiard Limited,Miyo Securities Pvt Ltd,100,2245.0,224500.0,2025-08-11 14:55:39.549418
2025-08-11,6713,2025081105032141,NRN,Trishakti Securities Public Limited,Miyo Securities Pvt Ltd,49,2245.0,110005.0,2025-08-11 14:55:39.549513
2025-08-11,6335,2025081105032289,NRN,Trishakti Securities Public Limited,Property Wiard Limited,51,2245.0,114495.0,2025-08-11 14:56:01.011708
2025-08-11,6334,2025081105032290,NRN,Nepal Investment And Securities Trading Private Limited,Property Wiard Limited,10,2245.0,22450.0,2025-08-11 14:56:01.011805
2025-08-11,6333,2025081105032291,NRN,Online Securities Pvt. Ltd.,Property Wiard Limited,250,2244.2,561050.0,2025-08-11 14:56:01.011910
2025-08-11,6332,2025081105032292,NRN,South Asian Bulls Pvt. Ltd.,Property Wiard Limited,10,2244.0,22440.0,2025-08-11 14:56:01.011995
2025-08-11,6331,2025081105032293,NRN,K.B.L. Securities Limited ,Property Wiard Limited,1000,2244.0,2244000.0,2025-08-11 14:56:01.012088
2025-08-11,6330,2025081105032294,NRN,Capital Max Securities Ltd,Property Wiard Limited,50,2240.0,112000.0,2025-08-11 14:56:01.012165
2025-08-11,6329,2025081105032295,NRN,Infinity Securities Limited,Property Wiard Limited,500,2240.0,1120000.0,2025-08-11 14:56:01.012262
2025-08-11,6328,2025081105032296,NRN,Imperial Securities Company Pvt. Ltd.,Property Wiard Limited,50,2240.0,112000.0,2025-08-11 14:56:01.012378
2025-08-11,6327,2025081105032297,NRN,Kumari Securities Private Limited,Property Wiard Limited,50,2240.0,112000.0,2025-08-11 14:56:01.012459
2025-08-11,6326,2025081105032298,NRN,Aakashbhairab Securities Ltd.,Property Wiard Limited,1000,2240.0,2240000.0,2025-08-11 14:56:01.012535
2025-08-11,6325,2025081105032299,NRN,Kohinoor Investment & Securities Pvt. Ltd.,Property Wiard Limited,775,2237.0,1733675.0,2025-08-11 14:56:01.012623
2025-08-11,6324,2025081105032300,NRN,Dipshikha Dhitopatra Karobar Co. Pvt Ltd.,Property Wiard Limited,210,2236.0,469560.0,2025-08-11 14:56:01.012727
2025-08-11,6323,2025081105032301,NRN,Asian Securities Private Ltd.,Property Wiard Limited,50,2236.0,111800.0,2025-08-11 14:56:01.012808
2025-08-11,6322,2025081105032302,NRN,SHUBHAKAMANA SECURITIES PVT. LTD,Property Wiard Limited,25,2235.0,55875.0,2025-08-11 14:56:01.012892
2025-08-11,6321,2025081105032303,NRN,Miyo Securities Pvt Ltd,Property Wiard Limited,20,2235.0,44700.0,2025-08-11 14:56:01.012979
2025-08-11,6320,2025081105032304,NRN,Arun Securities (PVT) Ltd.,Property Wiard Limited,100,2235.0,223500.0,2025-08-11 14:56:01.013080
2025-08-11,6319,2025081105032305,NRN,Naasa Securities Co. Ltd.,Property Wiard Limited,100,2235.0,223500.0,2025-08-11 14:56:01.013161
2025-08-11,6318,2025081105032306,NRN,Primo Securities (PVT) Ltd.,Property Wiard Limited,100,2235.0,223500.0,2025-08-11 14:56:01.013232
2025-08-11,6317,2025081105032307,NRN,Kumari Securities Private Limited,Property Wiard Limited,400,2232.0,892800.0,2025-08-11 14:56:01.013304
2025-08-11,6316,2025081105032308,NRN,Naasa Securities Co. Ltd.,Property Wiard Limited,50,2231.5,111575.0,2025-08-11 14:56:01.013405
2025-08-11,6315,2025081105032309,NRN,Kohinoor Investment & Securities Pvt. Ltd.,Property Wiard Limited,50,2231.0,111550.0,2025-08-11 14:56:01.013490
2025-08-11,6314,2025081105032310,NRN,Primo Securities (PVT) Ltd.,Property Wiard Limited,1000,2230.0,2230000.0,2025-08-11 14:56:01.013571
2025-08-11,6313,2025081105032311,NRN,Magnet Securities and Investment Company Private Limited,Property Wiard Limited,50,2230.0,111500.0,2025-08-11 14:56:01.013653
2025-08-11,6312,2025081105032312,NRN,Sweta Securities Private Limited,Property Wiard Limited,100,2230.0,223000.0,2025-08-11 14:56:01.013744
2025-08-11,6311,2025081105032313,NRN,Miyo Securities Pvt Ltd,Property Wiard Limited,50,2230.0,111500.0,2025-08-11 14:56:01.013840
2025-08-11,6310,2025081105032314,NRN,Sri Hari Securities Pvt. Ltd.,Property Wiard Limited,19,2230.0,42370.0,2025-08-11 14:56:01.013938
2025-08-11,6309,2025081105032315,NRN,Neev Securities Pvt. Ltd.,Property Wiard Limited,200,2230.0,446000.0,2025-08-11 14:56:01.014016
2025-08-11,6308,2025081105032316,NRN,Sundhara Securities Limited,Property Wiard Limited,25,2230.0,55750.0,2025-08-11 14:56:01.014098
2025-08-11,6307,2025081105032317,NRN,Elite Stock House Limited,Property Wiard Limited,500,2230.0,1115000.0,2025-08-11 14:56:01.014174
2025-08-11,6306,2025081105032318,NRN,Sumeru Securities Pvt. Ltd.,Property Wiard Limited,100,2230.0,223000.0,2025-08-11 14:56:01.014266
2025-08-11,6305,2025081105032319,NRN,Dakshinkali Investment & Securities Pvt. Ltd.,Property Wiard Limited,30,2230.0,66900.0,2025-08-11 14:56:01.014368
2025-08-11,6304,2025081105032320,NRN,Nabil Stock Dealer Ltd.,Property Wiard Limited,10,2229.5,22295.0,2025-08-11 14:56:01.014425
2025-08-11,6303,2025081105032321,NRN,Sani Securities Company Ltd.,Property Wiard Limited,1000,2225.0,2225000.0,2025-08-11 14:56:01.014507
2025-08-11,6302,2025081105032322,NRN,Linch Stock Market Ltd.,Property Wiard Limited,200,2225.0,445000.0,2025-08-11 14:56:01.014597
2025-08-11,6301,2025081105032323,NRN,Naasa Securities Co. Ltd.,Property Wiard Limited,3275,2225.0,7286875.0,2025-08-11 14:56:01.014686
2025-08-11,5927,2025081105032473,NRN,Naasa Securities Co. Ltd.,Sani Securities Company Ltd.,10,2250.0,22500.0,2025-08-11 14:56:21.529892
2025-08-11,4304,2025081105032888,NRN,Naasa Securities Co. Ltd.,ABC Securities Private Limited,20,2240.0,44800.0,2025-08-11 14:57:39.438206
2025-08-11,4270,2025081105032898,NRN,Naasa Securities Co. Ltd.,Bhrikuti Stock Broking Co. Pvt. Ltd.,200,2245.0,449000.0,2025-08-11 14:57:40.729383
2025-08-11,3399,2025081105033165,NRN,Bhrikuti Stock Broking Co. Pvt. Ltd.,Bhrikuti Stock Broking Co. Pvt. Ltd.,108,2245.0,242460.0,2025-08-11 14:58:17.024089
2025-08-11,3398,2025081105033166,NRN,Bhrikuti Stock Broking Co. Pvt. Ltd.,Market Securities & Exchange (PVT) Ltd.,200,2246.8,449360.0,2025-08-11 14:58:17.024134
2025-08-11,3397,2025081105033167,NRN,Bhrikuti Stock Broking Co. Pvt. Ltd.,K.B.L. Securities Limited ,192,2247.0,431424.0,2025-08-11 14:58:17.024159
2025-08-11,3199,2025081105033228,NRN,Naasa Securities Co. Ltd.,K.B.L. Securities Limited ,10,2247.0,22470.0,2025-08-11 14:58:25.178098
2025-08-11,2492,2025081105033440,NRN,Arun Securities (PVT) Ltd.,K.B.L. Securities Limited ,200,2247.0,449400.0,2025-08-11 14:58:53.663490
2025-08-11,2185,2025081105033560,NRN,Nagarik Stock Dealer ,Trisul Securities & Invt. Ltd.,10,2240.0,22400.0,2025-08-11 14:59:06.448841
2025-08-11,2184,2025081105033561,NRN,Sumeru Securities Pvt. Ltd.,Trisul Securities & Invt. Ltd.,100,2233.0,223300.0,2025-08-11 14:59:06.448884
2025-08-11,2183,2025081105033562,NRN,Sri Hari Securities Pvt. Ltd.,Trisul Securities & Invt. Ltd.,90,2232.0,200880.0,2025-08-11 14:59:06.448907
2025-08-11,1807,2025081105033679,NRN,Trishakti Securities Public Limited,Imperial Securities Company Pvt. Ltd.,20,2245.0,44900.0,2025-08-11 14:59:19.232262
2025-08-11,1565,2025081105033736,NRN,Aakashbhairab Securities Ltd.,Imperial Securities Company Pvt. Ltd.,80,2245.0,179600.0,2025-08-11 14:59:25.684353
2025-08-11,1086,2025081105033840,NRN,Naasa Securities Co. Ltd.,Imperial Securities Company Pvt. Ltd.,10,2246.0,22460.0,2025-08-11 14:59:36.495299
2025-08-11,1071,2025081105033847,NRN,Trademow Securities Private Limited,Imperial Securities Company Pvt. Ltd.,40,2246.0,89840.0,2025-08-11 14:59:37.076988
2025-08-11,1070,2025081105033848,NRN,Trademow Securities Private Limited,K.B.L. Securities Limited ,108,2247.0,242676.0,2025-08-11 14:59:37.077030
2025-08-11,1069,2025081105033849,NRN,Trademow Securities Private Limited,Thrive Brokerage House Pvt. Ltd,190,2249.0,427310.0,2025-08-11 14:59:37.077058
2025-08-11,1068,2025081105033850,NRN,Trademow Securities Private Limited,Sani Securities Company Ltd.,90,2250.0,202500.0,2025-08-11 14:59:37.077085
2025-08-11,1067,2025081105033851,NRN,Trademow Securities Private Limited,Premier Securities Company Ltd.,10,2250.0,22500.0,2025-08-11 14:59:37.077116
2025-08-11,1066,2025081105033852,NRN,Trademow Securities Private Limited,Aryatara Investment & Securities,11,2250.0,24750.0,2025-08-11 14:59:37.077149
2025-08-11,1065,2025081105033853,NRN,Trademow Securities Private Limited,Nepal Stock House (PVT) Ltd.,100,2251.0,225100.0,2025-08-11 14:59:37.077175
2025-08-11,1064,2025081105033854,NRN,Trademow Securities Private Limited,Midas Stock Broking Company Private Limited,22,2255.0,49610.0,2025-08-11 14:59:37.077204
2025-08-11,1063,2025081105033855,NRN,Trademow Securities Private Limited,Vision Securities Pvt. Ltd,11,2255.0,24805.0,2025-08-11 14:59:37.077231
2025-08-11,1062,2025081105033856,NRN,Trademow Securities Private Limited,BHOLE GANESH SECURITIES LTD,189,2259.0,426951.0,2025-08-11 14:59:37.077257
2025-08-11,1061,2025081105033857,NRN,Trademow Securities Private Limited,Capital Max Securities Ltd,210,2259.0,474390.0,2025-08-11 14:59:37.077284
2025-08-11,1060,2025081105033858,NRN,Trademow Securities Private Limited,Opal Securities Investment (PVT) Ltd.,11,2263.0,24893.0,2025-08-11 14:59:37.077310
2025-08-11,1059,2025081105033859,NRN,Trademow Securities Private Limited,Thrive Brokerage House Pvt. Ltd,50,2265.0,113250.0,2025-08-11 14:59:37.077348
2025-08-11,1058,2025081105033860,NRN,Trademow Securities Private Limited,Market Securities & Exchange (PVT) Ltd.,150,2270.0,340500.0,2025-08-11 14:59:37.077375
2025-08-11,1057,2025081105033861,NRN,Trademow Securities Private Limited,Market Securities & Exchange (PVT) Ltd.,100,2270.0,227000.0,2025-08-11 14:59:37.077402
2025-08-11,1056,2025081105033862,NRN,Trademow Securities Private Limited,Sumeru Securities Pvt. Ltd.,100,2270.0,227000.0,2025-08-11 14:59:37.077436
2025-08-11,1055,2025081105033863,NRN,Trademow Securities Private Limited,Trishakti Securities Public Limited,500,2270.0,1135000.0,2025-08-11 14:59:37.077462
2025-08-11,1054,2025081105033864,NRN,Trademow Securities Private Limited,Nepal Stock House (PVT) Ltd.,500,2271.0,1135500.0,2025-08-11 14:59:37.077488
2025-08-11,1053,2025081105033865,NRN,Trademow Securities Private Limited,Siprabi Securities Pvt. Ltd.,220,2272.0,499840.0,2025-08-11 14:59:37.077514
2025-08-11,1052,2025081105033866,NRN,Trademow Securities Private Limited,Naasa Securities Co. Ltd.,11,2273.0,25003.0,2025-08-11 14:59:37.077569
2025-08-11,1051,2025081105033867,NRN,Trademow Securities Private Limited,Elite Stock House Limited,11,2273.0,25003.0,2025-08-11 14:59:37.077594
2025-08-11,1050,2025081105033868,NRN,Trademow Securities Private Limited,Thrive Brokerage House Pvt. Ltd,50,2273.9,113695.0,2025-08-11 14:59:37.077627
2025-08-11,1049,2025081105033869,NRN,Trademow Securities Private Limited,NIMB Stock Markets Limited,316,2274.9,718868.4,2025-08-11 14:59:37.077655
