Date,S.N.,Contract ID,Symbol,Buyer Broker,Seller Broker,volume,rate,amount,transaction_time
2025-08-11,97545,2025081103000098,SINDU,Online Securities Pvt. Ltd.,Cristal Kanchanjanga Securites Pvt. Ltd.,10,824.0,8240.0,2025-08-11 11:03:18.234699
2025-08-11,96503,2025081103000233,SINDU,Siprabi Securities Pvt. Ltd.,Naasa Securities Co. Ltd.,10,823.9,8239.0,2025-08-11 11:05:58.663456
2025-08-11,96341,2025081103000243,SINDU,Siprabi Securities Pvt. Ltd.,Shree Krishna Securities Ltd.,70,824.0,57680.0,2025-08-11 11:06:22.856946
2025-08-11,96340,2025081103000244,SINDU,Siprabi Securities Pvt. Ltd.,Sani Securities Company Ltd.,50,824.0,41200.0,2025-08-11 11:06:22.857016
2025-08-11,96339,2025081103000245,SINDU,Siprabi Securities Pvt. Ltd.,Aryatara Investment & Securities,20,824.0,16480.0,2025-08-11 11:06:22.857059
2025-08-11,93468,2025081103000585,SINDU,Magnet Securities and Investment Company Private Limited,Premier Securities Company Ltd.,100,815.0,81500.0,2025-08-11 11:12:55.592731
2025-08-11,92686,2025081103000697,SINDU,Ashutosh Brokerage & Securities (PVT) Ltd.,Linch Stock Market Ltd.,10,814.0,8140.0,2025-08-11 11:14:43.070710
2025-08-11,92685,2025081103000698,SINDU,Ashutosh Brokerage & Securities (PVT) Ltd.,Aryatara Investment & Securities,21,821.0,17241.0,2025-08-11 11:14:43.070812
2025-08-11,91190,2025081103000910,SINDU,Siprabi Securities Pvt. Ltd.,Global IME Securities Limited,50,820.0,41000.0,2025-08-11 11:18:09.558872
2025-08-11,88151,2025081103001280,SINDU,Imperial Securities Company Pvt. Ltd.,Secured Securities Ltd.,200,812.0,162400.0,2025-08-11 11:25:36.268544
2025-08-11,88015,2025081103001298,SINDU,Imperial Securities Company Pvt. Ltd.,Primo Securities (PVT) Ltd.,20,812.0,16240.0,2025-08-11 11:25:56.038523
2025-08-11,87860,2025081103001320,SINDU,Imperial Securities Company Pvt. Ltd.,Nepal Stock House (PVT) Ltd.,280,812.0,227360.0,2025-08-11 11:26:20.486823
2025-08-11,87859,2025081103001321,SINDU,MILKY WAY SHARE BROKER COMPANY LTD ,Nepal Stock House (PVT) Ltd.,200,811.1,162220.0,2025-08-11 11:26:20.486937
2025-08-11,87858,2025081103001322,SINDU,Kumari Securities Private Limited,Nepal Stock House (PVT) Ltd.,20,811.0,16220.0,2025-08-11 11:26:20.486987
2025-08-11,87857,2025081103001323,SINDU,Trishakti Securities Public Limited,Nepal Stock House (PVT) Ltd.,200,810.2,162040.0,2025-08-11 11:26:20.487045
2025-08-11,87856,2025081103001324,SINDU,Naasa Securities Co. Ltd.,Nepal Stock House (PVT) Ltd.,100,810.1,81010.0,2025-08-11 11:26:20.487097
2025-08-11,87855,2025081103001325,SINDU,Deevyaa Securities & Stock House Pvt. Ltd,Nepal Stock House (PVT) Ltd.,30,810.1,24303.0,2025-08-11 11:26:20.487147
2025-08-11,87854,2025081103001326,SINDU,Naasa Securities Co. Ltd.,Nepal Stock House (PVT) Ltd.,10,810.0,8100.0,2025-08-11 11:26:20.487212
2025-08-11,87853,2025081103001327,SINDU,Online Securities Pvt. Ltd.,Nepal Stock House (PVT) Ltd.,10,809.0,8090.0,2025-08-11 11:26:20.487260
2025-08-11,87852,2025081103001328,SINDU,Sewa Securities Pvt. Ltd.,Nepal Stock House (PVT) Ltd.,500,808.0,404000.0,2025-08-11 11:26:20.487316
2025-08-11,87851,2025081103001329,SINDU,Linch Stock Market Ltd.,Nepal Stock House (PVT) Ltd.,20,808.0,16160.0,2025-08-11 11:26:20.487362
2025-08-11,87850,2025081103001330,SINDU,Investment Management Nepal Pvt. Ltd.,Nepal Stock House (PVT) Ltd.,500,808.0,404000.0,2025-08-11 11:26:20.487412
2025-08-11,87849,2025081103001331,SINDU,Naasa Securities Co. Ltd.,Nepal Stock House (PVT) Ltd.,40,808.0,32320.0,2025-08-11 11:26:20.487461
2025-08-11,87848,2025081103001332,SINDU,Sani Securities Company Ltd.,Nepal Stock House (PVT) Ltd.,90,807.7,72693.0,2025-08-11 11:26:20.487510
2025-08-11,86763,2025081103001431,SINDU,Vision Securities Pvt. Ltd,Cristal Kanchanjanga Securites Pvt. Ltd.,50,808.0,40400.0,2025-08-11 11:29:01.830672
2025-08-11,86588,2025081103001450,SINDU,Naasa Securities Co. Ltd.,Cristal Kanchanjanga Securites Pvt. Ltd.,150,808.0,121200.0,2025-08-11 11:29:18.421681
2025-08-11,86556,2025081103001452,SINDU,Sani Securities Company Ltd.,Premier Securities Company Ltd.,100,807.7,80770.0,2025-08-11 11:29:20.379729
2025-08-11,85263,2025081103001613,SINDU,South Asian Bulls Pvt. Ltd.,Online Securities Pvt. Ltd.,75,808.1,60607.5,2025-08-11 11:32:12.653444
2025-08-11,85076,2025081103001641,SINDU,Secured Securities Ltd.,Naasa Securities Co. Ltd.,10,810.0,8100.0,2025-08-11 11:32:35.332016
2025-08-11,85075,2025081103001642,SINDU,Secured Securities Ltd.,Naasa Securities Co. Ltd.,31,811.0,25141.0,2025-08-11 11:32:35.332159
2025-08-11,85074,2025081103001643,SINDU,Secured Securities Ltd.,Linch Stock Market Ltd.,19,812.0,15428.0,2025-08-11 11:32:35.332218
2025-08-11,82394,2025081103002058,SINDU,Ashutosh Brokerage & Securities (PVT) Ltd.,Linch Stock Market Ltd.,20,812.0,16240.0,2025-08-11 11:38:25.581347
2025-08-11,80081,2025081103002439,SINDU,KALASH STOCK MARKET PVT. LTD.,Linch Stock Market Ltd.,20,812.0,16240.0,2025-08-11 11:44:03.666287
2025-08-11,77642,2025081103002900,SINDU,Pragyan Securities (PVT) Ltd.,South Asian Bulls Pvt. Ltd.,30,809.0,24270.0,2025-08-11 11:50:23.404344
2025-08-11,76646,2025081103003111,SINDU,Vision Securities Pvt. Ltd,Linch Stock Market Ltd.,30,809.2,24276.0,2025-08-11 11:52:46.627349
2025-08-11,75630,2025081103003346,SINDU,Vision Securities Pvt. Ltd,Imperial Securities Company Pvt. Ltd.,20,809.2,16184.0,2025-08-11 11:55:12.715353
2025-08-11,75629,2025081103003347,SINDU,Aryatara Investment & Securities,Imperial Securities Company Pvt. Ltd.,50,809.2,40460.0,2025-08-11 11:55:12.715502
2025-08-11,75347,2025081103003421,SINDU,Siprabi Securities Pvt. Ltd.,Kohinoor Investment & Securities Pvt. Ltd.,50,810.0,40500.0,2025-08-11 11:55:55.001416
2025-08-11,75203,2025081103003450,SINDU,Agrawal Securities (PVT) Ltd.,Kohinoor Investment & Securities Pvt. Ltd.,20,810.0,16200.0,2025-08-11 11:56:13.005670
2025-08-11,74791,2025081103003562,SINDU,Asian Securities Private Ltd.,Pragyan Securities (PVT) Ltd.,20,809.1,16182.0,2025-08-11 11:57:21.290384
2025-08-11,74790,2025081103003563,SINDU,Pragyan Securities (PVT) Ltd.,Pragyan Securities (PVT) Ltd.,20,809.0,16180.0,2025-08-11 11:57:21.290714
2025-08-11,74788,2025081103003564,SINDU,Aryatara Investment & Securities,Pragyan Securities (PVT) Ltd.,60,809.0,48540.0,2025-08-11 11:57:21.290901
2025-08-11,74199,2025081103003680,SINDU,Aryatara Investment & Securities,Sajilo Broker Limited,100,809.0,80900.0,2025-08-11 11:58:31.601831
2025-08-11,73947,2025081103003735,SINDU,Aryatara Investment & Securities,Shree Krishna Securities Ltd.,90,809.0,72810.0,2025-08-11 11:59:02.699806
2025-08-11,73946,2025081103003736,SINDU,Aryatara Investment & Securities,Shree Krishna Securities Ltd.,50,808.7,40435.0,2025-08-11 11:59:02.699891
2025-08-11,73945,2025081103003737,SINDU,Naasa Securities Co. Ltd.,Shree Krishna Securities Ltd.,71,808.6,57410.6,2025-08-11 11:59:02.699921
2025-08-11,73944,2025081103003738,SINDU,South Asian Bulls Pvt. Ltd.,Shree Krishna Securities Ltd.,25,808.3,20207.5,2025-08-11 11:59:02.699950
2025-08-11,73943,2025081103003739,SINDU,Deevyaa Securities & Stock House Pvt. Ltd,Shree Krishna Securities Ltd.,10,808.0,8080.0,2025-08-11 11:59:02.699980
2025-08-11,73942,2025081103003740,SINDU,Swarna Laxmi Securities Pvt. Ltd.,Shree Krishna Securities Ltd.,184,808.0,148672.0,2025-08-11 11:59:02.700005
2025-08-11,73771,2025081103003788,SINDU,Swarna Laxmi Securities Pvt. Ltd.,Nepal Stock House (PVT) Ltd.,316,808.0,255328.0,2025-08-11 11:59:34.631308
2025-08-11,73770,2025081103003789,SINDU,Swarna Laxmi Securities Pvt. Ltd.,Nepal Stock House (PVT) Ltd.,300,808.0,242400.0,2025-08-11 11:59:34.631607
2025-08-11,73769,2025081103003790,SINDU,Sri Hari Securities Pvt. Ltd.,Nepal Stock House (PVT) Ltd.,10,808.0,8080.0,2025-08-11 11:59:34.631791
2025-08-11,73768,2025081103003791,SINDU,Sewa Securities Pvt. Ltd.,Nepal Stock House (PVT) Ltd.,80,808.0,64640.0,2025-08-11 11:59:34.631971
2025-08-11,73767,2025081103003792,SINDU,Sani Securities Company Ltd.,Nepal Stock House (PVT) Ltd.,110,807.7,88847.0,2025-08-11 11:59:34.632180
2025-08-11,73766,2025081103003793,SINDU,South Asian Bulls Pvt. Ltd.,Nepal Stock House (PVT) Ltd.,40,807.7,32308.0,2025-08-11 11:59:34.632359
2025-08-11,73765,2025081103003794,SINDU,Pragyan Securities (PVT) Ltd.,Nepal Stock House (PVT) Ltd.,42,807.0,33894.0,2025-08-11 11:59:34.632539
2025-08-11,73318,2025081103003869,SINDU,Sweta Securities Private Limited,Nepal Stock House (PVT) Ltd.,100,805.9,80590.0,2025-08-11 12:00:49.178668
2025-08-11,73043,2025081103003926,SINDU,Imperial Securities Company Pvt. Ltd.,Online Securities Pvt. Ltd.,130,807.0,104910.0,2025-08-11 12:01:45.896375
2025-08-11,72501,2025081103003995,SINDU,Asian Securities Private Ltd.,Naasa Securities Co. Ltd.,20,805.1,16102.0,2025-08-11 12:03:36.837683
2025-08-11,70021,2025081103004411,SINDU,Sweta Securities Private Limited,Agrawal Securities (PVT) Ltd.,35,805.1,28178.5,2025-08-11 12:10:24.315209
2025-08-11,69900,2025081103004430,SINDU,Sweta Securities Private Limited,Sani Securities Company Ltd.,10,805.1,8051.0,2025-08-11 12:10:47.316072
2025-08-11,68285,2025081103004784,SINDU,Sweta Securities Private Limited,Aryatara Investment & Securities,55,805.1,44280.5,2025-08-11 12:14:23.748189
2025-08-11,68284,2025081103004785,SINDU,Online Securities Pvt. Ltd.,Aryatara Investment & Securities,530,805.1,426703.0,2025-08-11 12:14:23.748250
2025-08-11,68283,2025081103004786,SINDU,Garima Securities Limited,Aryatara Investment & Securities,600,805.0,483000.0,2025-08-11 12:14:23.748275
2025-08-11,68282,2025081103004787,SINDU,Ashutosh Brokerage & Securities (PVT) Ltd.,Aryatara Investment & Securities,10,805.0,8050.0,2025-08-11 12:14:23.748302
2025-08-11,68281,2025081103004788,SINDU,Sri Hari Securities Pvt. Ltd.,Aryatara Investment & Securities,10,805.0,8050.0,2025-08-11 12:14:23.748334
2025-08-11,68280,2025081103004789,SINDU,Cristal Kanchanjanga Securites Pvt. Ltd.,Aryatara Investment & Securities,500,805.0,402500.0,2025-08-11 12:14:23.748355
2025-08-11,68279,2025081103004790,SINDU,Nepal Stock House (PVT) Ltd.,Aryatara Investment & Securities,35,804.6,28161.0,2025-08-11 12:14:23.748382
2025-08-11,66664,2025081103005069,SINDU,Sewa Securities Pvt. Ltd.,Asian Securities Private Ltd.,100,804.0,80400.0,2025-08-11 12:18:57.309707
2025-08-11,66663,2025081103005070,SINDU,Imperial Securities Company Pvt. Ltd.,Asian Securities Private Ltd.,125,804.0,100500.0,2025-08-11 12:18:57.309883
2025-08-11,66662,2025081103005071,SINDU,Kumari Securities Private Limited,Asian Securities Private Ltd.,20,804.0,16080.0,2025-08-11 12:18:57.309949
2025-08-11,66661,2025081103005072,SINDU,South Asian Bulls Pvt. Ltd.,Asian Securities Private Ltd.,55,804.0,44220.0,2025-08-11 12:18:57.310010
2025-08-11,66660,2025081103005073,SINDU,Oxford Securities Pvt. Ltd.,Asian Securities Private Ltd.,90,803.0,72270.0,2025-08-11 12:18:57.310090
2025-08-11,64501,2025081103005436,SINDU,Sewa Securities Pvt. Ltd.,Midas Stock Broking Company Private Limited,15,804.0,12060.0,2025-08-11 12:24:42.284003
2025-08-11,64157,2025081103005495,SINDU,Dynamic Money Managers Securities Pvt. Ltd.,Midas Stock Broking Company Private Limited,180,803.0,144540.0,2025-08-11 12:25:46.597545
2025-08-11,63014,2025081103005709,SINDU,Dynamic Money Managers Securities Pvt. Ltd.,Neev Securities Pvt. Ltd.,20,802.1,16042.0,2025-08-11 12:29:25.088996
2025-08-11,63013,2025081103005710,SINDU,Sewa Securities Pvt. Ltd.,Neev Securities Pvt. Ltd.,30,802.0,24060.0,2025-08-11 12:29:25.089173
2025-08-11,62668,2025081103005758,SINDU,Sweta Securities Private Limited,Naasa Securities Co. Ltd.,54,805.0,43470.0,2025-08-11 12:30:21.434744
2025-08-11,62667,2025081103005759,SINDU,Sweta Securities Private Limited,Sani Securities Company Ltd.,946,807.9,764273.4,2025-08-11 12:30:21.434948
2025-08-11,61065,2025081103006014,SINDU,Aryatara Investment & Securities,Sani Securities Company Ltd.,250,807.9,201975.0,2025-08-11 12:35:53.588897
2025-08-11,60877,2025081103006040,SINDU,Sani Securities Company Ltd.,Online Securities Pvt. Ltd.,10,808.0,8080.0,2025-08-11 12:36:23.871604
2025-08-11,60876,2025081103006041,SINDU,Sani Securities Company Ltd.,Primo Securities (PVT) Ltd.,35,809.0,28315.0,2025-08-11 12:36:23.871796
2025-08-11,60875,2025081103006042,SINDU,Sani Securities Company Ltd.,Kohinoor Investment & Securities Pvt. Ltd.,455,810.0,368550.0,2025-08-11 12:36:23.871865
2025-08-11,59473,2025081103006256,SINDU,Ashutosh Brokerage & Securities (PVT) Ltd.,Siprabi Securities Pvt. Ltd.,30,809.0,24270.0,2025-08-11 12:41:21.691449
2025-08-11,57579,2025081103006595,SINDU,Sewa Securities Pvt. Ltd.,Kohinoor Investment & Securities Pvt. Ltd.,30,810.0,24300.0,2025-08-11 12:48:07.816119
2025-08-11,57397,2025081103006636,SINDU,Ashutosh Brokerage & Securities (PVT) Ltd.,Kohinoor Investment & Securities Pvt. Ltd.,110,810.0,89100.0,2025-08-11 12:48:58.580489
2025-08-11,56622,2025081103006792,SINDU,Vision Securities Pvt. Ltd,Naasa Securities Co. Ltd.,15,808.0,12120.0,2025-08-11 12:52:13.217407
2025-08-11,56621,2025081103006793,SINDU,Aryatara Investment & Securities,Naasa Securities Co. Ltd.,48,808.0,38784.0,2025-08-11 12:52:13.217582
2025-08-11,51406,2025081103007738,SINDU,Linch Stock Market Ltd.,Cristal Kanchanjanga Securites Pvt. Ltd.,10,808.0,8080.0,2025-08-11 13:10:18.212683
2025-08-11,51405,2025081103007739,SINDU,Naasa Securities Co. Ltd.,Cristal Kanchanjanga Securites Pvt. Ltd.,10,808.0,8080.0,2025-08-11 13:10:18.212900
2025-08-11,51343,2025081103007754,SINDU,Midas Stock Broking Company Private Limited,Cristal Kanchanjanga Securites Pvt. Ltd.,13,807.0,10491.0,2025-08-11 13:10:34.284127
2025-08-11,51033,2025081103007802,SINDU,Sewa Securities Pvt. Ltd.,Imperial Securities Company Pvt. Ltd.,10,808.5,8085.0,2025-08-11 13:11:37.746585
2025-08-11,50875,2025081103007829,SINDU,Midas Stock Broking Company Private Limited,Thrive Brokerage House Pvt. Ltd,10,807.0,8070.0,2025-08-11 13:12:22.505039
2025-08-11,50003,2025081103008011,SINDU,Midas Stock Broking Company Private Limited,Asian Securities Private Ltd.,77,807.0,62139.0,2025-08-11 13:14:49.978791
2025-08-11,49853,2025081103008040,SINDU,Siprabi Securities Pvt. Ltd.,Asian Securities Private Ltd.,23,806.0,18538.0,2025-08-11 13:15:26.423784
2025-08-11,47286,2025081103008478,SINDU,Siprabi Securities Pvt. Ltd.,Agrawal Securities (PVT) Ltd.,20,806.0,16120.0,2025-08-11 13:23:33.689183
2025-08-11,45273,2025081103008865,SINDU,Online Securities Pvt. Ltd.,Siprabi Securities Pvt. Ltd.,20,806.0,16120.0,2025-08-11 13:29:42.506219
2025-08-11,43985,2025081103009107,SINDU,Secured Securities Ltd.,Premier Securities Company Ltd.,200,805.0,161000.0,2025-08-11 13:33:07.121183
2025-08-11,42968,2025081103009295,SINDU,Sweta Securities Private Limited,Nepal Stock House (PVT) Ltd.,100,804.0,80400.0,2025-08-11 13:35:26.117593
2025-08-11,41829,2025081103009459,SINDU,Sani Securities Company Ltd.,Sumeru Securities Pvt. Ltd.,18,802.0,14436.0,2025-08-11 13:38:22.451547
2025-08-11,41808,2025081103009462,SINDU,Sani Securities Company Ltd.,Dakshinkali Investment & Securities Pvt. Ltd.,25,802.0,20050.0,2025-08-11 13:38:26.363228
2025-08-11,41638,2025081103009486,SINDU,Ashutosh Brokerage & Securities (PVT) Ltd.,Swarna Laxmi Securities Pvt. Ltd.,10,803.0,8030.0,2025-08-11 13:38:55.389321
2025-08-11,39627,2025081103009821,SINDU,South Asian Bulls Pvt. Ltd.,Sundhara Securities Limited,10,801.3,8013.0,2025-08-11 13:44:07.074142
2025-08-11,38826,2025081103009991,SINDU,Asian Securities Private Ltd.,Sweta Securities Private Limited,25,801.7,20042.5,2025-08-11 13:46:43.095352
2025-08-11,38825,2025081103009992,SINDU,South Asian Bulls Pvt. Ltd.,Sweta Securities Private Limited,75,801.3,60097.5,2025-08-11 13:46:43.095730
2025-08-11,38439,2025081103010066,SINDU,South Asian Bulls Pvt. Ltd.,Dipshikha Dhitopatra Karobar Co. Pvt Ltd.,11,801.3,8814.3,2025-08-11 13:48:02.660796
2025-08-11,38392,2025081103010077,SINDU,Agrawal Securities (PVT) Ltd.,Aryatara Investment & Securities,200,801.1,160220.0,2025-08-11 13:48:13.109991
2025-08-11,38335,2025081103010088,SINDU,Nepal Investment And Securities Trading Private Limited,Sewa Securities Pvt. Ltd.,120,801.1,96132.0,2025-08-11 13:48:22.265868
2025-08-11,38334,2025081103010089,SINDU,Kohinoor Investment & Securities Pvt. Ltd.,Sewa Securities Pvt. Ltd.,100,801.0,80100.0,2025-08-11 13:48:22.266278
2025-08-11,38333,2025081103010090,SINDU,Naasa Securities Co. Ltd.,Sewa Securities Pvt. Ltd.,50,801.0,40050.0,2025-08-11 13:48:22.266557
2025-08-11,38332,2025081103010091,SINDU,Oxford Securities Pvt. Ltd.,Sewa Securities Pvt. Ltd.,190,801.0,152190.0,2025-08-11 13:48:22.266828
2025-08-11,38331,2025081103010092,SINDU,SUN SECURITIES PVT LTD,Sewa Securities Pvt. Ltd.,41,801.0,32841.0,2025-08-11 13:48:22.267116
2025-08-11,38330,2025081103010093,SINDU,Kohinoor Investment & Securities Pvt. Ltd.,Sewa Securities Pvt. Ltd.,100,801.0,80100.0,2025-08-11 13:48:22.267383
2025-08-11,38329,2025081103010094,SINDU,Linch Stock Market Ltd.,Sewa Securities Pvt. Ltd.,20,801.0,16020.0,2025-08-11 13:48:22.267620
2025-08-11,38328,2025081103010095,SINDU,South Asian Bulls Pvt. Ltd.,Sewa Securities Pvt. Ltd.,65,800.1,52006.5,2025-08-11 13:48:22.267848
2025-08-11,38327,2025081103010096,SINDU,Citizens Share Broker Limited,Sewa Securities Pvt. Ltd.,700,800.1,560070.0,2025-08-11 13:48:22.268091
2025-08-11,38326,2025081103010097,SINDU,Dipshikha Dhitopatra Karobar Co. Pvt Ltd.,Sewa Securities Pvt. Ltd.,51,800.0,40800.0,2025-08-11 13:48:22.268347
2025-08-11,38325,2025081103010098,SINDU,Sani Securities Company Ltd.,Sewa Securities Pvt. Ltd.,100,800.0,80000.0,2025-08-11 13:48:22.268584
2025-08-11,38324,2025081103010099,SINDU,Naasa Securities Co. Ltd.,Sewa Securities Pvt. Ltd.,10,800.0,8000.0,2025-08-11 13:48:22.268798
2025-08-11,38323,2025081103010100,SINDU,Naasa Securities Co. Ltd.,Sewa Securities Pvt. Ltd.,10,800.0,8000.0,2025-08-11 13:48:22.269038
2025-08-11,38322,2025081103010101,SINDU,Shree Krishna Securities Ltd.,Sewa Securities Pvt. Ltd.,72,800.0,57600.0,2025-08-11 13:48:22.269260
2025-08-11,38321,2025081103010102,SINDU,Sani Securities Company Ltd.,Sewa Securities Pvt. Ltd.,71,800.0,56800.0,2025-08-11 13:48:22.269476
2025-08-11,37789,2025081103010215,SINDU,Opal Securities Investment (PVT) Ltd.,Swarna Laxmi Securities Pvt. Ltd.,10,803.0,8030.0,2025-08-11 13:49:53.138661
2025-08-11,37788,2025081103010216,SINDU,Opal Securities Investment (PVT) Ltd.,Nepal Investment And Securities Trading Private Limited,20,803.0,16060.0,2025-08-11 13:49:53.139049
2025-08-11,37510,2025081103010285,SINDU,Sani Securities Company Ltd.,Sani Securities Company Ltd.,79,800.0,63200.0,2025-08-11 13:50:33.392646
2025-08-11,37509,2025081103010286,SINDU,Creative Securities Pvt Ltd,Sani Securities Company Ltd.,2000,800.0,1600000.0,2025-08-11 13:50:33.392837
2025-08-11,37508,2025081103010287,SINDU,KALASH STOCK MARKET PVT. LTD.,Sani Securities Company Ltd.,500,800.0,400000.0,2025-08-11 13:50:33.392908
2025-08-11,37507,2025081103010288,SINDU,Sweta Securities Private Limited,Sani Securities Company Ltd.,100,800.0,80000.0,2025-08-11 13:50:33.392981
2025-08-11,37506,2025081103010289,SINDU,Trishakti Securities Public Limited,Sani Securities Company Ltd.,500,800.0,400000.0,2025-08-11 13:50:33.393061
2025-08-11,37505,2025081103010290,SINDU,Aryatara Investment & Securities,Sani Securities Company Ltd.,111,800.0,88800.0,2025-08-11 13:50:33.393133
2025-08-11,37265,2025081103010325,SINDU,Bhrikuti Stock Broking Co. Pvt. Ltd.,Citizens Share Broker Limited,200,800.0,160000.0,2025-08-11 13:51:18.231141
2025-08-11,37264,2025081103010326,SINDU,Premier Securities Company Ltd.,Citizens Share Broker Limited,250,800.0,200000.0,2025-08-11 13:51:18.231339
2025-08-11,37263,2025081103010327,SINDU,Sewa Securities Pvt. Ltd.,Citizens Share Broker Limited,30,800.0,24000.0,2025-08-11 13:51:18.231413
2025-08-11,37262,2025081103010328,SINDU,Naasa Securities Co. Ltd.,Citizens Share Broker Limited,20,800.0,16000.0,2025-08-11 13:51:18.231485
2025-08-11,37261,2025081103010329,SINDU,Naasa Securities Co. Ltd.,Citizens Share Broker Limited,40,800.0,32000.0,2025-08-11 13:51:18.231557
2025-08-11,37260,2025081103010330,SINDU,Sani Securities Company Ltd.,Citizens Share Broker Limited,10,800.0,8000.0,2025-08-11 13:51:18.231626
2025-08-11,37259,2025081103010331,SINDU,Secured Securities Ltd.,Citizens Share Broker Limited,35,800.0,28000.0,2025-08-11 13:51:18.231695
2025-08-11,37258,2025081103010332,SINDU,Aryatara Investment & Securities,Citizens Share Broker Limited,100,800.0,80000.0,2025-08-11 13:51:18.231764
2025-08-11,37257,2025081103010333,SINDU,Imperial Securities Company Pvt. Ltd.,Citizens Share Broker Limited,15,800.0,12000.0,2025-08-11 13:51:18.231834
2025-08-11,37118,2025081103010349,SINDU,Imperial Securities Company Pvt. Ltd.,Trishakti Securities Public Limited,35,800.0,28000.0,2025-08-11 13:51:43.215404
2025-08-11,37117,2025081103010350,SINDU,Linch Stock Market Ltd.,Trishakti Securities Public Limited,10,800.0,8000.0,2025-08-11 13:51:43.215630
2025-08-11,37036,2025081103010363,SINDU,Shree Krishna Securities Ltd.,Trishakti Securities Public Limited,155,800.0,124000.0,2025-08-11 13:52:00.833396
2025-08-11,36877,2025081103010378,SINDU,Shree Krishna Securities Ltd.,Nepal Investment And Securities Trading Private Limited,45,803.0,36135.0,2025-08-11 13:52:27.953160
2025-08-11,34369,2025081103010741,SINDU,Naasa Securities Co. Ltd.,Nepal Investment And Securities Trading Private Limited,15,803.0,12045.0,2025-08-11 14:00:21.442186
2025-08-11,34223,2025081103010772,SINDU,Dipshikha Dhitopatra Karobar Co. Pvt Ltd.,Nepal Stock House (PVT) Ltd.,90,804.0,72360.0,2025-08-11 14:00:55.307530
2025-08-11,33193,2025081103010928,SINDU,Naasa Securities Co. Ltd.,Dipshikha Dhitopatra Karobar Co. Pvt Ltd.,10,802.1,8021.0,2025-08-11 14:04:44.811853
2025-08-11,33192,2025081103010929,SINDU,Agrawal Securities (PVT) Ltd.,Dipshikha Dhitopatra Karobar Co. Pvt Ltd.,340,802.0,272680.0,2025-08-11 14:04:44.812261
2025-08-11,32547,2025081103011031,SINDU,Agrawal Securities (PVT) Ltd.,Capital Max Securities Ltd,136,802.0,109072.0,2025-08-11 14:06:34.495586
2025-08-11,32471,2025081103011038,SINDU,Agrawal Securities (PVT) Ltd.,Aryatara Investment & Securities,20,802.0,16040.0,2025-08-11 14:06:48.460928
2025-08-11,30455,2025081103011388,SINDU,Agrawal Securities (PVT) Ltd.,J.F. Securites (PVT) Ltd.,104,802.0,83408.0,2025-08-11 14:12:12.576710
2025-08-11,30454,2025081103011389,SINDU,Sani Securities Company Ltd.,J.F. Securites (PVT) Ltd.,15,800.1,12001.5,2025-08-11 14:12:12.576922
2025-08-11,30453,2025081103011390,SINDU,Online Securities Pvt. Ltd.,J.F. Securites (PVT) Ltd.,50,800.0,40000.0,2025-08-11 14:12:12.577003
2025-08-11,30452,2025081103011391,SINDU,Vision Securities Pvt. Ltd,J.F. Securites (PVT) Ltd.,37,800.0,29600.0,2025-08-11 14:12:12.577087
2025-08-11,30404,2025081103011395,SINDU,Vision Securities Pvt. Ltd,Vision Securities Pvt. Ltd,63,800.0,50400.0,2025-08-11 14:12:24.171220
2025-08-11,30403,2025081103011396,SINDU,Naasa Securities Co. Ltd.,Vision Securities Pvt. Ltd,50,800.0,40000.0,2025-08-11 14:12:24.171413
2025-08-11,30402,2025081103011397,SINDU,Sweta Securities Private Limited,Vision Securities Pvt. Ltd,20,800.0,16000.0,2025-08-11 14:12:24.171492
2025-08-11,30401,2025081103011398,SINDU,J.F. Securites (PVT) Ltd.,Vision Securities Pvt. Ltd,100,800.0,80000.0,2025-08-11 14:12:24.171566
2025-08-11,30400,2025081103011399,SINDU,Naasa Securities Co. Ltd.,Vision Securities Pvt. Ltd,15,800.0,12000.0,2025-08-11 14:12:24.171642
2025-08-11,30399,2025081103011400,SINDU,Deevyaa Securities & Stock House Pvt. Ltd,Vision Securities Pvt. Ltd,200,800.0,160000.0,2025-08-11 14:12:24.171731
2025-08-11,30398,2025081103011401,SINDU,ABC Securities Private Limited,Vision Securities Pvt. Ltd,150,800.0,120000.0,2025-08-11 14:12:24.171816
2025-08-11,30397,2025081103011402,SINDU,Linch Stock Market Ltd.,Vision Securities Pvt. Ltd,60,800.0,48000.0,2025-08-11 14:12:24.171891
2025-08-11,29537,2025081103011533,SINDU,Naasa Securities Co. Ltd.,Imperial Securities Company Pvt. Ltd.,20,799.0,15980.0,2025-08-11 14:14:55.662379
2025-08-11,29536,2025081103011534,SINDU,Imperial Securities Company Pvt. Ltd.,Imperial Securities Company Pvt. Ltd.,25,798.9,19972.5,2025-08-11 14:14:55.662611
2025-08-11,29535,2025081103011535,SINDU,South Asian Bulls Pvt. Ltd.,Imperial Securities Company Pvt. Ltd.,14,798.8,11183.2,2025-08-11 14:14:55.662727
2025-08-11,29534,2025081103011536,SINDU,Neev Securities Pvt. Ltd.,Imperial Securities Company Pvt. Ltd.,91,798.7,72681.7,2025-08-11 14:14:55.662826
2025-08-11,29184,2025081103011603,SINDU,Imperial Securities Company Pvt. Ltd.,Premier Securities Company Ltd.,500,798.0,399000.0,2025-08-11 14:15:45.809542
2025-08-11,28874,2025081103011650,SINDU,Dynamic Money Managers Securities Pvt. Ltd.,Premier Securities Company Ltd.,50,798.0,39900.0,2025-08-11 14:16:38.283753
2025-08-11,28267,2025081103011753,SINDU,Aryatara Investment & Securities,Sewa Securities Pvt. Ltd.,85,798.0,67830.0,2025-08-11 14:18:09.623243
2025-08-11,28098,2025081103011772,SINDU,Trishakti Securities Public Limited,Imperial Securities Company Pvt. Ltd.,100,798.1,79810.0,2025-08-11 14:18:41.302889
2025-08-11,28097,2025081103011773,SINDU,Aryatara Investment & Securities,Imperial Securities Company Pvt. Ltd.,50,798.0,39900.0,2025-08-11 14:18:41.302930
2025-08-11,27934,2025081103011800,SINDU,Dakshinkali Investment & Securities Pvt. Ltd.,Vision Securities Pvt. Ltd,200,800.0,160000.0,2025-08-11 14:19:08.126976
2025-08-11,26974,2025081103011965,SINDU,Nepal Stock House (PVT) Ltd.,Kohinoor Investment & Securities Pvt. Ltd.,300,799.9,239970.0,2025-08-11 14:21:56.352921
2025-08-11,26647,2025081103012022,SINDU,Citizens Share Broker Limited,Vision Securities Pvt. Ltd,142,800.0,113600.0,2025-08-11 14:22:55.281346
2025-08-11,26646,2025081103012023,SINDU,Citizens Share Broker Limited,Siprabi Securities Pvt. Ltd.,98,800.0,78400.0,2025-08-11 14:22:55.281537
2025-08-11,26323,2025081103012058,SINDU,Ashutosh Brokerage & Securities (PVT) Ltd.,Dipshikha Dhitopatra Karobar Co. Pvt Ltd.,30,800.0,24000.0,2025-08-11 14:23:33.432683
2025-08-11,26120,2025081103012098,SINDU,Ashutosh Brokerage & Securities (PVT) Ltd.,Siprabi Securities Pvt. Ltd.,40,800.0,32000.0,2025-08-11 14:24:13.348213
2025-08-11,26119,2025081103012099,SINDU,Aryatara Investment & Securities,Siprabi Securities Pvt. Ltd.,24,800.0,19200.0,2025-08-11 14:24:13.348697
2025-08-11,25753,2025081103012154,SINDU,Citizens Share Broker Limited,Premier Securities Company Ltd.,1,798.0,798.0,2025-08-11 14:24:58.752391
2025-08-11,25541,2025081103012218,SINDU,Online Securities Pvt. Ltd.,Siprabi Securities Pvt. Ltd.,500,801.0,400500.0,2025-08-11 14:25:23.110804
2025-08-11,25539,2025081103012219,SINDU,Sani Securities Company Ltd.,Arun Securities (PVT) Ltd.,25,803.0,20075.0,2025-08-11 14:25:24.040569
2025-08-11,25538,2025081103012220,SINDU,Sani Securities Company Ltd.,Nepal Stock House (PVT) Ltd.,10,804.0,8040.0,2025-08-11 14:25:24.040863
2025-08-11,25537,2025081103012221,SINDU,Sani Securities Company Ltd.,Imperial Securities Company Pvt. Ltd.,100,805.0,80500.0,2025-08-11 14:25:24.041010
2025-08-11,24383,2025081103012367,SINDU,Aryatara Investment & Securities,Linch Stock Market Ltd.,12,800.0,9600.0,2025-08-11 14:28:48.648176
2025-08-11,24200,2025081103012438,SINDU,Aryatara Investment & Securities,Aryatara Investment & Securities,79,800.0,63200.0,2025-08-11 14:29:17.456119
2025-08-11,24199,2025081103012439,SINDU,Himalayan Brokerage Company Limited,Aryatara Investment & Securities,41,800.0,32800.0,2025-08-11 14:29:17.456503
2025-08-11,23554,2025081103012531,SINDU,Premier Securities Company Ltd.,Aryatara Investment & Securities,50,800.0,40000.0,2025-08-11 14:30:45.716207
2025-08-11,23553,2025081103012532,SINDU,Agrawal Securities (PVT) Ltd.,Aryatara Investment & Securities,100,800.0,80000.0,2025-08-11 14:30:45.716483
2025-08-11,23055,2025081103012609,SINDU,Cristal Kanchanjanga Securites Pvt. Ltd.,Aryatara Investment & Securities,30,800.0,24000.0,2025-08-11 14:31:45.198995
2025-08-11,23035,2025081103012612,SINDU,Cristal Kanchanjanga Securites Pvt. Ltd.,Aryatara Investment & Securities,20,800.0,16000.0,2025-08-11 14:31:52.261264
2025-08-11,23034,2025081103012613,SINDU,Dynamic Money Managers Securities Pvt. Ltd.,Aryatara Investment & Securities,80,799.9,63992.0,2025-08-11 14:31:52.261470
2025-08-11,21035,2025081103012938,SINDU,SHUBHAKAMANA SECURITIES PVT. LTD,Neev Securities Pvt. Ltd.,20,800.1,16002.0,2025-08-11 14:36:21.119094
2025-08-11,21034,2025081103012939,SINDU,Himalayan Brokerage Company Limited,Neev Securities Pvt. Ltd.,10,800.0,8000.0,2025-08-11 14:36:21.119317
2025-08-11,21033,2025081103012940,SINDU,Siprabi Securities Pvt. Ltd.,Neev Securities Pvt. Ltd.,20,800.0,16000.0,2025-08-11 14:36:21.119402
2025-08-11,21032,2025081103012941,SINDU,Cristal Kanchanjanga Securites Pvt. Ltd.,Neev Securities Pvt. Ltd.,20,800.0,16000.0,2025-08-11 14:36:21.119481
2025-08-11,21031,2025081103012942,SINDU,Dynamic Money Managers Securities Pvt. Ltd.,Neev Securities Pvt. Ltd.,170,799.9,135983.0,2025-08-11 14:36:21.119561
2025-08-11,21030,2025081103012943,SINDU,Sani Securities Company Ltd.,Neev Securities Pvt. Ltd.,80,799.0,63920.0,2025-08-11 14:36:21.119639
2025-08-11,20695,2025081103013006,SINDU,Sani Securities Company Ltd.,Asian Securities Private Ltd.,120,799.0,95880.0,2025-08-11 14:37:09.053767
2025-08-11,20694,2025081103013007,SINDU,Naasa Securities Co. Ltd.,Asian Securities Private Ltd.,50,798.4,39920.0,2025-08-11 14:37:09.054012
2025-08-11,20693,2025081103013008,SINDU,J.F. Securites (PVT) Ltd.,Asian Securities Private Ltd.,10,798.3,7983.0,2025-08-11 14:37:09.054105
2025-08-11,20692,2025081103013009,SINDU,Oxford Securities Pvt. Ltd.,Asian Securities Private Ltd.,20,798.0,15960.0,2025-08-11 14:37:09.054184
2025-08-11,20691,2025081103013010,SINDU,Kumari Securities Private Limited,Asian Securities Private Ltd.,300,798.0,239400.0,2025-08-11 14:37:09.054260
2025-08-11,20598,2025081103013018,SINDU,Kumari Securities Private Limited,Siprabi Securities Pvt. Ltd.,200,798.0,159600.0,2025-08-11 14:37:20.517875
2025-08-11,20306,2025081103013072,SINDU,Kumari Securities Private Limited,Sani Securities Company Ltd.,300,798.0,239400.0,2025-08-11 14:37:57.444243
2025-08-11,19230,2025081103013267,SINDU,Blue Chip Securities Ltd,Naasa Securities Co. Ltd.,100,798.0,79800.0,2025-08-11 14:39:49.111827
2025-08-11,19159,2025081103013278,SINDU,Blue Chip Securities Ltd,Dipshikha Dhitopatra Karobar Co. Pvt Ltd.,104,798.0,82992.0,2025-08-11 14:39:58.158597
2025-08-11,18508,2025081103013386,SINDU,Blue Chip Securities Ltd,Bhrikuti Stock Broking Co. Pvt. Ltd.,96,798.0,76608.0,2025-08-11 14:41:03.553820
2025-08-11,18507,2025081103013387,SINDU,Naasa Securities Co. Ltd.,Bhrikuti Stock Broking Co. Pvt. Ltd.,30,797.0,23910.0,2025-08-11 14:41:03.554270
2025-08-11,18506,2025081103013388,SINDU,Blue Chip Securities Ltd,Bhrikuti Stock Broking Co. Pvt. Ltd.,500,797.0,398500.0,2025-08-11 14:41:03.554564
2025-08-11,18425,2025081103013399,SINDU,Sani Securities Company Ltd.,Bhrikuti Stock Broking Co. Pvt. Ltd.,15,797.0,11955.0,2025-08-11 14:41:12.585528
2025-08-11,18129,2025081103013523,SINDU,Nepal Stock House (PVT) Ltd.,Bhrikuti Stock Broking Co. Pvt. Ltd.,100,797.0,79700.0,2025-08-11 14:41:39.216564
2025-08-11,17694,2025081103013597,SINDU,Kumari Securities Private Limited,Arun Securities (PVT) Ltd.,133,796.5,105934.5,2025-08-11 14:42:12.428963
2025-08-11,17282,2025081103013678,SINDU,Kumari Securities Private Limited,Vision Securities Pvt. Ltd,200,796.5,159300.0,2025-08-11 14:42:50.843232
2025-08-11,16793,2025081103013781,SINDU,Asian Securities Private Ltd.,Dipshikha Dhitopatra Karobar Co. Pvt Ltd.,10,796.7,7967.0,2025-08-11 14:43:29.803473
2025-08-11,16789,2025081103013783,SINDU,Citizens Share Broker Limited,Bhrikuti Stock Broking Co. Pvt. Ltd.,19,797.0,15143.0,2025-08-11 14:43:31.052002
2025-08-11,16737,2025081103013800,SINDU,Asian Securities Private Ltd.,Nepal Investment And Securities Trading Private Limited,15,796.7,11950.5,2025-08-11 14:43:36.480818
2025-08-11,16736,2025081103013801,SINDU,Kumari Securities Private Limited,Nepal Investment And Securities Trading Private Limited,67,796.5,53365.5,2025-08-11 14:43:36.481288
2025-08-11,16088,2025081103013940,SINDU,Linch Stock Market Ltd.,Nepal Investment And Securities Trading Private Limited,18,796.5,14337.0,2025-08-11 14:44:31.747594
2025-08-11,15508,2025081103014073,SINDU,Siprabi Securities Pvt. Ltd.,Dipshikha Dhitopatra Karobar Co. Pvt Ltd.,20,796.0,15920.0,2025-08-11 14:45:12.377985
2025-08-11,15459,2025081103014078,SINDU,Siprabi Securities Pvt. Ltd.,Online Securities Pvt. Ltd.,30,796.0,23880.0,2025-08-11 14:45:17.975433
2025-08-11,15458,2025081103014079,SINDU,Asian Securities Private Ltd.,Online Securities Pvt. Ltd.,100,796.0,79600.0,2025-08-11 14:45:17.975831
2025-08-11,15457,2025081103014080,SINDU,Linch Stock Market Ltd.,Online Securities Pvt. Ltd.,226,796.0,179896.0,2025-08-11 14:45:17.976117
2025-08-11,14622,2025081103014302,SINDU,Naasa Securities Co. Ltd.,Capital Max Securities Ltd,25,796.5,19912.5,2025-08-11 14:46:19.212289
2025-08-11,13776,2025081103014436,SINDU,Linch Stock Market Ltd.,Bhrikuti Stock Broking Co. Pvt. Ltd.,274,796.0,218104.0,2025-08-11 14:47:13.497866
2025-08-11,13775,2025081103014437,SINDU,Naasa Securities Co. Ltd.,Bhrikuti Stock Broking Co. Pvt. Ltd.,10,796.0,7960.0,2025-08-11 14:47:13.498078
2025-08-11,13774,2025081103014438,SINDU,Nepal Stock House (PVT) Ltd.,Bhrikuti Stock Broking Co. Pvt. Ltd.,10,796.0,7960.0,2025-08-11 14:47:13.498164
2025-08-11,13740,2025081103014440,SINDU,Naasa Securities Co. Ltd.,Dipshikha Dhitopatra Karobar Co. Pvt Ltd.,11,795.0,8745.0,2025-08-11 14:47:16.726777
2025-08-11,13739,2025081103014441,SINDU,Vision Securities Pvt. Ltd,Dipshikha Dhitopatra Karobar Co. Pvt Ltd.,70,795.0,55650.0,2025-08-11 14:47:16.726980
2025-08-11,13738,2025081103014442,SINDU,Magnet Securities and Investment Company Private Limited,Dipshikha Dhitopatra Karobar Co. Pvt Ltd.,100,795.0,79500.0,2025-08-11 14:47:16.727081
2025-08-11,13737,2025081103014443,SINDU,Cristal Kanchanjanga Securites Pvt. Ltd.,Dipshikha Dhitopatra Karobar Co. Pvt Ltd.,100,795.0,79500.0,2025-08-11 14:47:16.727161
2025-08-11,13736,2025081103014444,SINDU,Midas Stock Broking Company Private Limited,Dipshikha Dhitopatra Karobar Co. Pvt Ltd.,50,795.0,39750.0,2025-08-11 14:47:16.727241
2025-08-11,13735,2025081103014445,SINDU,South Asian Bulls Pvt. Ltd.,Dipshikha Dhitopatra Karobar Co. Pvt Ltd.,50,795.0,39750.0,2025-08-11 14:47:16.727316
2025-08-11,13734,2025081103014446,SINDU,South Asian Bulls Pvt. Ltd.,Dipshikha Dhitopatra Karobar Co. Pvt Ltd.,50,795.0,39750.0,2025-08-11 14:47:16.727411
2025-08-11,13733,2025081103014447,SINDU,Sani Securities Company Ltd.,Dipshikha Dhitopatra Karobar Co. Pvt Ltd.,44,795.0,34980.0,2025-08-11 14:47:16.727500
2025-08-11,13732,2025081103014448,SINDU,Dipshikha Dhitopatra Karobar Co. Pvt Ltd.,Dipshikha Dhitopatra Karobar Co. Pvt Ltd.,50,795.0,39750.0,2025-08-11 14:47:16.727595
2025-08-11,13731,2025081103014449,SINDU,Naasa Securities Co. Ltd.,Dipshikha Dhitopatra Karobar Co. Pvt Ltd.,30,795.0,23850.0,2025-08-11 14:47:16.727672
2025-08-11,13730,2025081103014450,SINDU,Dynamic Money Managers Securities Pvt. Ltd.,Dipshikha Dhitopatra Karobar Co. Pvt Ltd.,10,795.0,7950.0,2025-08-11 14:47:16.727747
2025-08-11,13729,2025081103014451,SINDU,Indira securities pvt. ltd,Dipshikha Dhitopatra Karobar Co. Pvt Ltd.,100,795.0,79500.0,2025-08-11 14:47:16.727843
2025-08-11,13728,2025081103014452,SINDU,Midas Stock Broking Company Private Limited,Dipshikha Dhitopatra Karobar Co. Pvt Ltd.,150,795.0,119250.0,2025-08-11 14:47:16.727921
2025-08-11,13727,2025081103014453,SINDU,MILKY WAY SHARE BROKER COMPANY LTD ,Dipshikha Dhitopatra Karobar Co. Pvt Ltd.,50,795.0,39750.0,2025-08-11 14:47:16.727992
2025-08-11,13726,2025081103014454,SINDU,Naasa Securities Co. Ltd.,Dipshikha Dhitopatra Karobar Co. Pvt Ltd.,20,795.0,15900.0,2025-08-11 14:47:16.728074
2025-08-11,13725,2025081103014455,SINDU,Sweta Securities Private Limited,Dipshikha Dhitopatra Karobar Co. Pvt Ltd.,20,795.0,15900.0,2025-08-11 14:47:16.728146
2025-08-11,13724,2025081103014456,SINDU,Kumari Securities Private Limited,Dipshikha Dhitopatra Karobar Co. Pvt Ltd.,93,795.0,73935.0,2025-08-11 14:47:16.728229
2025-08-11,13324,2025081103014515,SINDU,Naasa Securities Co. Ltd.,Vision Securities Pvt. Ltd,100,795.0,79500.0,2025-08-11 14:47:45.120279
2025-08-11,13266,2025081103014530,SINDU,Sewa Securities Pvt. Ltd.,Nepal Stock House (PVT) Ltd.,70,796.1,55727.0,2025-08-11 14:47:50.042197
2025-08-11,13256,2025081103014531,SINDU,Sewa Securities Pvt. Ltd.,Naasa Securities Co. Ltd.,220,796.1,175142.0,2025-08-11 14:47:50.689116
2025-08-11,13255,2025081103014532,SINDU,Naasa Securities Co. Ltd.,Naasa Securities Co. Ltd.,25,795.0,19875.0,2025-08-11 14:47:50.689294
2025-08-11,13254,2025081103014533,SINDU,Opal Securities Investment (PVT) Ltd.,Naasa Securities Co. Ltd.,150,795.0,119250.0,2025-08-11 14:47:50.689367
2025-08-11,13036,2025081103014577,SINDU,Linch Stock Market Ltd.,Naasa Securities Co. Ltd.,130,795.0,103350.0,2025-08-11 14:48:07.091574
2025-08-11,12786,2025081103014628,SINDU,Nepal Stock House (PVT) Ltd.,ABC Securities Private Limited,100,795.0,79500.0,2025-08-11 14:48:24.396565
2025-08-11,12575,2025081103014678,SINDU,Naasa Securities Co. Ltd.,Vision Securities Pvt. Ltd,29,795.1,23057.9,2025-08-11 14:48:42.583149
2025-08-11,12574,2025081103014679,SINDU,Linch Stock Market Ltd.,Vision Securities Pvt. Ltd,100,795.0,79500.0,2025-08-11 14:48:42.583246
2025-08-11,12573,2025081103014680,SINDU,Kumari Securities Private Limited,Vision Securities Pvt. Ltd,100,794.1,79410.0,2025-08-11 14:48:42.583320
2025-08-11,12572,2025081103014681,SINDU,Sewa Securities Pvt. Ltd.,Vision Securities Pvt. Ltd,40,794.0,31760.0,2025-08-11 14:48:42.583392
2025-08-11,12571,2025081103014682,SINDU,South Asian Bulls Pvt. Ltd.,Vision Securities Pvt. Ltd,60,794.0,47640.0,2025-08-11 14:48:42.583467
2025-08-11,12570,2025081103014683,SINDU,Online Securities Pvt. Ltd.,Vision Securities Pvt. Ltd,171,794.0,135774.0,2025-08-11 14:48:42.583536
2025-08-11,12246,2025081103014753,SINDU,Naasa Securities Co. Ltd.,Investment Management Nepal Pvt. Ltd.,50,798.9,39945.0,2025-08-11 14:49:07.864006
2025-08-11,11980,2025081103014793,SINDU,Online Securities Pvt. Ltd.,Siprabi Securities Pvt. Ltd.,100,794.0,79400.0,2025-08-11 14:49:24.812267
2025-08-11,11910,2025081103014810,SINDU,Agrawal Securities (PVT) Ltd.,Kohinoor Investment & Securities Pvt. Ltd.,30,795.0,23850.0,2025-08-11 14:49:30.125847
2025-08-11,11856,2025081103014852,SINDU,Linch Stock Market Ltd.,Kohinoor Investment & Securities Pvt. Ltd.,20,795.0,15900.0,2025-08-11 14:49:32.133772
2025-08-11,11770,2025081103014866,SINDU,ABC Securities Private Limited,Kohinoor Investment & Securities Pvt. Ltd.,200,795.0,159000.0,2025-08-11 14:49:40.117046
2025-08-11,11696,2025081103014874,SINDU,Naasa Securities Co. Ltd.,Kohinoor Investment & Securities Pvt. Ltd.,50,795.0,39750.0,2025-08-11 14:49:44.097333
2025-08-11,10766,2025081103015036,SINDU,Sumeru Securities Pvt. Ltd.,Premier Securities Company Ltd.,32,795.0,25440.0,2025-08-11 14:50:58.772928
2025-08-11,8791,2025081103015520,SINDU,Sumeru Securities Pvt. Ltd.,Aryatara Investment & Securities,68,795.0,54060.0,2025-08-11 14:53:20.956343
2025-08-11,8790,2025081103015521,SINDU,Sipla Securities Private Limited,Aryatara Investment & Securities,232,795.0,184440.0,2025-08-11 14:53:20.956689
2025-08-11,8146,2025081103015646,SINDU,Cristal Kanchanjanga Securites Pvt. Ltd.,Kumari Securities Private Limited,10,796.0,7960.0,2025-08-11 14:54:08.006108
2025-08-11,8097,2025081103015659,SINDU,Cristal Kanchanjanga Securites Pvt. Ltd.,Shree Krishna Securities Ltd.,36,796.0,28656.0,2025-08-11 14:54:12.047759
2025-08-11,7708,2025081103015728,SINDU,Property Wiard Limited,Investment Management Nepal Pvt. Ltd.,51,795.1,40550.1,2025-08-11 14:54:40.129035
2025-08-11,7681,2025081103015747,SINDU,Property Wiard Limited,Shree Krishna Securities Ltd.,49,795.1,38959.9,2025-08-11 14:54:41.276036
2025-08-11,7680,2025081103015748,SINDU,Dipshikha Dhitopatra Karobar Co. Pvt Ltd.,Shree Krishna Securities Ltd.,57,795.1,45320.7,2025-08-11 14:54:41.276233
2025-08-11,7455,2025081103015797,SINDU,Dipshikha Dhitopatra Karobar Co. Pvt Ltd.,Vision Securities Pvt. Ltd,43,795.1,34189.3,2025-08-11 14:54:54.659628
2025-08-11,7454,2025081103015798,SINDU,Naasa Securities Co. Ltd.,Vision Securities Pvt. Ltd,255,795.1,202750.5,2025-08-11 14:54:54.659982
2025-08-11,7453,2025081103015799,SINDU,Sipla Securities Private Limited,Vision Securities Pvt. Ltd,143,795.0,113685.0,2025-08-11 14:54:54.660230
2025-08-11,7452,2025081103015800,SINDU,Naasa Securities Co. Ltd.,Vision Securities Pvt. Ltd,59,795.0,46905.0,2025-08-11 14:54:54.660441
2025-08-11,7322,2025081103015831,SINDU,Agrawal Securities (PVT) Ltd.,Indira securities pvt. ltd,90,796.0,71640.0,2025-08-11 14:55:01.599564
2025-08-11,7321,2025081103015832,SINDU,Online Securities Pvt. Ltd.,Indira securities pvt. ltd,10,794.0,7940.0,2025-08-11 14:55:01.599610
2025-08-11,6660,2025081103015990,SINDU,Online Securities Pvt. Ltd.,Aryatara Investment & Securities,30,794.0,23820.0,2025-08-11 14:55:44.181375
2025-08-11,6395,2025081103016040,SINDU,Online Securities Pvt. Ltd.,Aryatara Investment & Securities,49,794.0,38906.0,2025-08-11 14:55:57.440142
2025-08-11,5818,2025081103016118,SINDU,Online Securities Pvt. Ltd.,Dynamic Money Managers Securities Pvt. Ltd.,20,794.0,15880.0,2025-08-11 14:56:28.805253
2025-08-11,5399,2025081103016194,SINDU,Nepal Stock House (PVT) Ltd.,Primo Securities (PVT) Ltd.,100,797.0,79700.0,2025-08-11 14:56:52.267370
2025-08-11,5384,2025081103016198,SINDU,Online Securities Pvt. Ltd.,ABC Securities Private Limited,108,794.0,85752.0,2025-08-11 14:56:52.676246
2025-08-11,4387,2025081103016508,SINDU,Online Securities Pvt. Ltd.,Trisul Securities & Invt. Ltd.,12,794.0,9528.0,2025-08-11 14:57:33.635447
2025-08-11,3599,2025081103016673,SINDU,Bhrikuti Stock Broking Co. Pvt. Ltd.,Cristal Kanchanjanga Securites Pvt. Ltd.,20,795.0,15900.0,2025-08-11 14:58:11.183153
2025-08-11,3025,2025081103016755,SINDU,Nepal Stock House (PVT) Ltd.,Aryatara Investment & Securities,70,795.9,55713.0,2025-08-11 14:58:32.788743
2025-08-11,2013,2025081103016961,SINDU,Naasa Securities Co. Ltd.,Aryatara Investment & Securities,15,795.9,11938.5,2025-08-11 14:59:13.443279
2025-08-11,1090,2025081103017137,SINDU,Ashutosh Brokerage & Securities (PVT) Ltd.,Primo Securities (PVT) Ltd.,120,795.0,95400.0,2025-08-11 14:59:36.281757
2025-08-11,692,2025081103017222,SINDU,Online Securities Pvt. Ltd.,Primo Securities (PVT) Ltd.,100,795.0,79500.0,2025-08-11 14:59:44.591559
2025-08-11,535,2025081103017262,SINDU,Naasa Securities Co. Ltd.,Primo Securities (PVT) Ltd.,80,795.0,63600.0,2025-08-11 14:59:47.793419
2025-08-11,534,2025081103017263,SINDU,Naasa Securities Co. Ltd.,Sweta Securities Private Limited,50,795.0,39750.0,2025-08-11 14:59:47.793740
2025-08-11,513,2025081103017274,SINDU,Linch Stock Market Ltd.,Cristal Kanchanjanga Securites Pvt. Ltd.,10,794.2,7942.0,2025-08-11 14:59:47.998015
2025-08-11,297,2025081103017330,SINDU,Linch Stock Market Ltd.,Imperial Securities Company Pvt. Ltd.,20,794.2,15884.0,2025-08-11 14:59:54.522872
