Date,S.N.,contract_id,symbol,buyer_broker,seller_broker,volume,price,amount,transaction_time
2025-07-07,71083,2025070704000044,AHPC,Sani Securities Company Ltd.,Bhrikuti Stock Broking Co. Pvt. Ltd.,10,286.5,2865.0,2025-07-07 11:00:58.968658
2025-07-07,70896,2025070704000088,AHPC,Nepal Stock House (PVT) Ltd.,Naasa Securities Co. Ltd.,10,284.0,2840.0,2025-07-07 11:02:06.267035
2025-07-07,70824,2025070704000099,AHPC,Nepal Stock House (PVT) Ltd.,Secured Securities Ltd.,90,284.0,25560.0,2025-07-07 11:02:30.024349
2025-07-07,70815,2025070704000101,AHPC,Dakshinkali Investment & Securities Pvt. Ltd.,Aryatara Investment & Securities,50,283.1,14155.0,2025-07-07 11:02:35.030049
2025-07-07,70814,2025070704000102,AHPC,Linch Stock Market Ltd.,Aryatara Investment & Securities,125,283.0,35375.0,2025-07-07 11:02:35.030168
2025-07-07,70761,2025070704000116,AHPC,Linch Stock Market Ltd.,Sharepro Securities Private Limited,875,283.0,247625.0,2025-07-07 11:02:52.991495
2025-07-07,70760,2025070704000117,AHPC,Kumari Securities Private Limited,Sharepro Securities Private Limited,26,283.0,7358.0,2025-07-07 11:02:52.991641
2025-07-07,70759,2025070704000118,AHPC,Agrawal Securities (PVT) Ltd.,Sharepro Securities Private Limited,99,283.0,28017.0,2025-07-07 11:02:52.991747
2025-07-07,70744,2025070704000128,AHPC,Agrawal Securities (PVT) Ltd.,Vision Securities Pvt. Ltd,41,283.0,11603.0,2025-07-07 11:02:56.149929
2025-07-07,70583,2025070704000176,AHPC,Opal Securities Investment (PVT) Ltd.,Himalayan Brokerage Company Limited,40,282.9,11316.0,2025-07-07 11:03:49.530400
2025-07-07,70582,2025070704000177,AHPC,Vision Securities Pvt. Ltd,Himalayan Brokerage Company Limited,100,282.8,28280.0,2025-07-07 11:03:49.530477
2025-07-07,70581,2025070704000178,AHPC,NIMB Stock Markets Limited,Himalayan Brokerage Company Limited,10,282.79,2827.9,2025-07-07 11:03:49.530531
2025-07-07,70580,2025070704000179,AHPC,INDEX SECURITIES LIMITED,Himalayan Brokerage Company Limited,350,282.1,98735.0,2025-07-07 11:03:49.530568
2025-07-07,70437,2025070704000210,AHPC,Online Securities Pvt. Ltd.,Vision Securities Pvt. Ltd,350,283.0,99050.0,2025-07-07 11:04:33.979107
2025-07-07,70019,2025070704000316,AHPC,Sundhara Securities Limited,Vision Securities Pvt. Ltd,100,283.0,28300.0,2025-07-07 11:06:35.014019
2025-07-07,69970,2025070704000333,AHPC,Dakshinkali Investment & Securities Pvt. Ltd.,Linch Stock Market Ltd.,11,282.2,3104.2,2025-07-07 11:06:50.910485
2025-07-07,69896,2025070704000342,AHPC,Opal Securities Investment (PVT) Ltd.,Vision Securities Pvt. Ltd,500,283.0,141500.0,2025-07-07 11:07:09.259379
2025-07-07,69641,2025070704000397,AHPC,Miyo Securities Pvt Ltd,Secured Securities Ltd.,116,284.0,32944.0,2025-07-07 11:08:09.844341
2025-07-07,69640,2025070704000398,AHPC,Miyo Securities Pvt Ltd,Kohinoor Investment & Securities Pvt. Ltd.,384,284.0,109056.0,2025-07-07 11:08:09.844438
2025-07-07,69156,2025070704000501,AHPC,Dipshikha Dhitopatra Karobar Co. Pvt Ltd.,Kohinoor Investment & Securities Pvt. Ltd.,100,284.0,28400.0,2025-07-07 11:09:54.288892
2025-07-07,69113,2025070704000507,AHPC,Naasa Securities Co. Ltd.,Kohinoor Investment & Securities Pvt. Ltd.,51,284.0,14484.0,2025-07-07 11:10:08.248995
2025-07-07,67670,2025070704000926,AHPC,Naasa Securities Co. Ltd.,Sharepro Securities Private Limited,449,284.0,127516.0,2025-07-07 11:15:52.279828
2025-07-07,67669,2025070704000927,AHPC,Nepal Stock House (PVT) Ltd.,Sharepro Securities Private Limited,200,284.0,56800.0,2025-07-07 11:15:52.280034
2025-07-07,67668,2025070704000928,AHPC,Nepal Stock House (PVT) Ltd.,Sharepro Securities Private Limited,351,284.0,99684.0,2025-07-07 11:15:52.280116
2025-07-07,67023,2025070704001085,AHPC,Nepal Stock House (PVT) Ltd.,Sharepro Securities Private Limited,149,284.0,42316.0,2025-07-07 11:18:28.905926
2025-07-07,67022,2025070704001086,AHPC,Global IME Securities Limited,Sharepro Securities Private Limited,305,284.0,86620.0,2025-07-07 11:18:28.906031
2025-07-07,67021,2025070704001087,AHPC,Cristal Kanchanjanga Securites Pvt. Ltd.,Sharepro Securities Private Limited,100,283.1,28310.0,2025-07-07 11:18:28.906058
2025-07-07,67020,2025070704001088,AHPC,Aryatara Investment & Securities,Sharepro Securities Private Limited,200,283.0,56600.0,2025-07-07 11:18:28.906082
2025-07-07,67019,2025070704001089,AHPC,Dynamic Money Managers Securities Pvt. Ltd.,Sharepro Securities Private Limited,95,283.0,26885.0,2025-07-07 11:18:28.906106
2025-07-07,67018,2025070704001090,AHPC,Premier Securities Company Ltd.,Sharepro Securities Private Limited,25,283.0,7075.0,2025-07-07 11:18:28.906129
2025-07-07,67017,2025070704001091,AHPC,Dipshikha Dhitopatra Karobar Co. Pvt Ltd.,Sharepro Securities Private Limited,30,283.0,8490.0,2025-07-07 11:18:28.906152
2025-07-07,67016,2025070704001092,AHPC,Premier Securities Company Ltd.,Sharepro Securities Private Limited,25,282.5,7062.5,2025-07-07 11:18:28.906175
2025-07-07,67015,2025070704001093,AHPC,Premier Securities Company Ltd.,Sharepro Securities Private Limited,50,282.4,14120.0,2025-07-07 11:18:28.906203
2025-07-07,67014,2025070704001094,AHPC,Dakshinkali Investment & Securities Pvt. Ltd.,Sharepro Securities Private Limited,21,282.4,5930.4,2025-07-07 11:18:28.906227
2025-07-07,66970,2025070704001104,AHPC,Dakshinkali Investment & Securities Pvt. Ltd.,Sharepro Securities Private Limited,18,282.4,5083.2,2025-07-07 11:18:39.953916
2025-07-07,66969,2025070704001105,AHPC,Shree Krishna Securities Ltd.,Sharepro Securities Private Limited,500,282.4,141200.0,2025-07-07 11:18:39.953982
2025-07-07,66968,2025070704001106,AHPC,Investment Management Nepal Pvt. Ltd.,Sharepro Securities Private Limited,2000,282.3,564600.0,2025-07-07 11:18:39.954008
2025-07-07,66967,2025070704001107,AHPC,Sundhara Securities Limited,Sharepro Securities Private Limited,1000,282.2,282200.0,2025-07-07 11:18:39.954034
2025-07-07,66966,2025070704001108,AHPC,INDEX SECURITIES LIMITED,Sharepro Securities Private Limited,150,282.1,42315.0,2025-07-07 11:18:39.954058
2025-07-07,66965,2025070704001109,AHPC,Shree Krishna Securities Ltd.,Sharepro Securities Private Limited,300,282.0,84600.0,2025-07-07 11:18:39.954080
2025-07-07,66964,2025070704001110,AHPC,Sewa Securities Pvt. Ltd.,Sharepro Securities Private Limited,100,282.0,28200.0,2025-07-07 11:18:39.954101
2025-07-07,66963,2025070704001111,AHPC,Sani Securities Company Ltd.,Sharepro Securities Private Limited,1000,282.0,282000.0,2025-07-07 11:18:39.954128
2025-07-07,66962,2025070704001112,AHPC,Dipshikha Dhitopatra Karobar Co. Pvt Ltd.,Sharepro Securities Private Limited,500,282.0,141000.0,2025-07-07 11:18:39.954163
2025-07-07,66961,2025070704001113,AHPC,Cristal Kanchanjanga Securites Pvt. Ltd.,Sharepro Securities Private Limited,50,282.0,14100.0,2025-07-07 11:18:39.954218
2025-07-07,66960,2025070704001114,AHPC,Malla & Malla Stock Broking Company Pvt. Limited,Sharepro Securities Private Limited,100,282.0,28200.0,2025-07-07 11:18:39.954238
2025-07-07,66959,2025070704001115,AHPC,Online Securities Pvt. Ltd.,Sharepro Securities Private Limited,100,282.0,28200.0,2025-07-07 11:18:39.954260
2025-07-07,66958,2025070704001116,AHPC,Trisul Securities & Invt. Ltd.,Sharepro Securities Private Limited,500,282.0,141000.0,2025-07-07 11:18:39.954290
2025-07-07,66957,2025070704001117,AHPC,Dipshikha Dhitopatra Karobar Co. Pvt Ltd.,Sharepro Securities Private Limited,50,282.0,14100.0,2025-07-07 11:18:39.954320
2025-07-07,66956,2025070704001118,AHPC,Premier Securities Company Ltd.,Sharepro Securities Private Limited,50,282.0,14100.0,2025-07-07 11:18:39.954339
2025-07-07,66955,2025070704001119,AHPC,Siprabi Securities Pvt. Ltd.,Sharepro Securities Private Limited,15,282.0,4230.0,2025-07-07 11:18:39.954361
2025-07-07,66954,2025070704001120,AHPC,Shree Krishna Securities Ltd.,Sharepro Securities Private Limited,2500,282.0,705000.0,2025-07-07 11:18:39.954384
2025-07-07,66953,2025070704001121,AHPC,Kohinoor Investment & Securities Pvt. Ltd.,Sharepro Securities Private Limited,880,282.0,248160.0,2025-07-07 11:18:39.954402
2025-07-07,66952,2025070704001122,AHPC,INDEX SECURITIES LIMITED,Sharepro Securities Private Limited,400,281.4,112560.0,2025-07-07 11:18:39.954424
2025-07-07,66951,2025070704001123,AHPC,Asian Securities Private Ltd.,Sharepro Securities Private Limited,50,281.3,14065.0,2025-07-07 11:18:39.954449
2025-07-07,66950,2025070704001124,AHPC,Citizens Share Broker Limited,Sharepro Securities Private Limited,1279,281.29,359769.91,2025-07-07 11:18:39.954471
2025-07-07,66949,2025070704001125,AHPC,Sani Securities Company Ltd.,Sharepro Securities Private Limited,200,281.1,56220.0,2025-07-07 11:18:39.954493
2025-07-07,66948,2025070704001126,AHPC,Siprabi Securities Pvt. Ltd.,Sharepro Securities Private Limited,2000,281.1,562200.0,2025-07-07 11:18:39.954516
2025-07-07,66947,2025070704001127,AHPC,Vision Securities Pvt. Ltd,Sharepro Securities Private Limited,100,281.0,28100.0,2025-07-07 11:18:39.954538
2025-07-07,66946,2025070704001128,AHPC,Sewa Securities Pvt. Ltd.,Sharepro Securities Private Limited,200,281.0,56200.0,2025-07-07 11:18:39.954558
2025-07-07,66945,2025070704001129,AHPC,Sundhara Securities Limited,Sharepro Securities Private Limited,1000,281.0,281000.0,2025-07-07 11:18:39.954607
2025-07-07,66944,2025070704001130,AHPC,Siprabi Securities Pvt. Ltd.,Sharepro Securities Private Limited,15,281.0,4215.0,2025-07-07 11:18:39.954629
2025-07-07,66943,2025070704001131,AHPC,Kalika Securities Pvt. Ltd.,Sharepro Securities Private Limited,100,281.0,28100.0,2025-07-07 11:18:39.954648
2025-07-07,66942,2025070704001132,AHPC,Sani Securities Company Ltd.,Sharepro Securities Private Limited,30,281.0,8430.0,2025-07-07 11:18:39.954672
2025-07-07,66941,2025070704001133,AHPC,Siprabi Securities Pvt. Ltd.,Sharepro Securities Private Limited,100,280.0,28000.0,2025-07-07 11:18:39.954693
2025-07-07,66940,2025070704001134,AHPC,J.F. Securites (PVT) Ltd.,Sharepro Securities Private Limited,180,280.0,50400.0,2025-07-07 11:18:39.954716
2025-07-07,66939,2025070704001135,AHPC,Kumari Securities Private Limited,Sharepro Securities Private Limited,50,280.0,14000.0,2025-07-07 11:18:39.954735
2025-07-07,66938,2025070704001136,AHPC,ABC Securities Private Limited,Sharepro Securities Private Limited,1700,280.0,476000.0,2025-07-07 11:18:39.954759
2025-07-07,66937,2025070704001137,AHPC,Naasa Securities Co. Ltd.,Sharepro Securities Private Limited,200,280.0,56000.0,2025-07-07 11:18:39.954785
2025-07-07,66936,2025070704001138,AHPC,Swarna Laxmi Securities Pvt. Ltd.,Sharepro Securities Private Limited,1000,280.0,280000.0,2025-07-07 11:18:39.954816
2025-07-07,66935,2025070704001139,AHPC,Trishakti Securities Public Limited,Sharepro Securities Private Limited,500,280.0,140000.0,2025-07-07 11:18:39.954839
2025-07-07,66934,2025070704001140,AHPC,Premier Securities Company Ltd.,Sharepro Securities Private Limited,500,280.0,140000.0,2025-07-07 11:18:39.954859
2025-07-07,66933,2025070704001141,AHPC,Linch Stock Market Ltd.,Sharepro Securities Private Limited,100,280.0,28000.0,2025-07-07 11:18:39.954885
2025-07-07,66932,2025070704001142,AHPC,Agrawal Securities (PVT) Ltd.,Sharepro Securities Private Limited,15,280.0,4200.0,2025-07-07 11:18:39.954906
2025-07-07,66931,2025070704001143,AHPC,Imperial Securities Company Pvt. Ltd.,Sharepro Securities Private Limited,200,280.0,56000.0,2025-07-07 11:18:39.954927
2025-07-07,66930,2025070704001144,AHPC,Sundhara Securities Limited,Sharepro Securities Private Limited,50,280.0,14000.0,2025-07-07 11:18:39.954945
2025-07-07,66929,2025070704001145,AHPC,Nepal Stock House (PVT) Ltd.,Sharepro Securities Private Limited,62,280.0,17360.0,2025-07-07 11:18:39.954964
2025-07-07,66928,2025070704001146,AHPC,Asian Securities Private Ltd.,Sharepro Securities Private Limited,100,280.0,28000.0,2025-07-07 11:18:39.954985
2025-07-07,66927,2025070704001147,AHPC,Shree Krishna Securities Ltd.,Sharepro Securities Private Limited,10,279.5,2795.0,2025-07-07 11:18:39.955005
2025-07-07,66926,2025070704001148,AHPC,Investment Management Nepal Pvt. Ltd.,Sharepro Securities Private Limited,46,279.0,12834.0,2025-07-07 11:18:39.955025
2025-07-07,66865,2025070704001163,AHPC,Investment Management Nepal Pvt. Ltd.,Sharepro Securities Private Limited,454,279.0,126666.0,2025-07-07 11:18:56.020573
2025-07-07,66864,2025070704001164,AHPC,Linch Stock Market Ltd.,Sharepro Securities Private Limited,100,279.0,27900.0,2025-07-07 11:18:56.020638
2025-07-07,66863,2025070704001165,AHPC,Thrive Brokerage House Pvt. Ltd,Sharepro Securities Private Limited,500,279.0,139500.0,2025-07-07 11:18:56.020661
2025-07-07,66862,2025070704001166,AHPC,Agrawal Securities (PVT) Ltd.,Sharepro Securities Private Limited,5000,279.0,1395000.0,2025-07-07 11:18:56.020684
2025-07-07,66861,2025070704001167,AHPC,Dakshinkali Investment & Securities Pvt. Ltd.,Sharepro Securities Private Limited,500,279.0,139500.0,2025-07-07 11:18:56.020706
2025-07-07,66860,2025070704001168,AHPC,Dipshikha Dhitopatra Karobar Co. Pvt Ltd.,Sharepro Securities Private Limited,100,279.0,27900.0,2025-07-07 11:18:56.020733
2025-07-07,66859,2025070704001169,AHPC,Premier Securities Company Ltd.,Sharepro Securities Private Limited,1500,279.0,418500.0,2025-07-07 11:18:56.020756
2025-07-07,66858,2025070704001170,AHPC,Bhrikuti Stock Broking Co. Pvt. Ltd.,Sharepro Securities Private Limited,400,278.5,111400.0,2025-07-07 11:18:56.020780
2025-07-07,66857,2025070704001171,AHPC,South Asian Bulls Pvt. Ltd.,Sharepro Securities Private Limited,300,278.5,83550.0,2025-07-07 11:18:56.020802
2025-07-07,66856,2025070704001172,AHPC,ABC Securities Private Limited,Sharepro Securities Private Limited,1750,278.5,487375.0,2025-07-07 11:18:56.020875
2025-07-07,66855,2025070704001173,AHPC,Sani Securities Company Ltd.,Sharepro Securities Private Limited,500,278.5,139250.0,2025-07-07 11:18:56.020899
2025-07-07,66854,2025070704001174,AHPC,Elite Stock House Limited,Sharepro Securities Private Limited,15,278.5,4177.5,2025-07-07 11:18:56.020922
2025-07-07,66853,2025070704001175,AHPC,Indira securities pvt. ltd,Sharepro Securities Private Limited,200,278.4,55680.0,2025-07-07 11:18:56.020946
2025-07-07,66852,2025070704001176,AHPC,Agrawal Securities (PVT) Ltd.,Sharepro Securities Private Limited,100,278.4,27840.0,2025-07-07 11:18:56.020971
2025-07-07,66851,2025070704001177,AHPC,INDEX SECURITIES LIMITED,Sharepro Securities Private Limited,1000,278.4,278400.0,2025-07-07 11:18:56.021007
2025-07-07,66850,2025070704001178,AHPC,Secured Securities Ltd.,Sharepro Securities Private Limited,200,278.4,55680.0,2025-07-07 11:18:56.021029
2025-07-07,66849,2025070704001179,AHPC,Sweta Securities Private Limited,Sharepro Securities Private Limited,600,278.4,167040.0,2025-07-07 11:18:56.021052
2025-07-07,66848,2025070704001180,AHPC,Kalika Securities Pvt. Ltd.,Sharepro Securities Private Limited,12,278.4,3340.8,2025-07-07 11:18:56.021076
2025-07-07,66847,2025070704001181,AHPC,Premier Securities Company Ltd.,Sharepro Securities Private Limited,200,278.4,55680.0,2025-07-07 11:18:56.021097
2025-07-07,66846,2025070704001182,AHPC,Naasa Securities Co. Ltd.,Sharepro Securities Private Limited,100,278.4,27840.0,2025-07-07 11:18:56.021124
2025-07-07,66845,2025070704001183,AHPC,Creative Securities Pvt Ltd,Sharepro Securities Private Limited,469,278.4,130569.6,2025-07-07 11:18:56.021146
2025-07-07,66780,2025070704001201,AHPC,Asian Securities Private Ltd.,Sharepro Securities Private Limited,1000,278.5,278500.0,2025-07-07 11:19:15.091775
2025-07-07,66779,2025070704001202,AHPC,Creative Securities Pvt Ltd,Sharepro Securities Private Limited,531,278.4,147830.4,2025-07-07 11:19:15.091833
2025-07-07,66778,2025070704001203,AHPC,Naasa Securities Co. Ltd.,Sharepro Securities Private Limited,200,278.4,55680.0,2025-07-07 11:19:15.091858
2025-07-07,66777,2025070704001204,AHPC,Linch Stock Market Ltd.,Sharepro Securities Private Limited,100,278.2,27820.0,2025-07-07 11:19:15.091902
2025-07-07,66776,2025070704001205,AHPC,Sharepro Securities Private Limited,Sharepro Securities Private Limited,50,278.2,13910.0,2025-07-07 11:19:15.091925
2025-07-07,66775,2025070704001206,AHPC,Vision Securities Pvt. Ltd,Sharepro Securities Private Limited,1000,278.2,278200.0,2025-07-07 11:19:15.091948
2025-07-07,66774,2025070704001207,AHPC,Dipshikha Dhitopatra Karobar Co. Pvt Ltd.,Sharepro Securities Private Limited,40,278.2,11128.0,2025-07-07 11:19:15.091998
2025-07-07,66773,2025070704001208,AHPC,Premier Securities Company Ltd.,Sharepro Securities Private Limited,100,278.2,27820.0,2025-07-07 11:19:15.092056
2025-07-07,66772,2025070704001209,AHPC,Aryatara Investment & Securities,Sharepro Securities Private Limited,779,278.1,216639.9,2025-07-07 11:19:15.092082
2025-07-07,66317,2025070704001393,AHPC,Vision Securities Pvt. Ltd,Sharepro Securities Private Limited,50,280.5,14025.0,2025-07-07 11:20:41.432396
2025-07-07,66316,2025070704001394,AHPC,Nepal Stock House (PVT) Ltd.,Sharepro Securities Private Limited,100,280.0,28000.0,2025-07-07 11:20:41.432476
2025-07-07,66315,2025070704001395,AHPC,Aryatara Investment & Securities,Sharepro Securities Private Limited,500,280.0,140000.0,2025-07-07 11:20:41.432521
2025-07-07,66314,2025070704001396,AHPC,Opal Securities Investment (PVT) Ltd.,Sharepro Securities Private Limited,100,279.0,27900.0,2025-07-07 11:20:41.432544
2025-07-07,66313,2025070704001397,AHPC,ABC Securities Private Limited,Sharepro Securities Private Limited,200,279.0,55800.0,2025-07-07 11:20:41.432565
2025-07-07,66312,2025070704001398,AHPC,Sri Hari Securities Pvt. Ltd.,Sharepro Securities Private Limited,500,279.0,139500.0,2025-07-07 11:20:41.432587
2025-07-07,66311,2025070704001399,AHPC,Imperial Securities Company Pvt. Ltd.,Sharepro Securities Private Limited,750,279.0,209250.0,2025-07-07 11:20:41.432610
2025-07-07,65367,2025070704001654,AHPC,Kumari Securities Private Limited,Naasa Securities Co. Ltd.,100,283.0,28300.0,2025-07-07 11:24:03.559954
2025-07-07,65008,2025070704001732,AHPC,Oxford Securities Pvt. Ltd.,Naasa Securities Co. Ltd.,200,283.0,56600.0,2025-07-07 11:25:13.212826
2025-07-07,64950,2025070704001745,AHPC,Sani Securities Company Ltd.,Linch Stock Market Ltd.,11,282.0,3102.0,2025-07-07 11:25:25.326654
2025-07-07,64782,2025070704001777,AHPC,Oxford Securities Pvt. Ltd.,Imperial Securities Company Pvt. Ltd.,100,282.0,28200.0,2025-07-07 11:26:07.040325
2025-07-07,64779,2025070704001779,AHPC,Imperial Securities Company Pvt. Ltd.,Imperial Securities Company Pvt. Ltd.,200,282.0,56400.0,2025-07-07 11:26:08.051021
2025-07-07,64748,2025070704001784,AHPC,Asian Securities Private Ltd.,Imperial Securities Company Pvt. Ltd.,33,282.0,9306.0,2025-07-07 11:26:25.507747
2025-07-07,64336,2025070704001924,AHPC,Sundhara Securities Limited,Aryatara Investment & Securities,50,282.9,14145.0,2025-07-07 11:27:46.498844
2025-07-07,64335,2025070704001925,AHPC,Sundhara Securities Limited,Naasa Securities Co. Ltd.,232,283.0,65656.0,2025-07-07 11:27:46.499037
2025-07-07,64225,2025070704001960,AHPC,Sewa Securities Pvt. Ltd.,Naasa Securities Co. Ltd.,100,283.0,28300.0,2025-07-07 11:28:04.270772
2025-07-07,64058,2025070704001987,AHPC,Linch Stock Market Ltd.,Naasa Securities Co. Ltd.,250,283.0,70750.0,2025-07-07 11:28:36.823643
2025-07-07,64054,2025070704001989,AHPC,Trishakti Securities Public Limited,Naasa Securities Co. Ltd.,50,283.0,14150.0,2025-07-07 11:28:37.199402
2025-07-07,64001,2025070704002007,AHPC,ABC Securities Private Limited,Naasa Securities Co. Ltd.,583,283.0,164989.0,2025-07-07 11:28:45.383759
2025-07-07,64000,2025070704002008,AHPC,ABC Securities Private Limited,Imperial Securities Company Pvt. Ltd.,417,283.0,118011.0,2025-07-07 11:28:45.383933
2025-07-07,63984,2025070704002012,AHPC,Sewa Securities Pvt. Ltd.,Imperial Securities Company Pvt. Ltd.,25,283.0,7075.0,2025-07-07 11:28:48.448055
2025-07-07,63908,2025070704002045,AHPC,Sri Hari Securities Pvt. Ltd.,Imperial Securities Company Pvt. Ltd.,50,283.0,14150.0,2025-07-07 11:29:06.845324
2025-07-07,63887,2025070704002052,AHPC,Midas Stock Broking Company Private Limited,Naasa Securities Co. Ltd.,14,282.0,3948.0,2025-07-07 11:29:13.695188
2025-07-07,63886,2025070704002053,AHPC,Secured Securities Ltd.,Naasa Securities Co. Ltd.,100,282.0,28200.0,2025-07-07 11:29:13.695416
2025-07-07,63885,2025070704002054,AHPC,Cristal Kanchanjanga Securites Pvt. Ltd.,Naasa Securities Co. Ltd.,27,282.0,7614.0,2025-07-07 11:29:13.695494
2025-07-07,63620,2025070704002130,AHPC,Aryatara Investment & Securities,Sri Hari Securities Pvt. Ltd.,350,284.0,99400.0,2025-07-07 11:30:17.648591
2025-07-07,63473,2025070704002164,AHPC,Investment Management Nepal Pvt. Ltd.,Linch Stock Market Ltd.,11,282.1,3103.1,2025-07-07 11:30:52.547527
2025-07-07,63228,2025070704002208,AHPC,Investment Management Nepal Pvt. Ltd.,Cristal Kanchanjanga Securites Pvt. Ltd.,14,282.1,3949.4,2025-07-07 11:31:47.347373
2025-07-07,63227,2025070704002209,AHPC,Magnet Securities and Investment Company Private Limited,Cristal Kanchanjanga Securites Pvt. Ltd.,100,282.1,28210.0,2025-07-07 11:31:47.347758
2025-07-07,63226,2025070704002210,AHPC,Capital Max Securities Ltd,Cristal Kanchanjanga Securites Pvt. Ltd.,1700,282.1,479570.0,2025-07-07 11:31:47.348005
2025-07-07,63225,2025070704002211,AHPC,Cristal Kanchanjanga Securites Pvt. Ltd.,Cristal Kanchanjanga Securites Pvt. Ltd.,186,282.0,52452.0,2025-07-07 11:31:47.348249
2025-07-07,63195,2025070704002228,AHPC,Online Securities Pvt. Ltd.,Sri Hari Securities Pvt. Ltd.,50,284.0,14200.0,2025-07-07 11:31:53.083824
2025-07-07,62608,2025070704002405,AHPC,ABC Securities Private Limited,Sagarmatha Securities Private Limited,75,284.0,21300.0,2025-07-07 11:34:07.631828
2025-07-07,62485,2025070704002435,AHPC,ABC Securities Private Limited,Naasa Securities Co. Ltd.,75,284.0,21300.0,2025-07-07 11:34:33.251932
2025-07-07,62233,2025070704002498,AHPC,Online Securities Pvt. Ltd.,Vision Securities Pvt. Ltd,500,283.9,141950.0,2025-07-07 11:35:39.859443
2025-07-07,62047,2025070704002560,AHPC,SUN SECURITIES PVT LTD,Vision Securities Pvt. Ltd,13,283.9,3690.7,2025-07-07 11:36:21.317933
2025-07-07,61857,2025070704002613,AHPC,Midas Stock Broking Company Private Limited,Linch Stock Market Ltd.,11,282.2,3104.2,2025-07-07 11:37:01.621702
2025-07-07,60812,2025070704002898,AHPC,Sundhara Securities Limited,J.F. Securites (PVT) Ltd.,50,282.3,14115.0,2025-07-07 11:40:55.586082
2025-07-07,60811,2025070704002899,AHPC,Midas Stock Broking Company Private Limited,J.F. Securites (PVT) Ltd.,239,282.2,67445.8,2025-07-07 11:40:55.586333
2025-07-07,60810,2025070704002900,AHPC,Imperial Securities Company Pvt. Ltd.,J.F. Securites (PVT) Ltd.,200,282.2,56440.0,2025-07-07 11:40:55.586445
2025-07-07,60809,2025070704002901,AHPC,Cristal Kanchanjanga Securites Pvt. Ltd.,J.F. Securites (PVT) Ltd.,287,282.0,80934.0,2025-07-07 11:40:55.586544
2025-07-07,60808,2025070704002902,AHPC,Midas Stock Broking Company Private Limited,J.F. Securites (PVT) Ltd.,124,282.0,34968.0,2025-07-07 11:40:55.586638
2025-07-07,60606,2025070704002962,AHPC,Sani Securities Company Ltd.,Vision Securities Pvt. Ltd,9,283.0,2547.0,2025-07-07 11:41:38.900022
2025-07-07,60047,2025070704003098,AHPC,Opal Securities Investment (PVT) Ltd.,Dakshinkali Investment & Securities Pvt. Ltd.,50,283.0,14150.0,2025-07-07 11:43:37.228032
2025-07-07,59864,2025070704003120,AHPC,Kohinoor Investment & Securities Pvt. Ltd.,Vision Securities Pvt. Ltd,100,283.9,28390.0,2025-07-07 11:44:12.809103
2025-07-07,59781,2025070704003144,AHPC,Aryatara Investment & Securities,Vision Securities Pvt. Ltd,50,283.9,14195.0,2025-07-07 11:44:31.998491
2025-07-07,59390,2025070704003246,AHPC,Primo Securities (PVT) Ltd.,Naasa Securities Co. Ltd.,65,284.0,18460.0,2025-07-07 11:46:08.432384
2025-07-07,59389,2025070704003247,AHPC,Primo Securities (PVT) Ltd.,Opal Securities Investment (PVT) Ltd.,935,284.0,265540.0,2025-07-07 11:46:08.432864
2025-07-07,57963,2025070704003609,AHPC,Opal Securities Investment (PVT) Ltd.,Linch Stock Market Ltd.,11,283.1,3114.1,2025-07-07 11:51:06.394220
2025-07-07,57718,2025070704003648,AHPC,Naasa Securities Co. Ltd.,Opal Securities Investment (PVT) Ltd.,65,284.0,18460.0,2025-07-07 11:51:49.277050
2025-07-07,57717,2025070704003649,AHPC,Naasa Securities Co. Ltd.,Dakshinkali Investment & Securities Pvt. Ltd.,18,284.0,5112.0,2025-07-07 11:51:49.277291
2025-07-07,57716,2025070704003650,AHPC,Naasa Securities Co. Ltd.,Naasa Securities Co. Ltd.,28,284.0,7952.0,2025-07-07 11:51:49.277411
2025-07-07,57715,2025070704003651,AHPC,Naasa Securities Co. Ltd.,Imperial Securities Company Pvt. Ltd.,89,284.0,25276.0,2025-07-07 11:51:49.277519
2025-07-07,57702,2025070704003653,AHPC,Pragyan Securities (PVT) Ltd.,Imperial Securities Company Pvt. Ltd.,171,284.0,48564.0,2025-07-07 11:51:51.061709
2025-07-07,57595,2025070704003677,AHPC,Pragyan Securities (PVT) Ltd.,Naasa Securities Co. Ltd.,200,284.0,56800.0,2025-07-07 11:52:10.426510
2025-07-07,57493,2025070704003705,AHPC,Online Securities Pvt. Ltd.,Sri Hari Securities Pvt. Ltd.,100,284.9,28490.0,2025-07-07 11:52:39.975366
2025-07-07,57492,2025070704003706,AHPC,Online Securities Pvt. Ltd.,Vision Securities Pvt. Ltd,251,284.9,71509.9,2025-07-07 11:52:39.975872
2025-07-07,57065,2025070704003820,AHPC,Global IME Securities Limited,Vision Securities Pvt. Ltd,86,284.9,24501.4,2025-07-07 11:54:10.520397
2025-07-07,56788,2025070704003905,AHPC,Sani Securities Company Ltd.,Linch Stock Market Ltd.,50,285.0,14250.0,2025-07-07 11:55:17.151182
2025-07-07,56787,2025070704003906,AHPC,Sani Securities Company Ltd.,Sani Securities Company Ltd.,120,285.0,34200.0,2025-07-07 11:55:17.151446
2025-07-07,56508,2025070704004021,AHPC,Online Securities Pvt. Ltd.,Sani Securities Company Ltd.,400,285.0,114000.0,2025-07-07 11:56:06.674279
2025-07-07,56113,2025070704004153,AHPC,Global IME Securities Limited,Dipshikha Dhitopatra Karobar Co. Pvt Ltd.,14,284.9,3988.6,2025-07-07 11:57:38.920130
2025-07-07,55647,2025070704004243,AHPC,Sani Securities Company Ltd.,Dipshikha Dhitopatra Karobar Co. Pvt Ltd.,15,284.9,4273.5,2025-07-07 11:59:22.774203
2025-07-07,55603,2025070704004257,AHPC,Pragyan Securities (PVT) Ltd.,Sani Securities Company Ltd.,129,285.0,36765.0,2025-07-07 11:59:37.219684
2025-07-07,55500,2025070704004279,AHPC,Naasa Securities Co. Ltd.,Sani Securities Company Ltd.,1000,285.0,285000.0,2025-07-07 12:00:00.538207
2025-07-07,55417,2025070704004301,AHPC,Magnet Securities and Investment Company Private Limited,Sani Securities Company Ltd.,100,285.0,28500.0,2025-07-07 12:00:25.231752
2025-07-07,55393,2025070704004307,AHPC,Opal Securities Investment (PVT) Ltd.,Sani Securities Company Ltd.,29,285.0,8265.0,2025-07-07 12:00:33.464129
2025-07-07,55286,2025070704004337,AHPC,Opal Securities Investment (PVT) Ltd.,Sani Securities Company Ltd.,17,285.0,4845.0,2025-07-07 12:00:52.539660
2025-07-07,54884,2025070704004420,AHPC,Naasa Securities Co. Ltd.,Sani Securities Company Ltd.,50,285.0,14250.0,2025-07-07 12:02:35.752986
2025-07-07,54441,2025070704004541,AHPC,Sani Securities Company Ltd.,Imperial Securities Company Pvt. Ltd.,40,284.9,11396.0,2025-07-07 12:04:22.132173
2025-07-07,54219,2025070704004630,AHPC,Sani Securities Company Ltd.,Naasa Securities Co. Ltd.,45,284.9,12820.5,2025-07-07 12:05:13.549203
2025-07-07,54218,2025070704004631,AHPC,Trishakti Securities Public Limited,Naasa Securities Co. Ltd.,50,284.5,14225.0,2025-07-07 12:05:13.549528
2025-07-07,54217,2025070704004632,AHPC,Aryatara Investment & Securities,Naasa Securities Co. Ltd.,200,284.1,56820.0,2025-07-07 12:05:13.549686
2025-07-07,54216,2025070704004633,AHPC,Sundhara Securities Limited,Naasa Securities Co. Ltd.,500,284.0,142000.0,2025-07-07 12:05:13.549810
2025-07-07,54215,2025070704004634,AHPC,Hatemalo Financial Services Private Limited,Naasa Securities Co. Ltd.,2000,284.0,568000.0,2025-07-07 12:05:13.549947
2025-07-07,54214,2025070704004635,AHPC,Naasa Securities Co. Ltd.,Naasa Securities Co. Ltd.,2000,284.0,568000.0,2025-07-07 12:05:13.550076
2025-07-07,54213,2025070704004636,AHPC,Shree Krishna Securities Ltd.,Naasa Securities Co. Ltd.,41,284.0,11644.0,2025-07-07 12:05:13.550209
2025-07-07,54212,2025070704004637,AHPC,Sundhara Securities Limited,Naasa Securities Co. Ltd.,164,284.0,46576.0,2025-07-07 12:05:13.550353
2025-07-07,53938,2025070704004669,AHPC,Naasa Securities Co. Ltd.,Sani Securities Company Ltd.,3155,285.0,899175.0,2025-07-07 12:06:12.472183
2025-07-07,53937,2025070704004670,AHPC,Naasa Securities Co. Ltd.,Asian Securities Private Ltd.,500,285.0,142500.0,2025-07-07 12:06:12.472754
2025-07-07,53936,2025070704004671,AHPC,Naasa Securities Co. Ltd.,Neev Securities Pvt. Ltd.,20,285.0,5700.0,2025-07-07 12:06:12.473112
2025-07-07,53935,2025070704004672,AHPC,Naasa Securities Co. Ltd.,Trishakti Securities Public Limited,325,285.0,92625.0,2025-07-07 12:06:12.473478
2025-07-07,52355,2025070704005126,AHPC,Shree Krishna Securities Ltd.,Sri Hari Securities Pvt. Ltd.,150,284.9,42735.0,2025-07-07 12:11:48.425375
2025-07-07,52319,2025070704005134,AHPC,Bhrikuti Stock Broking Co. Pvt. Ltd.,Sri Hari Securities Pvt. Ltd.,220,284.9,62678.0,2025-07-07 12:11:57.328747
2025-07-07,52316,2025070704005135,AHPC,Sundhara Securities Limited,Secured Securities Ltd.,90,284.0,25560.0,2025-07-07 12:11:57.874759
2025-07-07,52299,2025070704005137,AHPC,Sundhara Securities Limited,Imperial Securities Company Pvt. Ltd.,20,284.0,5680.0,2025-07-07 12:12:01.845988
2025-07-07,52172,2025070704005163,AHPC,Sundhara Securities Limited,Vision Securities Pvt. Ltd,11,284.0,3124.0,2025-07-07 12:12:29.502964
2025-07-07,51781,2025070704005275,AHPC,Nepal Investment And Securities Trading Private Limited,Sri Hari Securities Pvt. Ltd.,10,284.9,2849.0,2025-07-07 12:13:49.784175
2025-07-07,51531,2025070704005333,AHPC,Himalayan Securities Limited,Sri Hari Securities Pvt. Ltd.,10,284.9,2849.0,2025-07-07 12:14:43.150119
2025-07-07,51364,2025070704005378,AHPC,Sundhara Securities Limited,Hatemalo Financial Services Private Limited,15,284.0,4260.0,2025-07-07 12:15:10.067764
2025-07-07,51363,2025070704005379,AHPC,Naasa Securities Co. Ltd.,Hatemalo Financial Services Private Limited,400,284.0,113600.0,2025-07-07 12:15:10.068386
2025-07-07,51362,2025070704005380,AHPC,ABC Securities Private Limited,Hatemalo Financial Services Private Limited,300,284.0,85200.0,2025-07-07 12:15:10.068786
2025-07-07,51361,2025070704005381,AHPC,Market Securities & Exchange (PVT) Ltd.,Hatemalo Financial Services Private Limited,100,284.0,28400.0,2025-07-07 12:15:10.069178
2025-07-07,51360,2025070704005382,AHPC,Opal Securities Investment (PVT) Ltd.,Hatemalo Financial Services Private Limited,100,283.5,28350.0,2025-07-07 12:15:10.069591
2025-07-07,51359,2025070704005383,AHPC,Online Securities Pvt. Ltd.,Hatemalo Financial Services Private Limited,85,283.5,24097.5,2025-07-07 12:15:10.070005
2025-07-07,50820,2025070704005518,AHPC,Online Securities Pvt. Ltd.,SUN SECURITIES PVT LTD,61,283.5,17293.5,2025-07-07 12:17:11.378123
2025-07-07,50711,2025070704005562,AHPC,Himalayan Securities Limited,Secured Securities Ltd.,10,284.0,2840.0,2025-07-07 12:17:42.619862
2025-07-07,50551,2025070704005603,AHPC,Sani Securities Company Ltd.,Secured Securities Ltd.,41,284.0,11644.0,2025-07-07 12:18:31.160388
2025-07-07,49690,2025070704005867,AHPC,Naasa Securities Co. Ltd.,Sri Hari Securities Pvt. Ltd.,110,284.9,31339.0,2025-07-07 12:22:03.976194
2025-07-07,49689,2025070704005868,AHPC,Naasa Securities Co. Ltd.,Vision Securities Pvt. Ltd,395,284.9,112535.5,2025-07-07 12:22:03.976798
2025-07-07,49009,2025070704006086,AHPC,Sani Securities Company Ltd.,Sewa Securities Pvt. Ltd.,29,284.1,8238.9,2025-07-07 12:24:54.726537
2025-07-07,48994,2025070704006089,AHPC,Sweta Securities Private Limited,Vision Securities Pvt. Ltd,195,284.9,55555.5,2025-07-07 12:24:57.292403
2025-07-07,48434,2025070704006198,AHPC,Sani Securities Company Ltd.,Ashutosh Brokerage & Securities (PVT) Ltd.,30,284.6,8538.0,2025-07-07 12:27:25.983489
2025-07-07,48335,2025070704006222,AHPC,Sani Securities Company Ltd.,Vision Securities Pvt. Ltd,10,284.9,2849.0,2025-07-07 12:27:54.245000
2025-07-07,48334,2025070704006223,AHPC,Sani Securities Company Ltd.,Naasa Securities Co. Ltd.,50,284.9,14245.0,2025-07-07 12:27:54.245622
2025-07-07,48333,2025070704006224,AHPC,Sani Securities Company Ltd.,Naasa Securities Co. Ltd.,50,284.9,14245.0,2025-07-07 12:27:54.246012
2025-07-07,48253,2025070704006254,AHPC,Deevyaa Securities & Stock House Pvt. Ltd,Ashutosh Brokerage & Securities (PVT) Ltd.,100,284.0,28400.0,2025-07-07 12:28:17.856644
2025-07-07,48068,2025070704006312,AHPC,Sani Securities Company Ltd.,Sani Securities Company Ltd.,55,284.0,15620.0,2025-07-07 12:29:03.904067
2025-07-07,48003,2025070704006322,AHPC,Nepal Investment And Securities Trading Private Limited,Trishakti Securities Public Limited,75,285.0,21375.0,2025-07-07 12:29:20.148495
2025-07-07,48002,2025070704006323,AHPC,Nepal Investment And Securities Trading Private Limited,Vision Securities Pvt. Ltd,425,285.0,121125.0,2025-07-07 12:29:20.148810
2025-07-07,47131,2025070704006605,AHPC,Sani Securities Company Ltd.,Sumeru Securities Pvt. Ltd.,1000,284.9,284900.0,2025-07-07 12:32:57.183795
2025-07-07,46932,2025070704006663,AHPC,Agrawal Securities (PVT) Ltd.,Sundhara Securities Limited,100,284.9,28490.0,2025-07-07 12:33:37.791127
2025-07-07,46505,2025070704006781,AHPC,J.F. Securites (PVT) Ltd.,Aryatara Investment & Securities,4,280.0,1120.0,2025-07-07 12:35:45.215937
2025-07-07,45938,2025070704006940,AHPC,Sani Securities Company Ltd.,Vision Securities Pvt. Ltd,11,285.0,3135.0,2025-07-07 12:38:35.023759
2025-07-07,45936,2025070704006942,AHPC,Sani Securities Company Ltd.,Online Securities Pvt. Ltd.,10,284.1,2841.0,2025-07-07 12:38:36.639950
2025-07-07,45935,2025070704006943,AHPC,Naasa Securities Co. Ltd.,Online Securities Pvt. Ltd.,31,284.0,8804.0,2025-07-07 12:38:36.640597
2025-07-07,45195,2025070704007151,AHPC,Naasa Securities Co. Ltd.,Sundhara Securities Limited,69,284.0,19596.0,2025-07-07 12:42:11.683371
2025-07-07,45194,2025070704007152,AHPC,Deevyaa Securities & Stock House Pvt. Ltd,Sundhara Securities Limited,26,284.0,7384.0,2025-07-07 12:42:11.683760
2025-07-07,45193,2025070704007153,AHPC,Market Securities & Exchange (PVT) Ltd.,Sundhara Securities Limited,70,284.0,19880.0,2025-07-07 12:42:11.683903
2025-07-07,44782,2025070704007267,AHPC,Online Securities Pvt. Ltd.,Midas Stock Broking Company Private Limited,25,284.0,7100.0,2025-07-07 12:43:53.919286
2025-07-07,44702,2025070704007291,AHPC,Online Securities Pvt. Ltd.,Nepal Stock House (PVT) Ltd.,100,284.0,28400.0,2025-07-07 12:44:19.930278
2025-07-07,44531,2025070704007337,AHPC,Naasa Securities Co. Ltd.,Himalayan Securities Limited,65,284.5,18492.5,2025-07-07 12:45:05.507012
2025-07-07,44066,2025070704007462,AHPC,Imperial Securities Company Pvt. Ltd.,Himalayan Securities Limited,135,284.5,38407.5,2025-07-07 12:47:01.564706
2025-07-07,44065,2025070704007463,AHPC,Imperial Securities Company Pvt. Ltd.,Secured Securities Ltd.,100,284.9,28490.0,2025-07-07 12:47:01.564806
2025-07-07,44064,2025070704007464,AHPC,Imperial Securities Company Pvt. Ltd.,Vision Securities Pvt. Ltd,45,285.0,12825.0,2025-07-07 12:47:01.564886
2025-07-07,43489,2025070704007638,AHPC,Naasa Securities Co. Ltd.,Vision Securities Pvt. Ltd,20,285.0,5700.0,2025-07-07 12:49:05.353022
2025-07-07,43453,2025070704007641,AHPC,Naasa Securities Co. Ltd.,Vision Securities Pvt. Ltd,10,285.0,2850.0,2025-07-07 12:49:14.589394
2025-07-07,42983,2025070704007767,AHPC,Online Securities Pvt. Ltd.,Sharepro Securities Private Limited,15,284.0,4260.0,2025-07-07 12:51:03.608651
2025-07-07,42982,2025070704007768,AHPC,Sweta Securities Private Limited,Sharepro Securities Private Limited,15,284.0,4260.0,2025-07-07 12:51:03.609067
2025-07-07,42912,2025070704007783,AHPC,Online Securities Pvt. Ltd.,Sharepro Securities Private Limited,54,283.5,15309.0,2025-07-07 12:51:14.653784
2025-07-07,42911,2025070704007784,AHPC,Vision Securities Pvt. Ltd,Sharepro Securities Private Limited,200,283.5,56700.0,2025-07-07 12:51:14.654122
2025-07-07,42910,2025070704007785,AHPC,Nepal Stock House (PVT) Ltd.,Sharepro Securities Private Limited,500,283.5,141750.0,2025-07-07 12:51:14.654264
2025-07-07,42909,2025070704007786,AHPC,Sewa Securities Pvt. Ltd.,Sharepro Securities Private Limited,100,283.4,28340.0,2025-07-07 12:51:14.654421
2025-07-07,42908,2025070704007787,AHPC,Investment Management Nepal Pvt. Ltd.,Sharepro Securities Private Limited,2000,283.3,566600.0,2025-07-07 12:51:14.654565
2025-07-07,42907,2025070704007788,AHPC,Hatemalo Financial Services Private Limited,Sharepro Securities Private Limited,1116,283.2,316051.2,2025-07-07 12:51:14.654708
2025-07-07,41389,2025070704008297,AHPC,Bhrikuti Stock Broking Co. Pvt. Ltd.,Online Securities Pvt. Ltd.,500,283.3,141650.0,2025-07-07 12:56:28.489040
2025-07-07,41037,2025070704008361,AHPC,Hatemalo Financial Services Private Limited,Online Securities Pvt. Ltd.,500,283.2,141600.0,2025-07-07 12:57:24.919185
2025-07-07,40955,2025070704008379,AHPC,Hatemalo Financial Services Private Limited,Agrawal Securities (PVT) Ltd.,384,283.2,108748.8,2025-07-07 12:57:48.106661
2025-07-07,39873,2025070704008699,AHPC,Trisul Securities & Invt. Ltd.,Agrawal Securities (PVT) Ltd.,16,283.2,4531.2,2025-07-07 13:00:58.722601
2025-07-07,39872,2025070704008700,AHPC,Trisul Securities & Invt. Ltd.,Dynamic Money Managers Securities Pvt. Ltd.,284,283.3,80457.2,2025-07-07 13:00:58.723333
2025-07-07,39615,2025070704008778,AHPC,Linch Stock Market Ltd.,Dynamic Money Managers Securities Pvt. Ltd.,10,283.3,2833.0,2025-07-07 13:01:45.647126
2025-07-07,39105,2025070704008921,AHPC,Midas Stock Broking Company Private Limited,Naasa Securities Co. Ltd.,500,283.5,141750.0,2025-07-07 13:03:15.611235
2025-07-07,39104,2025070704008922,AHPC,Nepal Stock House (PVT) Ltd.,Naasa Securities Co. Ltd.,100,283.1,28310.0,2025-07-07 13:03:15.611613
2025-07-07,39103,2025070704008923,AHPC,ABC Securities Private Limited,Naasa Securities Co. Ltd.,400,283.1,113240.0,2025-07-07 13:03:15.611776
2025-07-07,39102,2025070704008924,AHPC,Sundhara Securities Limited,Naasa Securities Co. Ltd.,500,283.1,141550.0,2025-07-07 13:03:15.611935
2025-07-07,39101,2025070704008925,AHPC,Linch Stock Market Ltd.,Naasa Securities Co. Ltd.,750,283.1,212325.0,2025-07-07 13:03:15.612092
2025-07-07,39100,2025070704008926,AHPC,Nepal Investment And Securities Trading Private Limited,Naasa Securities Co. Ltd.,100,283.0,28300.0,2025-07-07 13:03:15.612250
2025-07-07,39099,2025070704008927,AHPC,Sani Securities Company Ltd.,Naasa Securities Co. Ltd.,500,283.0,141500.0,2025-07-07 13:03:15.612455
2025-07-07,39098,2025070704008928,AHPC,Naasa Securities Co. Ltd.,Naasa Securities Co. Ltd.,5099,283.0,1443017.0,2025-07-07 13:03:15.612616
2025-07-07,39097,2025070704008929,AHPC,Malla & Malla Stock Broking Company Pvt. Limited,Naasa Securities Co. Ltd.,50,283.0,14150.0,2025-07-07 13:03:15.612773
2025-07-07,39096,2025070704008930,AHPC,Dipshikha Dhitopatra Karobar Co. Pvt Ltd.,Naasa Securities Co. Ltd.,100,283.0,28300.0,2025-07-07 13:03:15.612924
2025-07-07,39095,2025070704008931,AHPC,Naasa Securities Co. Ltd.,Naasa Securities Co. Ltd.,100,283.0,28300.0,2025-07-07 13:03:15.613122
2025-07-07,39094,2025070704008932,AHPC,Sumeru Securities Pvt. Ltd.,Naasa Securities Co. Ltd.,100,283.0,28300.0,2025-07-07 13:03:15.613277
2025-07-07,39093,2025070704008933,AHPC,Kohinoor Investment & Securities Pvt. Ltd.,Naasa Securities Co. Ltd.,430,283.0,121690.0,2025-07-07 13:03:15.613436
2025-07-07,39092,2025070704008934,AHPC,Oxford Securities Pvt. Ltd.,Naasa Securities Co. Ltd.,75,282.2,21165.0,2025-07-07 13:03:15.613592
2025-07-07,39091,2025070704008935,AHPC,Sundhara Securities Limited,Naasa Securities Co. Ltd.,155,282.1,43725.5,2025-07-07 13:03:15.613754
2025-07-07,39090,2025070704008936,AHPC,Midas Stock Broking Company Private Limited,Naasa Securities Co. Ltd.,76,282.0,21432.0,2025-07-07 13:03:15.613908
2025-07-07,39089,2025070704008937,AHPC,Agrawal Securities (PVT) Ltd.,Naasa Securities Co. Ltd.,180,282.0,50760.0,2025-07-07 13:03:15.614091
2025-07-07,39088,2025070704008938,AHPC,Sumeru Securities Pvt. Ltd.,Naasa Securities Co. Ltd.,1000,282.0,282000.0,2025-07-07 13:03:15.614247
2025-07-07,39087,2025070704008939,AHPC,Sundhara Securities Limited,Naasa Securities Co. Ltd.,93,282.0,26226.0,2025-07-07 13:03:15.614402
2025-07-07,39086,2025070704008940,AHPC,Shree Krishna Securities Ltd.,Naasa Securities Co. Ltd.,1000,282.0,282000.0,2025-07-07 13:03:15.614553
2025-07-07,39085,2025070704008941,AHPC,Naasa Securities Co. Ltd.,Naasa Securities Co. Ltd.,178,282.0,50196.0,2025-07-07 13:03:15.614704
2025-07-07,39084,2025070704008942,AHPC,Sweta Securities Private Limited,Naasa Securities Co. Ltd.,16,282.0,4512.0,2025-07-07 13:03:15.614854
2025-07-07,39083,2025070704008943,AHPC,Shree Krishna Securities Ltd.,Naasa Securities Co. Ltd.,1000,282.0,282000.0,2025-07-07 13:03:15.615004
2025-07-07,39082,2025070704008944,AHPC,Kohinoor Investment & Securities Pvt. Ltd.,Naasa Securities Co. Ltd.,10,282.0,2820.0,2025-07-07 13:03:15.615169
2025-07-07,39081,2025070704008945,AHPC,Bhrikuti Stock Broking Co. Pvt. Ltd.,Naasa Securities Co. Ltd.,200,282.0,56400.0,2025-07-07 13:03:15.615379
2025-07-07,39080,2025070704008946,AHPC,Nepal Stock House (PVT) Ltd.,Naasa Securities Co. Ltd.,20,282.0,5640.0,2025-07-07 13:03:15.615548
2025-07-07,39079,2025070704008947,AHPC,Kohinoor Investment & Securities Pvt. Ltd.,Naasa Securities Co. Ltd.,100,282.0,28200.0,2025-07-07 13:03:15.615717
2025-07-07,39078,2025070704008948,AHPC,Midas Stock Broking Company Private Limited,Naasa Securities Co. Ltd.,100,282.0,28200.0,2025-07-07 13:03:15.615889
2025-07-07,39077,2025070704008949,AHPC,Arun Securities (PVT) Ltd.,Naasa Securities Co. Ltd.,225,282.0,63450.0,2025-07-07 13:03:15.616049
2025-07-07,39076,2025070704008950,AHPC,Midas Stock Broking Company Private Limited,Naasa Securities Co. Ltd.,85,282.0,23970.0,2025-07-07 13:03:15.616221
2025-07-07,39075,2025070704008951,AHPC,Shree Krishna Securities Ltd.,Naasa Securities Co. Ltd.,1000,281.9,281900.0,2025-07-07 13:03:15.616390
2025-07-07,39074,2025070704008952,AHPC,Kumari Securities Private Limited,Naasa Securities Co. Ltd.,100,281.7,28170.0,2025-07-07 13:03:15.616545
2025-07-07,39073,2025070704008953,AHPC,Shree Krishna Securities Ltd.,Naasa Securities Co. Ltd.,2500,281.7,704250.0,2025-07-07 13:03:15.616712
2025-07-07,39072,2025070704008954,AHPC,Kalika Securities Pvt. Ltd.,Naasa Securities Co. Ltd.,709,281.7,199725.3,2025-07-07 13:03:15.616865
2025-07-07,39071,2025070704008955,AHPC,Stoxkarts Securities Limited,Naasa Securities Co. Ltd.,1000,281.5,281500.0,2025-07-07 13:03:15.617030
2025-07-07,39070,2025070704008956,AHPC,Ashutosh Brokerage & Securities (PVT) Ltd.,Naasa Securities Co. Ltd.,300,281.1,84330.0,2025-07-07 13:03:15.617197
2025-07-07,39069,2025070704008957,AHPC,Siprabi Securities Pvt. Ltd.,Naasa Securities Co. Ltd.,500,281.1,140550.0,2025-07-07 13:03:15.617367
2025-07-07,39068,2025070704008958,AHPC,Kohinoor Investment & Securities Pvt. Ltd.,Naasa Securities Co. Ltd.,50,281.0,14050.0,2025-07-07 13:03:15.617539
2025-07-07,39067,2025070704008959,AHPC,Capital Max Securities Ltd,Naasa Securities Co. Ltd.,1700,281.0,477700.0,2025-07-07 13:03:15.617699
2025-07-07,39066,2025070704008960,AHPC,Oxford Securities Pvt. Ltd.,Naasa Securities Co. Ltd.,100,281.0,28100.0,2025-07-07 13:03:15.617851
2025-07-07,39065,2025070704008961,AHPC,Kohinoor Investment & Securities Pvt. Ltd.,Naasa Securities Co. Ltd.,500,281.0,140500.0,2025-07-07 13:03:15.618002
2025-07-07,39064,2025070704008962,AHPC,Siprabi Securities Pvt. Ltd.,Naasa Securities Co. Ltd.,500,281.0,140500.0,2025-07-07 13:03:15.618159
2025-07-07,39063,2025070704008963,AHPC,Ashutosh Brokerage & Securities (PVT) Ltd.,Naasa Securities Co. Ltd.,250,281.0,70250.0,2025-07-07 13:03:15.618323
2025-07-07,39062,2025070704008964,AHPC,Asian Securities Private Ltd.,Naasa Securities Co. Ltd.,80,281.0,22480.0,2025-07-07 13:03:15.618476
2025-07-07,39061,2025070704008965,AHPC,Sri Hari Securities Pvt. Ltd.,Naasa Securities Co. Ltd.,500,281.0,140500.0,2025-07-07 13:03:15.618631
2025-07-07,39060,2025070704008966,AHPC,Linch Stock Market Ltd.,Naasa Securities Co. Ltd.,500,281.0,140500.0,2025-07-07 13:03:15.618780
2025-07-07,39059,2025070704008967,AHPC,Sani Securities Company Ltd.,Naasa Securities Co. Ltd.,500,281.0,140500.0,2025-07-07 13:03:15.618935
2025-07-07,39058,2025070704008968,AHPC,Bhrikuti Stock Broking Co. Pvt. Ltd.,Naasa Securities Co. Ltd.,969,281.0,272289.0,2025-07-07 13:03:15.619091
2025-07-07,38739,2025070704009076,AHPC,Bhrikuti Stock Broking Co. Pvt. Ltd.,Imperial Securities Company Pvt. Ltd.,31,281.0,8711.0,2025-07-07 13:04:11.852406
2025-07-07,38738,2025070704009077,AHPC,Bhrikuti Stock Broking Co. Pvt. Ltd.,Imperial Securities Company Pvt. Ltd.,700,281.0,196700.0,2025-07-07 13:04:11.852730
2025-07-07,38737,2025070704009078,AHPC,Thrive Brokerage House Pvt. Ltd,Imperial Securities Company Pvt. Ltd.,200,281.0,56200.0,2025-07-07 13:04:11.852875
2025-07-07,38555,2025070704009137,AHPC,Premier Securities Company Ltd.,Imperial Securities Company Pvt. Ltd.,69,281.0,19389.0,2025-07-07 13:04:46.014381
2025-07-07,37708,2025070704009400,AHPC,Sani Securities Company Ltd.,Linch Stock Market Ltd.,700,282.0,197400.0,2025-07-07 13:07:51.871017
2025-07-07,37506,2025070704009471,AHPC,Premier Securities Company Ltd.,Imperial Securities Company Pvt. Ltd.,131,281.0,36811.0,2025-07-07 13:08:35.661353
2025-07-07,37505,2025070704009472,AHPC,Premier Securities Company Ltd.,Imperial Securities Company Pvt. Ltd.,100,281.0,28100.0,2025-07-07 13:08:35.661833
2025-07-07,37504,2025070704009473,AHPC,Dipshikha Dhitopatra Karobar Co. Pvt Ltd.,Imperial Securities Company Pvt. Ltd.,10,281.0,2810.0,2025-07-07 13:08:35.662104
2025-07-07,36590,2025070704009810,AHPC,Arun Securities (PVT) Ltd.,Himalayan Securities Limited,10,281.0,2810.0,2025-07-07 13:11:12.853605
2025-07-07,35961,2025070704010017,AHPC,Deevyaa Securities & Stock House Pvt. Ltd,Kumari Securities Private Limited,50,283.0,14150.0,2025-07-07 13:13:24.101970
2025-07-07,35960,2025070704010018,AHPC,Deevyaa Securities & Stock House Pvt. Ltd,Secured Securities Ltd.,150,283.0,42450.0,2025-07-07 13:13:24.102335
2025-07-07,35764,2025070704010083,AHPC,Sani Securities Company Ltd.,Secured Securities Ltd.,100,283.0,28300.0,2025-07-07 13:14:18.055887
2025-07-07,35168,2025070704010213,AHPC,SUN SECURITIES PVT LTD,Kalika Securities Pvt. Ltd.,50,283.0,14150.0,2025-07-07 13:16:52.142055
2025-07-07,34862,2025070704010298,AHPC,SUN SECURITIES PVT LTD,SUN SECURITIES PVT LTD,20,283.0,5660.0,2025-07-07 13:17:54.339122
2025-07-07,34861,2025070704010299,AHPC,Primo Securities (PVT) Ltd.,SUN SECURITIES PVT LTD,200,282.0,56400.0,2025-07-07 13:17:54.339495
2025-07-07,34860,2025070704010300,AHPC,Dakshinkali Investment & Securities Pvt. Ltd.,SUN SECURITIES PVT LTD,130,281.3,36569.0,2025-07-07 13:17:54.339665
2025-07-07,34859,2025070704010301,AHPC,Kohinoor Investment & Securities Pvt. Ltd.,SUN SECURITIES PVT LTD,1000,281.2,281200.0,2025-07-07 13:17:54.339835
2025-07-07,34858,2025070704010302,AHPC,Nepal Investment And Securities Trading Private Limited,SUN SECURITIES PVT LTD,100,281.1,28110.0,2025-07-07 13:17:54.339995
2025-07-07,34857,2025070704010303,AHPC,Magnet Securities and Investment Company Private Limited,SUN SECURITIES PVT LTD,550,281.1,154605.0,2025-07-07 13:17:54.340152
2025-07-07,34310,2025070704010490,AHPC,Secured Securities Ltd.,Swarna Laxmi Securities Pvt. Ltd.,200,282.0,56400.0,2025-07-07 13:19:55.787631
2025-07-07,33634,2025070704010697,AHPC,Opal Securities Investment (PVT) Ltd.,Dipshikha Dhitopatra Karobar Co. Pvt Ltd.,16,281.2,4499.2,2025-07-07 13:22:21.507230
2025-07-07,33210,2025070704010889,AHPC,Online Securities Pvt. Ltd.,Naasa Securities Co. Ltd.,490,281.3,137837.0,2025-07-07 13:23:33.710087
2025-07-07,33079,2025070704010933,AHPC,Opal Securities Investment (PVT) Ltd.,Swarna Laxmi Securities Pvt. Ltd.,1301,282.0,366882.0,2025-07-07 13:24:06.292840
2025-07-07,33078,2025070704010934,AHPC,Opal Securities Investment (PVT) Ltd.,Dipshikha Dhitopatra Karobar Co. Pvt Ltd.,100,282.0,28200.0,2025-07-07 13:24:06.293265
2025-07-07,32782,2025070704010994,AHPC,Opal Securities Investment (PVT) Ltd.,Hatemalo Financial Services Private Limited,400,282.0,112800.0,2025-07-07 13:25:42.601968
2025-07-07,32729,2025070704011004,AHPC,Miyo Securities Pvt Ltd,Ashutosh Brokerage & Securities (PVT) Ltd.,4,276.4,1105.6,2025-07-07 13:25:59.523775
2025-07-07,32039,2025070704011203,AHPC,Opal Securities Investment (PVT) Ltd.,Midas Stock Broking Company Private Limited,10,282.0,2820.0,2025-07-07 13:28:16.698167
2025-07-07,31477,2025070704011391,AHPC,Opal Securities Investment (PVT) Ltd.,Midas Stock Broking Company Private Limited,173,282.0,48786.0,2025-07-07 13:31:07.409928
2025-07-07,31476,2025070704011392,AHPC,Naasa Securities Co. Ltd.,Midas Stock Broking Company Private Limited,100,282.0,28200.0,2025-07-07 13:31:07.409973
2025-07-07,31475,2025070704011393,AHPC,Aryatara Investment & Securities,Midas Stock Broking Company Private Limited,100,282.0,28200.0,2025-07-07 13:31:07.410000
2025-07-07,31474,2025070704011394,AHPC,Aryatara Investment & Securities,Midas Stock Broking Company Private Limited,100,282.0,28200.0,2025-07-07 13:31:07.410024
2025-07-07,31473,2025070704011395,AHPC,Imperial Securities Company Pvt. Ltd.,Midas Stock Broking Company Private Limited,50,282.0,14100.0,2025-07-07 13:31:07.410051
2025-07-07,31472,2025070704011396,AHPC,Capital Max Securities Ltd,Midas Stock Broking Company Private Limited,330,282.0,93060.0,2025-07-07 13:31:07.410075
2025-07-07,31471,2025070704011397,AHPC,Kohinoor Investment & Securities Pvt. Ltd.,Midas Stock Broking Company Private Limited,50,281.4,14070.0,2025-07-07 13:31:07.410100
2025-07-07,31470,2025070704011398,AHPC,Aryatara Investment & Securities,Midas Stock Broking Company Private Limited,97,281.4,27295.8,2025-07-07 13:31:07.410161
2025-07-07,30756,2025070704011700,AHPC,Deevyaa Securities & Stock House Pvt. Ltd,Vision Securities Pvt. Ltd,2500,283.0,707500.0,2025-07-07 13:34:21.556085
2025-07-07,30525,2025070704011780,AHPC,Kalika Securities Pvt. Ltd.,Bhrikuti Stock Broking Co. Pvt. Ltd.,500,282.1,141050.0,2025-07-07 13:35:34.741029
2025-07-07,30524,2025070704011781,AHPC,Vision Securities Pvt. Ltd,Bhrikuti Stock Broking Co. Pvt. Ltd.,100,282.0,28200.0,2025-07-07 13:35:34.741953
2025-07-07,30523,2025070704011782,AHPC,Aryatara Investment & Securities,Bhrikuti Stock Broking Co. Pvt. Ltd.,200,281.5,56300.0,2025-07-07 13:35:34.742558
2025-07-07,30522,2025070704011783,AHPC,Aryatara Investment & Securities,Bhrikuti Stock Broking Co. Pvt. Ltd.,103,281.4,28984.2,2025-07-07 13:35:34.743110
2025-07-07,30521,2025070704011784,AHPC,Opal Securities Investment (PVT) Ltd.,Bhrikuti Stock Broking Co. Pvt. Ltd.,10,281.4,2814.0,2025-07-07 13:35:34.743641
2025-07-07,30520,2025070704011785,AHPC,Linch Stock Market Ltd.,Bhrikuti Stock Broking Co. Pvt. Ltd.,87,281.4,24481.8,2025-07-07 13:35:34.744187
2025-07-07,30420,2025070704011810,AHPC,Naasa Securities Co. Ltd.,Vision Securities Pvt. Ltd,500,283.0,141500.0,2025-07-07 13:35:52.470088
2025-07-07,30178,2025070704011918,AHPC,Secured Securities Ltd.,Vision Securities Pvt. Ltd,50,283.0,14150.0,2025-07-07 13:37:00.681977
2025-07-07,29920,2025070704011980,AHPC,Cristal Kanchanjanga Securites Pvt. Ltd.,Vision Securities Pvt. Ltd,1950,283.0,551850.0,2025-07-07 13:38:06.379196
2025-07-07,29919,2025070704011981,AHPC,Cristal Kanchanjanga Securites Pvt. Ltd.,Aryatara Investment & Securities,103,283.0,29149.0,2025-07-07 13:38:06.380037
2025-07-07,29918,2025070704011982,AHPC,Cristal Kanchanjanga Securites Pvt. Ltd.,Naasa Securities Co. Ltd.,276,283.0,78108.0,2025-07-07 13:38:06.380612
2025-07-07,29917,2025070704011983,AHPC,Cristal Kanchanjanga Securites Pvt. Ltd.,Premier Securities Company Ltd.,171,283.0,48393.0,2025-07-07 13:38:06.381181
2025-07-07,29480,2025070704012093,AHPC,Sagarmatha Securities Private Limited,Premier Securities Company Ltd.,99,283.0,28017.0,2025-07-07 13:40:00.440955
2025-07-07,29479,2025070704012094,AHPC,Sagarmatha Securities Private Limited,NIMB Stock Markets Limited,501,283.0,141783.0,2025-07-07 13:40:00.440995
2025-07-07,29458,2025070704012101,AHPC,Sagarmatha Securities Private Limited,Naasa Securities Co. Ltd.,500,283.8,141900.0,2025-07-07 13:40:09.489922
2025-07-07,28528,2025070704012283,AHPC,Naasa Securities Co. Ltd.,Sewa Securities Pvt. Ltd.,169,282.1,47674.9,2025-07-07 13:43:36.055246
2025-07-07,28527,2025070704012284,AHPC,Nabil Stock Dealer Ltd.,Sewa Securities Pvt. Ltd.,20,282.0,5640.0,2025-07-07 13:43:36.055687
2025-07-07,28526,2025070704012285,AHPC,Malla & Malla Stock Broking Company Pvt. Limited,Sewa Securities Pvt. Ltd.,100,282.0,28200.0,2025-07-07 13:43:36.055906
2025-07-07,28525,2025070704012286,AHPC,Naasa Securities Co. Ltd.,Sewa Securities Pvt. Ltd.,200,282.0,56400.0,2025-07-07 13:43:36.056133
2025-07-07,28524,2025070704012287,AHPC,Thrive Brokerage House Pvt. Ltd,Sewa Securities Pvt. Ltd.,34,282.0,9588.0,2025-07-07 13:43:36.056328
2025-07-07,28504,2025070704012302,AHPC,Sewa Securities Pvt. Ltd.,Sewa Securities Pvt. Ltd.,100,282.0,28200.0,2025-07-07 13:43:43.113170
2025-07-07,28450,2025070704012337,AHPC,Linch Stock Market Ltd.,Sewa Securities Pvt. Ltd.,500,282.0,141000.0,2025-07-07 13:43:55.438790
2025-07-07,28314,2025070704012377,AHPC,Sundhara Securities Limited,Sewa Securities Pvt. Ltd.,27,282.0,7614.0,2025-07-07 13:44:27.607579
2025-07-07,28216,2025070704012404,AHPC,Sundhara Securities Limited,J.F. Securites (PVT) Ltd.,11,282.0,3102.0,2025-07-07 13:45:04.758514
2025-07-07,27924,2025070704012502,AHPC,Trishakti Securities Public Limited,Neev Securities Pvt. Ltd.,103,283.0,29149.0,2025-07-07 13:46:23.034220
2025-07-07,27923,2025070704012503,AHPC,Trishakti Securities Public Limited,Nagarik Stock Dealer ,1000,283.9,283900.0,2025-07-07 13:46:23.034288
2025-07-07,27922,2025070704012504,AHPC,Trishakti Securities Public Limited,Dipshikha Dhitopatra Karobar Co. Pvt Ltd.,397,284.0,112748.0,2025-07-07 13:46:23.034321
2025-07-07,27173,2025070704012765,AHPC,Sewa Securities Pvt. Ltd.,Kohinoor Investment & Securities Pvt. Ltd.,100,283.0,28300.0,2025-07-07 13:49:59.334299
2025-07-07,27172,2025070704012766,AHPC,Secured Securities Ltd.,Kohinoor Investment & Securities Pvt. Ltd.,100,283.0,28300.0,2025-07-07 13:49:59.335174
2025-07-07,26925,2025070704012819,AHPC,Secured Securities Ltd.,Imperial Securities Company Pvt. Ltd.,300,283.0,84900.0,2025-07-07 13:50:45.258155
2025-07-07,26322,2025070704012992,AHPC,Secured Securities Ltd.,Imperial Securities Company Pvt. Ltd.,200,283.0,56600.0,2025-07-07 13:53:02.512175
2025-07-07,26321,2025070704012993,AHPC,Secured Securities Ltd.,Kohinoor Investment & Securities Pvt. Ltd.,500,283.0,141500.0,2025-07-07 13:53:02.512629
2025-07-07,25919,2025070704013153,AHPC,Sweta Securities Private Limited,Dipshikha Dhitopatra Karobar Co. Pvt Ltd.,103,283.8,29231.4,2025-07-07 13:54:36.100400
2025-07-07,25918,2025070704013154,AHPC,Sweta Securities Private Limited,Premier Securities Company Ltd.,200,283.9,56780.0,2025-07-07 13:54:36.100447
2025-07-07,25917,2025070704013155,AHPC,Sweta Securities Private Limited,Nagarik Stock Dealer ,1000,283.9,283900.0,2025-07-07 13:54:36.100471
2025-07-07,25916,2025070704013156,AHPC,Sweta Securities Private Limited,Dipshikha Dhitopatra Karobar Co. Pvt Ltd.,603,284.0,171252.0,2025-07-07 13:54:36.100498
2025-07-07,25915,2025070704013157,AHPC,Sweta Securities Private Limited,Sharepro Securities Private Limited,94,284.0,26696.0,2025-07-07 13:54:36.100526
2025-07-07,25770,2025070704013211,AHPC,Naasa Securities Co. Ltd.,Sharepro Securities Private Limited,40,284.0,11360.0,2025-07-07 13:55:07.067829
2025-07-07,25733,2025070704013213,AHPC,Sani Securities Company Ltd.,Sharepro Securities Private Limited,500,284.0,142000.0,2025-07-07 13:55:16.563672
2025-07-07,25585,2025070704013280,AHPC,Secured Securities Ltd.,Sharepro Securities Private Limited,300,283.0,84900.0,2025-07-07 13:55:52.851863
2025-07-07,25584,2025070704013281,AHPC,Sani Securities Company Ltd.,Sharepro Securities Private Limited,500,283.0,141500.0,2025-07-07 13:55:52.851964
2025-07-07,25583,2025070704013282,AHPC,Trisul Securities & Invt. Ltd.,Sharepro Securities Private Limited,1700,283.0,481100.0,2025-07-07 13:55:52.852074
2025-07-07,25359,2025070704013340,AHPC,Linch Stock Market Ltd.,Sharepro Securities Private Limited,13,284.0,3692.0,2025-07-07 13:56:49.659087
2025-07-07,25342,2025070704013347,AHPC,Machhapuchchhre Securities Limited,Asian Securities Private Ltd.,10,284.0,2840.0,2025-07-07 13:56:53.963251
2025-07-07,24577,2025070704013551,AHPC,Naasa Securities Co. Ltd.,Cristal Kanchanjanga Securites Pvt. Ltd.,90,283.0,25470.0,2025-07-07 13:59:20.734791
2025-07-07,24414,2025070704013580,AHPC,Premier Securities Company Ltd.,Primo Securities (PVT) Ltd.,1000,282.5,282500.0,2025-07-07 14:00:00.932224
2025-07-07,24103,2025070704013705,AHPC,Naasa Securities Co. Ltd.,Imperial Securities Company Pvt. Ltd.,10,282.5,2825.0,2025-07-07 14:01:33.217297
2025-07-07,24102,2025070704013706,AHPC,Sagarmatha Securities Private Limited,Imperial Securities Company Pvt. Ltd.,990,282.3,279477.0,2025-07-07 14:01:33.218192
2025-07-07,23977,2025070704013736,AHPC,Aryatara Investment & Securities,Vision Securities Pvt. Ltd,70,283.0,19810.0,2025-07-07 14:02:04.677113
2025-07-07,23654,2025070704013846,AHPC,Sani Securities Company Ltd.,Deevyaa Securities & Stock House Pvt. Ltd,220,283.7,62414.0,2025-07-07 14:03:42.483485
2025-07-07,23506,2025070704013883,AHPC,Dipshikha Dhitopatra Karobar Co. Pvt Ltd.,Deevyaa Securities & Stock House Pvt. Ltd,780,283.7,221286.0,2025-07-07 14:04:22.937576
2025-07-07,23502,2025070704013885,AHPC,Dipshikha Dhitopatra Karobar Co. Pvt Ltd.,Nepal Stock House (PVT) Ltd.,220,283.7,62414.0,2025-07-07 14:04:24.553303
2025-07-07,23501,2025070704013886,AHPC,Vision Securities Pvt. Ltd,Nepal Stock House (PVT) Ltd.,880,283.0,249040.0,2025-07-07 14:04:24.553765
2025-07-07,23368,2025070704013930,AHPC,Vision Securities Pvt. Ltd,Nepal Stock House (PVT) Ltd.,120,283.0,33960.0,2025-07-07 14:05:01.306189
2025-07-07,23367,2025070704013931,AHPC,Dipshikha Dhitopatra Karobar Co. Pvt Ltd.,Nepal Stock House (PVT) Ltd.,100,283.0,28300.0,2025-07-07 14:05:01.306670
2025-07-07,23366,2025070704013932,AHPC,Vision Securities Pvt. Ltd,Nepal Stock House (PVT) Ltd.,1000,283.0,283000.0,2025-07-07 14:05:01.306915
2025-07-07,23070,2025070704014027,AHPC,Cristal Kanchanjanga Securites Pvt. Ltd.,Cristal Kanchanjanga Securites Pvt. Ltd.,100,282.4,28240.0,2025-07-07 14:06:26.916513
2025-07-07,23069,2025070704014028,AHPC,Cristal Kanchanjanga Securites Pvt. Ltd.,Cristal Kanchanjanga Securites Pvt. Ltd.,100,282.4,28240.0,2025-07-07 14:06:26.916970
2025-07-07,22961,2025070704014055,AHPC,Machhapuchchhre Securities Limited,Naasa Securities Co. Ltd.,10,283.7,2837.0,2025-07-07 14:07:01.456044
2025-07-07,22469,2025070704014209,AHPC,Miyo Securities Pvt Ltd,Creative Securities Pvt Ltd,350,283.1,99085.0,2025-07-07 14:09:23.976402
2025-07-07,22440,2025070704014218,AHPC,Miyo Securities Pvt Ltd,Sharepro Securities Private Limited,130,283.1,36803.0,2025-07-07 14:09:32.668869
2025-07-07,22284,2025070704014245,AHPC,Machhapuchchhre Securities Limited,Naasa Securities Co. Ltd.,10,283.7,2837.0,2025-07-07 14:10:22.964768
2025-07-07,21595,2025070704014431,AHPC,Sweta Securities Private Limited,Shree Krishna Securities Ltd.,205,283.5,58117.5,2025-07-07 14:13:59.210008
2025-07-07,21594,2025070704014432,AHPC,Sweta Securities Private Limited,Sunrise Securities Limited,95,283.5,26932.5,2025-07-07 14:13:59.210095
2025-07-07,21516,2025070704014454,AHPC,Miyo Securities Pvt Ltd,Vision Securities Pvt. Ltd,20,283.1,5662.0,2025-07-07 14:14:19.506697
2025-07-07,21515,2025070704014455,AHPC,Arun Securities (PVT) Ltd.,Vision Securities Pvt. Ltd,10,283.0,2830.0,2025-07-07 14:14:19.507178
2025-07-07,21514,2025070704014456,AHPC,Sagarmatha Securities Private Limited,Vision Securities Pvt. Ltd,10,282.3,2823.0,2025-07-07 14:14:19.507394
2025-07-07,21513,2025070704014457,AHPC,Naasa Securities Co. Ltd.,Vision Securities Pvt. Ltd,206,282.3,58153.8,2025-07-07 14:14:19.507595
2025-07-07,21512,2025070704014458,AHPC,Sani Securities Company Ltd.,Vision Securities Pvt. Ltd,254,282.3,71704.2,2025-07-07 14:14:19.507812
2025-07-07,21110,2025070704014568,AHPC,Sweta Securities Private Limited,Nepal Stock House (PVT) Ltd.,330,283.5,93555.0,2025-07-07 14:15:56.191814
2025-07-07,21109,2025070704014569,AHPC,Sweta Securities Private Limited,Naasa Securities Co. Ltd.,1010,283.6,286436.0,2025-07-07 14:15:56.191856
2025-07-07,21074,2025070704014590,AHPC,Sweta Securities Private Limited,Naasa Securities Co. Ltd.,290,283.6,82244.0,2025-07-07 14:16:07.255437
2025-07-07,21073,2025070704014591,AHPC,Sweta Securities Private Limited,Siprabi Securities Pvt. Ltd.,40,283.6,11344.0,2025-07-07 14:16:07.255494
2025-07-07,20926,2025070704014658,AHPC,Sewa Securities Pvt. Ltd.,J.F. Securites (PVT) Ltd.,240,283.0,67920.0,2025-07-07 14:17:00.794735
2025-07-07,20925,2025070704014659,AHPC,Trishakti Securities Public Limited,J.F. Securites (PVT) Ltd.,24,283.0,6792.0,2025-07-07 14:17:00.795219
2025-07-07,20863,2025070704014681,AHPC,Sweta Securities Private Limited,Naasa Securities Co. Ltd.,21,283.7,5957.7,2025-07-07 14:17:20.779603
2025-07-07,20862,2025070704014682,AHPC,Sweta Securities Private Limited,Nepal Stock House (PVT) Ltd.,270,283.7,76599.0,2025-07-07 14:17:20.779717
2025-07-07,20861,2025070704014683,AHPC,Sweta Securities Private Limited,Kohinoor Investment & Securities Pvt. Ltd.,1109,283.7,314623.3,2025-07-07 14:17:20.779790
2025-07-07,20551,2025070704014810,AHPC,Sagarmatha Securities Private Limited,Kohinoor Investment & Securities Pvt. Ltd.,890,283.7,252493.0,2025-07-07 14:18:36.806835
2025-07-07,20406,2025070704014860,AHPC,Creative Securities Pvt Ltd,Naasa Securities Co. Ltd.,10,283.7,2837.0,2025-07-07 14:19:17.156960
2025-07-07,19945,2025070704015064,AHPC,Creative Securities Pvt Ltd,Property Wiard Limited,10,283.7,2837.0,2025-07-07 14:20:46.744420
2025-07-07,19944,2025070704015065,AHPC,Trishakti Securities Public Limited,Property Wiard Limited,51,283.0,14433.0,2025-07-07 14:20:46.744840
2025-07-07,19943,2025070704015066,AHPC,Asian Securities Private Ltd.,Property Wiard Limited,200,283.0,56600.0,2025-07-07 14:20:46.745099
2025-07-07,19942,2025070704015067,AHPC,Imperial Securities Company Pvt. Ltd.,Property Wiard Limited,632,282.4,178476.8,2025-07-07 14:20:46.745299
2025-07-07,18953,2025070704015424,AHPC,Sweta Securities Private Limited,Kohinoor Investment & Securities Pvt. Ltd.,50,283.7,14185.0,2025-07-07 14:23:37.077972
2025-07-07,18097,2025070704015753,AHPC,Online Securities Pvt. Ltd.,Sani Securities Company Ltd.,1510,282.7,426877.0,2025-07-07 14:25:53.370483
2025-07-07,18096,2025070704015754,AHPC,Naasa Securities Co. Ltd.,Sani Securities Company Ltd.,1000,282.6,282600.0,2025-07-07 14:25:53.371396
2025-07-07,18095,2025070704015755,AHPC,Secured Securities Ltd.,Sani Securities Company Ltd.,100,282.5,28250.0,2025-07-07 14:25:53.372061
2025-07-07,18094,2025070704015756,AHPC,Imperial Securities Company Pvt. Ltd.,Sani Securities Company Ltd.,368,282.4,103923.2,2025-07-07 14:25:53.372740
2025-07-07,18093,2025070704015757,AHPC,South Asian Bulls Pvt. Ltd.,Sani Securities Company Ltd.,100,282.4,28240.0,2025-07-07 14:25:53.373566
2025-07-07,18092,2025070704015758,AHPC,Asian Securities Private Ltd.,Sani Securities Company Ltd.,300,282.4,84720.0,2025-07-07 14:25:53.374483
2025-07-07,18091,2025070704015759,AHPC,Sani Securities Company Ltd.,Sani Securities Company Ltd.,1146,282.3,323515.8,2025-07-07 14:25:53.375025
2025-07-07,18090,2025070704015760,AHPC,Vision Securities Pvt. Ltd,Sani Securities Company Ltd.,400,282.3,112920.0,2025-07-07 14:25:53.375263
2025-07-07,18089,2025070704015761,AHPC,Imperial Securities Company Pvt. Ltd.,Sani Securities Company Ltd.,300,282.2,84660.0,2025-07-07 14:25:53.375506
2025-07-07,18088,2025070704015762,AHPC,Swarna Laxmi Securities Pvt. Ltd.,Sani Securities Company Ltd.,252,282.1,71089.2,2025-07-07 14:25:53.375748
2025-07-07,18087,2025070704015763,AHPC,Oxford Securities Pvt. Ltd.,Sani Securities Company Ltd.,200,282.1,56420.0,2025-07-07 14:25:53.375971
2025-07-07,18086,2025070704015764,AHPC,Magnet Securities and Investment Company Private Limited,Sani Securities Company Ltd.,2450,282.1,691145.0,2025-07-07 14:25:53.376292
2025-07-07,18085,2025070704015765,AHPC,Sundhara Securities Limited,Sani Securities Company Ltd.,962,282.0,271284.0,2025-07-07 14:25:53.376604
2025-07-07,18084,2025070704015766,AHPC,Money World Share Exchange PVT Ltd,Sani Securities Company Ltd.,50,282.0,14100.0,2025-07-07 14:25:53.376871
2025-07-07,18083,2025070704015767,AHPC,Oxford Securities Pvt. Ltd.,Sani Securities Company Ltd.,350,282.0,98700.0,2025-07-07 14:25:53.377115
2025-07-07,18082,2025070704015768,AHPC,Sani Securities Company Ltd.,Sani Securities Company Ltd.,350,282.0,98700.0,2025-07-07 14:25:53.377332
2025-07-07,18081,2025070704015769,AHPC,Sewa Securities Pvt. Ltd.,Sani Securities Company Ltd.,200,282.0,56400.0,2025-07-07 14:25:53.377536
2025-07-07,18080,2025070704015770,AHPC,Nepal Stock House (PVT) Ltd.,Sani Securities Company Ltd.,100,282.0,28200.0,2025-07-07 14:25:53.377727
2025-07-07,18079,2025070704015771,AHPC,Capital Max Securities Ltd,Sani Securities Company Ltd.,1700,282.0,479400.0,2025-07-07 14:25:53.377930
2025-07-07,18078,2025070704015772,AHPC,Imperial Securities Company Pvt. Ltd.,Sani Securities Company Ltd.,50,282.0,14100.0,2025-07-07 14:25:53.378131
2025-07-07,18077,2025070704015773,AHPC,ABC Securities Private Limited,Sani Securities Company Ltd.,112,282.0,31584.0,2025-07-07 14:25:53.378329
2025-07-07,18007,2025070704015799,AHPC,ABC Securities Private Limited,Deevyaa Securities & Stock House Pvt. Ltd,350,282.0,98700.0,2025-07-07 14:26:00.760151
2025-07-07,17944,2025070704015818,AHPC,ABC Securities Private Limited,Deevyaa Securities & Stock House Pvt. Ltd,200,282.0,56400.0,2025-07-07 14:26:09.807295
2025-07-07,17908,2025070704015830,AHPC,ABC Securities Private Limited,Deevyaa Securities & Stock House Pvt. Ltd,150,282.0,42300.0,2025-07-07 14:26:20.851770
2025-07-07,17724,2025070704015880,AHPC,ABC Securities Private Limited,Neev Securities Pvt. Ltd.,1500,282.0,423000.0,2025-07-07 14:26:53.402574
2025-07-07,17667,2025070704015884,AHPC,ABC Securities Private Limited,Neev Securities Pvt. Ltd.,1188,282.0,335016.0,2025-07-07 14:26:59.461812
2025-07-07,17666,2025070704015885,AHPC,Kohinoor Investment & Securities Pvt. Ltd.,Neev Securities Pvt. Ltd.,312,282.0,87984.0,2025-07-07 14:26:59.462230
2025-07-07,17487,2025070704015977,AHPC,Kohinoor Investment & Securities Pvt. Ltd.,Neev Securities Pvt. Ltd.,188,282.0,53016.0,2025-07-07 14:27:26.638770
2025-07-07,17486,2025070704015978,AHPC,Shree Krishna Securities Ltd.,Neev Securities Pvt. Ltd.,1000,282.0,282000.0,2025-07-07 14:27:26.639238
2025-07-07,17485,2025070704015979,AHPC,Naasa Securities Co. Ltd.,Neev Securities Pvt. Ltd.,35,282.0,9870.0,2025-07-07 14:27:26.639455
2025-07-07,17484,2025070704015980,AHPC,Kalika Securities Pvt. Ltd.,Neev Securities Pvt. Ltd.,350,282.0,98700.0,2025-07-07 14:27:26.639654
2025-07-07,17483,2025070704015981,AHPC,Sani Securities Company Ltd.,Neev Securities Pvt. Ltd.,525,282.0,148050.0,2025-07-07 14:27:26.639849
2025-07-07,17482,2025070704015982,AHPC,Imperial Securities Company Pvt. Ltd.,Neev Securities Pvt. Ltd.,100,282.0,28200.0,2025-07-07 14:27:26.640051
2025-07-07,17481,2025070704015983,AHPC,Aryatara Investment & Securities,Neev Securities Pvt. Ltd.,990,282.0,279180.0,2025-07-07 14:27:26.640248
2025-07-07,17436,2025070704015999,AHPC,Secured Securities Ltd.,Neev Securities Pvt. Ltd.,60,282.0,16920.0,2025-07-07 14:27:33.160074
2025-07-07,17311,2025070704016051,AHPC,Kohinoor Investment & Securities Pvt. Ltd.,Kalika Securities Pvt. Ltd.,200,281.8,56360.0,2025-07-07 14:27:46.840998
2025-07-07,16978,2025070704016148,AHPC,Sagarmatha Securities Private Limited,Kalika Securities Pvt. Ltd.,400,281.8,112720.0,2025-07-07 14:28:44.770953
2025-07-07,16977,2025070704016149,AHPC,Sagarmatha Securities Private Limited,Neev Securities Pvt. Ltd.,600,282.0,169200.0,2025-07-07 14:28:44.771059
2025-07-07,16595,2025070704016287,AHPC,Kumari Securities Private Limited,Neev Securities Pvt. Ltd.,152,282.0,42864.0,2025-07-07 14:29:49.909577
2025-07-07,16228,2025070704016431,AHPC,Sweta Securities Private Limited,Midas Stock Broking Company Private Limited,110,282.0,31020.0,2025-07-07 14:30:40.101907
2025-07-07,15778,2025070704016623,AHPC,Sagarmatha Securities Private Limited,Deevyaa Securities & Stock House Pvt. Ltd,1000,282.0,282000.0,2025-07-07 14:31:44.767245
2025-07-07,15210,2025070704016823,AHPC,South Asian Bulls Pvt. Ltd.,Citizens Share Broker Limited,10,281.6,2816.0,2025-07-07 14:33:11.108353
2025-07-07,15115,2025070704016856,AHPC,Sani Securities Company Ltd.,Miyo Securities Pvt Ltd,502,282.0,141564.0,2025-07-07 14:33:24.652184
2025-07-07,15114,2025070704016857,AHPC,Sani Securities Company Ltd.,Cristal Kanchanjanga Securites Pvt. Ltd.,498,282.0,140436.0,2025-07-07 14:33:24.653053
2025-07-07,14853,2025070704016952,AHPC,South Asian Bulls Pvt. Ltd.,Trishakti Securities Public Limited,140,281.6,39424.0,2025-07-07 14:33:55.016704
2025-07-07,14852,2025070704016953,AHPC,Capital Max Securities Ltd,Trishakti Securities Public Limited,360,281.5,101340.0,2025-07-07 14:33:55.016774
2025-07-07,14520,2025070704017063,AHPC,Asian Securities Private Ltd.,Cristal Kanchanjanga Securites Pvt. Ltd.,1002,282.0,282564.0,2025-07-07 14:34:41.877849
2025-07-07,14519,2025070704017064,AHPC,Asian Securities Private Ltd.,Cristal Kanchanjanga Securites Pvt. Ltd.,498,282.0,140436.0,2025-07-07 14:34:41.877972
2025-07-07,14503,2025070704017076,AHPC,Online Securities Pvt. Ltd.,Cristal Kanchanjanga Securites Pvt. Ltd.,50,282.0,14100.0,2025-07-07 14:34:44.045343
2025-07-07,14405,2025070704017121,AHPC,Asian Securities Private Ltd.,Cristal Kanchanjanga Securites Pvt. Ltd.,850,282.0,239700.0,2025-07-07 14:34:58.975118
2025-07-07,13786,2025070704017319,AHPC,Siprabi Securities Pvt. Ltd.,Nepal Investment And Securities Trading Private Limited,20,282.0,5640.0,2025-07-07 14:36:08.372782
2025-07-07,13785,2025070704017320,AHPC,Siprabi Securities Pvt. Ltd.,Aakashbhairab Securities Ltd.,50,282.5,14125.0,2025-07-07 14:36:08.373697
2025-07-07,13567,2025070704017387,AHPC,Sagarmatha Securities Private Limited,Aakashbhairab Securities Ltd.,250,282.5,70625.0,2025-07-07 14:36:42.236477
2025-07-07,13566,2025070704017388,AHPC,Sagarmatha Securities Private Limited,Nepal Investment And Securities Trading Private Limited,400,282.9,113160.0,2025-07-07 14:36:42.236526
2025-07-07,13565,2025070704017389,AHPC,Sagarmatha Securities Private Limited,Asian Securities Private Ltd.,105,283.0,29715.0,2025-07-07 14:36:42.236554
2025-07-07,13564,2025070704017390,AHPC,Sagarmatha Securities Private Limited,Vision Securities Pvt. Ltd,245,283.0,69335.0,2025-07-07 14:36:42.236582
2025-07-07,13185,2025070704017548,AHPC,Asian Securities Private Ltd.,Naasa Securities Co. Ltd.,600,282.9,169740.0,2025-07-07 14:37:45.194853
2025-07-07,13184,2025070704017549,AHPC,Asian Securities Private Ltd.,Vision Securities Pvt. Ltd,100,283.0,28300.0,2025-07-07 14:37:45.194950
2025-07-07,12768,2025070704017700,AHPC,Sagarmatha Securities Private Limited,Machhapuchchhre Securities Limited,100,282.8,28280.0,2025-07-07 14:38:46.874798
2025-07-07,12767,2025070704017701,AHPC,Sagarmatha Securities Private Limited,Naasa Securities Co. Ltd.,1500,282.9,424350.0,2025-07-07 14:38:46.874842
2025-07-07,12766,2025070704017702,AHPC,Sagarmatha Securities Private Limited,Vision Securities Pvt. Ltd,400,283.0,113200.0,2025-07-07 14:38:46.874867
2025-07-07,12433,2025070704017803,AHPC,Vision Securities Pvt. Ltd,Asian Securities Private Ltd.,50,282.0,14100.0,2025-07-07 14:39:28.702881
2025-07-07,12265,2025070704017860,AHPC,Investment Management Nepal Pvt. Ltd.,Asian Securities Private Ltd.,950,282.0,267900.0,2025-07-07 14:39:49.325176
2025-07-07,12198,2025070704017883,AHPC,Sagarmatha Securities Private Limited,Sani Securities Company Ltd.,10,282.0,2820.0,2025-07-07 14:40:00.175130
2025-07-07,11965,2025070704017970,AHPC,Sweta Securities Private Limited,Sani Securities Company Ltd.,990,282.0,279180.0,2025-07-07 14:40:33.548619
2025-07-07,11964,2025070704017971,AHPC,Sweta Securities Private Limited,INDEX SECURITIES LIMITED,10,282.0,2820.0,2025-07-07 14:40:33.549045
2025-07-07,11877,2025070704018002,AHPC,South Asian Bulls Pvt. Ltd.,Cristal Kanchanjanga Securites Pvt. Ltd.,10,281.7,2817.0,2025-07-07 14:40:45.742730
2025-07-07,11781,2025070704018032,AHPC,South Asian Bulls Pvt. Ltd.,Imperial Securities Company Pvt. Ltd.,90,281.7,25353.0,2025-07-07 14:41:01.662306
2025-07-07,11780,2025070704018033,AHPC,Dakshinkali Investment & Securities Pvt. Ltd.,Imperial Securities Company Pvt. Ltd.,300,281.6,84480.0,2025-07-07 14:41:01.662825
2025-07-07,11779,2025070704018034,AHPC,Cristal Kanchanjanga Securites Pvt. Ltd.,Imperial Securities Company Pvt. Ltd.,10,281.6,2816.0,2025-07-07 14:41:01.663036
2025-07-07,11487,2025070704018097,AHPC,Online Securities Pvt. Ltd.,INDEX SECURITIES LIMITED,40,282.0,11280.0,2025-07-07 14:41:26.106139
2025-07-07,10823,2025070704018255,AHPC,Sagarmatha Securities Private Limited,Naasa Securities Co. Ltd.,1500,282.7,424050.0,2025-07-07 14:42:57.170821
2025-07-07,10822,2025070704018256,AHPC,Sagarmatha Securities Private Limited,Sani Securities Company Ltd.,1100,282.8,311080.0,2025-07-07 14:42:57.170924
2025-07-07,10821,2025070704018257,AHPC,Sagarmatha Securities Private Limited,Naasa Securities Co. Ltd.,400,282.8,113120.0,2025-07-07 14:42:57.171003
2025-07-07,10359,2025070704018402,AHPC,Naasa Securities Co. Ltd.,Elite Stock House Limited,10,282.0,2820.0,2025-07-07 14:44:02.183071
2025-07-07,10358,2025070704018403,AHPC,Premier Securities Company Ltd.,Elite Stock House Limited,200,281.7,56340.0,2025-07-07 14:44:02.183536
2025-07-07,10357,2025070704018404,AHPC,Nabil Stock Dealer Ltd.,Elite Stock House Limited,50,281.7,14085.0,2025-07-07 14:44:02.183749
2025-07-07,10356,2025070704018405,AHPC,Trisul Securities & Invt. Ltd.,Elite Stock House Limited,110,281.7,30987.0,2025-07-07 14:44:02.183953
2025-07-07,10355,2025070704018406,AHPC,Cristal Kanchanjanga Securites Pvt. Ltd.,Elite Stock House Limited,90,281.6,25344.0,2025-07-07 14:44:02.184150
2025-07-07,10354,2025070704018407,AHPC,Nepal Stock House (PVT) Ltd.,Elite Stock House Limited,40,281.6,11264.0,2025-07-07 14:44:02.184366
2025-07-07,10340,2025070704018418,AHPC,Sweta Securities Private Limited,Naasa Securities Co. Ltd.,1100,282.8,311080.0,2025-07-07 14:44:03.888743
2025-07-07,10339,2025070704018419,AHPC,Sweta Securities Private Limited,Dipshikha Dhitopatra Karobar Co. Pvt Ltd.,600,282.8,169680.0,2025-07-07 14:44:03.888788
2025-07-07,10338,2025070704018420,AHPC,Sweta Securities Private Limited,Naasa Securities Co. Ltd.,300,282.9,84870.0,2025-07-07 14:44:03.888816
2025-07-07,10004,2025070704018501,AHPC,Dipshikha Dhitopatra Karobar Co. Pvt Ltd.,KALASH STOCK MARKET PVT. LTD.,10,281.7,2817.0,2025-07-07 14:44:45.891646
2025-07-07,10003,2025070704018502,AHPC,Investment Management Nepal Pvt. Ltd.,KALASH STOCK MARKET PVT. LTD.,550,281.6,154880.0,2025-07-07 14:44:45.892560
2025-07-07,10002,2025070704018503,AHPC,Sri Hari Securities Pvt. Ltd.,KALASH STOCK MARKET PVT. LTD.,100,281.6,28160.0,2025-07-07 14:44:45.893185
2025-07-07,10001,2025070704018504,AHPC,Investment Management Nepal Pvt. Ltd.,KALASH STOCK MARKET PVT. LTD.,340,281.6,95744.0,2025-07-07 14:44:45.893790
2025-07-07,9747,2025070704018561,AHPC,Asian Securities Private Ltd.,Naasa Securities Co. Ltd.,1200,282.9,339480.0,2025-07-07 14:45:17.470430
2025-07-07,9074,2025070704018788,AHPC,Imperial Securities Company Pvt. Ltd.,SUN SECURITIES PVT LTD,20,281.7,5634.0,2025-07-07 14:46:56.125678
2025-07-07,9073,2025070704018789,AHPC,Investment Management Nepal Pvt. Ltd.,SUN SECURITIES PVT LTD,160,281.6,45056.0,2025-07-07 14:46:56.125738
2025-07-07,9072,2025070704018790,AHPC,Siprabi Securities Pvt. Ltd.,SUN SECURITIES PVT LTD,1000,281.6,281600.0,2025-07-07 14:46:56.125765
2025-07-07,9071,2025070704018791,AHPC,Capital Max Securities Ltd,SUN SECURITIES PVT LTD,820,281.5,230830.0,2025-07-07 14:46:56.125794
2025-07-07,8890,2025070704018847,AHPC,Sagarmatha Securities Private Limited,Vision Securities Pvt. Ltd,2500,283.0,707500.0,2025-07-07 14:47:23.475324
2025-07-07,8577,2025070704018966,AHPC,Sagarmatha Securities Private Limited,Vision Securities Pvt. Ltd,400,283.0,113200.0,2025-07-07 14:48:11.754668
2025-07-07,8142,2025070704019135,AHPC,Online Securities Pvt. Ltd.,Vision Securities Pvt. Ltd,350,283.0,99050.0,2025-07-07 14:49:11.843349
2025-07-07,8069,2025070704019158,AHPC,Sagarmatha Securities Private Limited,Vision Securities Pvt. Ltd,90,283.0,25470.0,2025-07-07 14:49:22.182882
2025-07-07,7442,2025070704019374,AHPC,Cristal Kanchanjanga Securites Pvt. Ltd.,Vision Securities Pvt. Ltd,200,283.0,56600.0,2025-07-07 14:50:30.632347
2025-07-07,7373,2025070704019392,AHPC,Agrawal Securities (PVT) Ltd.,Neev Securities Pvt. Ltd.,200,282.0,56400.0,2025-07-07 14:50:40.733458
2025-07-07,7372,2025070704019393,AHPC,S.P.S.A. Securities Limited,Neev Securities Pvt. Ltd.,100,282.0,28200.0,2025-07-07 14:50:40.733920
2025-07-07,6181,2025070704019737,AHPC,Infinity Securities Limited,Vision Securities Pvt. Ltd,320,283.0,90560.0,2025-07-07 14:52:43.551375
2025-07-07,6089,2025070704019769,AHPC,Imperial Securities Company Pvt. Ltd.,Sweta Securities Private Limited,163,282.1,45982.3,2025-07-07 14:52:50.730257
2025-07-07,5913,2025070704019801,AHPC,Naasa Securities Co. Ltd.,Vision Securities Pvt. Ltd,100,283.0,28300.0,2025-07-07 14:53:05.393623
2025-07-07,5757,2025070704019858,AHPC,Asian Securities Private Ltd.,Vision Securities Pvt. Ltd,100,283.0,28300.0,2025-07-07 14:53:19.916136
2025-07-07,5162,2025070704020102,AHPC,Asian Securities Private Ltd.,Imperial Securities Company Pvt. Ltd.,50,282.9,14145.0,2025-07-07 14:54:27.347812
2025-07-07,5161,2025070704020103,AHPC,Asian Securities Private Ltd.,Vision Securities Pvt. Ltd,195,283.0,55185.0,2025-07-07 14:54:27.348252
2025-07-07,5160,2025070704020104,AHPC,Asian Securities Private Ltd.,South Asian Bulls Pvt. Ltd.,25,283.0,7075.0,2025-07-07 14:54:27.348555
2025-07-07,5159,2025070704020105,AHPC,Asian Securities Private Ltd.,Sani Securities Company Ltd.,50,283.0,14150.0,2025-07-07 14:54:27.348796
2025-07-07,5158,2025070704020106,AHPC,Asian Securities Private Ltd.,South Asian Bulls Pvt. Ltd.,650,283.0,183950.0,2025-07-07 14:54:27.349005
2025-07-07,5157,2025070704020107,AHPC,Asian Securities Private Ltd.,Imperial Securities Company Pvt. Ltd.,240,283.0,67920.0,2025-07-07 14:54:27.349212
2025-07-07,5156,2025070704020108,AHPC,Asian Securities Private Ltd.,ABC Securities Private Limited,40,283.0,11320.0,2025-07-07 14:54:27.349427
2025-07-07,5155,2025070704020109,AHPC,Asian Securities Private Ltd.,Sani Securities Company Ltd.,1750,283.0,495250.0,2025-07-07 14:54:27.349632
2025-07-07,5154,2025070704020110,AHPC,Asian Securities Private Ltd.,Sani Securities Company Ltd.,370,283.0,104710.0,2025-07-07 14:54:27.349836
2025-07-07,4836,2025070704020233,AHPC,Online Securities Pvt. Ltd.,Nepal Stock House (PVT) Ltd.,600,283.5,170100.0,2025-07-07 14:55:01.675971
2025-07-07,4835,2025070704020234,AHPC,Online Securities Pvt. Ltd.,Kohinoor Investment & Securities Pvt. Ltd.,51,283.7,14468.7,2025-07-07 14:55:01.676090
2025-07-07,4834,2025070704020235,AHPC,Online Securities Pvt. Ltd.,Sharepro Securities Private Limited,349,284.0,99116.0,2025-07-07 14:55:01.676174
2025-07-07,4704,2025070704020287,AHPC,Asian Securities Private Ltd.,Sharepro Securities Private Limited,260,284.0,73840.0,2025-07-07 14:55:10.716181
2025-07-07,4703,2025070704020288,AHPC,Asian Securities Private Ltd.,Linch Stock Market Ltd.,1000,284.0,284000.0,2025-07-07 14:55:10.716694
2025-07-07,4702,2025070704020289,AHPC,Asian Securities Private Ltd.,Kumari Securities Private Limited,200,284.0,56800.0,2025-07-07 14:55:10.716966
2025-07-07,4701,2025070704020290,AHPC,Asian Securities Private Ltd.,Midas Stock Broking Company Private Limited,100,284.0,28400.0,2025-07-07 14:55:10.717210
2025-07-07,4700,2025070704020291,AHPC,Asian Securities Private Ltd.,Sundhara Securities Limited,200,284.0,56800.0,2025-07-07 14:55:10.717482
2025-07-07,4699,2025070704020292,AHPC,Asian Securities Private Ltd.,Aryatara Investment & Securities,15,284.0,4260.0,2025-07-07 14:55:10.717726
2025-07-07,4697,2025070704020293,AHPC,Asian Securities Private Ltd.,South Asian Bulls Pvt. Ltd.,50,284.0,14200.0,2025-07-07 14:55:10.825782
2025-07-07,4675,2025070704020304,AHPC,Online Securities Pvt. Ltd.,Naasa Securities Co. Ltd.,269,284.6,76557.4,2025-07-07 14:55:13.789810
2025-07-07,4674,2025070704020305,AHPC,Online Securities Pvt. Ltd.,Dipshikha Dhitopatra Karobar Co. Pvt Ltd.,10,284.7,2847.0,2025-07-07 14:55:13.789914
2025-07-07,4673,2025070704020306,AHPC,Online Securities Pvt. Ltd.,Vision Securities Pvt. Ltd,400,284.8,113920.0,2025-07-07 14:55:13.789988
2025-07-07,4672,2025070704020307,AHPC,Online Securities Pvt. Ltd.,Sumeru Securities Pvt. Ltd.,200,284.9,56980.0,2025-07-07 14:55:13.790060
2025-07-07,4671,2025070704020308,AHPC,Online Securities Pvt. Ltd.,Vision Securities Pvt. Ltd,121,285.0,34485.0,2025-07-07 14:55:13.790129
2025-07-07,3889,2025070704020599,AHPC,Agrawal Securities (PVT) Ltd.,Stoxkarts Securities Limited,1000,284.0,284000.0,2025-07-07 14:56:20.771671
2025-07-07,3396,2025070704020801,AHPC,Sweta Securities Private Limited,Linch Stock Market Ltd.,50,283.0,14150.0,2025-07-07 14:57:13.713394
2025-07-07,3395,2025070704020802,AHPC,Asian Securities Private Ltd.,Linch Stock Market Ltd.,950,283.0,268850.0,2025-07-07 14:57:13.714279
2025-07-07,3249,2025070704020834,AHPC,South Asian Bulls Pvt. Ltd.,Midas Stock Broking Company Private Limited,500,284.0,142000.0,2025-07-07 14:57:26.163147
2025-07-07,3239,2025070704020841,AHPC,Sundhara Securities Limited,Midas Stock Broking Company Private Limited,500,284.0,142000.0,2025-07-07 14:57:27.759785
2025-07-07,3201,2025070704020856,AHPC,Sundhara Securities Limited,SUN SECURITIES PVT LTD,500,284.0,142000.0,2025-07-07 14:57:30.689451
2025-07-07,3001,2025070704020917,AHPC,Asian Securities Private Ltd.,NIMB Stock Markets Limited,100,283.0,28300.0,2025-07-07 14:57:45.401227
2025-07-07,2780,2025070704020994,AHPC,Asian Securities Private Ltd.,Aryatara Investment & Securities,350,283.0,99050.0,2025-07-07 14:57:59.432493
2025-07-07,2476,2025070704021117,AHPC,Sweta Securities Private Limited,SUN SECURITIES PVT LTD,100,283.1,28310.0,2025-07-07 14:58:19.861469
2025-07-07,2475,2025070704021118,AHPC,Asian Securities Private Ltd.,SUN SECURITIES PVT LTD,290,283.0,82070.0,2025-07-07 14:58:19.862356
2025-07-07,1933,2025070704021348,AHPC,Asian Securities Private Ltd.,Imperial Securities Company Pvt. Ltd.,30,283.0,8490.0,2025-07-07 14:58:48.508663
2025-07-07,1707,2025070704021423,AHPC,Sundhara Securities Limited,Stoxkarts Securities Limited,500,283.1,141550.0,2025-07-07 14:59:04.081447
2025-07-07,1706,2025070704021424,AHPC,Oxford Securities Pvt. Ltd.,Stoxkarts Securities Limited,17,283.1,4812.7,2025-07-07 14:59:04.081910
2025-07-07,1705,2025070704021425,AHPC,Imperial Securities Company Pvt. Ltd.,Stoxkarts Securities Limited,483,283.1,136737.3,2025-07-07 14:59:04.082220
2025-07-07,1513,2025070704021475,AHPC,Asian Securities Private Ltd.,Sani Securities Company Ltd.,1640,284.0,465760.0,2025-07-07 14:59:13.581506
2025-07-07,1512,2025070704021476,AHPC,Asian Securities Private Ltd.,Online Securities Pvt. Ltd.,20,284.0,5680.0,2025-07-07 14:59:13.581896
2025-07-07,1511,2025070704021477,AHPC,Asian Securities Private Ltd.,Stoxkarts Securities Limited,1000,284.8,284800.0,2025-07-07 14:59:13.582098
2025-07-07,1510,2025070704021478,AHPC,Asian Securities Private Ltd.,Sharepro Securities Private Limited,425,284.9,121082.5,2025-07-07 14:59:13.582291
2025-07-07,472,2025070704021886,AHPC,Cristal Kanchanjanga Securites Pvt. Ltd.,Cristal Kanchanjanga Securites Pvt. Ltd.,210,284.0,59640.0,2025-07-07 14:59:45.828441
2025-07-07,56,2025070704022053,AHPC,Sri Hari Securities Pvt. Ltd.,Sani Securities Company Ltd.,100,284.0,28400.0,2025-07-07 14:59:58.137254
2025-07-07,55,2025070704022054,AHPC,Imperial Securities Company Pvt. Ltd.,Sani Securities Company Ltd.,17,283.1,4812.7,2025-07-07 14:59:58.137666
2025-07-07,54,2025070704022055,AHPC,Sharepro Securities Private Limited,Sani Securities Company Ltd.,83,283.1,23497.3,2025-07-07 14:59:58.137865
