Date,S.N.,contract_id,symbol,buyer_broker,seller_broker,volume,price,amount,transaction_time
2025-07-07,70509,2025070704000191,CHL,Linch Stock Market Ltd.,Dipshikha Dhitopatra Karobar Co. Pvt Ltd.,10,335.8,3358.0,2025-07-07 11:04:12.345503
2025-07-07,70464,2025070704000199,CHL,Naasa Securities Co. Ltd.,Capital Max Securities Ltd,10,331.0,3310.0,2025-07-07 11:04:21.557559
2025-07-07,69960,2025070704000335,CHL,Secured Securities Ltd.,Dipshikha Dhitopatra Karobar Co. Pvt Ltd.,10,335.8,3358.0,2025-07-07 11:06:52.715205
2025-07-07,69765,2025070704000367,CHL,Secured Securities Ltd.,Deevyaa Securities & Stock House Pvt. Ltd,250,335.9,83975.0,2025-07-07 11:07:36.077732
2025-07-07,69594,2025070704000415,CHL,Secured Securities Ltd.,Himalayan Brokerage Company Limited,250,335.9,83975.0,2025-07-07 11:08:21.422517
2025-07-07,67980,2025070704000827,CHL,Secured Securities Ltd.,Oxford Securities Pvt. Ltd.,22,333.9,7345.8,2025-07-07 11:14:40.901496
2025-07-07,67071,2025070704001081,CHL,Kohinoor Investment & Securities Pvt. Ltd.,Naasa Securities Co. Ltd.,10,332.0,3320.0,2025-07-07 11:18:20.933690
2025-07-07,66771,2025070704001210,CHL,Sri Hari Securities Pvt. Ltd.,Nepal Investment And Securities Trading Private Limited,10,333.9,3339.0,2025-07-07 11:19:15.215371
2025-07-07,65695,2025070704001573,CHL,Naasa Securities Co. Ltd.,Nepal Investment And Securities Trading Private Limited,10,333.4,3334.0,2025-07-07 11:22:56.861715
2025-07-07,65084,2025070704001717,CHL,Aryatara Investment & Securities,Nepal Investment And Securities Trading Private Limited,330,333.2,109956.0,2025-07-07 11:24:56.362797
2025-07-07,65083,2025070704001718,CHL,Aryatara Investment & Securities,Linch Stock Market Ltd.,500,333.3,166650.0,2025-07-07 11:24:56.362881
2025-07-07,65082,2025070704001719,CHL,Aryatara Investment & Securities,Pragyan Securities (PVT) Ltd.,170,333.5,56695.0,2025-07-07 11:24:56.362922
2025-07-07,64520,2025070704001862,CHL,Indira securities pvt. ltd,Nabil Stock Dealer Ltd.,100,333.2,33320.0,2025-07-07 11:27:09.449790
2025-07-07,64519,2025070704001863,CHL,Naasa Securities Co. Ltd.,Nabil Stock Dealer Ltd.,200,333.0,66600.0,2025-07-07 11:27:09.449880
2025-07-07,64407,2025070704001895,CHL,Aryatara Investment & Securities,Nabil Stock Dealer Ltd.,100,332.0,33200.0,2025-07-07 11:27:29.523995
2025-07-07,64406,2025070704001896,CHL,Aryatara Investment & Securities,Nabil Stock Dealer Ltd.,500,331.2,165600.0,2025-07-07 11:27:29.524174
2025-07-07,64405,2025070704001897,CHL,Aryatara Investment & Securities,Nabil Stock Dealer Ltd.,500,331.2,165600.0,2025-07-07 11:27:29.524281
2025-07-07,64082,2025070704001984,CHL,Imperial Securities Company Pvt. Ltd.,Imperial Securities Company Pvt. Ltd.,100,330.1,33010.0,2025-07-07 11:28:30.994000
2025-07-07,64081,2025070704001985,CHL,Aryatara Investment & Securities,Imperial Securities Company Pvt. Ltd.,400,330.1,132040.0,2025-07-07 11:28:30.994186
2025-07-07,63983,2025070704002013,CHL,Aryatara Investment & Securities,Siprabi Securities Pvt. Ltd.,12,330.1,3961.2,2025-07-07 11:28:48.990259
2025-07-07,63964,2025070704002025,CHL,Aryatara Investment & Securities,Nabil Stock Dealer Ltd.,88,330.1,29048.8,2025-07-07 11:28:54.755592
2025-07-07,63963,2025070704002026,CHL,Trishakti Securities Public Limited,Nabil Stock Dealer Ltd.,500,330.0,165000.0,2025-07-07 11:28:54.755678
2025-07-07,63962,2025070704002027,CHL,Naasa Securities Co. Ltd.,Nabil Stock Dealer Ltd.,25,330.0,8250.0,2025-07-07 11:28:54.755768
2025-07-07,63961,2025070704002028,CHL,Malla & Malla Stock Broking Company Pvt. Limited,Nabil Stock Dealer Ltd.,287,330.0,94710.0,2025-07-07 11:28:54.755817
2025-07-07,63929,2025070704002038,CHL,Malla & Malla Stock Broking Company Pvt. Limited,Nabil Stock Dealer Ltd.,139,330.0,45870.0,2025-07-07 11:28:59.772363
2025-07-07,63909,2025070704002044,CHL,Malla & Malla Stock Broking Company Pvt. Limited,Midas Stock Broking Company Private Limited,100,330.0,33000.0,2025-07-07 11:29:06.129786
2025-07-07,63400,2025070704002183,CHL,Aryatara Investment & Securities,Nepal Investment And Securities Trading Private Limited,1000,333.0,333000.0,2025-07-07 11:31:07.257127
2025-07-07,63399,2025070704002184,CHL,Aryatara Investment & Securities,Imperial Securities Company Pvt. Ltd.,500,333.0,166500.0,2025-07-07 11:31:07.257260
2025-07-07,62148,2025070704002542,CHL,ABC Securities Private Limited,Vision Securities Pvt. Ltd,65,333.0,21645.0,2025-07-07 11:35:59.506591
2025-07-07,60691,2025070704002926,CHL,Sweta Securities Private Limited,ABC Securities Private Limited,50,332.0,16600.0,2025-07-07 11:41:17.712505
2025-07-07,60690,2025070704002927,CHL,Sweta Securities Private Limited,Dynamic Money Managers Securities Pvt. Ltd.,35,332.0,11620.0,2025-07-07 11:41:17.712610
2025-07-07,60689,2025070704002928,CHL,Sweta Securities Private Limited,Vision Securities Pvt. Ltd,85,333.0,28305.0,2025-07-07 11:41:17.712654
2025-07-07,60688,2025070704002929,CHL,Sweta Securities Private Limited,Online Securities Pvt. Ltd.,130,333.0,43290.0,2025-07-07 11:41:17.712695
2025-07-07,60137,2025070704003075,CHL,Aryatara Investment & Securities,Online Securities Pvt. Ltd.,10,333.0,3330.0,2025-07-07 11:43:15.213947
2025-07-07,59767,2025070704003147,CHL,Vision Securities Pvt. Ltd,Pragyan Securities (PVT) Ltd.,30,333.5,10005.0,2025-07-07 11:44:33.927773
2025-07-07,59407,2025070704003244,CHL,Secured Securities Ltd.,Oxford Securities Pvt. Ltd.,100,333.9,33390.0,2025-07-07 11:46:06.717090
2025-07-07,58851,2025070704003395,CHL,Shree Krishna Securities Ltd.,Pragyan Securities (PVT) Ltd.,50,334.0,16700.0,2025-07-07 11:47:53.432059
2025-07-07,58655,2025070704003443,CHL,Bhrikuti Stock Broking Co. Pvt. Ltd.,Pragyan Securities (PVT) Ltd.,50,334.0,16700.0,2025-07-07 11:48:37.018838
2025-07-07,58654,2025070704003444,CHL,Bhrikuti Stock Broking Co. Pvt. Ltd.,Oxford Securities Pvt. Ltd.,38,334.9,12726.2,2025-07-07 11:48:37.019073
2025-07-07,58653,2025070704003445,CHL,Bhrikuti Stock Broking Co. Pvt. Ltd.,Bhrikuti Stock Broking Co. Pvt. Ltd.,30,335.0,10050.0,2025-07-07 11:48:37.019200
2025-07-07,58652,2025070704003446,CHL,Bhrikuti Stock Broking Co. Pvt. Ltd.,Linch Stock Market Ltd.,382,336.0,128352.0,2025-07-07 11:48:37.019338
2025-07-07,58153,2025070704003582,CHL,BHOLE GANESH SECURITIES LTD,Linch Stock Market Ltd.,10,336.0,3360.0,2025-07-07 11:50:34.874894
2025-07-07,56016,2025070704004170,CHL,Bhrikuti Stock Broking Co. Pvt. Ltd.,Sani Securities Company Ltd.,34,335.0,11390.0,2025-07-07 11:58:03.383038
2025-07-07,56015,2025070704004171,CHL,Bhrikuti Stock Broking Co. Pvt. Ltd.,Sani Securities Company Ltd.,96,335.9,32246.4,2025-07-07 11:58:03.383223
2025-07-07,55378,2025070704004308,CHL,Nepal Investment And Securities Trading Private Limited,Linch Stock Market Ltd.,108,336.0,36288.0,2025-07-07 12:00:33.686807
2025-07-07,55377,2025070704004309,CHL,Nepal Investment And Securities Trading Private Limited,Online Securities Pvt. Ltd.,10,336.0,3360.0,2025-07-07 12:00:33.686916
2025-07-07,55376,2025070704004310,CHL,Nepal Investment And Securities Trading Private Limited,J.F. Securites (PVT) Ltd.,197,336.0,66192.0,2025-07-07 12:00:33.686966
2025-07-07,55283,2025070704004338,CHL,Naasa Securities Co. Ltd.,J.F. Securites (PVT) Ltd.,53,336.0,17808.0,2025-07-07 12:00:54.095017
2025-07-07,55282,2025070704004339,CHL,Naasa Securities Co. Ltd.,ABC Securities Private Limited,37,336.0,12432.0,2025-07-07 12:00:54.095162
2025-07-07,54915,2025070704004408,CHL,Nepal Stock House (PVT) Ltd.,Imperial Securities Company Pvt. Ltd.,59,334.0,19706.0,2025-07-07 12:02:28.749814
2025-07-07,54914,2025070704004409,CHL,Bhrikuti Stock Broking Co. Pvt. Ltd.,Imperial Securities Company Pvt. Ltd.,241,334.0,80494.0,2025-07-07 12:02:28.750031
2025-07-07,53415,2025070704004837,CHL,Naasa Securities Co. Ltd.,Kohinoor Investment & Securities Pvt. Ltd.,10,334.1,3341.0,2025-07-07 12:08:13.174387
2025-07-07,53232,2025070704004868,CHL,Online Securities Pvt. Ltd.,ABC Securities Private Limited,30,336.0,10080.0,2025-07-07 12:08:44.604607
2025-07-07,51894,2025070704005238,CHL,Creative Securities Pvt Ltd,ABC Securities Private Limited,18,336.0,6048.0,2025-07-07 12:13:20.149575
2025-07-07,51893,2025070704005239,CHL,Creative Securities Pvt Ltd,Trishakti Securities Public Limited,482,336.0,161952.0,2025-07-07 12:13:20.149785
2025-07-07,51096,2025070704005442,CHL,Secured Securities Ltd.,Opal Securities Investment (PVT) Ltd.,15,335.0,5025.0,2025-07-07 12:16:07.842457
2025-07-07,51095,2025070704005443,CHL,Secured Securities Ltd.,Trishakti Securities Public Limited,18,336.0,6048.0,2025-07-07 12:16:07.842617
2025-07-07,51094,2025070704005444,CHL,Secured Securities Ltd.,Asian Securities Private Ltd.,10,337.0,3370.0,2025-07-07 12:16:07.842678
2025-07-07,50716,2025070704005559,CHL,Imperial Securities Company Pvt. Ltd.,Linch Stock Market Ltd.,200,337.4,67480.0,2025-07-07 12:17:41.411540
2025-07-07,50603,2025070704005587,CHL,Bhrikuti Stock Broking Co. Pvt. Ltd.,Imperial Securities Company Pvt. Ltd.,50,334.0,16700.0,2025-07-07 12:18:09.624939
2025-07-07,47627,2025070704006452,CHL,Kohinoor Investment & Securities Pvt. Ltd.,Cristal Kanchanjanga Securites Pvt. Ltd.,10,337.0,3370.0,2025-07-07 12:30:56.603067
2025-07-07,46141,2025070704006890,CHL,Kalika Securities Pvt. Ltd.,Dipshikha Dhitopatra Karobar Co. Pvt Ltd.,10,336.9,3369.0,2025-07-07 12:37:30.810865
2025-07-07,46140,2025070704006891,CHL,Kalika Securities Pvt. Ltd.,ABC Securities Private Limited,50,336.9,16845.0,2025-07-07 12:37:30.811103
2025-07-07,46139,2025070704006892,CHL,Kalika Securities Pvt. Ltd.,Cristal Kanchanjanga Securites Pvt. Ltd.,20,337.0,6740.0,2025-07-07 12:37:30.811235
2025-07-07,43273,2025070704007685,CHL,Midas Stock Broking Company Private Limited,Kohinoor Investment & Securities Pvt. Ltd.,30,335.1,10053.0,2025-07-07 12:50:04.504988
2025-07-07,43272,2025070704007686,CHL,Naasa Securities Co. Ltd.,Kohinoor Investment & Securities Pvt. Ltd.,60,335.0,20100.0,2025-07-07 12:50:04.505110
2025-07-07,43271,2025070704007687,CHL,Aryatara Investment & Securities,Kohinoor Investment & Securities Pvt. Ltd.,10,335.0,3350.0,2025-07-07 12:50:04.505160
2025-07-07,43270,2025070704007688,CHL,Dipshikha Dhitopatra Karobar Co. Pvt Ltd.,Kohinoor Investment & Securities Pvt. Ltd.,100,335.0,33500.0,2025-07-07 12:50:04.505234
2025-07-07,43269,2025070704007689,CHL,ABC Securities Private Limited,Kohinoor Investment & Securities Pvt. Ltd.,1000,335.0,335000.0,2025-07-07 12:50:04.505297
2025-07-07,43085,2025070704007740,CHL,Vision Securities Pvt. Ltd,Premier Securities Company Ltd.,21,334.2,7018.2,2025-07-07 12:50:44.098180
2025-07-07,42895,2025070704007794,CHL,Sani Securities Company Ltd.,Online Securities Pvt. Ltd.,500,336.9,168450.0,2025-07-07 12:51:20.373470
2025-07-07,42894,2025070704007795,CHL,Sani Securities Company Ltd.,Cristal Kanchanjanga Securites Pvt. Ltd.,410,337.0,138170.0,2025-07-07 12:51:20.373702
2025-07-07,40452,2025070704008561,CHL,Secured Securities Ltd.,Agrawal Securities (PVT) Ltd.,30,334.3,10029.0,2025-07-07 12:59:12.798470
2025-07-07,40090,2025070704008652,CHL,Secured Securities Ltd.,Dipshikha Dhitopatra Karobar Co. Pvt Ltd.,20,334.3,6686.0,2025-07-07 13:00:20.784356
2025-07-07,40089,2025070704008653,CHL,Vision Securities Pvt. Ltd,Dipshikha Dhitopatra Karobar Co. Pvt Ltd.,39,334.2,13033.8,2025-07-07 13:00:20.784475
2025-07-07,40088,2025070704008654,CHL,Imperial Securities Company Pvt. Ltd.,Dipshikha Dhitopatra Karobar Co. Pvt Ltd.,500,334.2,167100.0,2025-07-07 13:00:20.784527
2025-07-07,40087,2025070704008655,CHL,Secured Securities Ltd.,Dipshikha Dhitopatra Karobar Co. Pvt Ltd.,10,334.1,3341.0,2025-07-07 13:00:20.784577
2025-07-07,40086,2025070704008656,CHL,Secured Securities Ltd.,Dipshikha Dhitopatra Karobar Co. Pvt Ltd.,10,334.1,3341.0,2025-07-07 13:00:20.784639
2025-07-07,40085,2025070704008657,CHL,Secured Securities Ltd.,Dipshikha Dhitopatra Karobar Co. Pvt Ltd.,10,334.1,3341.0,2025-07-07 13:00:20.784684
2025-07-07,40084,2025070704008658,CHL,Aryatara Investment & Securities,Dipshikha Dhitopatra Karobar Co. Pvt Ltd.,100,334.1,33410.0,2025-07-07 13:00:20.784732
2025-07-07,40083,2025070704008659,CHL,Bhrikuti Stock Broking Co. Pvt. Ltd.,Dipshikha Dhitopatra Karobar Co. Pvt Ltd.,209,334.0,69806.0,2025-07-07 13:00:20.784778
2025-07-07,40082,2025070704008660,CHL,Sani Securities Company Ltd.,Dipshikha Dhitopatra Karobar Co. Pvt Ltd.,65,334.0,21710.0,2025-07-07 13:00:20.784825
2025-07-07,39955,2025070704008683,CHL,Online Securities Pvt. Ltd.,Dipshikha Dhitopatra Karobar Co. Pvt Ltd.,130,334.0,43420.0,2025-07-07 13:00:44.575879
2025-07-07,39723,2025070704008740,CHL,Shree Krishna Securities Ltd.,Dipshikha Dhitopatra Karobar Co. Pvt Ltd.,100,333.1,33310.0,2025-07-07 13:01:26.295652
2025-07-07,39722,2025070704008741,CHL,Online Securities Pvt. Ltd.,Dipshikha Dhitopatra Karobar Co. Pvt Ltd.,100,333.1,33310.0,2025-07-07 13:01:26.295872
2025-07-07,39721,2025070704008742,CHL,Linch Stock Market Ltd.,Dipshikha Dhitopatra Karobar Co. Pvt Ltd.,60,333.0,19980.0,2025-07-07 13:01:26.296015
2025-07-07,39720,2025070704008743,CHL,Secured Securities Ltd.,Dipshikha Dhitopatra Karobar Co. Pvt Ltd.,105,333.0,34965.0,2025-07-07 13:01:26.296152
2025-07-07,39719,2025070704008744,CHL,Naasa Securities Co. Ltd.,Dipshikha Dhitopatra Karobar Co. Pvt Ltd.,500,333.0,166500.0,2025-07-07 13:01:26.296293
2025-07-07,39625,2025070704008775,CHL,Secured Securities Ltd.,Dipshikha Dhitopatra Karobar Co. Pvt Ltd.,42,333.0,13986.0,2025-07-07 13:01:42.642473
2025-07-07,38201,2025070704009249,CHL,Secured Securities Ltd.,Opal Securities Investment (PVT) Ltd.,14,333.2,4664.8,2025-07-07 13:06:10.379929
2025-07-07,36886,2025070704009653,CHL,Secured Securities Ltd.,Citizens Share Broker Limited,40,332.6,13304.0,2025-07-07 13:10:18.933774
2025-07-07,36059,2025070704009991,CHL,Secured Securities Ltd.,Malla & Malla Stock Broking Company Pvt. Limited,100,332.6,33260.0,2025-07-07 13:13:01.612345
2025-07-07,35180,2025070704010205,CHL,Secured Securities Ltd.,Naasa Securities Co. Ltd.,20,332.6,6652.0,2025-07-07 13:16:50.808572
2025-07-07,35179,2025070704010206,CHL,Linch Stock Market Ltd.,Naasa Securities Co. Ltd.,25,332.5,8312.5,2025-07-07 13:16:50.808705
2025-07-07,35095,2025070704010223,CHL,Linch Stock Market Ltd.,Trishakti Securities Public Limited,75,332.5,24937.5,2025-07-07 13:17:10.326543
2025-07-07,35094,2025070704010224,CHL,KALASH STOCK MARKET PVT. LTD.,Trishakti Securities Public Limited,500,332.5,166250.0,2025-07-07 13:17:10.326694
2025-07-07,35043,2025070704010244,CHL,Vision Securities Pvt. Ltd,Nagarik Stock Dealer ,10,333.9,3339.0,2025-07-07 13:17:22.050291
2025-07-07,32432,2025070704011089,CHL,Secured Securities Ltd.,South Asian Bulls Pvt. Ltd.,100,332.1,33210.0,2025-07-07 13:26:55.258288
2025-07-07,32431,2025070704011090,CHL,Secured Securities Ltd.,South Asian Bulls Pvt. Ltd.,204,332.1,67748.4,2025-07-07 13:26:55.258446
2025-07-07,32430,2025070704011091,CHL,Oxford Securities Pvt. Ltd.,South Asian Bulls Pvt. Ltd.,86,332.1,28560.6,2025-07-07 13:26:55.258521
2025-07-07,32005,2025070704011214,CHL,Capital Max Securities Ltd,Sundhara Securities Limited,20,332.5,6650.0,2025-07-07 13:28:25.580880
2025-07-07,31937,2025070704011236,CHL,Capital Max Securities Ltd,Nagarik Stock Dealer ,40,332.5,13300.0,2025-07-07 13:28:38.668830
2025-07-07,31836,2025070704011278,CHL,Secured Securities Ltd.,Nagarik Stock Dealer ,10,332.1,3321.0,2025-07-07 13:29:03.734557
2025-07-07,28799,2025070704012230,CHL,ABC Securities Private Limited,Premier Securities Company Ltd.,50,332.2,16610.0,2025-07-07 13:42:29.790440
2025-07-07,28142,2025070704012423,CHL,ABC Securities Private Limited,Shree Krishna Securities Ltd.,50,332.2,16610.0,2025-07-07 13:45:23.695468
2025-07-07,28141,2025070704012424,CHL,Dipshikha Dhitopatra Karobar Co. Pvt Ltd.,Shree Krishna Securities Ltd.,300,332.2,99660.0,2025-07-07 13:45:23.695633
2025-07-07,28140,2025070704012425,CHL,Secured Securities Ltd.,Shree Krishna Securities Ltd.,90,332.1,29889.0,2025-07-07 13:45:23.695703
2025-07-07,28139,2025070704012426,CHL,Secured Securities Ltd.,Shree Krishna Securities Ltd.,17,332.1,5645.7,2025-07-07 13:45:23.695759
2025-07-07,28138,2025070704012427,CHL,Oxford Securities Pvt. Ltd.,Shree Krishna Securities Ltd.,200,332.0,66400.0,2025-07-07 13:45:23.695814
2025-07-07,28137,2025070704012428,CHL,Naasa Securities Co. Ltd.,Shree Krishna Securities Ltd.,500,332.0,166000.0,2025-07-07 13:45:23.695867
2025-07-07,28136,2025070704012429,CHL,Sani Securities Company Ltd.,Shree Krishna Securities Ltd.,500,332.0,166000.0,2025-07-07 13:45:23.695916
2025-07-07,28135,2025070704012430,CHL,Kumari Securities Private Limited,Shree Krishna Securities Ltd.,50,332.0,16600.0,2025-07-07 13:45:23.695965
2025-07-07,28134,2025070704012431,CHL,Siprabi Securities Pvt. Ltd.,Shree Krishna Securities Ltd.,50,332.0,16600.0,2025-07-07 13:45:23.696011
2025-07-07,28133,2025070704012432,CHL,Agrawal Securities (PVT) Ltd.,Shree Krishna Securities Ltd.,150,332.0,49800.0,2025-07-07 13:45:23.696061
2025-07-07,28132,2025070704012433,CHL,Dipshikha Dhitopatra Karobar Co. Pvt Ltd.,Shree Krishna Securities Ltd.,300,331.1,99330.0,2025-07-07 13:45:23.696121
2025-07-07,28131,2025070704012434,CHL,Imperial Securities Company Pvt. Ltd.,Shree Krishna Securities Ltd.,132,331.0,43692.0,2025-07-07 13:45:23.696175
2025-07-07,28130,2025070704012435,CHL,Sri Hari Securities Pvt. Ltd.,Shree Krishna Securities Ltd.,20,331.0,6620.0,2025-07-07 13:45:23.696227
2025-07-07,28129,2025070704012436,CHL,Naasa Securities Co. Ltd.,Shree Krishna Securities Ltd.,141,331.0,46671.0,2025-07-07 13:45:23.696288
2025-07-07,27961,2025070704012483,CHL,J.F. Securites (PVT) Ltd.,Bhrikuti Stock Broking Co. Pvt. Ltd.,2,326.0,652.0,2025-07-07 13:46:10.120471
2025-07-07,26105,2025070704013064,CHL,Citizens Share Broker Limited,Sani Securities Company Ltd.,50,331.3,16565.0,2025-07-07 13:53:50.363759
2025-07-07,26104,2025070704013065,CHL,Capital Max Securities Ltd,Sani Securities Company Ltd.,25,331.1,8277.5,2025-07-07 13:53:50.363933
2025-07-07,26103,2025070704013066,CHL,Naasa Securities Co. Ltd.,Sani Securities Company Ltd.,359,331.0,118829.0,2025-07-07 13:53:50.364041
2025-07-07,26102,2025070704013067,CHL,Aryatara Investment & Securities,Sani Securities Company Ltd.,500,331.0,165500.0,2025-07-07 13:53:50.364104
2025-07-07,26101,2025070704013068,CHL,Vision Securities Pvt. Ltd,Sani Securities Company Ltd.,2500,330.5,826250.0,2025-07-07 13:53:50.364156
2025-07-07,26100,2025070704013069,CHL,Dipshikha Dhitopatra Karobar Co. Pvt Ltd.,Sani Securities Company Ltd.,10000,330.4,3304000.0,2025-07-07 13:53:50.364207
2025-07-07,26099,2025070704013070,CHL,KALASH STOCK MARKET PVT. LTD.,Sani Securities Company Ltd.,50,330.4,16520.0,2025-07-07 13:53:50.364255
2025-07-07,26098,2025070704013071,CHL,Naasa Securities Co. Ltd.,Sani Securities Company Ltd.,5000,330.4,1652000.0,2025-07-07 13:53:50.364302
2025-07-07,26097,2025070704013072,CHL,Kalika Securities Pvt. Ltd.,Sani Securities Company Ltd.,11,330.3,3633.3,2025-07-07 13:53:50.364362
2025-07-07,26096,2025070704013073,CHL,KALASH STOCK MARKET PVT. LTD.,Sani Securities Company Ltd.,500,330.1,165050.0,2025-07-07 13:53:50.364410
2025-07-07,26095,2025070704013074,CHL,Shree Krishna Securities Ltd.,Sani Securities Company Ltd.,100,330.0,33000.0,2025-07-07 13:53:50.364455
2025-07-07,26094,2025070704013075,CHL,Bhrikuti Stock Broking Co. Pvt. Ltd.,Sani Securities Company Ltd.,200,330.0,66000.0,2025-07-07 13:53:50.364505
2025-07-07,26093,2025070704013076,CHL,Nepal Investment And Securities Trading Private Limited,Sani Securities Company Ltd.,100,330.0,33000.0,2025-07-07 13:53:50.364550
2025-07-07,26092,2025070704013077,CHL,J.F. Securites (PVT) Ltd.,Sani Securities Company Ltd.,100,330.0,33000.0,2025-07-07 13:53:50.364595
2025-07-07,26091,2025070704013078,CHL,South Asian Bulls Pvt. Ltd.,Sani Securities Company Ltd.,100,330.0,33000.0,2025-07-07 13:53:50.364664
2025-07-07,26090,2025070704013079,CHL,Oxford Securities Pvt. Ltd.,Sani Securities Company Ltd.,150,330.0,49500.0,2025-07-07 13:53:50.364710
2025-07-07,26089,2025070704013080,CHL,Linch Stock Market Ltd.,Sani Securities Company Ltd.,50,330.0,16500.0,2025-07-07 13:53:50.364814
2025-07-07,26088,2025070704013081,CHL,Dipshikha Dhitopatra Karobar Co. Pvt Ltd.,Sani Securities Company Ltd.,310,330.0,102300.0,2025-07-07 13:53:50.364891
2025-07-07,26087,2025070704013082,CHL,Bhrikuti Stock Broking Co. Pvt. Ltd.,Sani Securities Company Ltd.,30,330.0,9900.0,2025-07-07 13:53:50.364953
2025-07-07,26086,2025070704013083,CHL,Sundhara Securities Limited,Sani Securities Company Ltd.,10,330.0,3300.0,2025-07-07 13:53:50.365000
2025-07-07,26085,2025070704013084,CHL,Naasa Securities Co. Ltd.,Sani Securities Company Ltd.,50,330.0,16500.0,2025-07-07 13:53:50.365042
2025-07-07,26084,2025070704013085,CHL,Citizens Share Broker Limited,Sani Securities Company Ltd.,250,330.0,82500.0,2025-07-07 13:53:50.365093
2025-07-07,26083,2025070704013086,CHL,Naasa Securities Co. Ltd.,Sani Securities Company Ltd.,500,330.0,165000.0,2025-07-07 13:53:50.365136
2025-07-07,26082,2025070704013087,CHL,Malla & Malla Stock Broking Company Pvt. Limited,Sani Securities Company Ltd.,45,330.0,14850.0,2025-07-07 13:53:50.365447
2025-07-07,25837,2025070704013176,CHL,ABC Securities Private Limited,Sri Hari Securities Pvt. Ltd.,100,330.0,33000.0,2025-07-07 13:54:47.940240
2025-07-07,25665,2025070704013244,CHL,Aryatara Investment & Securities,Sri Hari Securities Pvt. Ltd.,300,330.0,99000.0,2025-07-07 13:55:31.488839
2025-07-07,25401,2025070704013330,CHL,Naasa Securities Co. Ltd.,Sri Hari Securities Pvt. Ltd.,20,330.0,6600.0,2025-07-07 13:56:31.509298
2025-07-07,25265,2025070704013369,CHL,South Asian Bulls Pvt. Ltd.,Sri Hari Securities Pvt. Ltd.,80,330.0,26400.0,2025-07-07 13:57:13.443135
2025-07-07,24075,2025070704013711,CHL,Secured Securities Ltd.,Sri Hari Securities Pvt. Ltd.,223,332.0,74036.0,2025-07-07 14:01:39.316862
2025-07-07,24074,2025070704013712,CHL,South Asian Bulls Pvt. Ltd.,Sri Hari Securities Pvt. Ltd.,277,330.0,91410.0,2025-07-07 14:01:39.317097
2025-07-07,23872,2025070704013764,CHL,South Asian Bulls Pvt. Ltd.,Sri Hari Securities Pvt. Ltd.,143,330.0,47190.0,2025-07-07 14:02:35.818069
2025-07-07,23724,2025070704013826,CHL,Nepal Investment And Securities Trading Private Limited,Sri Hari Securities Pvt. Ltd.,200,330.0,66000.0,2025-07-07 14:03:14.140928
2025-07-07,22724,2025070704014110,CHL,Capital Max Securities Ltd,Sri Hari Securities Pvt. Ltd.,140,329.1,46074.0,2025-07-07 14:08:12.028654
2025-07-07,22723,2025070704014111,CHL,SUN SECURITIES PVT LTD,Sri Hari Securities Pvt. Ltd.,100,329.0,32900.0,2025-07-07 14:08:12.028873
2025-07-07,22722,2025070704014112,CHL,Nabil Stock Dealer Ltd.,Sri Hari Securities Pvt. Ltd.,20,329.0,6580.0,2025-07-07 14:08:12.029024
2025-07-07,22721,2025070704014113,CHL,Naasa Securities Co. Ltd.,Sri Hari Securities Pvt. Ltd.,100,329.0,32900.0,2025-07-07 14:08:12.029150
2025-07-07,22720,2025070704014114,CHL,Capital Max Securities Ltd,Sri Hari Securities Pvt. Ltd.,140,328.1,45934.0,2025-07-07 14:08:12.029276
2025-07-07,22698,2025070704014118,CHL,Capital Max Securities Ltd,Elite Stock House Limited,10,328.1,3281.0,2025-07-07 14:08:19.857630
2025-07-07,22697,2025070704014119,CHL,Infinity Securities Limited,Elite Stock House Limited,500,328.0,164000.0,2025-07-07 14:08:19.857765
2025-07-07,22557,2025070704014173,CHL,S.P.S.A. Securities Limited,Aryatara Investment & Securities,10,327.4,3274.0,2025-07-07 14:08:54.304930
2025-07-07,22272,2025070704014249,CHL,ABC Securities Private Limited,Sri Hari Securities Pvt. Ltd.,200,327.3,65460.0,2025-07-07 14:10:28.197334
2025-07-07,22271,2025070704014250,CHL,J.F. Securites (PVT) Ltd.,Sri Hari Securities Pvt. Ltd.,100,327.0,32700.0,2025-07-07 14:10:28.197477
2025-07-07,22270,2025070704014251,CHL,KALASH STOCK MARKET PVT. LTD.,Sri Hari Securities Pvt. Ltd.,30,326.9,9807.0,2025-07-07 14:10:28.197526
2025-07-07,22269,2025070704014252,CHL,Online Securities Pvt. Ltd.,Sri Hari Securities Pvt. Ltd.,200,326.4,65280.0,2025-07-07 14:10:28.197582
2025-07-07,22268,2025070704014253,CHL,Arun Securities (PVT) Ltd.,Sri Hari Securities Pvt. Ltd.,300,326.0,97800.0,2025-07-07 14:10:28.197623
2025-07-07,22267,2025070704014254,CHL,Bhrikuti Stock Broking Co. Pvt. Ltd.,Sri Hari Securities Pvt. Ltd.,10,326.0,3260.0,2025-07-07 14:10:28.197666
2025-07-07,22193,2025070704014272,CHL,Imperial Securities Company Pvt. Ltd.,Elite Stock House Limited,200,325.5,65100.0,2025-07-07 14:10:46.372450
2025-07-07,22192,2025070704014273,CHL,Ashutosh Brokerage & Securities (PVT) Ltd.,Elite Stock House Limited,50,325.5,16275.0,2025-07-07 14:10:46.372606
2025-07-07,22191,2025070704014274,CHL,Capital Max Securities Ltd,Elite Stock House Limited,90,325.1,29259.0,2025-07-07 14:10:46.372656
2025-07-07,21589,2025070704014435,CHL,Imperial Securities Company Pvt. Ltd.,Vision Securities Pvt. Ltd,100,325.2,32520.0,2025-07-07 14:14:00.369104
2025-07-07,21588,2025070704014436,CHL,Capital Max Securities Ltd,Vision Securities Pvt. Ltd,10,325.1,3251.0,2025-07-07 14:14:00.369243
2025-07-07,21587,2025070704014437,CHL,Citizens Share Broker Limited,Vision Securities Pvt. Ltd,250,325.1,81275.0,2025-07-07 14:14:00.369286
2025-07-07,21586,2025070704014438,CHL,Himalayan Brokerage Company Limited,Vision Securities Pvt. Ltd,500,325.0,162500.0,2025-07-07 14:14:00.369342
2025-07-07,21585,2025070704014439,CHL,Malla & Malla Stock Broking Company Pvt. Limited,Vision Securities Pvt. Ltd,100,325.0,32500.0,2025-07-07 14:14:00.369389
2025-07-07,21584,2025070704014440,CHL,South Asian Bulls Pvt. Ltd.,Vision Securities Pvt. Ltd,40,325.0,13000.0,2025-07-07 14:14:00.369433
2025-07-07,21565,2025070704014444,CHL,South Asian Bulls Pvt. Ltd.,Sani Securities Company Ltd.,60,325.0,19500.0,2025-07-07 14:14:05.467298
2025-07-07,21537,2025070704014451,CHL,Naasa Securities Co. Ltd.,Sani Securities Company Ltd.,100,325.0,32500.0,2025-07-07 14:14:10.268024
2025-07-07,21480,2025070704014469,CHL,Naasa Securities Co. Ltd.,Sani Securities Company Ltd.,340,325.0,110500.0,2025-07-07 14:14:27.606861
2025-07-07,21479,2025070704014470,CHL,Naasa Securities Co. Ltd.,Sundhara Securities Limited,660,325.0,214500.0,2025-07-07 14:14:27.607081
2025-07-07,21355,2025070704014510,CHL,Primo Securities (PVT) Ltd.,Sundhara Securities Limited,333,325.0,108225.0,2025-07-07 14:15:01.186520
2025-07-07,21157,2025070704014557,CHL,Primo Securities (PVT) Ltd.,Sundhara Securities Limited,500,323.5,161750.0,2025-07-07 14:15:48.602611
2025-07-07,21156,2025070704014558,CHL,Naasa Securities Co. Ltd.,Sundhara Securities Limited,100,323.5,32350.0,2025-07-07 14:15:48.602835
2025-07-07,21155,2025070704014559,CHL,Linch Stock Market Ltd.,Sundhara Securities Limited,200,323.4,64680.0,2025-07-07 14:15:48.602964
2025-07-07,21154,2025070704014560,CHL,Imperial Securities Company Pvt. Ltd.,Sundhara Securities Limited,100,323.4,32340.0,2025-07-07 14:15:48.603096
2025-07-07,20957,2025070704014647,CHL,Primo Securities (PVT) Ltd.,Sri Hari Securities Pvt. Ltd.,635,323.6,205486.0,2025-07-07 14:16:46.731750
2025-07-07,20905,2025070704014669,CHL,Primo Securities (PVT) Ltd.,Sri Hari Securities Pvt. Ltd.,65,323.6,21034.0,2025-07-07 14:17:05.963619
2025-07-07,20904,2025070704014670,CHL,Aryatara Investment & Securities,Sri Hari Securities Pvt. Ltd.,95,323.5,30732.5,2025-07-07 14:17:05.963738
2025-07-07,20870,2025070704014675,CHL,Aryatara Investment & Securities,Sri Hari Securities Pvt. Ltd.,157,323.5,50789.5,2025-07-07 14:17:18.237110
2025-07-07,20332,2025070704014880,CHL,Shree Krishna Securities Ltd.,Trishakti Securities Public Limited,400,325.0,130000.0,2025-07-07 14:19:39.753580
2025-07-07,19748,2025070704015151,CHL,SUN SECURITIES PVT LTD,Trishakti Securities Public Limited,100,325.0,32500.0,2025-07-07 14:21:23.369227
2025-07-07,18489,2025070704015602,CHL,SUN SECURITIES PVT LTD,ABC Securities Private Limited,100,324.1,32410.0,2025-07-07 14:24:52.074999
2025-07-07,18488,2025070704015603,CHL,Aryatara Investment & Securities,ABC Securities Private Limited,148,324.1,47966.8,2025-07-07 14:24:52.075131
2025-07-07,18487,2025070704015604,CHL,Naasa Securities Co. Ltd.,ABC Securities Private Limited,312,324.0,101088.0,2025-07-07 14:24:52.075198
2025-07-07,18483,2025070704015606,CHL,Naasa Securities Co. Ltd.,Imperial Securities Company Pvt. Ltd.,488,324.0,158112.0,2025-07-07 14:24:54.075715
2025-07-07,18482,2025070704015607,CHL,J.F. Securites (PVT) Ltd.,Imperial Securities Company Pvt. Ltd.,50,324.0,16200.0,2025-07-07 14:24:54.075882
2025-07-07,18343,2025070704015661,CHL,Dipshikha Dhitopatra Karobar Co. Pvt Ltd.,Imperial Securities Company Pvt. Ltd.,30,323.8,9714.0,2025-07-07 14:25:13.320723
2025-07-07,18342,2025070704015662,CHL,Online Securities Pvt. Ltd.,Imperial Securities Company Pvt. Ltd.,132,323.8,42741.6,2025-07-07 14:25:13.320950
2025-07-07,18018,2025070704015792,CHL,Online Securities Pvt. Ltd.,Pragyan Securities (PVT) Ltd.,68,323.8,22018.4,2025-07-07 14:25:57.441256
2025-07-07,18017,2025070704015793,CHL,Sagarmatha Securities Private Limited,Pragyan Securities (PVT) Ltd.,10,323.7,3237.0,2025-07-07 14:25:57.441336
2025-07-07,18016,2025070704015794,CHL,Capital Max Securities Ltd,Pragyan Securities (PVT) Ltd.,100,323.6,32360.0,2025-07-07 14:25:57.441360
2025-07-07,18015,2025070704015795,CHL,Primo Securities (PVT) Ltd.,Pragyan Securities (PVT) Ltd.,200,323.6,64720.0,2025-07-07 14:25:57.441389
2025-07-07,18014,2025070704015796,CHL,Kohinoor Investment & Securities Pvt. Ltd.,Pragyan Securities (PVT) Ltd.,1000,323.5,323500.0,2025-07-07 14:25:57.441433
2025-07-07,18013,2025070704015797,CHL,Naasa Securities Co. Ltd.,Pragyan Securities (PVT) Ltd.,100,323.3,32330.0,2025-07-07 14:25:57.441508
2025-07-07,18012,2025070704015798,CHL,Dynamic Money Managers Securities Pvt. Ltd.,Pragyan Securities (PVT) Ltd.,303,323.2,97929.6,2025-07-07 14:25:57.441551
2025-07-07,16365,2025070704016363,CHL,Dynamic Money Managers Securities Pvt. Ltd.,Naasa Securities Co. Ltd.,10,323.2,3232.0,2025-07-07 14:30:21.336869
2025-07-07,15967,2025070704016566,CHL,Dynamic Money Managers Securities Pvt. Ltd.,South Asian Bulls Pvt. Ltd.,687,323.2,222038.4,2025-07-07 14:31:11.952871
2025-07-07,15966,2025070704016567,CHL,Primo Securities (PVT) Ltd.,South Asian Bulls Pvt. Ltd.,300,323.0,96900.0,2025-07-07 14:31:11.953030
2025-07-07,15965,2025070704016568,CHL,Online Securities Pvt. Ltd.,South Asian Bulls Pvt. Ltd.,13,323.0,4199.0,2025-07-07 14:31:11.953082
2025-07-07,15624,2025070704016687,CHL,Online Securities Pvt. Ltd.,Vision Securities Pvt. Ltd,108,323.0,34884.0,2025-07-07 14:32:09.167251
2025-07-07,15623,2025070704016688,CHL,Online Securities Pvt. Ltd.,Vision Securities Pvt. Ltd,200,323.0,64600.0,2025-07-07 14:32:09.167506
2025-07-07,15622,2025070704016689,CHL,Online Securities Pvt. Ltd.,Vision Securities Pvt. Ltd,192,323.0,62016.0,2025-07-07 14:32:09.167652
2025-07-07,15571,2025070704016702,CHL,Sundhara Securities Limited,J.F. Securites (PVT) Ltd.,10,323.0,3230.0,2025-07-07 14:32:16.742695
2025-07-07,15570,2025070704016703,CHL,Sagarmatha Securities Private Limited,J.F. Securites (PVT) Ltd.,120,323.0,38760.0,2025-07-07 14:32:16.742820
2025-07-07,15510,2025070704016725,CHL,Himalayan Brokerage Company Limited,J.F. Securites (PVT) Ltd.,200,322.0,64400.0,2025-07-07 14:32:24.789973
2025-07-07,15455,2025070704016743,CHL,Himalayan Brokerage Company Limited,J.F. Securites (PVT) Ltd.,200,322.0,64400.0,2025-07-07 14:32:31.842697
2025-07-07,15410,2025070704016755,CHL,Dipshikha Dhitopatra Karobar Co. Pvt Ltd.,J.F. Securites (PVT) Ltd.,100,321.2,32120.0,2025-07-07 14:32:39.915202
2025-07-07,15320,2025070704016779,CHL,Citizens Share Broker Limited,J.F. Securites (PVT) Ltd.,200,321.1,64220.0,2025-07-07 14:32:51.004526
2025-07-07,15277,2025070704016791,CHL,Linch Stock Market Ltd.,J.F. Securites (PVT) Ltd.,100,321.0,32100.0,2025-07-07 14:33:00.052902
2025-07-07,15207,2025070704016825,CHL,Linch Stock Market Ltd.,Sharepro Securities Private Limited,10,321.0,3210.0,2025-07-07 14:33:11.482521
2025-07-07,15145,2025070704016847,CHL,Linch Stock Market Ltd.,J.F. Securites (PVT) Ltd.,70,321.0,22470.0,2025-07-07 14:33:20.179812
2025-07-07,11434,2025070704018108,CHL,Kohinoor Investment & Securities Pvt. Ltd.,Dynamic Money Managers Securities Pvt. Ltd.,10,323.0,3230.0,2025-07-07 14:41:34.189359
2025-07-07,11433,2025070704018109,CHL,Siprabi Securities Pvt. Ltd.,Dynamic Money Managers Securities Pvt. Ltd.,40,323.0,12920.0,2025-07-07 14:41:34.189508
2025-07-07,11259,2025070704018172,CHL,Secured Securities Ltd.,Hatemalo Financial Services Private Limited,30,323.0,9690.0,2025-07-07 14:42:01.341915
2025-07-07,10217,2025070704018450,CHL,Vision Securities Pvt. Ltd,Investment Management Nepal Pvt. Ltd.,25,321.6,8040.0,2025-07-07 14:44:22.342441
2025-07-07,9804,2025070704018543,CHL,Vision Securities Pvt. Ltd,Hatemalo Financial Services Private Limited,45,321.6,14472.0,2025-07-07 14:45:07.778773
2025-07-07,9803,2025070704018544,CHL,Aryatara Investment & Securities,Hatemalo Financial Services Private Limited,65,321.6,20904.0,2025-07-07 14:45:07.778902
2025-07-07,9387,2025070704018688,CHL,Naasa Securities Co. Ltd.,Vision Securities Pvt. Ltd,10,324.0,3240.0,2025-07-07 14:46:13.640680
2025-07-07,7824,2025070704019245,CHL,Naasa Securities Co. Ltd.,Vision Securities Pvt. Ltd,160,324.0,51840.0,2025-07-07 14:49:47.593633
2025-07-07,7452,2025070704019372,CHL,Bhrikuti Stock Broking Co. Pvt. Ltd.,Miyo Securities Pvt Ltd,10,322.0,3220.0,2025-07-07 14:50:29.500390
2025-07-07,7204,2025070704019441,CHL,Naasa Securities Co. Ltd.,Vision Securities Pvt. Ltd,10,324.0,3240.0,2025-07-07 14:51:03.012744
2025-07-07,6848,2025070704019579,CHL,Naasa Securities Co. Ltd.,Vision Securities Pvt. Ltd,90,323.5,29115.0,2025-07-07 14:51:39.872203
2025-07-07,6847,2025070704019580,CHL,Naasa Securities Co. Ltd.,Vision Securities Pvt. Ltd,10,324.0,3240.0,2025-07-07 14:51:39.872305
2025-07-07,5725,2025070704019873,CHL,Naasa Securities Co. Ltd.,Aryatara Investment & Securities,20,323.0,6460.0,2025-07-07 14:53:22.267397
2025-07-07,5724,2025070704019874,CHL,Naasa Securities Co. Ltd.,Vision Securities Pvt. Ltd,10,324.0,3240.0,2025-07-07 14:53:22.267467
2025-07-07,5247,2025070704020052,CHL,Dipshikha Dhitopatra Karobar Co. Pvt Ltd.,Thrive Brokerage House Pvt. Ltd,15,322.2,4833.0,2025-07-07 14:54:17.454339
2025-07-07,5028,2025070704020155,CHL,Naasa Securities Co. Ltd.,Vision Securities Pvt. Ltd,10,324.0,3240.0,2025-07-07 14:54:44.272597
2025-07-07,3730,2025070704020660,CHL,SUN SECURITIES PVT LTD,Vision Securities Pvt. Ltd,290,324.0,93960.0,2025-07-07 14:56:36.480973
2025-07-07,3729,2025070704020661,CHL,SUN SECURITIES PVT LTD,Naasa Securities Co. Ltd.,10,325.0,3250.0,2025-07-07 14:56:36.481104
2025-07-07,3728,2025070704020662,CHL,SUN SECURITIES PVT LTD,Aryatara Investment & Securities,200,325.0,65000.0,2025-07-07 14:56:36.481175
2025-07-07,2294,2025070704021161,CHL,Citizens Share Broker Limited,Online Securities Pvt. Ltd.,10,322.8,3228.0,2025-07-07 14:58:32.273540
2025-07-07,2293,2025070704021162,CHL,Dynamic Money Managers Securities Pvt. Ltd.,Midas Stock Broking Company Private Limited,200,325.0,65000.0,2025-07-07 14:58:32.597237
2025-07-07,2292,2025070704021163,CHL,Dynamic Money Managers Securities Pvt. Ltd.,Online Securities Pvt. Ltd.,10,325.0,3250.0,2025-07-07 14:58:32.597366
2025-07-07,2291,2025070704021164,CHL,Dynamic Money Managers Securities Pvt. Ltd.,Online Securities Pvt. Ltd.,30,326.0,9780.0,2025-07-07 14:58:32.597443
2025-07-07,2290,2025070704021165,CHL,Dynamic Money Managers Securities Pvt. Ltd.,Trishakti Securities Public Limited,500,326.0,163000.0,2025-07-07 14:58:32.597519
2025-07-07,2289,2025070704021166,CHL,Dynamic Money Managers Securities Pvt. Ltd.,Sundhara Securities Limited,550,326.0,179300.0,2025-07-07 14:58:32.597591
2025-07-07,2288,2025070704021167,CHL,Dynamic Money Managers Securities Pvt. Ltd.,Imperial Securities Company Pvt. Ltd.,600,326.9,196140.0,2025-07-07 14:58:32.597659
2025-07-07,2287,2025070704021168,CHL,Dynamic Money Managers Securities Pvt. Ltd.,Cristal Kanchanjanga Securites Pvt. Ltd.,110,327.0,35970.0,2025-07-07 14:58:32.597763
2025-07-07,2027,2025070704021300,CHL,Sani Securities Company Ltd.,Sri Hari Securities Pvt. Ltd.,500,323.0,161500.0,2025-07-07 14:58:44.313911
2025-07-07,2026,2025070704021301,CHL,SUN SECURITIES PVT LTD,Sri Hari Securities Pvt. Ltd.,200,322.9,64580.0,2025-07-07 14:58:44.314044
2025-07-07,2025,2025070704021302,CHL,Citizens Share Broker Limited,Sri Hari Securities Pvt. Ltd.,490,322.8,158172.0,2025-07-07 14:58:44.314098
2025-07-07,2024,2025070704021303,CHL,Naasa Securities Co. Ltd.,Sri Hari Securities Pvt. Ltd.,100,322.8,32280.0,2025-07-07 14:58:44.314158
2025-07-07,2023,2025070704021304,CHL,Dipshikha Dhitopatra Karobar Co. Pvt Ltd.,Sri Hari Securities Pvt. Ltd.,400,322.4,128960.0,2025-07-07 14:58:44.314228
2025-07-07,2022,2025070704021305,CHL,Aryatara Investment & Securities,Sri Hari Securities Pvt. Ltd.,35,322.3,11280.5,2025-07-07 14:58:44.314273
2025-07-07,2021,2025070704021306,CHL,S.P.S.A. Securities Limited,Sri Hari Securities Pvt. Ltd.,503,322.3,162116.9,2025-07-07 14:58:44.314337
2025-07-07,2020,2025070704021307,CHL,Dipshikha Dhitopatra Karobar Co. Pvt Ltd.,Sri Hari Securities Pvt. Ltd.,465,322.2,149823.0,2025-07-07 14:58:44.314384
2025-07-07,2019,2025070704021308,CHL,Bhrikuti Stock Broking Co. Pvt. Ltd.,Sri Hari Securities Pvt. Ltd.,190,322.0,61180.0,2025-07-07 14:58:44.314434
2025-07-07,2018,2025070704021309,CHL,Opal Securities Investment (PVT) Ltd.,Sri Hari Securities Pvt. Ltd.,300,322.0,96600.0,2025-07-07 14:58:44.314479
2025-07-07,2017,2025070704021310,CHL,Naasa Securities Co. Ltd.,Sri Hari Securities Pvt. Ltd.,200,322.0,64400.0,2025-07-07 14:58:44.314525
2025-07-07,2016,2025070704021311,CHL,Arun Securities (PVT) Ltd.,Sri Hari Securities Pvt. Ltd.,250,322.0,80500.0,2025-07-07 14:58:44.314567
2025-07-07,1926,2025070704021349,CHL,Creative Securities Pvt Ltd,Sri Hari Securities Pvt. Ltd.,150,322.0,48300.0,2025-07-07 14:58:48.955448
2025-07-07,1840,2025070704021374,CHL,Roadshow securities limited,Sri Hari Securities Pvt. Ltd.,100,322.0,32200.0,2025-07-07 14:58:55.673598
2025-07-07,1816,2025070704021382,CHL,Dynamic Money Managers Securities Pvt. Ltd.,Sri Hari Securities Pvt. Ltd.,1000,322.0,322000.0,2025-07-07 14:58:57.255401
2025-07-07,1769,2025070704021390,CHL,Roadshow securities limited,Investment Management Nepal Pvt. Ltd.,28,321.5,9002.0,2025-07-07 14:59:01.113581
2025-07-07,1550,2025070704021464,CHL,Naasa Securities Co. Ltd.,Sri Hari Securities Pvt. Ltd.,117,322.0,37674.0,2025-07-07 14:59:11.368704
2025-07-07,1549,2025070704021465,CHL,Naasa Securities Co. Ltd.,Cristal Kanchanjanga Securites Pvt. Ltd.,13,327.0,4251.0,2025-07-07 14:59:11.368782
2025-07-07,806,2025070704021737,CHL,Trishakti Securities Public Limited,Cristal Kanchanjanga Securites Pvt. Ltd.,100,326.0,32600.0,2025-07-07 14:59:35.956439
