Date,S.N.,Contract ID,Symbol,Buyer Broker,Seller Broker,quantity,rate,amount,transaction_time
2025-07-07,71159,2025070704000033,HURJA,Arun Securities (PVT) Ltd.,Sri Hari Securities Pvt. Ltd.,10,249.6,2496.0,2025-07-07 11:00:24.929665
2025-07-07,68799,2025070704000586,HURJA,Asian Securities Private Ltd.,Kohinoor Investment & Securities Pvt. Ltd.,200,253.0,50600.0,2025-07-07 11:11:28.708483
2025-07-07,68798,2025070704000587,HURJA,Asian Securities Private Ltd.,Neev Securities Pvt. Ltd.,100,253.0,25300.0,2025-07-07 11:11:28.708602
2025-07-07,68797,2025070704000588,HURJA,Asian Securities Private Ltd.,Aryatara Investment & Securities,1000,253.0,253000.0,2025-07-07 11:11:28.708659
2025-07-07,68455,2025070704000683,HURJA,Asian Securities Private Ltd.,Sri Hari Securities Pvt. Ltd.,10,251.2,2512.0,2025-07-07 11:12:59.441997
2025-07-07,67182,2025070704001056,HURJA,Sri Hari Securities Pvt. Ltd.,Sani Securities Company Ltd.,46,251.3,11559.8,2025-07-07 11:17:53.383885
2025-07-07,67181,2025070704001057,HURJA,Asian Securities Private Ltd.,Sani Securities Company Ltd.,404,251.2,101484.8,2025-07-07 11:17:53.384074
2025-07-07,67140,2025070704001064,HURJA,Asian Securities Private Ltd.,Nagarik Stock Dealer ,100,251.2,25120.0,2025-07-07 11:18:05.829551
2025-07-07,66836,2025070704001186,HURJA,Asian Securities Private Ltd.,Dipshikha Dhitopatra Karobar Co. Pvt Ltd.,100,253.0,25300.0,2025-07-07 11:19:00.324171
2025-07-07,66835,2025070704001187,HURJA,Asian Securities Private Ltd.,Infinity Securities Limited,1500,253.0,379500.0,2025-07-07 11:19:00.324303
2025-07-07,66649,2025070704001272,HURJA,Asian Securities Private Ltd.,Nepal Stock House (PVT) Ltd.,100,251.2,25120.0,2025-07-07 11:19:39.818635
2025-07-07,65640,2025070704001591,HURJA,Online Securities Pvt. Ltd.,Sumeru Securities Pvt. Ltd.,500,253.8,126900.0,2025-07-07 11:23:09.117308
2025-07-07,65239,2025070704001685,HURJA,Nepal Stock House (PVT) Ltd.,Sri Hari Securities Pvt. Ltd.,10,252.0,2520.0,2025-07-07 11:24:30.709669
2025-07-07,65185,2025070704001697,HURJA,Nepal Stock House (PVT) Ltd.,Online Securities Pvt. Ltd.,200,252.0,50400.0,2025-07-07 11:24:43.810150
2025-07-07,64926,2025070704001749,HURJA,Nepal Stock House (PVT) Ltd.,Creative Securities Pvt Ltd,140,252.0,35280.0,2025-07-07 11:25:33.303977
2025-07-07,64877,2025070704001757,HURJA,Asian Securities Private Ltd.,Creative Securities Pvt Ltd,360,252.0,90720.0,2025-07-07 11:25:42.301422
2025-07-07,64720,2025070704001802,HURJA,Asian Securities Private Ltd.,Sri Hari Securities Pvt. Ltd.,10,251.5,2515.0,2025-07-07 11:26:26.975813
2025-07-07,63496,2025070704002157,HURJA,Asian Securities Private Ltd.,Neev Securities Pvt. Ltd.,1016,252.1,256133.6,2025-07-07 11:30:46.877696
2025-07-07,63495,2025070704002158,HURJA,ABC Securities Private Limited,Neev Securities Pvt. Ltd.,800,252.0,201600.0,2025-07-07 11:30:46.877912
2025-07-07,63494,2025070704002159,HURJA,Market Securities & Exchange (PVT) Ltd.,Neev Securities Pvt. Ltd.,184,252.0,46368.0,2025-07-07 11:30:46.877983
2025-07-07,62458,2025070704002450,HURJA,Secured Securities Ltd.,Naasa Securities Co. Ltd.,12,253.0,3036.0,2025-07-07 11:34:40.847501
2025-07-07,62027,2025070704002565,HURJA,Asian Securities Private Ltd.,Sharepro Securities Private Limited,1000,252.1,252100.0,2025-07-07 11:36:24.553292
2025-07-07,61215,2025070704002776,HURJA,Online Securities Pvt. Ltd.,Naasa Securities Co. Ltd.,100,252.8,25280.0,2025-07-07 11:39:20.164420
2025-07-07,61004,2025070704002856,HURJA,Market Securities & Exchange (PVT) Ltd.,Sweta Securities Private Limited,200,252.0,50400.0,2025-07-07 11:40:12.406007
2025-07-07,60631,2025070704002949,HURJA,Asian Securities Private Ltd.,Trishakti Securities Public Limited,100,252.7,25270.0,2025-07-07 11:41:32.001213
2025-07-07,60122,2025070704003078,HURJA,Imperial Securities Company Pvt. Ltd.,Trishakti Securities Public Limited,300,252.7,75810.0,2025-07-07 11:43:18.780230
2025-07-07,59826,2025070704003132,HURJA,Sundhara Securities Limited,Trishakti Securities Public Limited,200,252.7,50540.0,2025-07-07 11:44:22.371602
2025-07-07,58159,2025070704003581,HURJA,Capital Max Securities Ltd,Nepal Stock House (PVT) Ltd.,500,252.1,126050.0,2025-07-07 11:50:32.267532
2025-07-07,58046,2025070704003594,HURJA,Trisul Securities & Invt. Ltd.,Trishakti Securities Public Limited,50,252.7,12635.0,2025-07-07 11:50:53.100610
2025-07-07,57671,2025070704003659,HURJA,Capital Max Securities Ltd,Dynamic Money Managers Securities Pvt. Ltd.,400,252.1,100840.0,2025-07-07 11:51:57.645241
2025-07-07,57353,2025070704003751,HURJA,Capital Max Securities Ltd,Kumari Securities Private Limited,200,252.1,50420.0,2025-07-07 11:53:11.510266
2025-07-07,57144,2025070704003793,HURJA,Capital Max Securities Ltd,Naasa Securities Co. Ltd.,400,252.1,100840.0,2025-07-07 11:53:52.248737
2025-07-07,56924,2025070704003853,HURJA,Market Securities & Exchange (PVT) Ltd.,Naasa Securities Co. Ltd.,26,252.0,6552.0,2025-07-07 11:54:40.884806
2025-07-07,56815,2025070704003893,HURJA,Midas Stock Broking Company Private Limited,Trishakti Securities Public Limited,50,252.7,12635.0,2025-07-07 11:55:13.182083
2025-07-07,56814,2025070704003894,HURJA,Midas Stock Broking Company Private Limited,Sweta Securities Private Limited,100,252.7,25270.0,2025-07-07 11:55:13.182270
2025-07-07,56813,2025070704003895,HURJA,Midas Stock Broking Company Private Limited,Naasa Securities Co. Ltd.,850,252.7,214795.0,2025-07-07 11:55:13.182355
2025-07-07,56467,2025070704004033,HURJA,Market Securities & Exchange (PVT) Ltd.,Naasa Securities Co. Ltd.,200,252.7,50540.0,2025-07-07 11:56:16.960198
2025-07-07,55575,2025070704004264,HURJA,Naasa Securities Co. Ltd.,Opal Securities Investment (PVT) Ltd.,20,252.5,5050.0,2025-07-07 11:59:42.527788
2025-07-07,55574,2025070704004265,HURJA,Naasa Securities Co. Ltd.,Sani Securities Company Ltd.,10,252.5,2525.0,2025-07-07 11:59:42.527996
2025-07-07,55288,2025070704004336,HURJA,Naasa Securities Co. Ltd.,Naasa Securities Co. Ltd.,90,252.7,22743.0,2025-07-07 12:00:52.083880
2025-07-07,54936,2025070704004403,HURJA,Vision Securities Pvt. Ltd,ABC Securities Private Limited,10,252.6,2526.0,2025-07-07 12:02:20.258750
2025-07-07,54331,2025070704004570,HURJA,Cristal Kanchanjanga Securites Pvt. Ltd.,BHOLE GANESH SECURITIES LTD,303,252.1,76386.3,2025-07-07 12:04:49.469352
2025-07-07,54330,2025070704004571,HURJA,Market Securities & Exchange (PVT) Ltd.,BHOLE GANESH SECURITIES LTD,90,252.0,22680.0,2025-07-07 12:04:49.469740
2025-07-07,54329,2025070704004572,HURJA,Sumeru Securities Pvt. Ltd.,BHOLE GANESH SECURITIES LTD,10,252.0,2520.0,2025-07-07 12:04:49.470010
2025-07-07,54328,2025070704004573,HURJA,Linch Stock Market Ltd.,BHOLE GANESH SECURITIES LTD,500,251.5,125750.0,2025-07-07 12:04:49.470256
2025-07-07,54327,2025070704004574,HURJA,Vision Securities Pvt. Ltd,BHOLE GANESH SECURITIES LTD,300,251.5,75450.0,2025-07-07 12:04:49.470541
2025-07-07,54326,2025070704004575,HURJA,Naasa Securities Co. Ltd.,BHOLE GANESH SECURITIES LTD,27,251.3,6785.1,2025-07-07 12:04:49.470785
2025-07-07,54252,2025070704004618,HURJA,Malla & Malla Stock Broking Company Pvt. Limited,BHOLE GANESH SECURITIES LTD,10,251.3,2513.0,2025-07-07 12:05:02.504109
2025-07-07,53963,2025070704004665,HURJA,Secured Securities Ltd.,Deevyaa Securities & Stock House Pvt. Ltd,300,251.4,75420.0,2025-07-07 12:06:08.591457
2025-07-07,52780,2025070704005001,HURJA,Secured Securities Ltd.,Bhrikuti Stock Broking Co. Pvt. Ltd.,200,251.4,50280.0,2025-07-07 12:10:13.463389
2025-07-07,52779,2025070704005002,HURJA,Dynamic Money Managers Securities Pvt. Ltd.,Bhrikuti Stock Broking Co. Pvt. Ltd.,200,251.4,50280.0,2025-07-07 12:10:13.463677
2025-07-07,52778,2025070704005003,HURJA,Sweta Securities Private Limited,Bhrikuti Stock Broking Co. Pvt. Ltd.,600,251.4,150840.0,2025-07-07 12:10:13.463761
2025-07-07,52304,2025070704005136,HURJA,Sundhara Securities Limited,Kohinoor Investment & Securities Pvt. Ltd.,50,252.5,12625.0,2025-07-07 12:12:00.697156
2025-07-07,51944,2025070704005221,HURJA,Sweta Securities Private Limited,Shree Krishna Securities Ltd.,200,251.4,50280.0,2025-07-07 12:13:09.729629
2025-07-07,51943,2025070704005222,HURJA,South Asian Bulls Pvt. Ltd.,Shree Krishna Securities Ltd.,800,251.4,201120.0,2025-07-07 12:13:09.729875
2025-07-07,51896,2025070704005237,HURJA,South Asian Bulls Pvt. Ltd.,Cristal Kanchanjanga Securites Pvt. Ltd.,770,251.4,193578.0,2025-07-07 12:13:19.665819
2025-07-07,51869,2025070704005249,HURJA,South Asian Bulls Pvt. Ltd.,Sewa Securities Pvt. Ltd.,930,251.4,233802.0,2025-07-07 12:13:24.166121
2025-07-07,51868,2025070704005250,HURJA,Malla & Malla Stock Broking Company Pvt. Limited,Sewa Securities Pvt. Ltd.,990,251.3,248787.0,2025-07-07 12:13:24.166170
2025-07-07,51867,2025070704005251,HURJA,Capital Max Securities Ltd,Sewa Securities Pvt. Ltd.,452,251.3,113587.6,2025-07-07 12:13:24.166197
2025-07-07,51866,2025070704005252,HURJA,Premier Securities Company Ltd.,Sewa Securities Pvt. Ltd.,500,251.2,125600.0,2025-07-07 12:13:24.166220
2025-07-07,51865,2025070704005253,HURJA,Malla & Malla Stock Broking Company Pvt. Limited,Sewa Securities Pvt. Ltd.,2000,251.2,502400.0,2025-07-07 12:13:24.166243
2025-07-07,51864,2025070704005254,HURJA,Online Securities Pvt. Ltd.,Sewa Securities Pvt. Ltd.,128,251.0,32128.0,2025-07-07 12:13:24.166267
2025-07-07,51105,2025070704005433,HURJA,Online Securities Pvt. Ltd.,Kohinoor Investment & Securities Pvt. Ltd.,372,251.0,93372.0,2025-07-07 12:16:07.366429
2025-07-07,51104,2025070704005434,HURJA,Aryatara Investment & Securities,Kohinoor Investment & Securities Pvt. Ltd.,69,251.0,17319.0,2025-07-07 12:16:07.366627
2025-07-07,51103,2025070704005435,HURJA,Online Securities Pvt. Ltd.,Kohinoor Investment & Securities Pvt. Ltd.,50,251.0,12550.0,2025-07-07 12:16:07.366715
2025-07-07,51102,2025070704005436,HURJA,Online Securities Pvt. Ltd.,Kohinoor Investment & Securities Pvt. Ltd.,50,251.0,12550.0,2025-07-07 12:16:07.366799
2025-07-07,51101,2025070704005437,HURJA,Secured Securities Ltd.,Kohinoor Investment & Securities Pvt. Ltd.,500,251.0,125500.0,2025-07-07 12:16:07.366882
2025-07-07,51100,2025070704005438,HURJA,Arun Securities (PVT) Ltd.,Kohinoor Investment & Securities Pvt. Ltd.,230,250.9,57707.0,2025-07-07 12:16:07.366966
2025-07-07,51099,2025070704005439,HURJA,Linch Stock Market Ltd.,Kohinoor Investment & Securities Pvt. Ltd.,500,250.8,125400.0,2025-07-07 12:16:07.367049
2025-07-07,51098,2025070704005440,HURJA,Sweta Securities Private Limited,Kohinoor Investment & Securities Pvt. Ltd.,30,250.8,7524.0,2025-07-07 12:16:07.367129
2025-07-07,51097,2025070704005441,HURJA,Linch Stock Market Ltd.,Kohinoor Investment & Securities Pvt. Ltd.,399,250.6,99989.4,2025-07-07 12:16:07.367208
2025-07-07,49858,2025070704005835,HURJA,Secured Securities Ltd.,Arun Securities (PVT) Ltd.,50,251.0,12550.0,2025-07-07 12:21:30.877798
2025-07-07,47693,2025070704006423,HURJA,Naasa Securities Co. Ltd.,Imperial Securities Company Pvt. Ltd.,20,252.0,5040.0,2025-07-07 12:30:46.888627
2025-07-07,46971,2025070704006644,HURJA,Oxford Securities Pvt. Ltd.,Naasa Securities Co. Ltd.,100,251.0,25100.0,2025-07-07 12:33:25.464204
2025-07-07,46969,2025070704006645,HURJA,Malla & Malla Stock Broking Company Pvt. Limited,Naasa Securities Co. Ltd.,200,251.0,50200.0,2025-07-07 12:33:26.629539
2025-07-07,46817,2025070704006699,HURJA,R.B.B. Securities Company Ltd,Naasa Securities Co. Ltd.,160,250.9,40144.0,2025-07-07 12:34:15.115363
2025-07-07,46816,2025070704006700,HURJA,Online Securities Pvt. Ltd.,Naasa Securities Co. Ltd.,128,250.9,32115.2,2025-07-07 12:34:15.115797
2025-07-07,45657,2025070704007009,HURJA,Dynamic Money Managers Securities Pvt. Ltd.,Sani Securities Company Ltd.,300,251.0,75300.0,2025-07-07 12:39:54.798121
2025-07-07,45245,2025070704007129,HURJA,Dynamic Money Managers Securities Pvt. Ltd.,Sani Securities Company Ltd.,500,251.0,125500.0,2025-07-07 12:42:02.938293
2025-07-07,44275,2025070704007419,HURJA,KALASH STOCK MARKET PVT. LTD.,Sani Securities Company Ltd.,20,251.0,5020.0,2025-07-07 12:46:09.351079
2025-07-07,44232,2025070704007434,HURJA,Online Securities Pvt. Ltd.,J.F. Securites (PVT) Ltd.,72,250.9,18064.8,2025-07-07 12:46:19.488526
2025-07-07,44231,2025070704007435,HURJA,Citizens Share Broker Limited,J.F. Securites (PVT) Ltd.,828,250.8,207662.4,2025-07-07 12:46:19.488807
2025-07-07,43397,2025070704007653,HURJA,Citizens Share Broker Limited,J.F. Securites (PVT) Ltd.,50,250.8,12540.0,2025-07-07 12:49:30.994256
2025-07-07,42363,2025070704007934,HURJA,Dipshikha Dhitopatra Karobar Co. Pvt Ltd.,Aakashbhairab Securities Ltd.,50,250.9,12545.0,2025-07-07 12:53:28.231770
2025-07-07,42362,2025070704007935,HURJA,Citizens Share Broker Limited,Aakashbhairab Securities Ltd.,122,250.8,30597.6,2025-07-07 12:53:28.231886
2025-07-07,42361,2025070704007936,HURJA,ABC Securities Private Limited,Aakashbhairab Securities Ltd.,137,250.7,34345.9,2025-07-07 12:53:28.232004
2025-07-07,42360,2025070704007937,HURJA,Linch Stock Market Ltd.,Aakashbhairab Securities Ltd.,101,250.6,25310.6,2025-07-07 12:53:28.232073
2025-07-07,42359,2025070704007938,HURJA,Secured Securities Ltd.,Aakashbhairab Securities Ltd.,500,250.6,125300.0,2025-07-07 12:53:28.232139
2025-07-07,42358,2025070704007939,HURJA,Arun Securities (PVT) Ltd.,Aakashbhairab Securities Ltd.,30,250.6,7518.0,2025-07-07 12:53:28.232207
2025-07-07,42357,2025070704007940,HURJA,Stoxkarts Securities Limited,Aakashbhairab Securities Ltd.,60,250.5,15030.0,2025-07-07 12:53:28.232275
2025-07-07,42306,2025070704007960,HURJA,Stoxkarts Securities Limited,Aakashbhairab Securities Ltd.,1000,250.5,250500.0,2025-07-07 12:53:38.264992
2025-07-07,42203,2025070704007999,HURJA,Stoxkarts Securities Limited,Aakashbhairab Securities Ltd.,740,250.5,185370.0,2025-07-07 12:54:01.338697
2025-07-07,42202,2025070704008000,HURJA,Asian Securities Private Ltd.,Aakashbhairab Securities Ltd.,10,250.5,2505.0,2025-07-07 12:54:01.338808
2025-07-07,42201,2025070704008001,HURJA,Sri Hari Securities Pvt. Ltd.,Aakashbhairab Securities Ltd.,250,250.5,62625.0,2025-07-07 12:54:01.338883
2025-07-07,42150,2025070704008014,HURJA,Sri Hari Securities Pvt. Ltd.,Kohinoor Investment & Securities Pvt. Ltd.,40,250.5,10020.0,2025-07-07 12:54:15.517405
2025-07-07,41552,2025070704008246,HURJA,Naasa Securities Co. Ltd.,Dipshikha Dhitopatra Karobar Co. Pvt Ltd.,20,251.0,5020.0,2025-07-07 12:56:02.629403
2025-07-07,41540,2025070704008252,HURJA,Sri Hari Securities Pvt. Ltd.,Sani Securities Company Ltd.,598,250.5,149799.0,2025-07-07 12:56:03.565559
2025-07-07,40786,2025070704008433,HURJA,KALASH STOCK MARKET PVT. LTD.,Creative Securities Pvt Ltd,50,250.4,12520.0,2025-07-07 12:58:28.655044
2025-07-07,40406,2025070704008571,HURJA,Linch Stock Market Ltd.,ABC Securities Private Limited,400,250.3,100120.0,2025-07-07 12:59:19.502454
2025-07-07,40405,2025070704008572,HURJA,Nabil Stock Dealer Ltd.,ABC Securities Private Limited,1000,250.2,250200.0,2025-07-07 12:59:19.502732
2025-07-07,40404,2025070704008573,HURJA,Malla & Malla Stock Broking Company Pvt. Limited,ABC Securities Private Limited,100,250.2,25020.0,2025-07-07 12:59:19.502844
2025-07-07,40215,2025070704008614,HURJA,Pragyan Securities (PVT) Ltd.,Dipshikha Dhitopatra Karobar Co. Pvt Ltd.,30,251.0,7530.0,2025-07-07 12:59:58.736135
2025-07-07,39747,2025070704008737,HURJA,Pragyan Securities (PVT) Ltd.,Asian Securities Private Ltd.,50,251.0,12550.0,2025-07-07 13:01:23.736367
2025-07-07,39618,2025070704008776,HURJA,Secured Securities Ltd.,Sri Hari Securities Pvt. Ltd.,200,250.3,50060.0,2025-07-07 13:01:44.227337
2025-07-07,39617,2025070704008777,HURJA,Malla & Malla Stock Broking Company Pvt. Limited,Sri Hari Securities Pvt. Ltd.,770,250.2,192654.0,2025-07-07 13:01:44.227415
2025-07-07,39509,2025070704008810,HURJA,Malla & Malla Stock Broking Company Pvt. Limited,Citizens Share Broker Limited,1130,250.2,282726.0,2025-07-07 13:02:01.394888
2025-07-07,39508,2025070704008811,HURJA,Sundhara Securities Limited,Citizens Share Broker Limited,100,250.2,25020.0,2025-07-07 13:02:01.395386
2025-07-07,39507,2025070704008812,HURJA,Online Securities Pvt. Ltd.,Citizens Share Broker Limited,500,250.1,125050.0,2025-07-07 13:02:01.395809
2025-07-07,39506,2025070704008813,HURJA,Sweta Securities Private Limited,Citizens Share Broker Limited,70,250.1,17507.0,2025-07-07 13:02:01.396209
2025-07-07,39505,2025070704008814,HURJA,Primo Securities (PVT) Ltd.,Citizens Share Broker Limited,30,250.1,7503.0,2025-07-07 13:02:01.396633
2025-07-07,39504,2025070704008815,HURJA,Elite Stock House Limited,Citizens Share Broker Limited,500,250.0,125000.0,2025-07-07 13:02:01.397035
2025-07-07,39503,2025070704008816,HURJA,Trishakti Securities Public Limited,Citizens Share Broker Limited,500,250.0,125000.0,2025-07-07 13:02:01.397463
2025-07-07,39502,2025070704008817,HURJA,Kohinoor Investment & Securities Pvt. Ltd.,Citizens Share Broker Limited,100,250.0,25000.0,2025-07-07 13:02:01.397858
2025-07-07,39501,2025070704008818,HURJA,Kohinoor Investment & Securities Pvt. Ltd.,Citizens Share Broker Limited,590,250.0,147500.0,2025-07-07 13:02:01.398269
2025-07-07,39500,2025070704008819,HURJA,Nepal Investment And Securities Trading Private Limited,Citizens Share Broker Limited,75,250.0,18750.0,2025-07-07 13:02:01.398630
2025-07-07,39499,2025070704008820,HURJA,Neev Securities Pvt. Ltd.,Citizens Share Broker Limited,50,250.0,12500.0,2025-07-07 13:02:01.399028
2025-07-07,39498,2025070704008821,HURJA,Investment Management Nepal Pvt. Ltd.,Citizens Share Broker Limited,300,250.0,75000.0,2025-07-07 13:02:01.399418
2025-07-07,39497,2025070704008822,HURJA,KALASH STOCK MARKET PVT. LTD.,Citizens Share Broker Limited,250,250.0,62500.0,2025-07-07 13:02:01.399800
2025-07-07,39496,2025070704008823,HURJA,Sundhara Securities Limited,Citizens Share Broker Limited,15,250.0,3750.0,2025-07-07 13:02:01.400216
2025-07-07,39495,2025070704008824,HURJA,Dakshinkali Investment & Securities Pvt. Ltd.,Citizens Share Broker Limited,500,250.0,125000.0,2025-07-07 13:02:01.400583
2025-07-07,39494,2025070704008825,HURJA,Naasa Securities Co. Ltd.,Citizens Share Broker Limited,500,250.0,125000.0,2025-07-07 13:02:01.400928
2025-07-07,39493,2025070704008826,HURJA,Trishakti Securities Public Limited,Citizens Share Broker Limited,40,250.0,10000.0,2025-07-07 13:02:01.401310
2025-07-07,39492,2025070704008827,HURJA,Primo Securities (PVT) Ltd.,Citizens Share Broker Limited,900,250.0,225000.0,2025-07-07 13:02:01.401711
2025-07-07,39491,2025070704008828,HURJA,Dipshikha Dhitopatra Karobar Co. Pvt Ltd.,Citizens Share Broker Limited,1000,250.0,250000.0,2025-07-07 13:02:01.402082
2025-07-07,39490,2025070704008829,HURJA,Trisul Securities & Invt. Ltd.,Citizens Share Broker Limited,1975,250.0,493750.0,2025-07-07 13:02:01.402498
2025-07-07,39489,2025070704008830,HURJA,Vision Securities Pvt. Ltd,Citizens Share Broker Limited,200,250.0,50000.0,2025-07-07 13:02:01.402862
2025-07-07,39488,2025070704008831,HURJA,Sani Securities Company Ltd.,Citizens Share Broker Limited,80,250.0,20000.0,2025-07-07 13:02:01.403183
2025-07-07,39487,2025070704008832,HURJA,Ashutosh Brokerage & Securities (PVT) Ltd.,Citizens Share Broker Limited,1000,250.0,250000.0,2025-07-07 13:02:01.403565
2025-07-07,39486,2025070704008833,HURJA,Imperial Securities Company Pvt. Ltd.,Citizens Share Broker Limited,10,250.0,2500.0,2025-07-07 13:02:01.403939
2025-07-07,39485,2025070704008834,HURJA,Sharepro Securities Private Limited,Citizens Share Broker Limited,1000,250.0,250000.0,2025-07-07 13:02:01.404333
2025-07-07,39312,2025070704008875,HURJA,Shree Krishna Securities Ltd.,Sani Securities Company Ltd.,160,250.0,40000.0,2025-07-07 13:02:46.207296
2025-07-07,39311,2025070704008876,HURJA,Aryatara Investment & Securities,Sani Securities Company Ltd.,157,250.0,39250.0,2025-07-07 13:02:46.207718
2025-07-07,39310,2025070704008877,HURJA,Ashutosh Brokerage & Securities (PVT) Ltd.,Sani Securities Company Ltd.,50,250.0,12500.0,2025-07-07 13:02:46.207978
2025-07-07,37847,2025070704009342,HURJA,Online Securities Pvt. Ltd.,Bhrikuti Stock Broking Co. Pvt. Ltd.,27,250.1,6752.7,2025-07-07 13:07:29.029161
2025-07-07,37846,2025070704009343,HURJA,KALASH STOCK MARKET PVT. LTD.,Bhrikuti Stock Broking Co. Pvt. Ltd.,100,250.0,25000.0,2025-07-07 13:07:29.029436
2025-07-07,37845,2025070704009344,HURJA,Investment Management Nepal Pvt. Ltd.,Bhrikuti Stock Broking Co. Pvt. Ltd.,100,250.0,25000.0,2025-07-07 13:07:29.029557
2025-07-07,37844,2025070704009345,HURJA,Market Securities & Exchange (PVT) Ltd.,Bhrikuti Stock Broking Co. Pvt. Ltd.,50,250.0,12500.0,2025-07-07 13:07:29.029652
2025-07-07,37843,2025070704009346,HURJA,Shree Krishna Securities Ltd.,Bhrikuti Stock Broking Co. Pvt. Ltd.,20,250.0,5000.0,2025-07-07 13:07:29.029743
2025-07-07,37650,2025070704009416,HURJA,Siprabi Securities Pvt. Ltd.,Asian Securities Private Ltd.,60,251.0,15060.0,2025-07-07 13:07:59.573388
2025-07-07,37115,2025070704009566,HURJA,Market Securities & Exchange (PVT) Ltd.,Imperial Securities Company Pvt. Ltd.,50,250.1,12505.0,2025-07-07 13:09:35.251098
2025-07-07,37008,2025070704009607,HURJA,Sundhara Securities Limited,Kumari Securities Private Limited,200,250.0,50000.0,2025-07-07 13:09:56.487747
2025-07-07,36934,2025070704009623,HURJA,ABC Securities Private Limited,Dipshikha Dhitopatra Karobar Co. Pvt Ltd.,30,250.0,7500.0,2025-07-07 13:10:09.671756
2025-07-07,36612,2025070704009807,HURJA,ABC Securities Private Limited,Online Securities Pvt. Ltd.,970,250.0,242500.0,2025-07-07 13:11:08.715217
2025-07-07,36611,2025070704009808,HURJA,Sundhara Securities Limited,Online Securities Pvt. Ltd.,200,250.0,50000.0,2025-07-07 13:11:08.715494
2025-07-07,36610,2025070704009809,HURJA,Malla & Malla Stock Broking Company Pvt. Limited,Online Securities Pvt. Ltd.,700,250.0,175000.0,2025-07-07 13:11:08.715629
2025-07-07,36299,2025070704009929,HURJA,Asian Securities Private Ltd.,Vision Securities Pvt. Ltd,1421,250.0,355250.0,2025-07-07 13:11:58.313900
2025-07-07,35967,2025070704010015,HURJA,Asian Securities Private Ltd.,Vision Securities Pvt. Ltd,100,250.0,25000.0,2025-07-07 13:13:23.185045
2025-07-07,33883,2025070704010638,HURJA,Aryatara Investment & Securities,J.F. Securites (PVT) Ltd.,49,250.0,12250.0,2025-07-07 13:21:23.889209
2025-07-07,33882,2025070704010639,HURJA,Ashutosh Brokerage & Securities (PVT) Ltd.,J.F. Securites (PVT) Ltd.,21,250.0,5250.0,2025-07-07 13:21:23.889522
2025-07-07,33700,2025070704010684,HURJA,Secured Securities Ltd.,J.F. Securites (PVT) Ltd.,10,249.9,2499.0,2025-07-07 13:22:03.134226
2025-07-07,33621,2025070704010700,HURJA,Trisul Securities & Invt. Ltd.,Sumeru Securities Pvt. Ltd.,10,250.0,2500.0,2025-07-07 13:22:25.042745
2025-07-07,32736,2025070704011002,HURJA,Trisul Securities & Invt. Ltd.,Imperial Securities Company Pvt. Ltd.,10,250.0,2500.0,2025-07-07 13:25:58.314883
2025-07-07,32735,2025070704011003,HURJA,Sani Securities Company Ltd.,Imperial Securities Company Pvt. Ltd.,100,250.0,25000.0,2025-07-07 13:25:58.315206
2025-07-07,32659,2025070704011012,HURJA,Kumari Securities Private Limited,Aryatara Investment & Securities,100,250.0,25000.0,2025-07-07 13:26:08.711443
2025-07-07,32653,2025070704011015,HURJA,Nepal Stock House (PVT) Ltd.,Aryatara Investment & Securities,500,250.0,125000.0,2025-07-07 13:26:12.857619
2025-07-07,32508,2025070704011074,HURJA,ABC Securities Private Limited,Aryatara Investment & Securities,200,250.0,50000.0,2025-07-07 13:26:41.242618
2025-07-07,32363,2025070704011098,HURJA,Secured Securities Ltd.,Trishakti Securities Public Limited,300,249.9,74970.0,2025-07-07 13:27:05.311528
2025-07-07,32258,2025070704011139,HURJA,Secured Securities Ltd.,Secured Securities Ltd.,20,249.9,4998.0,2025-07-07 13:27:20.104527
2025-07-07,32257,2025070704011140,HURJA,South Asian Bulls Pvt. Ltd.,Secured Securities Ltd.,900,249.8,224820.0,2025-07-07 13:27:20.104792
2025-07-07,32256,2025070704011141,HURJA,Stoxkarts Securities Limited,Secured Securities Ltd.,1080,249.7,269676.0,2025-07-07 13:27:20.104909
2025-07-07,31906,2025070704011242,HURJA,Vision Securities Pvt. Ltd,Secured Securities Ltd.,30,249.8,7494.0,2025-07-07 13:28:51.927190
2025-07-07,31905,2025070704011243,HURJA,Primo Securities (PVT) Ltd.,Secured Securities Ltd.,100,249.8,24980.0,2025-07-07 13:28:51.927478
2025-07-07,31904,2025070704011244,HURJA,Stoxkarts Securities Limited,Secured Securities Ltd.,270,249.7,67419.0,2025-07-07 13:28:51.927598
2025-07-07,30325,2025070704011839,HURJA,Nepal Stock House (PVT) Ltd.,Bhrikuti Stock Broking Co. Pvt. Ltd.,50,249.8,12490.0,2025-07-07 13:36:18.106420
2025-07-07,30324,2025070704011840,HURJA,Online Securities Pvt. Ltd.,Bhrikuti Stock Broking Co. Pvt. Ltd.,400,249.8,99920.0,2025-07-07 13:36:18.106683
2025-07-07,30323,2025070704011841,HURJA,Kalika Securities Pvt. Ltd.,Bhrikuti Stock Broking Co. Pvt. Ltd.,100,249.8,24980.0,2025-07-07 13:36:18.106808
2025-07-07,30322,2025070704011842,HURJA,Stoxkarts Securities Limited,Bhrikuti Stock Broking Co. Pvt. Ltd.,450,249.7,112365.0,2025-07-07 13:36:18.106918
2025-07-07,30321,2025070704011843,HURJA,Aryatara Investment & Securities,Bhrikuti Stock Broking Co. Pvt. Ltd.,100,249.6,24960.0,2025-07-07 13:36:18.107035
2025-07-07,30298,2025070704011855,HURJA,Secured Securities Ltd.,Aryatara Investment & Securities,200,250.0,50000.0,2025-07-07 13:36:27.227803
2025-07-07,29802,2025070704012004,HURJA,Dakshinkali Investment & Securities Pvt. Ltd.,Naasa Securities Co. Ltd.,100,250.0,25000.0,2025-07-07 13:38:44.234632
2025-07-07,29581,2025070704012062,HURJA,Kalika Securities Pvt. Ltd.,Naasa Securities Co. Ltd.,30,250.7,7521.0,2025-07-07 13:39:39.646260
2025-07-07,29502,2025070704012086,HURJA,Investment Management Nepal Pvt. Ltd.,Online Securities Pvt. Ltd.,35,250.0,8750.0,2025-07-07 13:39:58.420368
2025-07-07,28971,2025070704012193,HURJA,Investment Management Nepal Pvt. Ltd.,Vision Securities Pvt. Ltd,100,250.0,25000.0,2025-07-07 13:41:42.198766
2025-07-07,28783,2025070704012232,HURJA,Investment Management Nepal Pvt. Ltd.,Capital Max Securities Ltd,100,250.0,25000.0,2025-07-07 13:42:34.452644
2025-07-07,28782,2025070704012233,HURJA,Trishakti Securities Public Limited,Capital Max Securities Ltd,100,250.0,25000.0,2025-07-07 13:42:34.452918
2025-07-07,28661,2025070704012250,HURJA,Aryatara Investment & Securities,Sundhara Securities Limited,200,250.1,50020.0,2025-07-07 13:42:59.219606
2025-07-07,28660,2025070704012251,HURJA,ABC Securities Private Limited,Sundhara Securities Limited,10,250.0,2500.0,2025-07-07 13:42:59.219973
2025-07-07,28659,2025070704012252,HURJA,Capital Max Securities Ltd,Sundhara Securities Limited,700,249.9,174930.0,2025-07-07 13:42:59.220154
2025-07-07,28658,2025070704012253,HURJA,Aryatara Investment & Securities,Sundhara Securities Limited,100,249.9,24990.0,2025-07-07 13:42:59.220349
2025-07-07,28657,2025070704012254,HURJA,Sumeru Securities Pvt. Ltd.,Sundhara Securities Limited,100,249.8,24980.0,2025-07-07 13:42:59.220601
2025-07-07,28656,2025070704012255,HURJA,Shree Krishna Securities Ltd.,Sundhara Securities Limited,20,249.8,4996.0,2025-07-07 13:42:59.220765
2025-07-07,28578,2025070704012271,HURJA,ABC Securities Private Limited,Sundhara Securities Limited,1000,249.8,249800.0,2025-07-07 13:43:21.523043
2025-07-07,28549,2025070704012277,HURJA,Sani Securities Company Ltd.,Sundhara Securities Limited,400,249.7,99880.0,2025-07-07 13:43:28.380117
2025-07-07,28548,2025070704012278,HURJA,Sunrise Securities Limited,Sundhara Securities Limited,500,249.7,124850.0,2025-07-07 13:43:28.380407
2025-07-07,28547,2025070704012279,HURJA,Aryatara Investment & Securities,Sundhara Securities Limited,900,249.6,224640.0,2025-07-07 13:43:28.380525
2025-07-07,28546,2025070704012280,HURJA,Premier Securities Company Ltd.,Sundhara Securities Limited,70,249.5,17465.0,2025-07-07 13:43:28.380639
2025-07-07,28356,2025070704012359,HURJA,Sunrise Securities Limited,Sundhara Securities Limited,870,249.8,217326.0,2025-07-07 13:44:18.574795
2025-07-07,28355,2025070704012360,HURJA,Premier Securities Company Ltd.,Sundhara Securities Limited,130,249.5,32435.0,2025-07-07 13:44:18.575051
2025-07-07,28354,2025070704012361,HURJA,Agrawal Securities (PVT) Ltd.,Sundhara Securities Limited,20,249.5,4990.0,2025-07-07 13:44:18.575167
2025-07-07,28353,2025070704012362,HURJA,Kohinoor Investment & Securities Pvt. Ltd.,Sundhara Securities Limited,500,249.5,124750.0,2025-07-07 13:44:18.575276
2025-07-07,28352,2025070704012363,HURJA,Bhrikuti Stock Broking Co. Pvt. Ltd.,Sundhara Securities Limited,100,249.5,24950.0,2025-07-07 13:44:18.575389
2025-07-07,28351,2025070704012364,HURJA,Cristal Kanchanjanga Securites Pvt. Ltd.,Sundhara Securities Limited,10,249.4,2494.0,2025-07-07 13:44:18.575501
2025-07-07,28350,2025070704012365,HURJA,Cristal Kanchanjanga Securites Pvt. Ltd.,Sundhara Securities Limited,10,249.3,2493.0,2025-07-07 13:44:18.575611
2025-07-07,28349,2025070704012366,HURJA,Oxford Securities Pvt. Ltd.,Sundhara Securities Limited,100,249.1,24910.0,2025-07-07 13:44:18.575718
2025-07-07,28348,2025070704012367,HURJA,Nepal Stock House (PVT) Ltd.,Sundhara Securities Limited,50,249.1,12455.0,2025-07-07 13:44:18.575843
2025-07-07,28347,2025070704012368,HURJA,Market Securities & Exchange (PVT) Ltd.,Sundhara Securities Limited,50,249.1,12455.0,2025-07-07 13:44:18.575950
2025-07-07,28346,2025070704012369,HURJA,Stoxkarts Securities Limited,Sundhara Securities Limited,1160,249.1,288956.0,2025-07-07 13:44:18.576064
2025-07-07,27358,2025070704012699,HURJA,Sani Securities Company Ltd.,Capital Max Securities Ltd,80,250.6,20048.0,2025-07-07 13:49:06.039826
2025-07-07,27325,2025070704012713,HURJA,Aryatara Investment & Securities,Pragyan Securities (PVT) Ltd.,55,249.6,13728.0,2025-07-07 13:49:21.823982
2025-07-07,27324,2025070704012714,HURJA,Online Securities Pvt. Ltd.,Pragyan Securities (PVT) Ltd.,440,249.6,109824.0,2025-07-07 13:49:21.824537
2025-07-07,26861,2025070704012845,HURJA,Midas Stock Broking Company Private Limited,Naasa Securities Co. Ltd.,50,250.0,12500.0,2025-07-07 13:51:06.071617
2025-07-07,26860,2025070704012846,HURJA,Online Securities Pvt. Ltd.,Naasa Securities Co. Ltd.,50,250.0,12500.0,2025-07-07 13:51:06.071909
2025-07-07,26859,2025070704012847,HURJA,Nepal Stock House (PVT) Ltd.,Naasa Securities Co. Ltd.,350,250.0,87500.0,2025-07-07 13:51:06.072024
2025-07-07,26562,2025070704012956,HURJA,Aryatara Investment & Securities,Market Securities & Exchange (PVT) Ltd.,66,250.0,16500.0,2025-07-07 13:52:16.877121
2025-07-07,26251,2025070704013009,HURJA,Online Securities Pvt. Ltd.,Dipshikha Dhitopatra Karobar Co. Pvt Ltd.,60,249.6,14976.0,2025-07-07 13:53:17.678857
2025-07-07,26250,2025070704013010,HURJA,Capital Max Securities Ltd,Dipshikha Dhitopatra Karobar Co. Pvt Ltd.,940,249.6,234624.0,2025-07-07 13:53:17.679004
2025-07-07,25941,2025070704013142,HURJA,Vision Securities Pvt. Ltd,Himalayan Securities Limited,30,250.0,7500.0,2025-07-07 13:54:27.353737
2025-07-07,25940,2025070704013143,HURJA,Capital Max Securities Ltd,Himalayan Securities Limited,690,249.6,172224.0,2025-07-07 13:54:27.354032
2025-07-07,25939,2025070704013144,HURJA,Oxford Securities Pvt. Ltd.,Himalayan Securities Limited,164,249.6,40934.4,2025-07-07 13:54:27.354150
2025-07-07,25938,2025070704013145,HURJA,Aryatara Investment & Securities,Himalayan Securities Limited,1000,249.6,249600.0,2025-07-07 13:54:27.354263
2025-07-07,25937,2025070704013146,HURJA,Linch Stock Market Ltd.,Himalayan Securities Limited,500,249.5,124750.0,2025-07-07 13:54:27.354400
2025-07-07,25936,2025070704013147,HURJA,Vision Securities Pvt. Ltd,Himalayan Securities Limited,500,249.5,124750.0,2025-07-07 13:54:27.354620
2025-07-07,25935,2025070704013148,HURJA,Sumeru Securities Pvt. Ltd.,Himalayan Securities Limited,80,249.2,19936.0,2025-07-07 13:54:27.354795
2025-07-07,25934,2025070704013149,HURJA,Sunrise Securities Limited,Himalayan Securities Limited,2000,249.2,498400.0,2025-07-07 13:54:27.354938
2025-07-07,25933,2025070704013150,HURJA,Stoxkarts Securities Limited,Himalayan Securities Limited,36,249.1,8967.6,2025-07-07 13:54:27.355099
2025-07-07,25849,2025070704013173,HURJA,Stoxkarts Securities Limited,Naasa Securities Co. Ltd.,10,249.1,2491.0,2025-07-07 13:54:45.348974
2025-07-07,25672,2025070704013238,HURJA,Blue Chip Securities Ltd,ABC Securities Private Limited,990,250.4,247896.0,2025-07-07 13:55:30.494943
2025-07-07,25671,2025070704013239,HURJA,Blue Chip Securities Ltd,Kohinoor Investment & Securities Pvt. Ltd.,1900,250.5,475950.0,2025-07-07 13:55:30.494998
2025-07-07,25670,2025070704013240,HURJA,Blue Chip Securities Ltd,Capital Max Securities Ltd,705,250.6,176673.0,2025-07-07 13:55:30.495030
2025-07-07,25669,2025070704013241,HURJA,Blue Chip Securities Ltd,Oxford Securities Pvt. Ltd.,1000,250.6,250600.0,2025-07-07 13:55:30.495056
2025-07-07,25668,2025070704013242,HURJA,Blue Chip Securities Ltd,Naasa Securities Co. Ltd.,405,250.7,101533.5,2025-07-07 13:55:30.495100
2025-07-07,25615,2025070704013260,HURJA,Aryatara Investment & Securities,Naasa Securities Co. Ltd.,900,249.6,224640.0,2025-07-07 13:55:43.317501
2025-07-07,24882,2025070704013482,HURJA,Aryatara Investment & Securities,Kohinoor Investment & Securities Pvt. Ltd.,100,249.6,24960.0,2025-07-07 13:58:09.049844
2025-07-07,24759,2025070704013503,HURJA,Sani Securities Company Ltd.,Kohinoor Investment & Securities Pvt. Ltd.,34,249.6,8486.4,2025-07-07 13:58:36.527470
2025-07-07,24565,2025070704013554,HURJA,Sani Securities Company Ltd.,Dynamic Money Managers Securities Pvt. Ltd.,766,249.7,191270.2,2025-07-07 13:59:26.497857
2025-07-07,24494,2025070704013565,HURJA,Primo Securities (PVT) Ltd.,Imperial Securities Company Pvt. Ltd.,2000,249.2,498400.0,2025-07-07 13:59:48.213031
2025-07-07,23095,2025070704014022,HURJA,Blue Chip Securities Ltd,Sundhara Securities Limited,1000,249.3,249300.0,2025-07-07 14:06:15.382417
2025-07-07,22635,2025070704014145,HURJA,Trishakti Securities Public Limited,Dynamic Money Managers Securities Pvt. Ltd.,234,249.7,58429.8,2025-07-07 14:08:37.884591
2025-07-07,22634,2025070704014146,HURJA,Trishakti Securities Public Limited,Nepal Stock House (PVT) Ltd.,2000,250.0,500000.0,2025-07-07 14:08:37.884864
2025-07-07,22633,2025070704014147,HURJA,Trishakti Securities Public Limited,Nepal Stock House (PVT) Ltd.,2000,250.0,500000.0,2025-07-07 14:08:37.884983
2025-07-07,22632,2025070704014148,HURJA,Trishakti Securities Public Limited,Secured Securities Ltd.,59,250.0,14750.0,2025-07-07 14:08:37.885099
2025-07-07,22631,2025070704014149,HURJA,Trishakti Securities Public Limited,Himalayan Brokerage Company Limited,150,250.0,37500.0,2025-07-07 14:08:37.885216
2025-07-07,22386,2025070704014227,HURJA,Trishakti Securities Public Limited,Trisul Securities & Invt. Ltd.,500,250.0,125000.0,2025-07-07 14:09:45.780718
2025-07-07,22168,2025070704014278,HURJA,Trishakti Securities Public Limited,Creative Securities Pvt Ltd,57,250.0,14250.0,2025-07-07 14:10:56.409981
2025-07-07,21540,2025070704014449,HURJA,Ashutosh Brokerage & Securities (PVT) Ltd.,Kohinoor Investment & Securities Pvt. Ltd.,10,250.3,2503.0,2025-07-07 14:14:08.977507
2025-07-07,21220,2025070704014531,HURJA,Secured Securities Ltd.,Linch Stock Market Ltd.,150,250.0,37500.0,2025-07-07 14:15:37.721256
2025-07-07,21219,2025070704014532,HURJA,Secured Securities Ltd.,KALASH STOCK MARKET PVT. LTD.,100,250.0,25000.0,2025-07-07 14:15:37.721819
2025-07-07,20986,2025070704014633,HURJA,Secured Securities Ltd.,KALASH STOCK MARKET PVT. LTD.,18,250.0,4500.0,2025-07-07 14:16:35.057600
2025-07-07,19774,2025070704015130,HURJA,Trademow Securities Private Limited,Deevyaa Securities & Stock House Pvt. Ltd,300,249.5,74850.0,2025-07-07 14:21:19.971531
2025-07-07,19773,2025070704015131,HURJA,Dipshikha Dhitopatra Karobar Co. Pvt Ltd.,Deevyaa Securities & Stock House Pvt. Ltd,225,249.3,56092.5,2025-07-07 14:21:19.972074
2025-07-07,19772,2025070704015132,HURJA,Sani Securities Company Ltd.,Deevyaa Securities & Stock House Pvt. Ltd,200,249.3,49860.0,2025-07-07 14:21:19.972532
2025-07-07,19771,2025070704015133,HURJA,KALASH STOCK MARKET PVT. LTD.,Deevyaa Securities & Stock House Pvt. Ltd,100,249.3,24930.0,2025-07-07 14:21:19.973031
2025-07-07,19770,2025070704015134,HURJA,Primo Securities (PVT) Ltd.,Deevyaa Securities & Stock House Pvt. Ltd,100,249.3,24930.0,2025-07-07 14:21:19.973436
2025-07-07,19769,2025070704015135,HURJA,Imperial Securities Company Pvt. Ltd.,Deevyaa Securities & Stock House Pvt. Ltd,1000,249.2,249200.0,2025-07-07 14:21:19.973626
2025-07-07,19768,2025070704015136,HURJA,Online Securities Pvt. Ltd.,Deevyaa Securities & Stock House Pvt. Ltd,100,249.2,24920.0,2025-07-07 14:21:19.973800
2025-07-07,19767,2025070704015137,HURJA,Malla & Malla Stock Broking Company Pvt. Limited,Deevyaa Securities & Stock House Pvt. Ltd,2000,249.2,498400.0,2025-07-07 14:21:19.973954
2025-07-07,19766,2025070704015138,HURJA,Stoxkarts Securities Limited,Deevyaa Securities & Stock House Pvt. Ltd,194,249.1,48325.4,2025-07-07 14:21:19.974101
2025-07-07,19765,2025070704015139,HURJA,Naasa Securities Co. Ltd.,Deevyaa Securities & Stock House Pvt. Ltd,715,249.1,178106.5,2025-07-07 14:21:19.974221
2025-07-07,19764,2025070704015140,HURJA,Naasa Securities Co. Ltd.,Deevyaa Securities & Stock House Pvt. Ltd,200,249.1,49820.0,2025-07-07 14:21:19.974379
2025-07-07,19763,2025070704015141,HURJA,Trisul Securities & Invt. Ltd.,Deevyaa Securities & Stock House Pvt. Ltd,50,249.1,12455.0,2025-07-07 14:21:19.974553
2025-07-07,19762,2025070704015142,HURJA,ABC Securities Private Limited,Deevyaa Securities & Stock House Pvt. Ltd,1000,249.1,249100.0,2025-07-07 14:21:19.974708
2025-07-07,19761,2025070704015143,HURJA,Sani Securities Company Ltd.,Deevyaa Securities & Stock House Pvt. Ltd,180,249.0,44820.0,2025-07-07 14:21:19.974864
2025-07-07,19760,2025070704015144,HURJA,Trishakti Securities Public Limited,Deevyaa Securities & Stock House Pvt. Ltd,500,249.0,124500.0,2025-07-07 14:21:19.975004
2025-07-07,19759,2025070704015145,HURJA,Deevyaa Securities & Stock House Pvt. Ltd,Deevyaa Securities & Stock House Pvt. Ltd,300,249.0,74700.0,2025-07-07 14:21:19.975121
2025-07-07,19758,2025070704015146,HURJA,Siprabi Securities Pvt. Ltd.,Deevyaa Securities & Stock House Pvt. Ltd,50,249.0,12450.0,2025-07-07 14:21:19.975238
2025-07-07,19757,2025070704015147,HURJA,Sundhara Securities Limited,Deevyaa Securities & Stock House Pvt. Ltd,500,249.0,124500.0,2025-07-07 14:21:19.975423
2025-07-07,19756,2025070704015148,HURJA,Imperial Securities Company Pvt. Ltd.,Deevyaa Securities & Stock House Pvt. Ltd,286,249.0,71214.0,2025-07-07 14:21:19.975587
2025-07-07,19300,2025070704015291,HURJA,Imperial Securities Company Pvt. Ltd.,South Asian Bulls Pvt. Ltd.,214,249.0,53286.0,2025-07-07 14:22:38.874106
2025-07-07,19299,2025070704015292,HURJA,Sweta Securities Private Limited,South Asian Bulls Pvt. Ltd.,136,249.0,33864.0,2025-07-07 14:22:38.874647
2025-07-07,18701,2025070704015501,HURJA,Pragyan Securities (PVT) Ltd.,Capital Max Securities Ltd,100,249.2,24920.0,2025-07-07 14:24:22.824744
2025-07-07,18700,2025070704015502,HURJA,Secured Securities Ltd.,Capital Max Securities Ltd,500,249.1,124550.0,2025-07-07 14:24:22.824792
2025-07-07,18699,2025070704015503,HURJA,Sweta Securities Private Limited,Capital Max Securities Ltd,164,249.0,40836.0,2025-07-07 14:24:22.824818
2025-07-07,18698,2025070704015504,HURJA,Malla & Malla Stock Broking Company Pvt. Limited,Capital Max Securities Ltd,100,249.0,24900.0,2025-07-07 14:24:22.824849
2025-07-07,18697,2025070704015505,HURJA,Trisul Securities & Invt. Ltd.,Capital Max Securities Ltd,400,249.0,99600.0,2025-07-07 14:24:22.824873
2025-07-07,18696,2025070704015506,HURJA,Bhrikuti Stock Broking Co. Pvt. Ltd.,Capital Max Securities Ltd,236,249.0,58764.0,2025-07-07 14:24:22.824902
2025-07-07,18221,2025070704015708,HURJA,Sunrise Securities Limited,Sri Hari Securities Pvt. Ltd.,2000,249.2,498400.0,2025-07-07 14:25:33.688780
2025-07-07,17535,2025070704015945,HURJA,Premier Securities Company Ltd.,Kalika Securities Pvt. Ltd.,500,249.1,124550.0,2025-07-07 14:27:20.466519
2025-07-07,17379,2025070704016029,HURJA,Secured Securities Ltd.,Kalika Securities Pvt. Ltd.,100,249.1,24910.0,2025-07-07 14:27:39.491198
2025-07-07,16747,2025070704016249,HURJA,Imperial Securities Company Pvt. Ltd.,Sri Hari Securities Pvt. Ltd.,500,249.1,124550.0,2025-07-07 14:29:18.310644
2025-07-07,16746,2025070704016250,HURJA,Bhrikuti Stock Broking Co. Pvt. Ltd.,Sri Hari Securities Pvt. Ltd.,764,249.0,190236.0,2025-07-07 14:29:18.311040
2025-07-07,16745,2025070704016251,HURJA,Vision Securities Pvt. Ltd,Sri Hari Securities Pvt. Ltd.,200,249.0,49800.0,2025-07-07 14:29:18.311511
2025-07-07,16744,2025070704016252,HURJA,Bhrikuti Stock Broking Co. Pvt. Ltd.,Sri Hari Securities Pvt. Ltd.,200,249.0,49800.0,2025-07-07 14:29:18.311959
2025-07-07,16743,2025070704016253,HURJA,Market Securities & Exchange (PVT) Ltd.,Sri Hari Securities Pvt. Ltd.,50,249.0,12450.0,2025-07-07 14:29:18.312413
2025-07-07,16742,2025070704016254,HURJA,Stoxkarts Securities Limited,Sri Hari Securities Pvt. Ltd.,500,249.0,124500.0,2025-07-07 14:29:18.312865
2025-07-07,16741,2025070704016255,HURJA,Secured Securities Ltd.,Sri Hari Securities Pvt. Ltd.,150,249.0,37350.0,2025-07-07 14:29:18.313267
2025-07-07,16740,2025070704016256,HURJA,Shree Krishna Securities Ltd.,Sri Hari Securities Pvt. Ltd.,20,249.0,4980.0,2025-07-07 14:29:18.313719
2025-07-07,16739,2025070704016257,HURJA,Linch Stock Market Ltd.,Sri Hari Securities Pvt. Ltd.,616,249.0,153384.0,2025-07-07 14:29:18.314135
2025-07-07,16257,2025070704016417,HURJA,Vision Securities Pvt. Ltd,Nepal Investment And Securities Trading Private Limited,100,249.2,24920.0,2025-07-07 14:30:35.377952
2025-07-07,16256,2025070704016418,HURJA,South Asian Bulls Pvt. Ltd.,Nepal Investment And Securities Trading Private Limited,200,249.1,49820.0,2025-07-07 14:30:35.378227
2025-07-07,16255,2025070704016419,HURJA,Linch Stock Market Ltd.,Nepal Investment And Securities Trading Private Limited,384,249.0,95616.0,2025-07-07 14:30:35.378366
2025-07-07,16254,2025070704016420,HURJA,Naasa Securities Co. Ltd.,Nepal Investment And Securities Trading Private Limited,240,249.0,59760.0,2025-07-07 14:30:35.378484
2025-07-07,16253,2025070704016421,HURJA,pahiinvestment,Nepal Investment And Securities Trading Private Limited,76,249.0,18924.0,2025-07-07 14:30:35.378600
2025-07-07,16064,2025070704016494,HURJA,pahiinvestment,Sumeru Securities Pvt. Ltd.,149,249.0,37101.0,2025-07-07 14:31:03.563136
2025-07-07,16063,2025070704016495,HURJA,Arun Securities (PVT) Ltd.,Sumeru Securities Pvt. Ltd.,851,249.0,211899.0,2025-07-07 14:31:03.563470
2025-07-07,15770,2025070704016624,HURJA,Arun Securities (PVT) Ltd.,Vision Securities Pvt. Ltd,149,249.0,37101.0,2025-07-07 14:31:47.974615
2025-07-07,15769,2025070704016625,HURJA,Nepal Investment And Securities Trading Private Limited,Vision Securities Pvt. Ltd,51,249.0,12699.0,2025-07-07 14:31:47.974923
2025-07-07,15585,2025070704016695,HURJA,Nepal Investment And Securities Trading Private Limited,Vision Securities Pvt. Ltd,30,249.0,7470.0,2025-07-07 14:32:13.201653
2025-07-07,14661,2025070704016999,HURJA,Nepal Investment And Securities Trading Private Limited,Sundhara Securities Limited,314,249.0,78186.0,2025-07-07 14:34:19.520408
2025-07-07,14660,2025070704017000,HURJA,Online Securities Pvt. Ltd.,Sundhara Securities Limited,10,249.0,2490.0,2025-07-07 14:34:19.520671
2025-07-07,14659,2025070704017001,HURJA,Linch Stock Market Ltd.,Sundhara Securities Limited,10,249.0,2490.0,2025-07-07 14:34:19.520849
2025-07-07,14545,2025070704017053,HURJA,Neev Securities Pvt. Ltd.,Sundhara Securities Limited,66,249.0,16434.0,2025-07-07 14:34:35.062970
2025-07-07,14544,2025070704017054,HURJA,Neev Securities Pvt. Ltd.,Vision Securities Pvt. Ltd,149,249.6,37190.4,2025-07-07 14:34:35.063222
2025-07-07,14541,2025070704017055,HURJA,N.M.B. SECURITIES LIMITED,Sagarmatha Securities Private Limited,500,248.5,124250.0,2025-07-07 14:34:35.598218
2025-07-07,14540,2025070704017056,HURJA,Pragyan Securities (PVT) Ltd.,Sagarmatha Securities Private Limited,100,248.4,24840.0,2025-07-07 14:34:35.598512
2025-07-07,14539,2025070704017057,HURJA,Kalika Securities Pvt. Ltd.,Sagarmatha Securities Private Limited,200,248.4,49680.0,2025-07-07 14:34:35.598658
2025-07-07,14538,2025070704017058,HURJA,Nepal Stock House (PVT) Ltd.,Sagarmatha Securities Private Limited,50,248.4,12420.0,2025-07-07 14:34:35.598771
2025-07-07,14537,2025070704017059,HURJA,Vision Securities Pvt. Ltd,Sagarmatha Securities Private Limited,150,248.2,37230.0,2025-07-07 14:34:35.598966
2025-07-07,13719,2025070704017346,HURJA,Vision Securities Pvt. Ltd,Citizens Share Broker Limited,350,248.2,86870.0,2025-07-07 14:36:15.653440
2025-07-07,13718,2025070704017347,HURJA,Linch Stock Market Ltd.,Citizens Share Broker Limited,500,248.2,124100.0,2025-07-07 14:36:15.653542
2025-07-07,13717,2025070704017348,HURJA,Kohinoor Investment & Securities Pvt. Ltd.,Citizens Share Broker Limited,200,248.2,49640.0,2025-07-07 14:36:15.653572
2025-07-07,13716,2025070704017349,HURJA,Midas Stock Broking Company Private Limited,Citizens Share Broker Limited,220,248.1,54582.0,2025-07-07 14:36:15.653598
2025-07-07,13715,2025070704017350,HURJA,Nepal Investment And Securities Trading Private Limited,Citizens Share Broker Limited,729,248.1,180864.9,2025-07-07 14:36:15.653622
2025-07-07,13633,2025070704017371,HURJA,Nepal Investment And Securities Trading Private Limited,South Asian Bulls Pvt. Ltd.,110,248.1,27291.0,2025-07-07 14:36:31.337039
2025-07-07,13490,2025070704017405,HURJA,Nepal Investment And Securities Trading Private Limited,NIMB Stock Markets Limited,161,248.1,39944.1,2025-07-07 14:36:58.928911
2025-07-07,13489,2025070704017406,HURJA,Market Securities & Exchange (PVT) Ltd.,NIMB Stock Markets Limited,200,248.0,49600.0,2025-07-07 14:36:58.929198
2025-07-07,13488,2025070704017407,HURJA,Siprabi Securities Pvt. Ltd.,NIMB Stock Markets Limited,50,248.0,12400.0,2025-07-07 14:36:58.929329
2025-07-07,13487,2025070704017408,HURJA,ABC Securities Private Limited,NIMB Stock Markets Limited,1000,248.0,248000.0,2025-07-07 14:36:58.929448
2025-07-07,13486,2025070704017409,HURJA,Shree Krishna Securities Ltd.,NIMB Stock Markets Limited,589,248.0,146072.0,2025-07-07 14:36:58.929569
2025-07-07,12985,2025070704017622,HURJA,Nepal Stock House (PVT) Ltd.,South Asian Bulls Pvt. Ltd.,60,249.0,14940.0,2025-07-07 14:38:15.148511
2025-07-07,12984,2025070704017623,HURJA,Nepal Stock House (PVT) Ltd.,Dipshikha Dhitopatra Karobar Co. Pvt Ltd.,150,249.0,37350.0,2025-07-07 14:38:15.148758
2025-07-07,12900,2025070704017646,HURJA,Imperial Securities Company Pvt. Ltd.,Aryatara Investment & Securities,1000,249.4,249400.0,2025-07-07 14:38:24.930329
2025-07-07,12894,2025070704017649,HURJA,Imperial Securities Company Pvt. Ltd.,Kohinoor Investment & Securities Pvt. Ltd.,200,249.4,49880.0,2025-07-07 14:38:26.047247
2025-07-07,12893,2025070704017650,HURJA,Nepal Stock House (PVT) Ltd.,Kohinoor Investment & Securities Pvt. Ltd.,40,249.0,9960.0,2025-07-07 14:38:26.047782
2025-07-07,12874,2025070704017654,HURJA,Nepal Stock House (PVT) Ltd.,Citizens Share Broker Limited,250,249.0,62250.0,2025-07-07 14:38:31.052361
2025-07-07,12873,2025070704017655,HURJA,Capital Max Securities Ltd,Citizens Share Broker Limited,100,248.2,24820.0,2025-07-07 14:38:31.052417
2025-07-07,12872,2025070704017656,HURJA,Secured Securities Ltd.,Citizens Share Broker Limited,100,248.1,24810.0,2025-07-07 14:38:31.052440
2025-07-07,12871,2025070704017657,HURJA,Linch Stock Market Ltd.,Citizens Share Broker Limited,500,248.1,124050.0,2025-07-07 14:38:31.052461
2025-07-07,12870,2025070704017658,HURJA,Sani Securities Company Ltd.,Citizens Share Broker Limited,30,248.1,7443.0,2025-07-07 14:38:31.052482
2025-07-07,12869,2025070704017659,HURJA,Secured Securities Ltd.,Citizens Share Broker Limited,20,248.1,4962.0,2025-07-07 14:38:31.052500
2025-07-07,12679,2025070704017714,HURJA,Secured Securities Ltd.,Citizens Share Broker Limited,980,248.1,243138.0,2025-07-07 14:38:54.121135
2025-07-07,12678,2025070704017715,HURJA,Kohinoor Investment & Securities Pvt. Ltd.,Citizens Share Broker Limited,20,248.1,4962.0,2025-07-07 14:38:54.121196
2025-07-07,11089,2025070704018209,HURJA,Siprabi Securities Pvt. Ltd.,ABC Securities Private Limited,400,248.6,99440.0,2025-07-07 14:42:20.933193
2025-07-07,11088,2025070704018210,HURJA,Thrive Brokerage House Pvt. Ltd,ABC Securities Private Limited,300,248.6,74580.0,2025-07-07 14:42:20.933720
2025-07-07,11087,2025070704018211,HURJA,Bhrikuti Stock Broking Co. Pvt. Ltd.,ABC Securities Private Limited,300,248.6,74580.0,2025-07-07 14:42:20.934060
2025-07-07,10877,2025070704018243,HURJA,Bhrikuti Stock Broking Co. Pvt. Ltd.,Dakshinkali Investment & Securities Pvt. Ltd.,100,248.6,24860.0,2025-07-07 14:42:48.619215
2025-07-07,10817,2025070704018259,HURJA,Bhrikuti Stock Broking Co. Pvt. Ltd.,Vision Securities Pvt. Ltd,100,248.6,24860.0,2025-07-07 14:42:57.371992
2025-07-07,10632,2025070704018312,HURJA,Siprabi Securities Pvt. Ltd.,Midas Stock Broking Company Private Limited,481,249.0,119769.0,2025-07-07 14:43:23.424710
2025-07-07,10622,2025070704018317,HURJA,Naasa Securities Co. Ltd.,Midas Stock Broking Company Private Limited,104,249.0,25896.0,2025-07-07 14:43:25.096916
2025-07-07,10577,2025070704018327,HURJA,J.F. Securites (PVT) Ltd.,Midas Stock Broking Company Private Limited,100,249.0,24900.0,2025-07-07 14:43:33.180520
2025-07-07,10315,2025070704018423,HURJA,Secured Securities Ltd.,Midas Stock Broking Company Private Limited,400,249.0,99600.0,2025-07-07 14:44:05.709326
2025-07-07,10264,2025070704018432,HURJA,Bhrikuti Stock Broking Co. Pvt. Ltd.,Midas Stock Broking Company Private Limited,64,249.0,15936.0,2025-07-07 14:44:17.047032
2025-07-07,10098,2025070704018482,HURJA,Bhrikuti Stock Broking Co. Pvt. Ltd.,Trishakti Securities Public Limited,300,249.0,74700.0,2025-07-07 14:44:37.112045
2025-07-07,9673,2025070704018587,HURJA,Secured Securities Ltd.,Vision Securities Pvt. Ltd,22,249.2,5482.4,2025-07-07 14:45:29.714138
2025-07-07,9459,2025070704018673,HURJA,Bhrikuti Stock Broking Co. Pvt. Ltd.,Vision Securities Pvt. Ltd,36,249.2,8971.2,2025-07-07 14:46:00.125227
2025-07-07,9296,2025070704018716,HURJA,Siprabi Securities Pvt. Ltd.,Vision Securities Pvt. Ltd,242,249.2,60306.4,2025-07-07 14:46:29.802031
2025-07-07,9295,2025070704018717,HURJA,Siprabi Securities Pvt. Ltd.,Investment Management Nepal Pvt. Ltd.,50,249.2,12460.0,2025-07-07 14:46:29.802292
2025-07-07,9176,2025070704018746,HURJA,Siprabi Securities Pvt. Ltd.,Prabhu Stock Market Limited,108,249.2,26913.6,2025-07-07 14:46:46.854583
2025-07-07,9175,2025070704018747,HURJA,Kohinoor Investment & Securities Pvt. Ltd.,Prabhu Stock Market Limited,25,249.0,6225.0,2025-07-07 14:46:46.855165
2025-07-07,9174,2025070704018748,HURJA,SUN SECURITIES PVT LTD,Prabhu Stock Market Limited,367,249.0,91383.0,2025-07-07 14:46:46.855527
2025-07-07,9090,2025070704018779,HURJA,SUN SECURITIES PVT LTD,ABC Securities Private Limited,1000,249.0,249000.0,2025-07-07 14:46:54.806281
2025-07-07,9075,2025070704018787,HURJA,SUN SECURITIES PVT LTD,Vision Securities Pvt. Ltd,251,249.0,62499.0,2025-07-07 14:46:56.027357
2025-07-07,9067,2025070704018793,HURJA,SUN SECURITIES PVT LTD,Aakashbhairab Securities Ltd.,382,249.0,95118.0,2025-07-07 14:46:58.087361
2025-07-07,8652,2025070704018943,HURJA,Capital Max Securities Ltd,Linch Stock Market Ltd.,100,248.7,24870.0,2025-07-07 14:47:59.268489
2025-07-07,7229,2025070704019436,HURJA,Premier Securities Company Ltd.,Aakashbhairab Securities Ltd.,1000,249.3,249300.0,2025-07-07 14:50:58.419350
2025-07-07,6769,2025070704019602,HURJA,Sani Securities Company Ltd.,Malla & Malla Stock Broking Company Pvt. Limited,70,248.8,17416.0,2025-07-07 14:51:46.767823
2025-07-07,6545,2025070704019673,HURJA,Blue Chip Securities Ltd,Aakashbhairab Securities Ltd.,10,249.3,2493.0,2025-07-07 14:52:08.267159
2025-07-07,5694,2025070704019881,HURJA,Sani Securities Company Ltd.,ABC Securities Private Limited,450,248.8,111960.0,2025-07-07 14:53:26.517306
2025-07-07,5098,2025070704020124,HURJA,Oxford Securities Pvt. Ltd.,Aakashbhairab Securities Ltd.,333,249.3,83016.9,2025-07-07 14:54:36.612082
2025-07-07,4612,2025070704020330,HURJA,Naasa Securities Co. Ltd.,Aakashbhairab Securities Ltd.,100,249.3,24930.0,2025-07-07 14:55:18.827519
2025-07-07,4373,2025070704020411,HURJA,Sunrise Securities Limited,Aakashbhairab Securities Ltd.,932,249.3,232347.6,2025-07-07 14:55:42.539187
2025-07-07,4372,2025070704020412,HURJA,Sunrise Securities Limited,Sani Securities Company Ltd.,500,249.4,124700.0,2025-07-07 14:55:42.539473
2025-07-07,4371,2025070704020413,HURJA,Sunrise Securities Limited,Prabhu Stock Market Limited,1068,249.5,266466.0,2025-07-07 14:55:42.539594
2025-07-07,4114,2025070704020523,HURJA,Global IME Securities Limited,Prabhu Stock Market Limited,500,249.5,124750.0,2025-07-07 14:56:00.375508
2025-07-07,4081,2025070704020535,HURJA,Blue Chip Securities Ltd,Prabhu Stock Market Limited,432,249.5,107784.0,2025-07-07 14:56:01.898461
2025-07-07,3872,2025070704020605,HURJA,Blue Chip Securities Ltd,Creative Securities Pvt Ltd,50,249.8,12490.0,2025-07-07 14:56:22.962442
2025-07-07,3871,2025070704020606,HURJA,Blue Chip Securities Ltd,Trisul Securities & Invt. Ltd.,500,249.9,124950.0,2025-07-07 14:56:22.962710
2025-07-07,3870,2025070704020607,HURJA,Blue Chip Securities Ltd,KALASH STOCK MARKET PVT. LTD.,18,250.0,4500.0,2025-07-07 14:56:22.962834
2025-07-07,3340,2025070704020813,HURJA,Dipshikha Dhitopatra Karobar Co. Pvt Ltd.,KALASH STOCK MARKET PVT. LTD.,20,250.0,5000.0,2025-07-07 14:57:18.352896
2025-07-07,3134,2025070704020872,HURJA,Himalayan Brokerage Company Limited,KALASH STOCK MARKET PVT. LTD.,94,250.0,23500.0,2025-07-07 14:57:35.764472
2025-07-07,3133,2025070704020873,HURJA,Himalayan Brokerage Company Limited,Creative Securities Pvt Ltd,50,250.0,12500.0,2025-07-07 14:57:35.764758
2025-07-07,3132,2025070704020874,HURJA,Himalayan Brokerage Company Limited,Vision Securities Pvt. Ltd,100,250.0,25000.0,2025-07-07 14:57:35.764910
2025-07-07,3131,2025070704020875,HURJA,Himalayan Brokerage Company Limited,Premier Securities Company Ltd.,256,250.0,64000.0,2025-07-07 14:57:35.765038
2025-07-07,2528,2025070704021093,HURJA,Sani Securities Company Ltd.,Premier Securities Company Ltd.,144,250.0,36000.0,2025-07-07 14:58:15.820302
2025-07-07,2527,2025070704021094,HURJA,Sani Securities Company Ltd.,Asian Securities Private Ltd.,106,250.0,26500.0,2025-07-07 14:58:15.820565
2025-07-07,1951,2025070704021340,HURJA,Online Securities Pvt. Ltd.,Online Securities Pvt. Ltd.,10,249.6,2496.0,2025-07-07 14:58:47.510813
2025-07-07,1661,2025070704021430,HURJA,Online Securities Pvt. Ltd.,Cristal Kanchanjanga Securites Pvt. Ltd.,400,249.6,99840.0,2025-07-07 14:59:05.543128
2025-07-07,1173,2025070704021578,HURJA,Sweta Securities Private Limited,Asian Securities Private Ltd.,284,250.0,71000.0,2025-07-07 14:59:24.028345
2025-07-07,1172,2025070704021579,HURJA,Sweta Securities Private Limited,Aryatara Investment & Securities,500,250.0,125000.0,2025-07-07 14:59:24.028589
2025-07-07,1171,2025070704021580,HURJA,Sweta Securities Private Limited,Sani Securities Company Ltd.,86,250.0,21500.0,2025-07-07 14:59:24.028706
2025-07-07,997,2025070704021644,HURJA,Nepal Investment And Securities Trading Private Limited,Sani Securities Company Ltd.,50,250.0,12500.0,2025-07-07 14:59:30.465978
2025-07-07,389,2025070704021912,HURJA,Secured Securities Ltd.,Nagarik Stock Dealer ,50,249.7,12485.0,2025-07-07 14:59:48.440014
2025-07-07,336,2025070704021927,HURJA,Blue Chip Securities Ltd,Sani Securities Company Ltd.,1000,250.0,250000.0,2025-07-07 14:59:50.568855
2025-07-07,214,2025070704021992,HURJA,Secured Securities Ltd.,Vision Securities Pvt. Ltd,300,249.7,74910.0,2025-07-07 14:59:54.725729
2025-07-07,213,2025070704021993,HURJA,Kohinoor Investment & Securities Pvt. Ltd.,Vision Securities Pvt. Ltd,2000,249.7,499400.0,2025-07-07 14:59:54.725990
2025-07-07,212,2025070704021994,HURJA,Indira securities pvt. ltd,Vision Securities Pvt. Ltd,395,249.7,98631.5,2025-07-07 14:59:54.726111
2025-07-07,211,2025070704021995,HURJA,Online Securities Pvt. Ltd.,Vision Securities Pvt. Ltd,90,249.6,22464.0,2025-07-07 14:59:54.726228
2025-07-07,210,2025070704021996,HURJA,Sumeru Securities Pvt. Ltd.,Vision Securities Pvt. Ltd,1215,249.6,303264.0,2025-07-07 14:59:54.726357
