Date,S.N.,Contract ID,Symbol,Buyer Broker,Seller Broker,volume,rate,amount,transaction_time
2025-07-07,71284,2025070705000008,NRN,Asian Securities Private Ltd.,Naasa Securities Co. Ltd.,50,2140.0,107000.0,2025-07-07 10:46:00.020895
2025-07-07,71283,2025070705000009,NRN,Asian Securities Private Ltd.,Naasa Securities Co. Ltd.,10,2140.0,21400.0,2025-07-07 10:46:00.021002
2025-07-07,71145,2025070705000046,NRN,Naasa Securities Co. Ltd.,Bhrikuti Stock Broking Co. Pvt. Ltd.,11,2182.5,24007.5,2025-07-07 11:00:35.520548
2025-07-07,70991,2025070705000068,NRN,Dynamic Money Managers Securities Pvt. Ltd.,Global IME Securities Limited,50,2224.0,111200.0,2025-07-07 11:01:36.004828
2025-07-07,70870,2025070705000087,NRN,Asian Securities Private Ltd.,Capital Max Securities Ltd,20,2215.0,44300.0,2025-07-07 11:02:17.823162
2025-07-07,70561,2025070705000135,NRN,Kohinoor Investment & Securities Pvt. Ltd.,Sri Hari Securities Pvt. Ltd.,11,2191.0,24101.0,2025-07-07 11:03:53.318546
2025-07-07,70452,2025070705000172,NRN,Capital Max Securities Ltd,Secured Securities Ltd.,30,2200.0,66000.0,2025-07-07 11:04:25.174425
2025-07-07,70430,2025070705000178,NRN,Capital Max Securities Ltd,Magnet Securities and Investment Company Private Limited,70,2200.0,154000.0,2025-07-07 11:04:35.937370
2025-07-07,70098,2025070705000251,NRN,Dynamic Money Managers Securities Pvt. Ltd.,Sani Securities Company Ltd.,10,2193.0,21930.0,2025-07-07 11:06:20.224643
2025-07-07,70097,2025070705000252,NRN,Miyo Securities Pvt Ltd,Sani Securities Company Ltd.,40,2193.0,87720.0,2025-07-07 11:06:20.224773
2025-07-07,70032,2025070705000267,NRN,Miyo Securities Pvt Ltd,Secured Securities Ltd.,50,2199.0,109950.0,2025-07-07 11:06:30.495260
2025-07-07,70024,2025070705000271,NRN,Miyo Securities Pvt Ltd,Sani Securities Company Ltd.,10,2193.0,21930.0,2025-07-07 11:06:32.398321
2025-07-07,70004,2025070705000276,NRN,Sani Securities Company Ltd.,Secured Securities Ltd.,50,2199.0,109950.0,2025-07-07 11:06:40.507099
2025-07-07,70003,2025070705000277,NRN,Sani Securities Company Ltd.,Dynamic Money Managers Securities Pvt. Ltd.,100,2199.0,219900.0,2025-07-07 11:06:40.507230
2025-07-07,70002,2025070705000278,NRN,Sani Securities Company Ltd.,Dipshikha Dhitopatra Karobar Co. Pvt Ltd.,50,2199.0,109950.0,2025-07-07 11:06:40.507288
2025-07-07,69984,2025070705000285,NRN,Opal Securities Investment (PVT) Ltd.,Sri Hari Securities Pvt. Ltd.,11,2193.1,24124.1,2025-07-07 11:06:46.884976
2025-07-07,69933,2025070705000306,NRN,Miyo Securities Pvt Ltd,Dipshikha Dhitopatra Karobar Co. Pvt Ltd.,161,2199.0,354039.0,2025-07-07 11:06:57.593579
2025-07-07,69932,2025070705000307,NRN,Miyo Securities Pvt Ltd,Magnet Securities and Investment Company Private Limited,130,2200.0,286000.0,2025-07-07 11:06:57.593719
2025-07-07,69931,2025070705000308,NRN,Miyo Securities Pvt Ltd,Naasa Securities Co. Ltd.,10,2200.0,22000.0,2025-07-07 11:06:57.593790
2025-07-07,69930,2025070705000309,NRN,Miyo Securities Pvt Ltd,Imperial Securities Company Pvt. Ltd.,55,2200.0,121000.0,2025-07-07 11:06:57.593850
2025-07-07,69376,2025070705000423,NRN,Sweta Securities Private Limited,Property Wiard Limited,50,2195.0,109750.0,2025-07-07 11:09:07.592899
2025-07-07,69310,2025070705000430,NRN,Opal Securities Investment (PVT) Ltd.,Nabil Stock Dealer Ltd.,11,2194.2,24136.2,2025-07-07 11:09:20.431325
2025-07-07,68600,2025070705000582,NRN,Neev Securities Pvt. Ltd.,Opal Securities Investment (PVT) Ltd.,50,2199.0,109950.0,2025-07-07 11:12:22.333551
2025-07-07,68450,2025070705000602,NRN,Miyo Securities Pvt Ltd,Kohinoor Investment & Securities Pvt. Ltd.,11,2200.0,24200.0,2025-07-07 11:13:01.768583
2025-07-07,68449,2025070705000603,NRN,Miyo Securities Pvt Ltd,Imperial Securities Company Pvt. Ltd.,20,2200.0,44000.0,2025-07-07 11:13:01.768760
2025-07-07,68448,2025070705000604,NRN,Miyo Securities Pvt Ltd,Midas Stock Broking Company Private Limited,11,2200.0,24200.0,2025-07-07 11:13:01.768831
2025-07-07,68447,2025070705000605,NRN,Miyo Securities Pvt Ltd,Midas Stock Broking Company Private Limited,10,2200.0,22000.0,2025-07-07 11:13:01.768896
2025-07-07,68446,2025070705000606,NRN,Miyo Securities Pvt Ltd,Sundhara Securities Limited,92,2200.0,202400.0,2025-07-07 11:13:01.768964
2025-07-07,68379,2025070705000617,NRN,South Asian Bulls Pvt. Ltd.,Agrawal Securities (PVT) Ltd.,11,2195.2,24147.2,2025-07-07 11:13:14.279826
2025-07-07,68282,2025070705000631,NRN,South Asian Bulls Pvt. Ltd.,Sri Hari Securities Pvt. Ltd.,11,2195.2,24147.2,2025-07-07 11:13:31.950040
2025-07-07,68243,2025070705000638,NRN,South Asian Bulls Pvt. Ltd.,Vision Securities Pvt. Ltd,28,2195.2,61465.6,2025-07-07 11:13:42.465175
2025-07-07,68242,2025070705000639,NRN,Opal Securities Investment (PVT) Ltd.,Vision Securities Pvt. Ltd,18,2195.1,39511.8,2025-07-07 11:13:42.465348
2025-07-07,68241,2025070705000640,NRN,Sundhara Securities Limited,Vision Securities Pvt. Ltd,200,2195.0,439000.0,2025-07-07 11:13:42.465436
2025-07-07,68240,2025070705000641,NRN,Agrawal Securities (PVT) Ltd.,Vision Securities Pvt. Ltd,10,2194.3,21943.0,2025-07-07 11:13:42.465506
2025-07-07,68239,2025070705000642,NRN,Sani Securities Company Ltd.,Vision Securities Pvt. Ltd,100,2194.1,219410.0,2025-07-07 11:13:42.465575
2025-07-07,68238,2025070705000643,NRN,ABC Securities Private Limited,Vision Securities Pvt. Ltd,270,2192.0,591840.0,2025-07-07 11:13:42.465646
2025-07-07,68233,2025070705000645,NRN,South Asian Bulls Pvt. Ltd.,Vision Securities Pvt. Ltd,11,2192.0,24112.0,2025-07-07 11:13:42.932444
2025-07-07,68231,2025070705000646,NRN,Vision Securities Pvt. Ltd,Vision Securities Pvt. Ltd,18,2192.0,39456.0,2025-07-07 11:13:43.470187
2025-07-07,68155,2025070705000652,NRN,Aryatara Investment & Securities,Nepal Stock House (PVT) Ltd.,11,2197.2,24169.2,2025-07-07 11:14:02.037126
2025-07-07,68154,2025070705000653,NRN,Aryatara Investment & Securities,Vision Securities Pvt. Ltd,89,2199.0,195711.0,2025-07-07 11:14:02.037300
2025-07-07,68102,2025070705000664,NRN,Himalayan Brokerage Company Limited,Sundhara Securities Limited,100,2200.0,220000.0,2025-07-07 11:14:17.356370
2025-07-07,67592,2025070705000784,NRN,Midas Stock Broking Company Private Limited,Sani Securities Company Ltd.,50,2200.0,110000.0,2025-07-07 11:16:10.297796
2025-07-07,67249,2025070705000852,NRN,Neev Securities Pvt. Ltd.,Sani Securities Company Ltd.,55,2200.0,121000.0,2025-07-07 11:17:40.802415
2025-07-07,67248,2025070705000853,NRN,Neev Securities Pvt. Ltd.,Sani Securities Company Ltd.,95,2200.0,209000.0,2025-07-07 11:17:40.802605
2025-07-07,67198,2025070705000863,NRN,Citizens Share Broker Limited,Dakshinkali Investment & Securities Pvt. Ltd.,5,2160.0,10800.0,2025-07-07 11:17:50.672699
2025-07-07,67065,2025070705000890,NRN,Asian Securities Private Ltd.,Imperial Securities Company Pvt. Ltd.,50,2200.0,110000.0,2025-07-07 11:18:25.184863
2025-07-07,66920,2025070705000904,NRN,Miyo Securities Pvt Ltd,Nepal Stock House (PVT) Ltd.,11,2200.0,24200.0,2025-07-07 11:18:41.505228
2025-07-07,66919,2025070705000905,NRN,Miyo Securities Pvt Ltd,Kohinoor Investment & Securities Pvt. Ltd.,11,2200.0,24200.0,2025-07-07 11:18:41.505432
2025-07-07,66918,2025070705000906,NRN,Miyo Securities Pvt Ltd,Agrawal Securities (PVT) Ltd.,11,2200.0,24200.0,2025-07-07 11:18:41.505509
2025-07-07,66876,2025070705000911,NRN,South Asian Bulls Pvt. Ltd.,Sri Hari Securities Pvt. Ltd.,11,2195.0,24145.0,2025-07-07 11:18:50.902567
2025-07-07,66768,2025070705000921,NRN,South Asian Bulls Pvt. Ltd.,ABC Securities Private Limited,11,2195.0,24145.0,2025-07-07 11:19:16.258993
2025-07-07,66597,2025070705000941,NRN,South Asian Bulls Pvt. Ltd.,Kalika Securities Pvt. Ltd.,11,2195.0,24145.0,2025-07-07 11:19:46.042631
2025-07-07,66326,2025070705000974,NRN,South Asian Bulls Pvt. Ltd.,Online Securities Pvt. Ltd.,11,2200.0,24200.0,2025-07-07 11:20:40.637684
2025-07-07,66325,2025070705000975,NRN,South Asian Bulls Pvt. Ltd.,Kohinoor Investment & Securities Pvt. Ltd.,12,2203.0,26436.0,2025-07-07 11:20:40.637892
2025-07-07,66324,2025070705000976,NRN,South Asian Bulls Pvt. Ltd.,Sumeru Securities Pvt. Ltd.,100,2204.0,220400.0,2025-07-07 11:20:40.637999
2025-07-07,66034,2025070705001030,NRN,SUN SECURITIES PVT LTD,Sani Securities Company Ltd.,15,2205.0,33075.0,2025-07-07 11:21:39.671875
2025-07-07,65975,2025070705001047,NRN,South Asian Bulls Pvt. Ltd.,Sani Securities Company Ltd.,24,2205.0,52920.0,2025-07-07 11:21:53.994819
2025-07-07,65974,2025070705001048,NRN,South Asian Bulls Pvt. Ltd.,Secured Securities Ltd.,11,2205.0,24255.0,2025-07-07 11:21:53.994995
2025-07-07,65973,2025070705001049,NRN,South Asian Bulls Pvt. Ltd.,Kohinoor Investment & Securities Pvt. Ltd.,20,2205.0,44100.0,2025-07-07 11:21:53.995070
2025-07-07,65905,2025070705001061,NRN,South Asian Bulls Pvt. Ltd.,Sani Securities Company Ltd.,105,2205.0,231525.0,2025-07-07 11:22:10.061558
2025-07-07,65806,2025070705001072,NRN,Asian Securities Private Ltd.,Linch Stock Market Ltd.,11,2207.0,24277.0,2025-07-07 11:22:36.011677
2025-07-07,65805,2025070705001073,NRN,Asian Securities Private Ltd.,Primo Securities (PVT) Ltd.,139,2207.0,306773.0,2025-07-07 11:22:36.011881
2025-07-07,65684,2025070705001106,NRN,Capital Max Securities Ltd,Primo Securities (PVT) Ltd.,61,2207.0,134627.0,2025-07-07 11:22:58.927270
2025-07-07,65650,2025070705001120,NRN,South Asian Bulls Pvt. Ltd.,Property Wiard Limited,10,2201.0,22010.0,2025-07-07 11:23:05.402022
2025-07-07,65412,2025070705001148,NRN,Imperial Securities Company Pvt. Ltd.,Neev Securities Pvt. Ltd.,200,2205.0,441000.0,2025-07-07 11:23:57.537551
2025-07-07,65411,2025070705001149,NRN,South Asian Bulls Pvt. Ltd.,Sumeru Securities Pvt. Ltd.,30,2209.0,66270.0,2025-07-07 11:23:57.558521
2025-07-07,65343,2025070705001164,NRN,Kohinoor Investment & Securities Pvt. Ltd.,Sumeru Securities Pvt. Ltd.,20,2209.0,44180.0,2025-07-07 11:24:08.278891
2025-07-07,65342,2025070705001165,NRN,Kohinoor Investment & Securities Pvt. Ltd.,Imperial Securities Company Pvt. Ltd.,75,2209.0,165675.0,2025-07-07 11:24:08.279240
2025-07-07,65337,2025070705001167,NRN,Nepal Stock House (PVT) Ltd.,Imperial Securities Company Pvt. Ltd.,25,2209.0,55225.0,2025-07-07 11:24:10.223611
2025-07-07,65336,2025070705001168,NRN,Nepal Stock House (PVT) Ltd.,Online Securities Pvt. Ltd.,100,2209.0,220900.0,2025-07-07 11:24:10.223823
2025-07-07,65280,2025070705001177,NRN,Nepal Stock House (PVT) Ltd.,Sani Securities Company Ltd.,75,2209.0,165675.0,2025-07-07 11:24:23.030055
2025-07-07,65205,2025070705001190,NRN,Oxford Securities Pvt. Ltd.,Bhrikuti Stock Broking Co. Pvt. Ltd.,11,2202.0,24222.0,2025-07-07 11:24:37.987463
2025-07-07,65194,2025070705001191,NRN,Imperial Securities Company Pvt. Ltd.,Sani Securities Company Ltd.,20,2209.0,44180.0,2025-07-07 11:24:40.415394
2025-07-07,65167,2025070705001205,NRN,Imperial Securities Company Pvt. Ltd.,Sani Securities Company Ltd.,10,2209.0,22090.0,2025-07-07 11:24:47.452377
2025-07-07,65166,2025070705001206,NRN,Imperial Securities Company Pvt. Ltd.,Primo Securities (PVT) Ltd.,90,2209.0,198810.0,2025-07-07 11:24:47.452472
2025-07-07,65126,2025070705001209,NRN,Bhrikuti Stock Broking Co. Pvt. Ltd.,ABC Securities Private Limited,11,2202.1,24223.1,2025-07-07 11:24:50.596583
2025-07-07,65036,2025070705001236,NRN,ABC Securities Private Limited,Primo Securities (PVT) Ltd.,10,2209.0,22090.0,2025-07-07 11:25:06.693223
2025-07-07,65035,2025070705001237,NRN,ABC Securities Private Limited,Neev Securities Pvt. Ltd.,300,2209.9,662970.0,2025-07-07 11:25:06.693267
2025-07-07,65034,2025070705001238,NRN,ABC Securities Private Limited,Secured Securities Ltd.,216,2210.0,477360.0,2025-07-07 11:25:06.693295
2025-07-07,65033,2025070705001239,NRN,ABC Securities Private Limited,Agrawal Securities (PVT) Ltd.,1332,2210.0,2943720.0,2025-07-07 11:25:06.693333
2025-07-07,65032,2025070705001240,NRN,ABC Securities Private Limited,Online Securities Pvt. Ltd.,100,2210.0,221000.0,2025-07-07 11:25:06.693357
2025-07-07,65031,2025070705001241,NRN,ABC Securities Private Limited,Pragyan Securities (PVT) Ltd.,11,2210.0,24310.0,2025-07-07 11:25:06.693389
2025-07-07,65030,2025070705001242,NRN,ABC Securities Private Limited,Dipshikha Dhitopatra Karobar Co. Pvt Ltd.,11,2210.0,24310.0,2025-07-07 11:25:06.693421
2025-07-07,65029,2025070705001243,NRN,ABC Securities Private Limited,Online Securities Pvt. Ltd.,20,2210.0,44200.0,2025-07-07 11:25:06.693451
2025-07-07,64461,2025070705001334,NRN,Nabil Stock Dealer Ltd.,Stoxkarts Securities Limited,11,2205.0,24255.0,2025-07-07 11:27:19.496836
2025-07-07,64460,2025070705001335,NRN,Nabil Stock Dealer Ltd.,Sri Hari Securities Pvt. Ltd.,100,2208.0,220800.0,2025-07-07 11:27:19.497041
2025-07-07,64459,2025070705001336,NRN,Nabil Stock Dealer Ltd.,Online Securities Pvt. Ltd.,89,2208.0,196512.0,2025-07-07 11:27:19.497128
2025-07-07,63968,2025070705001451,NRN,Miyo Securities Pvt Ltd,Opal Securities Investment (PVT) Ltd.,10,2206.0,22060.0,2025-07-07 11:28:54.300894
2025-07-07,63960,2025070705001452,NRN,Online Securities Pvt. Ltd.,Opal Securities Investment (PVT) Ltd.,10,2206.0,22060.0,2025-07-07 11:28:54.957346
2025-07-07,63882,2025070705001465,NRN,Dipshikha Dhitopatra Karobar Co. Pvt Ltd.,Sweta Securities Private Limited,50,2207.0,110350.0,2025-07-07 11:29:14.387960
2025-07-07,63823,2025070705001482,NRN,Oxford Securities Pvt. Ltd.,ABC Securities Private Limited,11,2204.2,24246.2,2025-07-07 11:29:28.729452
2025-07-07,63770,2025070705001491,NRN,Oxford Securities Pvt. Ltd.,Agrawal Securities (PVT) Ltd.,38,2204.2,83759.6,2025-07-07 11:29:37.152342
2025-07-07,63769,2025070705001492,NRN,Dakshinkali Investment & Securities Pvt. Ltd.,Agrawal Securities (PVT) Ltd.,10,2204.1,22041.0,2025-07-07 11:29:37.152565
2025-07-07,63655,2025070705001517,NRN,Vision Securities Pvt. Ltd,Agrawal Securities (PVT) Ltd.,20,2204.0,44080.0,2025-07-07 11:30:08.897525
2025-07-07,63444,2025070705001580,NRN,Dakshinkali Investment & Securities Pvt. Ltd.,Nabil Stock Dealer Ltd.,10,2203.5,22035.0,2025-07-07 11:30:58.089251
2025-07-07,63443,2025070705001581,NRN,Dakshinkali Investment & Securities Pvt. Ltd.,Nabil Stock Dealer Ltd.,10,2203.4,22034.0,2025-07-07 11:30:58.089642
2025-07-07,63442,2025070705001582,NRN,Dakshinkali Investment & Securities Pvt. Ltd.,Nabil Stock Dealer Ltd.,10,2203.2,22032.0,2025-07-07 11:30:58.089896
2025-07-07,62963,2025070705001657,NRN,Miyo Securities Pvt Ltd,SHUBHAKAMANA SECURITIES PVT. LTD,100,2206.9,220690.0,2025-07-07 11:32:50.076098
2025-07-07,62962,2025070705001658,NRN,Miyo Securities Pvt Ltd,Sweta Securities Private Limited,100,2207.0,220700.0,2025-07-07 11:32:50.076347
2025-07-07,62883,2025070705001671,NRN,Nepal Stock House (PVT) Ltd.,Neev Securities Pvt. Ltd.,200,2204.0,440800.0,2025-07-07 11:33:06.728919
2025-07-07,62863,2025070705001674,NRN,Bhrikuti Stock Broking Co. Pvt. Ltd.,Nepal Stock House (PVT) Ltd.,11,2203.2,24235.2,2025-07-07 11:33:11.931279
2025-07-07,62862,2025070705001675,NRN,Dakshinkali Investment & Securities Pvt. Ltd.,Nepal Stock House (PVT) Ltd.,10,2203.1,22031.0,2025-07-07 11:33:11.931530
2025-07-07,62861,2025070705001676,NRN,South Asian Bulls Pvt. Ltd.,Nepal Stock House (PVT) Ltd.,39,2202.3,85889.7,2025-07-07 11:33:11.931632
2025-07-07,62860,2025070705001677,NRN,Vision Securities Pvt. Ltd,Nepal Stock House (PVT) Ltd.,18,2200.5,39609.0,2025-07-07 11:33:11.931717
2025-07-07,62859,2025070705001678,NRN,Dakshinkali Investment & Securities Pvt. Ltd.,Nepal Stock House (PVT) Ltd.,10,2200.1,22001.0,2025-07-07 11:33:11.931805
2025-07-07,62858,2025070705001679,NRN,Opal Securities Investment (PVT) Ltd.,Nepal Stock House (PVT) Ltd.,30,2200.0,66000.0,2025-07-07 11:33:11.931889
2025-07-07,62857,2025070705001680,NRN,Agrawal Securities (PVT) Ltd.,Nepal Stock House (PVT) Ltd.,160,2200.0,352000.0,2025-07-07 11:33:11.931973
2025-07-07,62856,2025070705001681,NRN,Agrawal Securities (PVT) Ltd.,Nepal Stock House (PVT) Ltd.,20,2200.0,44000.0,2025-07-07 11:33:11.932051
2025-07-07,62855,2025070705001682,NRN,Bhrikuti Stock Broking Co. Pvt. Ltd.,Nepal Stock House (PVT) Ltd.,70,2200.0,154000.0,2025-07-07 11:33:11.932136
2025-07-07,62854,2025070705001683,NRN,Bhrikuti Stock Broking Co. Pvt. Ltd.,Nepal Stock House (PVT) Ltd.,400,2200.0,880000.0,2025-07-07 11:33:11.932216
2025-07-07,62853,2025070705001684,NRN,Thrive Brokerage House Pvt. Ltd,Nepal Stock House (PVT) Ltd.,50,2200.0,110000.0,2025-07-07 11:33:11.932295
2025-07-07,62852,2025070705001685,NRN,Neev Securities Pvt. Ltd.,Nepal Stock House (PVT) Ltd.,90,2200.0,198000.0,2025-07-07 11:33:11.932381
2025-07-07,62851,2025070705001686,NRN,Neev Securities Pvt. Ltd.,Nepal Stock House (PVT) Ltd.,10,2200.0,22000.0,2025-07-07 11:33:11.932486
2025-07-07,62850,2025070705001687,NRN,Neev Securities Pvt. Ltd.,Nepal Stock House (PVT) Ltd.,82,2200.0,180400.0,2025-07-07 11:33:11.932562
2025-07-07,62786,2025070705001694,NRN,Neev Securities Pvt. Ltd.,Sweta Securities Private Limited,18,2200.0,39600.0,2025-07-07 11:33:28.065879
2025-07-07,62785,2025070705001695,NRN,Kalika Securities Pvt. Ltd.,Sweta Securities Private Limited,100,2200.0,220000.0,2025-07-07 11:33:28.066233
2025-07-07,62784,2025070705001696,NRN,Nabil Stock Dealer Ltd.,Sweta Securities Private Limited,10,2200.0,22000.0,2025-07-07 11:33:28.066490
2025-07-07,62783,2025070705001697,NRN,Nabil Stock Dealer Ltd.,Sweta Securities Private Limited,10,2200.0,22000.0,2025-07-07 11:33:28.066723
2025-07-07,62782,2025070705001698,NRN,Investment Management Nepal Pvt. Ltd.,Sweta Securities Private Limited,22,2200.0,48400.0,2025-07-07 11:33:28.066939
2025-07-07,62772,2025070705001700,NRN,Investment Management Nepal Pvt. Ltd.,Capital Max Securities Ltd,28,2200.0,61600.0,2025-07-07 11:33:31.542964
2025-07-07,62771,2025070705001701,NRN,Sumeru Securities Pvt. Ltd.,Capital Max Securities Ltd,30,2200.0,66000.0,2025-07-07 11:33:31.543195
2025-07-07,62770,2025070705001702,NRN,Sumeru Securities Pvt. Ltd.,Capital Max Securities Ltd,190,2200.0,418000.0,2025-07-07 11:33:31.543275
2025-07-07,62769,2025070705001703,NRN,Sumeru Securities Pvt. Ltd.,Capital Max Securities Ltd,90,2200.0,198000.0,2025-07-07 11:33:31.543362
2025-07-07,62768,2025070705001704,NRN,Sumeru Securities Pvt. Ltd.,Capital Max Securities Ltd,152,2200.0,334400.0,2025-07-07 11:33:31.543439
2025-07-07,62323,2025070705001769,NRN,Bhrikuti Stock Broking Co. Pvt. Ltd.,Sani Securities Company Ltd.,11,2203.3,24236.3,2025-07-07 11:35:07.421808
2025-07-07,62196,2025070705001788,NRN,South Asian Bulls Pvt. Ltd.,Online Securities Pvt. Ltd.,50,2204.0,110200.0,2025-07-07 11:35:45.559955
2025-07-07,62158,2025070705001793,NRN,Bhrikuti Stock Broking Co. Pvt. Ltd.,Agrawal Securities (PVT) Ltd.,11,2203.3,24236.3,2025-07-07 11:35:57.117268
2025-07-07,62153,2025070705001795,NRN,South Asian Bulls Pvt. Ltd.,Online Securities Pvt. Ltd.,30,2204.0,66120.0,2025-07-07 11:35:58.610089
2025-07-07,62152,2025070705001796,NRN,South Asian Bulls Pvt. Ltd.,Online Securities Pvt. Ltd.,10,2204.0,22040.0,2025-07-07 11:35:58.610480
2025-07-07,61829,2025070705001860,NRN,Online Securities Pvt. Ltd.,Naasa Securities Co. Ltd.,10,2205.0,22050.0,2025-07-07 11:37:08.914001
2025-07-07,61731,2025070705001881,NRN,Vision Securities Pvt. Ltd,Opal Securities Investment (PVT) Ltd.,30,2205.5,66165.0,2025-07-07 11:37:24.299831
2025-07-07,61420,2025070705001955,NRN,Aryatara Investment & Securities,K.B.L. Securities Limited ,100,2205.5,220550.0,2025-07-07 11:38:36.378368
2025-07-07,61419,2025070705001956,NRN,South Asian Bulls Pvt. Ltd.,K.B.L. Securities Limited ,10,2205.1,22051.0,2025-07-07 11:38:36.378574
2025-07-07,61418,2025070705001957,NRN,Miyo Securities Pvt Ltd,K.B.L. Securities Limited ,190,2204.0,418760.0,2025-07-07 11:38:36.378660
2025-07-07,61390,2025070705001969,NRN,Sumeru Securities Pvt. Ltd.,Dynamic Money Managers Securities Pvt. Ltd.,10,2210.0,22100.0,2025-07-07 11:38:43.277433
2025-07-07,60991,2025070705002049,NRN,APPLE SECURITIES PRIVATE LIMITED,Kalika Securities Pvt. Ltd.,100,2209.0,220900.0,2025-07-07 11:40:13.551746
2025-07-07,60990,2025070705002050,NRN,APPLE SECURITIES PRIVATE LIMITED,Dynamic Money Managers Securities Pvt. Ltd.,293,2210.0,647530.0,2025-07-07 11:40:13.552185
2025-07-07,60989,2025070705002051,NRN,APPLE SECURITIES PRIVATE LIMITED,Capital Max Securities Ltd,200,2210.0,442000.0,2025-07-07 11:40:13.552468
2025-07-07,60988,2025070705002052,NRN,APPLE SECURITIES PRIVATE LIMITED,Nepal Stock House (PVT) Ltd.,407,2211.0,899877.0,2025-07-07 11:40:13.552745
2025-07-07,60716,2025070705002111,NRN,Sweta Securities Private Limited,Neev Securities Pvt. Ltd.,50,2210.0,110500.0,2025-07-07 11:41:09.648463
2025-07-07,60570,2025070705002136,NRN,Citizens Share Broker Limited,Neev Securities Pvt. Ltd.,50,2210.0,110500.0,2025-07-07 11:41:48.043880
2025-07-07,60551,2025070705002142,NRN,ABC Securities Private Limited,Oxford Securities Pvt. Ltd.,227,2210.0,501670.0,2025-07-07 11:41:54.516915
2025-07-07,60550,2025070705002143,NRN,ABC Securities Private Limited,Nepal Stock House (PVT) Ltd.,73,2211.0,161403.0,2025-07-07 11:41:54.516987
2025-07-07,60336,2025070705002180,NRN,ABC Securities Private Limited,Nepal Stock House (PVT) Ltd.,520,2211.0,1149720.0,2025-07-07 11:42:32.787504
2025-07-07,60241,2025070705002198,NRN,Citizens Share Broker Limited,Vision Securities Pvt. Ltd,7,2200.0,15400.0,2025-07-07 11:42:52.271956
2025-07-07,60102,2025070705002211,NRN,Imperial Securities Company Pvt. Ltd.,Capital Max Securities Ltd,20,2212.0,44240.0,2025-07-07 11:43:23.815024
2025-07-07,60063,2025070705002222,NRN,Nabil Stock Dealer Ltd.,Arun Securities (PVT) Ltd.,120,2211.0,265320.0,2025-07-07 11:43:34.924833
2025-07-07,59987,2025070705002240,NRN,Miyo Securities Pvt Ltd,Capital Max Securities Ltd,10,2212.0,22120.0,2025-07-07 11:43:53.003970
2025-07-07,59986,2025070705002241,NRN,Miyo Securities Pvt Ltd,Siprabi Securities Pvt. Ltd.,11,2212.0,24332.0,2025-07-07 11:43:53.004412
2025-07-07,59985,2025070705002242,NRN,Miyo Securities Pvt Ltd,Capital Max Securities Ltd,300,2212.9,663870.0,2025-07-07 11:43:53.004691
2025-07-07,59984,2025070705002243,NRN,Miyo Securities Pvt Ltd,Vision Securities Pvt. Ltd,179,2213.0,396127.0,2025-07-07 11:43:53.004972
2025-07-07,59786,2025070705002276,NRN,Oxford Securities Pvt. Ltd.,Vision Securities Pvt. Ltd,20,2213.0,44260.0,2025-07-07 11:44:30.561948
2025-07-07,59740,2025070705002283,NRN,Dipshikha Dhitopatra Karobar Co. Pvt Ltd.,Sani Securities Company Ltd.,11,2212.0,24332.0,2025-07-07 11:44:42.604988
2025-07-07,59627,2025070705002301,NRN,Nabil Stock Dealer Ltd.,Sani Securities Company Ltd.,11,2211.0,24321.0,2025-07-07 11:45:10.312298
2025-07-07,59490,2025070705002326,NRN,Online Securities Pvt. Ltd.,Vision Securities Pvt. Ltd,210,2213.0,464730.0,2025-07-07 11:45:47.894485
2025-07-07,59422,2025070705002343,NRN,Imperial Securities Company Pvt. Ltd.,Vision Securities Pvt. Ltd,30,2213.0,66390.0,2025-07-07 11:46:03.437247
2025-07-07,59249,2025070705002352,NRN,Miyo Securities Pvt Ltd,Vision Securities Pvt. Ltd,10,2213.0,22130.0,2025-07-07 11:46:31.516189
2025-07-07,59248,2025070705002353,NRN,Bhrikuti Stock Broking Co. Pvt. Ltd.,Vision Securities Pvt. Ltd,51,2213.0,112863.0,2025-07-07 11:46:31.868558
2025-07-07,59247,2025070705002354,NRN,Bhrikuti Stock Broking Co. Pvt. Ltd.,SUN SECURITIES PVT LTD,11,2213.0,24343.0,2025-07-07 11:46:31.868986
2025-07-07,59246,2025070705002355,NRN,Bhrikuti Stock Broking Co. Pvt. Ltd.,Naasa Securities Co. Ltd.,11,2213.0,24343.0,2025-07-07 11:46:31.869268
2025-07-07,58944,2025070705002391,NRN,Online Securities Pvt. Ltd.,Deevyaa Securities & Stock House Pvt. Ltd,100,2212.0,221200.0,2025-07-07 11:47:29.755502
2025-07-07,58880,2025070705002396,NRN,Nabil Stock Dealer Ltd.,Capital Max Securities Ltd,69,2211.0,152559.0,2025-07-07 11:47:45.528615
2025-07-07,58879,2025070705002397,NRN,Imperial Securities Company Pvt. Ltd.,Capital Max Securities Ltd,31,2211.0,68541.0,2025-07-07 11:47:45.528851
2025-07-07,58800,2025070705002407,NRN,Imperial Securities Company Pvt. Ltd.,Primo Securities (PVT) Ltd.,11,2211.0,24321.0,2025-07-07 11:47:59.881593
2025-07-07,58799,2025070705002408,NRN,Linch Stock Market Ltd.,Deevyaa Securities & Stock House Pvt. Ltd,100,2212.0,221200.0,2025-07-07 11:47:59.902129
2025-07-07,58711,2025070705002423,NRN,Bhrikuti Stock Broking Co. Pvt. Ltd.,Deevyaa Securities & Stock House Pvt. Ltd,50,2212.0,110600.0,2025-07-07 11:48:25.956246
2025-07-07,58611,2025070705002439,NRN,Oxford Securities Pvt. Ltd.,Neev Securities Pvt. Ltd.,10,2207.0,22070.0,2025-07-07 11:48:45.570460
2025-07-07,58480,2025070705002469,NRN,Dipshikha Dhitopatra Karobar Co. Pvt Ltd.,Opal Securities Investment (PVT) Ltd.,10,2206.0,22060.0,2025-07-07 11:49:19.691608
2025-07-07,58293,2025070705002500,NRN,Dipshikha Dhitopatra Karobar Co. Pvt Ltd.,Kohinoor Investment & Securities Pvt. Ltd.,11,2206.0,24266.0,2025-07-07 11:49:58.678193
2025-07-07,58205,2025070705002509,NRN,Online Securities Pvt. Ltd.,Aryatara Investment & Securities,11,2205.0,24255.0,2025-07-07 11:50:19.286421
2025-07-07,58137,2025070705002519,NRN,Online Securities Pvt. Ltd.,Deevyaa Securities & Stock House Pvt. Ltd,200,2212.0,442400.0,2025-07-07 11:50:38.051487
2025-07-07,57870,2025070705002564,NRN,Online Securities Pvt. Ltd.,Deevyaa Securities & Stock House Pvt. Ltd,122,2212.0,269864.0,2025-07-07 11:51:21.477721
2025-07-07,57713,2025070705002613,NRN,Online Securities Pvt. Ltd.,Trishakti Securities Public Limited,50,2210.0,110500.0,2025-07-07 11:51:49.628399
2025-07-07,57712,2025070705002614,NRN,Miyo Securities Pvt Ltd,Trishakti Securities Public Limited,200,2207.0,441400.0,2025-07-07 11:51:49.628617
2025-07-07,57711,2025070705002615,NRN,BHOLE GANESH SECURITIES LTD,Trishakti Securities Public Limited,250,2206.0,551500.0,2025-07-07 11:51:49.628715
2025-07-07,57701,2025070705002616,NRN,Imperial Securities Company Pvt. Ltd.,Deevyaa Securities & Stock House Pvt. Ltd,29,2212.0,64148.0,2025-07-07 11:51:51.529193
2025-07-07,57700,2025070705002617,NRN,Imperial Securities Company Pvt. Ltd.,Dipshikha Dhitopatra Karobar Co. Pvt Ltd.,12,2212.0,26544.0,2025-07-07 11:51:51.529436
2025-07-07,57472,2025070705002673,NRN,BHOLE GANESH SECURITIES LTD,Opal Securities Investment (PVT) Ltd.,10,2206.0,22060.0,2025-07-07 11:52:48.516433
2025-07-07,57242,2025070705002702,NRN,Imperial Securities Company Pvt. Ltd.,Opal Securities Investment (PVT) Ltd.,10,2209.0,22090.0,2025-07-07 11:53:30.478142
2025-07-07,57241,2025070705002703,NRN,Imperial Securities Company Pvt. Ltd.,Opal Securities Investment (PVT) Ltd.,11,2213.0,24343.0,2025-07-07 11:53:30.478496
2025-07-07,57240,2025070705002704,NRN,Imperial Securities Company Pvt. Ltd.,Online Securities Pvt. Ltd.,19,2214.0,42066.0,2025-07-07 11:53:30.478605
2025-07-07,57223,2025070705002706,NRN,Sweta Securities Private Limited,Kohinoor Investment & Securities Pvt. Ltd.,11,2207.0,24277.0,2025-07-07 11:53:34.416577
2025-07-07,57222,2025070705002707,NRN,Sweta Securities Private Limited,Online Securities Pvt. Ltd.,82,2214.0,181548.0,2025-07-07 11:53:34.416879
2025-07-07,57221,2025070705002708,NRN,Sweta Securities Private Limited,Capital Max Securities Ltd,173,2214.0,383022.0,2025-07-07 11:53:34.416978
2025-07-07,56698,2025070705002792,NRN,Miyo Securities Pvt Ltd,Magnet Securities and Investment Company Private Limited,11,2212.0,24332.0,2025-07-07 11:55:34.049392
2025-07-07,56697,2025070705002793,NRN,Miyo Securities Pvt Ltd,Agrawal Securities (PVT) Ltd.,32,2213.0,70816.0,2025-07-07 11:55:34.049862
2025-07-07,56696,2025070705002794,NRN,Miyo Securities Pvt Ltd,Capital Max Securities Ltd,57,2214.0,126198.0,2025-07-07 11:55:34.050160
2025-07-07,56484,2025070705002818,NRN,Imperial Securities Company Pvt. Ltd.,Naasa Securities Co. Ltd.,10,2212.0,22120.0,2025-07-07 11:56:10.932818
2025-07-07,56413,2025070705002822,NRN,Nepal Stock House (PVT) Ltd.,Capital Max Securities Ltd,20,2214.0,44280.0,2025-07-07 11:56:27.737890
2025-07-07,56275,2025070705002848,NRN,Kohinoor Investment & Securities Pvt. Ltd.,Capital Max Securities Ltd,50,2214.0,110700.0,2025-07-07 11:57:01.428496
2025-07-07,56099,2025070705002877,NRN,Nabil Stock Dealer Ltd.,Capital Max Securities Ltd,200,2214.0,442800.0,2025-07-07 11:57:42.078971
2025-07-07,56098,2025070705002878,NRN,Nabil Stock Dealer Ltd.,Primo Securities (PVT) Ltd.,300,2214.9,664470.0,2025-07-07 11:57:42.079247
2025-07-07,56097,2025070705002879,NRN,Nabil Stock Dealer Ltd.,Sumeru Securities Pvt. Ltd.,200,2215.0,443000.0,2025-07-07 11:57:42.079356
2025-07-07,56096,2025070705002880,NRN,Nabil Stock Dealer Ltd.,Sani Securities Company Ltd.,11,2215.0,24365.0,2025-07-07 11:57:42.079456
2025-07-07,56095,2025070705002881,NRN,Nabil Stock Dealer Ltd.,J.F. Securites (PVT) Ltd.,300,2215.0,664500.0,2025-07-07 11:57:42.079572
2025-07-07,56094,2025070705002882,NRN,Nabil Stock Dealer Ltd.,Kumari Securities Private Limited,1000,2215.0,2215000.0,2025-07-07 11:57:42.079677
2025-07-07,56093,2025070705002883,NRN,Nabil Stock Dealer Ltd.,Imperial Securities Company Pvt. Ltd.,11,2215.0,24365.0,2025-07-07 11:57:42.079793
2025-07-07,56092,2025070705002884,NRN,Nabil Stock Dealer Ltd.,Primo Securities (PVT) Ltd.,11,2215.0,24365.0,2025-07-07 11:57:42.079888
2025-07-07,56091,2025070705002885,NRN,Nabil Stock Dealer Ltd.,Online Securities Pvt. Ltd.,100,2215.0,221500.0,2025-07-07 11:57:42.079984
2025-07-07,56072,2025070705002888,NRN,Nabil Stock Dealer Ltd.,Agrawal Securities (PVT) Ltd.,11,2215.0,24365.0,2025-07-07 11:57:46.729886
2025-07-07,55718,2025070705002972,NRN,Naasa Securities Co. Ltd.,Thrive Brokerage House Pvt. Ltd,10,2215.5,22155.0,2025-07-07 11:59:06.524552
2025-07-07,55635,2025070705002991,NRN,Online Securities Pvt. Ltd.,Nepal Stock House (PVT) Ltd.,10,2216.0,22160.0,2025-07-07 11:59:29.328299
2025-07-07,55599,2025070705002996,NRN,Dipshikha Dhitopatra Karobar Co. Pvt Ltd.,Vision Securities Pvt. Ltd,12,2218.0,26616.0,2025-07-07 11:59:37.862335
2025-07-07,55187,2025070705003073,NRN,Imperial Securities Company Pvt. Ltd.,Vision Securities Pvt. Ltd,50,2218.0,110900.0,2025-07-07 12:01:20.218066
2025-07-07,55143,2025070705003079,NRN,Sri Hari Securities Pvt. Ltd.,Vision Securities Pvt. Ltd,438,2218.0,971484.0,2025-07-07 12:01:33.080742
2025-07-07,55142,2025070705003080,NRN,Sri Hari Securities Pvt. Ltd.,Nepal Stock House (PVT) Ltd.,62,2219.0,137578.0,2025-07-07 12:01:33.081072
2025-07-07,55110,2025070705003088,NRN,Deevyaa Securities & Stock House Pvt. Ltd,Nepal Stock House (PVT) Ltd.,40,2219.0,88760.0,2025-07-07 12:01:43.362583
2025-07-07,55020,2025070705003104,NRN,SHUBHAKAMANA SECURITIES PVT. LTD,Nepal Stock House (PVT) Ltd.,898,2219.0,1992662.0,2025-07-07 12:02:00.886010
2025-07-07,55019,2025070705003105,NRN,SHUBHAKAMANA SECURITIES PVT. LTD,Trishakti Securities Public Limited,11,2219.0,24409.0,2025-07-07 12:02:00.886106
2025-07-07,55018,2025070705003106,NRN,SHUBHAKAMANA SECURITIES PVT. LTD,K.B.L. Securities Limited ,91,2220.0,202020.0,2025-07-07 12:02:00.886139
2025-07-07,54975,2025070705003111,NRN,SHUBHAKAMANA SECURITIES PVT. LTD,Naasa Securities Co. Ltd.,150,2220.0,333000.0,2025-07-07 12:02:13.922993
2025-07-07,54974,2025070705003112,NRN,SHUBHAKAMANA SECURITIES PVT. LTD,Sundhara Securities Limited,11,2220.0,24420.0,2025-07-07 12:02:13.923071
2025-07-07,54973,2025070705003113,NRN,SHUBHAKAMANA SECURITIES PVT. LTD,N.M.B. SECURITIES LIMITED,50,2220.0,111000.0,2025-07-07 12:02:13.923098
2025-07-07,54972,2025070705003114,NRN,SHUBHAKAMANA SECURITIES PVT. LTD,Imperial Securities Company Pvt. Ltd.,10,2220.0,22200.0,2025-07-07 12:02:13.923126
2025-07-07,54971,2025070705003115,NRN,SHUBHAKAMANA SECURITIES PVT. LTD,Sewa Securities Pvt. Ltd.,14,2220.0,31080.0,2025-07-07 12:02:13.923150
2025-07-07,54970,2025070705003116,NRN,SHUBHAKAMANA SECURITIES PVT. LTD,Online Securities Pvt. Ltd.,65,2220.0,144300.0,2025-07-07 12:02:13.923174
2025-07-07,54929,2025070705003124,NRN,Online Securities Pvt. Ltd.,Naasa Securities Co. Ltd.,20,2216.0,44320.0,2025-07-07 12:02:21.151157
2025-07-07,54921,2025070705003125,NRN,Online Securities Pvt. Ltd.,Ashutosh Brokerage & Securities (PVT) Ltd.,15,2216.0,33240.0,2025-07-07 12:02:26.774743
2025-07-07,54920,2025070705003126,NRN,Online Securities Pvt. Ltd.,Dipshikha Dhitopatra Karobar Co. Pvt Ltd.,11,2216.0,24376.0,2025-07-07 12:02:27.021483
2025-07-07,54564,2025070705003173,NRN,Online Securities Pvt. Ltd.,Online Securities Pvt. Ltd.,35,2220.0,77700.0,2025-07-07 12:03:53.007534
2025-07-07,54563,2025070705003174,NRN,Online Securities Pvt. Ltd.,Opal Securities Investment (PVT) Ltd.,11,2220.0,24420.0,2025-07-07 12:03:53.007976
2025-07-07,54413,2025070705003200,NRN,Online Securities Pvt. Ltd.,Imperial Securities Company Pvt. Ltd.,11,2220.0,24420.0,2025-07-07 12:04:27.176542
2025-07-07,54122,2025070705003246,NRN,Online Securities Pvt. Ltd.,Dipshikha Dhitopatra Karobar Co. Pvt Ltd.,20,2220.1,44402.0,2025-07-07 12:05:38.586787
2025-07-07,53901,2025070705003280,NRN,Online Securities Pvt. Ltd.,Sri Hari Securities Pvt. Ltd.,13,2220.1,28861.3,2025-07-07 12:06:22.030774
2025-07-07,53880,2025070705003284,NRN,Dynamic Money Managers Securities Pvt. Ltd.,ABC Securities Private Limited,11,2222.0,24442.0,2025-07-07 12:06:32.255163
2025-07-07,53811,2025070705003286,NRN,ABC Securities Private Limited,Sumeru Securities Pvt. Ltd.,50,2222.2,111110.0,2025-07-07 12:06:42.580501
2025-07-07,53810,2025070705003287,NRN,ABC Securities Private Limited,Capital Hub P. Ltd,100,2223.0,222300.0,2025-07-07 12:06:42.580604
2025-07-07,53809,2025070705003288,NRN,ABC Securities Private Limited,Global IME Securities Limited,150,2224.0,333600.0,2025-07-07 12:06:42.580636
2025-07-07,53808,2025070705003289,NRN,ABC Securities Private Limited,Bhrikuti Stock Broking Co. Pvt. Ltd.,11,2224.0,24464.0,2025-07-07 12:06:42.580660
2025-07-07,53807,2025070705003290,NRN,ABC Securities Private Limited,Siprabi Securities Pvt. Ltd.,100,2225.0,222500.0,2025-07-07 12:06:42.580680
2025-07-07,53806,2025070705003291,NRN,ABC Securities Private Limited,Dipshikha Dhitopatra Karobar Co. Pvt Ltd.,11,2225.0,24475.0,2025-07-07 12:06:42.580704
2025-07-07,53805,2025070705003292,NRN,ABC Securities Private Limited,Opal Securities Investment (PVT) Ltd.,30,2225.0,66750.0,2025-07-07 12:06:42.580728
2025-07-07,53804,2025070705003293,NRN,ABC Securities Private Limited,Sharepro Securities Private Limited,11,2225.0,24475.0,2025-07-07 12:06:42.580749
2025-07-07,53803,2025070705003294,NRN,ABC Securities Private Limited,Naasa Securities Co. Ltd.,37,2225.0,82325.0,2025-07-07 12:06:42.580785
2025-07-07,53787,2025070705003295,NRN,SHUBHAKAMANA SECURITIES PVT. LTD,Naasa Securities Co. Ltd.,63,2225.0,140175.0,2025-07-07 12:06:47.611156
2025-07-07,53786,2025070705003296,NRN,SHUBHAKAMANA SECURITIES PVT. LTD,Capital Max Securities Ltd,37,2225.0,82325.0,2025-07-07 12:06:47.611246
2025-07-07,53765,2025070705003299,NRN,Sri Hari Securities Pvt. Ltd.,Capital Max Securities Ltd,13,2225.0,28925.0,2025-07-07 12:06:51.293560
2025-07-07,53764,2025070705003300,NRN,Sri Hari Securities Pvt. Ltd.,Nabil Stock Dealer Ltd.,11,2225.0,24475.0,2025-07-07 12:06:51.293851
2025-07-07,53763,2025070705003301,NRN,Sri Hari Securities Pvt. Ltd.,Dynamic Money Managers Securities Pvt. Ltd.,11,2225.0,24475.0,2025-07-07 12:06:51.293949
2025-07-07,53523,2025070705003332,NRN,Thrive Brokerage House Pvt. Ltd,Vision Securities Pvt. Ltd,11,2222.0,24442.0,2025-07-07 12:07:49.537586
2025-07-07,53398,2025070705003361,NRN,Shree Krishna Securities Ltd.,Naasa Securities Co. Ltd.,10,2227.0,22270.0,2025-07-07 12:08:17.557670
2025-07-07,53307,2025070705003367,NRN,SHUBHAKAMANA SECURITIES PVT. LTD,Naasa Securities Co. Ltd.,90,2227.0,200430.0,2025-07-07 12:08:33.917266
2025-07-07,53255,2025070705003374,NRN,Dynamic Money Managers Securities Pvt. Ltd.,INDEX SECURITIES LIMITED,11,2225.0,24475.0,2025-07-07 12:08:41.075496
2025-07-07,53171,2025070705003378,NRN,K.B.L. Securities Limited ,Opal Securities Investment (PVT) Ltd.,10,2228.0,22280.0,2025-07-07 12:08:58.125378
2025-07-07,53170,2025070705003379,NRN,K.B.L. Securities Limited ,Imperial Securities Company Pvt. Ltd.,11,2230.0,24530.0,2025-07-07 12:08:58.125428
2025-07-07,53169,2025070705003380,NRN,K.B.L. Securities Limited ,Property Wiard Limited,20,2230.0,44600.0,2025-07-07 12:08:58.125456
2025-07-07,53168,2025070705003381,NRN,K.B.L. Securities Limited ,Online Securities Pvt. Ltd.,21,2230.0,46830.0,2025-07-07 12:08:58.125476
2025-07-07,53167,2025070705003382,NRN,K.B.L. Securities Limited ,Sani Securities Company Ltd.,30,2230.0,66900.0,2025-07-07 12:08:58.125498
2025-07-07,53166,2025070705003383,NRN,K.B.L. Securities Limited ,Shree Krishna Securities Ltd.,11,2230.0,24530.0,2025-07-07 12:08:58.125538
2025-07-07,53165,2025070705003384,NRN,K.B.L. Securities Limited ,Opal Securities Investment (PVT) Ltd.,10,2230.0,22300.0,2025-07-07 12:08:58.125563
2025-07-07,53164,2025070705003385,NRN,K.B.L. Securities Limited ,Agrawal Securities (PVT) Ltd.,65,2230.0,144950.0,2025-07-07 12:08:58.125584
2025-07-07,53163,2025070705003386,NRN,K.B.L. Securities Limited ,Naasa Securities Co. Ltd.,22,2230.0,49060.0,2025-07-07 12:08:58.125607
2025-07-07,53136,2025070705003395,NRN,Sundhara Securities Limited,Naasa Securities Co. Ltd.,20,2230.0,44600.0,2025-07-07 12:09:02.010256
2025-07-07,53020,2025070705003404,NRN,Naasa Securities Co. Ltd.,Prabhu Stock Market Limited,100,2228.0,222800.0,2025-07-07 12:09:29.117503
2025-07-07,52919,2025070705003438,NRN,Miyo Securities Pvt Ltd,Naasa Securities Co. Ltd.,40,2230.0,89200.0,2025-07-07 12:09:46.117853
2025-07-07,52884,2025070705003444,NRN,Dynamic Money Managers Securities Pvt. Ltd.,Naasa Securities Co. Ltd.,39,2230.0,86970.0,2025-07-07 12:09:50.888939
2025-07-07,52851,2025070705003447,NRN,Vision Securities Pvt. Ltd,Capital Max Securities Ltd,30,2228.1,66843.0,2025-07-07 12:09:59.661057
2025-07-07,52850,2025070705003448,NRN,Naasa Securities Co. Ltd.,Capital Max Securities Ltd,70,2228.0,155960.0,2025-07-07 12:09:59.661130
2025-07-07,52825,2025070705003452,NRN,Deevyaa Securities & Stock House Pvt. Ltd,Naasa Securities Co. Ltd.,21,2230.0,46830.0,2025-07-07 12:10:03.681435
2025-07-07,52767,2025070705003460,NRN,Sri Hari Securities Pvt. Ltd.,Cristal Kanchanjanga Securites Pvt. Ltd.,100,2235.0,223500.0,2025-07-07 12:10:17.169479
2025-07-07,52766,2025070705003461,NRN,Sri Hari Securities Pvt. Ltd.,Primo Securities (PVT) Ltd.,15,2235.0,33525.0,2025-07-07 12:10:17.169718
2025-07-07,52736,2025070705003465,NRN,Deevyaa Securities & Stock House Pvt. Ltd,Cristal Kanchanjanga Securites Pvt. Ltd.,29,2230.0,64670.0,2025-07-07 12:10:24.990918
2025-07-07,52735,2025070705003466,NRN,Miyo Securities Pvt Ltd,Cristal Kanchanjanga Securites Pvt. Ltd.,21,2230.0,46830.0,2025-07-07 12:10:24.991201
2025-07-07,52604,2025070705003493,NRN,Oxford Securities Pvt. Ltd.,Naasa Securities Co. Ltd.,100,2234.0,223400.0,2025-07-07 12:10:57.067814
2025-07-07,52592,2025070705003495,NRN,Miyo Securities Pvt Ltd,Primo Securities (PVT) Ltd.,39,2230.0,86970.0,2025-07-07 12:10:58.583831
2025-07-07,52591,2025070705003496,NRN,Online Securities Pvt. Ltd.,Primo Securities (PVT) Ltd.,87,2230.0,194010.0,2025-07-07 12:10:58.584280
2025-07-07,52491,2025070705003510,NRN,Thrive Brokerage House Pvt. Ltd,Primo Securities (PVT) Ltd.,14,2230.0,31220.0,2025-07-07 12:11:19.659291
2025-07-07,52022,2025070705003599,NRN,Kumari Securities Private Limited,Aryatara Investment & Securities,50,2229.0,111450.0,2025-07-07 12:12:56.134570
2025-07-07,52021,2025070705003600,NRN,Kumari Securities Private Limited,Sri Hari Securities Pvt. Ltd.,100,2229.0,222900.0,2025-07-07 12:12:56.134841
2025-07-07,51920,2025070705003614,NRN,Kumari Securities Private Limited,Premier Securities Company Ltd.,50,2229.0,111450.0,2025-07-07 12:13:14.663733
2025-07-07,51798,2025070705003636,NRN,Nepal Stock House (PVT) Ltd.,Nabil Stock Dealer Ltd.,30,2229.0,66870.0,2025-07-07 12:13:42.135307
2025-07-07,51786,2025070705003638,NRN,Naasa Securities Co. Ltd.,Nabil Stock Dealer Ltd.,60,2229.0,133740.0,2025-07-07 12:13:48.002386
2025-07-07,51785,2025070705003639,NRN,Naasa Securities Co. Ltd.,Naasa Securities Co. Ltd.,200,2229.0,445800.0,2025-07-07 12:13:48.002486
2025-07-07,51784,2025070705003640,NRN,Naasa Securities Co. Ltd.,Nagarik Stock Dealer ,50,2229.0,111450.0,2025-07-07 12:13:48.002595
2025-07-07,51783,2025070705003641,NRN,Naasa Securities Co. Ltd.,Dakshinkali Investment & Securities Pvt. Ltd.,190,2230.0,423700.0,2025-07-07 12:13:48.002677
2025-07-07,51760,2025070705003648,NRN,Nepal Stock House (PVT) Ltd.,Infinity Securities Limited,100,2228.9,222890.0,2025-07-07 12:13:54.804080
2025-07-07,51633,2025070705003673,NRN,Indira securities pvt. ltd,Sri Hari Securities Pvt. Ltd.,500,2224.1,1112050.0,2025-07-07 12:14:20.058353
2025-07-07,51594,2025070705003682,NRN,Sani Securities Company Ltd.,Dakshinkali Investment & Securities Pvt. Ltd.,50,2230.0,111500.0,2025-07-07 12:14:29.373007
2025-07-07,51343,2025070705003733,NRN,Linch Stock Market Ltd.,Kalika Securities Pvt. Ltd.,11,2225.0,24475.0,2025-07-07 12:15:13.633693
2025-07-07,51337,2025070705003734,NRN,Linch Stock Market Ltd.,Asian Securities Private Ltd.,89,2225.0,198025.0,2025-07-07 12:15:14.187468
2025-07-07,51289,2025070705003749,NRN,ABC Securities Private Limited,Nepal Stock House (PVT) Ltd.,30,2224.0,66720.0,2025-07-07 12:15:28.007224
2025-07-07,51216,2025070705003767,NRN,Online Securities Pvt. Ltd.,Asian Securities Private Ltd.,30,2223.0,66690.0,2025-07-07 12:15:38.579745
2025-07-07,51215,2025070705003768,NRN,Sri Hari Securities Pvt. Ltd.,Asian Securities Private Ltd.,50,2221.0,111050.0,2025-07-07 12:15:38.579991
2025-07-07,51214,2025070705003769,NRN,Imperial Securities Company Pvt. Ltd.,Asian Securities Private Ltd.,331,2220.2,734886.2,2025-07-07 12:15:38.580099
2025-07-07,51112,2025070705003791,NRN,Imperial Securities Company Pvt. Ltd.,Sumeru Securities Pvt. Ltd.,10,2220.2,22202.0,2025-07-07 12:16:03.494902
2025-07-07,51074,2025070705003803,NRN,Trishakti Securities Public Limited,Nepal Stock House (PVT) Ltd.,25,2224.0,55600.0,2025-07-07 12:16:10.950297
2025-07-07,50777,2025070705003896,NRN,Trishakti Securities Public Limited,Primo Securities (PVT) Ltd.,25,2223.9,55597.5,2025-07-07 12:17:26.457102
2025-07-07,50699,2025070705003907,NRN,Miyo Securities Pvt Ltd,Primo Securities (PVT) Ltd.,19,2223.9,42254.1,2025-07-07 12:17:47.464165
2025-07-07,50424,2025070705003948,NRN,Imperial Securities Company Pvt. Ltd.,Primo Securities (PVT) Ltd.,100,2223.9,222390.0,2025-07-07 12:19:21.072210
2025-07-07,50388,2025070705003951,NRN,J.F. Securites (PVT) Ltd.,Primo Securities (PVT) Ltd.,20,2223.9,44478.0,2025-07-07 12:19:32.031828
2025-07-07,50365,2025070705003957,NRN,Aryatara Investment & Securities,Primo Securities (PVT) Ltd.,121,2223.9,269091.9,2025-07-07 12:19:37.432191
2025-07-07,50364,2025070705003958,NRN,Aryatara Investment & Securities,Nepal Stock House (PVT) Ltd.,45,2224.0,100080.0,2025-07-07 12:19:37.432478
2025-07-07,50269,2025070705003969,NRN,Sundhara Securities Limited,Online Securities Pvt. Ltd.,10,2225.0,22250.0,2025-07-07 12:20:04.687526
2025-07-07,50268,2025070705003970,NRN,Sundhara Securities Limited,Dakshinkali Investment & Securities Pvt. Ltd.,10,2230.0,22300.0,2025-07-07 12:20:04.687797
2025-07-07,50023,2025070705004019,NRN,Kohinoor Investment & Securities Pvt. Ltd.,Dakshinkali Investment & Securities Pvt. Ltd.,50,2230.0,111500.0,2025-07-07 12:20:58.791021
2025-07-07,49953,2025070705004025,NRN,Agrawal Securities (PVT) Ltd.,Naasa Securities Co. Ltd.,100,2230.0,223000.0,2025-07-07 12:21:09.091192
2025-07-07,49952,2025070705004026,NRN,Agrawal Securities (PVT) Ltd.,Online Securities Pvt. Ltd.,100,2230.0,223000.0,2025-07-07 12:21:09.091810
2025-07-07,49818,2025070705004040,NRN,SHUBHAKAMANA SECURITIES PVT. LTD,Naasa Securities Co. Ltd.,300,2234.8,670440.0,2025-07-07 12:21:42.011730
2025-07-07,49817,2025070705004041,NRN,SHUBHAKAMANA SECURITIES PVT. LTD,Arun Securities (PVT) Ltd.,337,2234.8,753127.6,2025-07-07 12:21:42.011822
2025-07-07,49816,2025070705004042,NRN,SHUBHAKAMANA SECURITIES PVT. LTD,Infinity Securities Limited,100,2234.9,223490.0,2025-07-07 12:21:42.011896
2025-07-07,49815,2025070705004043,NRN,SHUBHAKAMANA SECURITIES PVT. LTD,Sumeru Securities Pvt. Ltd.,10,2235.0,22350.0,2025-07-07 12:21:42.012007
2025-07-07,49814,2025070705004044,NRN,SHUBHAKAMANA SECURITIES PVT. LTD,K.B.L. Securities Limited ,100,2235.0,223500.0,2025-07-07 12:21:42.012115
2025-07-07,49813,2025070705004045,NRN,SHUBHAKAMANA SECURITIES PVT. LTD,Naasa Securities Co. Ltd.,500,2235.0,1117500.0,2025-07-07 12:21:42.012225
2025-07-07,49812,2025070705004046,NRN,SHUBHAKAMANA SECURITIES PVT. LTD,Linch Stock Market Ltd.,11,2238.0,24618.0,2025-07-07 12:21:42.012386
2025-07-07,49811,2025070705004047,NRN,SHUBHAKAMANA SECURITIES PVT. LTD,Vision Securities Pvt. Ltd,50,2238.0,111900.0,2025-07-07 12:21:42.012503
2025-07-07,49810,2025070705004048,NRN,SHUBHAKAMANA SECURITIES PVT. LTD,Garima Securities Limited,92,2239.8,206061.6,2025-07-07 12:21:42.012619
2025-07-07,49789,2025070705004052,NRN,Naasa Securities Co. Ltd.,Sani Securities Company Ltd.,10,2231.0,22310.0,2025-07-07 12:21:46.080925
2025-07-07,49636,2025070705004074,NRN,Shree Krishna Securities Ltd.,Primo Securities (PVT) Ltd.,500,2239.0,1119500.0,2025-07-07 12:22:19.816964
2025-07-07,49635,2025070705004075,NRN,Shree Krishna Securities Ltd.,Garima Securities Limited,408,2239.8,913838.4,2025-07-07 12:22:19.817035
2025-07-07,49634,2025070705004076,NRN,Shree Krishna Securities Ltd.,Naasa Securities Co. Ltd.,500,2239.9,1119950.0,2025-07-07 12:22:19.817074
2025-07-07,49633,2025070705004077,NRN,Shree Krishna Securities Ltd.,Cristal Kanchanjanga Securites Pvt. Ltd.,100,2240.0,224000.0,2025-07-07 12:22:19.817100
2025-07-07,49632,2025070705004078,NRN,Shree Krishna Securities Ltd.,Shree Krishna Securities Ltd.,11,2240.0,24640.0,2025-07-07 12:22:19.817127
2025-07-07,49631,2025070705004079,NRN,Shree Krishna Securities Ltd.,Arun Securities (PVT) Ltd.,100,2240.0,224000.0,2025-07-07 12:22:19.817152
2025-07-07,49630,2025070705004080,NRN,Shree Krishna Securities Ltd.,Thrive Brokerage House Pvt. Ltd,11,2240.0,24640.0,2025-07-07 12:22:19.817207
2025-07-07,49629,2025070705004081,NRN,Shree Krishna Securities Ltd.,Secured Securities Ltd.,50,2240.0,112000.0,2025-07-07 12:22:19.817258
2025-07-07,49628,2025070705004082,NRN,Shree Krishna Securities Ltd.,Opal Securities Investment (PVT) Ltd.,10,2240.0,22400.0,2025-07-07 12:22:19.817283
2025-07-07,49627,2025070705004083,NRN,Shree Krishna Securities Ltd.,Online Securities Pvt. Ltd.,100,2240.0,224000.0,2025-07-07 12:22:19.817307
2025-07-07,49626,2025070705004084,NRN,Shree Krishna Securities Ltd.,ABC Securities Private Limited,210,2241.5,470715.0,2025-07-07 12:22:19.817340
2025-07-07,49550,2025070705004103,NRN,Naasa Securities Co. Ltd.,Naasa Securities Co. Ltd.,20,2240.0,44800.0,2025-07-07 12:22:36.398650
2025-07-07,49481,2025070705004112,NRN,Sani Securities Company Ltd.,Naasa Securities Co. Ltd.,80,2240.0,179200.0,2025-07-07 12:22:49.748423
2025-07-07,49480,2025070705004113,NRN,Sani Securities Company Ltd.,Naasa Securities Co. Ltd.,20,2240.0,44800.0,2025-07-07 12:22:49.748765
2025-07-07,49448,2025070705004116,NRN,Naasa Securities Co. Ltd.,Online Securities Pvt. Ltd.,200,2238.0,447600.0,2025-07-07 12:23:00.290249
2025-07-07,49447,2025070705004117,NRN,Naasa Securities Co. Ltd.,Naasa Securities Co. Ltd.,80,2240.0,179200.0,2025-07-07 12:23:00.290544
2025-07-07,49412,2025070705004121,NRN,Trishakti Securities Public Limited,Malla & Malla Stock Broking Company Pvt. Limited,11,2241.0,24651.0,2025-07-07 12:23:06.498540
2025-07-07,49411,2025070705004122,NRN,Trishakti Securities Public Limited,ABC Securities Private Limited,489,2241.5,1096093.5,2025-07-07 12:23:06.498790
2025-07-07,49401,2025070705004126,NRN,Agrawal Securities (PVT) Ltd.,Infinity Securities Limited,25,2241.0,56025.0,2025-07-07 12:23:10.224416
2025-07-07,49384,2025070705004129,NRN,Naasa Securities Co. Ltd.,Naasa Securities Co. Ltd.,100,2240.0,224000.0,2025-07-07 12:23:18.248476
2025-07-07,49376,2025070705004130,NRN,Sri Hari Securities Pvt. Ltd.,Infinity Securities Limited,75,2241.0,168075.0,2025-07-07 12:23:20.119103
2025-07-07,49339,2025070705004138,NRN,Sri Hari Securities Pvt. Ltd.,Vision Securities Pvt. Ltd,100,2241.0,224100.0,2025-07-07 12:23:28.963912
2025-07-07,49324,2025070705004140,NRN,Sri Hari Securities Pvt. Ltd.,Naasa Securities Co. Ltd.,25,2241.0,56025.0,2025-07-07 12:23:32.060369
2025-07-07,49253,2025070705004150,NRN,Investment Management Nepal Pvt. Ltd.,Naasa Securities Co. Ltd.,75,2241.0,168075.0,2025-07-07 12:23:57.971259
2025-07-07,49229,2025070705004154,NRN,Investment Management Nepal Pvt. Ltd.,Naasa Securities Co. Ltd.,425,2241.5,952637.5,2025-07-07 12:24:06.467721
2025-07-07,49225,2025070705004155,NRN,Neev Securities Pvt. Ltd.,Naasa Securities Co. Ltd.,75,2241.5,168112.5,2025-07-07 12:24:07.486453
2025-07-07,49224,2025070705004156,NRN,Neev Securities Pvt. Ltd.,Naasa Securities Co. Ltd.,100,2243.0,224300.0,2025-07-07 12:24:07.486722
2025-07-07,49223,2025070705004157,NRN,Neev Securities Pvt. Ltd.,Dynamic Money Managers Securities Pvt. Ltd.,10,2244.0,22440.0,2025-07-07 12:24:07.486847
2025-07-07,49222,2025070705004158,NRN,Neev Securities Pvt. Ltd.,Midas Stock Broking Company Private Limited,38,2244.0,85272.0,2025-07-07 12:24:07.486953
2025-07-07,49221,2025070705004159,NRN,Neev Securities Pvt. Ltd.,Asian Securities Private Ltd.,105,2244.0,235620.0,2025-07-07 12:24:07.487074
2025-07-07,49220,2025070705004160,NRN,Neev Securities Pvt. Ltd.,Opal Securities Investment (PVT) Ltd.,11,2244.0,24684.0,2025-07-07 12:24:07.487185
2025-07-07,49219,2025070705004161,NRN,Neev Securities Pvt. Ltd.,Naasa Securities Co. Ltd.,150,2244.0,336600.0,2025-07-07 12:24:07.487340
2025-07-07,49177,2025070705004170,NRN,Neev Securities Pvt. Ltd.,Naasa Securities Co. Ltd.,11,2244.0,24684.0,2025-07-07 12:24:13.670784
2025-07-07,49136,2025070705004176,NRN,Cristal Kanchanjanga Securites Pvt. Ltd.,South Asian Bulls Pvt. Ltd.,19,2241.5,42588.5,2025-07-07 12:24:24.024088
2025-07-07,49062,2025070705004196,NRN,Kohinoor Investment & Securities Pvt. Ltd.,Naasa Securities Co. Ltd.,45,2242.0,100890.0,2025-07-07 12:24:42.887026
2025-07-07,49055,2025070705004198,NRN,Aryatara Investment & Securities,Naasa Securities Co. Ltd.,44,2242.0,98648.0,2025-07-07 12:24:46.087491
2025-07-07,49023,2025070705004203,NRN,Aryatara Investment & Securities,Aryatara Investment & Securities,156,2242.0,349752.0,2025-07-07 12:24:52.125293
2025-07-07,49022,2025070705004204,NRN,Cristal Kanchanjanga Securites Pvt. Ltd.,Aryatara Investment & Securities,51,2241.5,114316.5,2025-07-07 12:24:52.125825
2025-07-07,49021,2025070705004205,NRN,Thrive Brokerage House Pvt. Ltd,Aryatara Investment & Securities,10,2241.0,22410.0,2025-07-07 12:24:52.126248
2025-07-07,49020,2025070705004206,NRN,Naasa Securities Co. Ltd.,Aryatara Investment & Securities,5783,2240.0,12953920.0,2025-07-07 12:24:52.126653
2025-07-07,48995,2025070705004210,NRN,Bhrikuti Stock Broking Co. Pvt. Ltd.,Naasa Securities Co. Ltd.,35,2244.8,78568.0,2025-07-07 12:24:56.881782
2025-07-07,48943,2025070705004218,NRN,Naasa Securities Co. Ltd.,Naasa Securities Co. Ltd.,100,2244.8,224480.0,2025-07-07 12:25:05.739378
2025-07-07,48776,2025070705004247,NRN,Online Securities Pvt. Ltd.,Aryatara Investment & Securities,25,2242.0,56050.0,2025-07-07 12:25:58.772196
2025-07-07,48775,2025070705004248,NRN,SHUBHAKAMANA SECURITIES PVT. LTD,Aryatara Investment & Securities,250,2240.3,560075.0,2025-07-07 12:25:58.772469
2025-07-07,48774,2025070705004249,NRN,Sri Hari Securities Pvt. Ltd.,Aryatara Investment & Securities,55,2240.2,123211.0,2025-07-07 12:25:58.772585
2025-07-07,48729,2025070705004268,NRN,Sri Hari Securities Pvt. Ltd.,Naasa Securities Co. Ltd.,440,2240.2,985688.0,2025-07-07 12:26:10.951609
2025-07-07,48685,2025070705004275,NRN,Agrawal Securities (PVT) Ltd.,Online Securities Pvt. Ltd.,10,2240.1,22401.0,2025-07-07 12:26:21.753707
2025-07-07,48684,2025070705004276,NRN,Naasa Securities Co. Ltd.,Online Securities Pvt. Ltd.,990,2240.0,2217600.0,2025-07-07 12:26:21.754222
2025-07-07,48683,2025070705004277,NRN,Nepal Stock House (PVT) Ltd.,Kalika Securities Pvt. Ltd.,58,2242.0,130036.0,2025-07-07 12:26:22.413952
2025-07-07,48682,2025070705004278,NRN,Nepal Stock House (PVT) Ltd.,Primo Securities (PVT) Ltd.,60,2244.0,134640.0,2025-07-07 12:26:22.414476
2025-07-07,48681,2025070705004279,NRN,Nepal Stock House (PVT) Ltd.,Naasa Securities Co. Ltd.,82,2244.7,184065.4,2025-07-07 12:26:22.414816
2025-07-07,48659,2025070705004281,NRN,Siprabi Securities Pvt. Ltd.,Aryatara Investment & Securities,10,2240.0,22400.0,2025-07-07 12:26:30.968509
2025-07-07,48626,2025070705004295,NRN,Siprabi Securities Pvt. Ltd.,Sumeru Securities Pvt. Ltd.,43,2240.0,96320.0,2025-07-07 12:26:36.860028
2025-07-07,48621,2025070705004297,NRN,Sri Hari Securities Pvt. Ltd.,Sumeru Securities Pvt. Ltd.,15,2240.0,33600.0,2025-07-07 12:26:39.544023
2025-07-07,48620,2025070705004298,NRN,Naasa Securities Co. Ltd.,Sumeru Securities Pvt. Ltd.,42,2240.0,94080.0,2025-07-07 12:26:39.632173
2025-07-07,48615,2025070705004300,NRN,Naasa Securities Co. Ltd.,South Asian Bulls Pvt. Ltd.,50,2241.0,112050.0,2025-07-07 12:26:40.435980
2025-07-07,48613,2025070705004302,NRN,Imperial Securities Company Pvt. Ltd.,Kohinoor Investment & Securities Pvt. Ltd.,12,2235.0,26820.0,2025-07-07 12:26:41.356375
2025-07-07,48541,2025070705004313,NRN,Imperial Securities Company Pvt. Ltd.,Primo Securities (PVT) Ltd.,100,2239.9,223990.0,2025-07-07 12:26:57.081084
2025-07-07,48416,2025070705004328,NRN,Imperial Securities Company Pvt. Ltd.,SHUBHAKAMANA SECURITIES PVT. LTD,52,2235.0,116220.0,2025-07-07 12:27:32.871961
2025-07-07,48370,2025070705004349,NRN,Imperial Securities Company Pvt. Ltd.,Thrive Brokerage House Pvt. Ltd,11,2235.0,24585.0,2025-07-07 12:27:43.230931
2025-07-07,48364,2025070705004351,NRN,Imperial Securities Company Pvt. Ltd.,Sumeru Securities Pvt. Ltd.,25,2235.0,55875.0,2025-07-07 12:27:47.153070
2025-07-07,48327,2025070705004360,NRN,Thrive Brokerage House Pvt. Ltd,Sumeru Securities Pvt. Ltd.,50,2234.0,111700.0,2025-07-07 12:27:58.191372
2025-07-07,48245,2025070705004376,NRN,Thrive Brokerage House Pvt. Ltd,Sumeru Securities Pvt. Ltd.,25,2230.0,55750.0,2025-07-07 12:28:19.257493
2025-07-07,48225,2025070705004380,NRN,Midas Stock Broking Company Private Limited,Infinity Securities Limited,500,2227.0,1113500.0,2025-07-07 12:28:27.584857
2025-07-07,48142,2025070705004392,NRN,Nabil Stock Dealer Ltd.,Naasa Securities Co. Ltd.,250,2230.0,557500.0,2025-07-07 12:28:48.725123
2025-07-07,48140,2025070705004393,NRN,Sri Hari Securities Pvt. Ltd.,Online Securities Pvt. Ltd.,100,2228.0,222800.0,2025-07-07 12:28:50.097262
2025-07-07,48139,2025070705004394,NRN,Property Wiard Limited,Online Securities Pvt. Ltd.,400,2227.1,890840.0,2025-07-07 12:28:50.097600
2025-07-07,48087,2025070705004403,NRN,Property Wiard Limited,Vision Securities Pvt. Ltd,100,2227.1,222710.0,2025-07-07 12:28:58.013243
2025-07-07,48058,2025070705004412,NRN,Primo Securities (PVT) Ltd.,Vision Securities Pvt. Ltd,100,2227.0,222700.0,2025-07-07 12:29:06.445241
2025-07-07,48048,2025070705004415,NRN,Asian Securities Private Ltd.,Dynamic Money Managers Securities Pvt. Ltd.,20,2226.0,44520.0,2025-07-07 12:29:12.575050
2025-07-07,47969,2025070705004429,NRN,Property Wiard Limited,Online Securities Pvt. Ltd.,10,2226.1,22261.0,2025-07-07 12:29:32.535635
2025-07-07,47968,2025070705004430,NRN,Asian Securities Private Ltd.,Online Securities Pvt. Ltd.,561,2226.0,1248786.0,2025-07-07 12:29:32.536259
2025-07-07,47826,2025070705004468,NRN,Asian Securities Private Ltd.,J.F. Securites (PVT) Ltd.,59,2226.0,131334.0,2025-07-07 12:30:06.390957
2025-07-07,47825,2025070705004469,NRN,Naasa Securities Co. Ltd.,J.F. Securites (PVT) Ltd.,141,2225.0,313725.0,2025-07-07 12:30:06.391037
2025-07-07,47809,2025070705004474,NRN,Naasa Securities Co. Ltd.,J.F. Securites (PVT) Ltd.,109,2225.0,242525.0,2025-07-07 12:30:10.412240
2025-07-07,47808,2025070705004475,NRN,Thrive Brokerage House Pvt. Ltd,J.F. Securites (PVT) Ltd.,50,2225.0,111250.0,2025-07-07 12:30:10.412359
2025-07-07,47807,2025070705004476,NRN,Online Securities Pvt. Ltd.,J.F. Securites (PVT) Ltd.,41,2224.0,91184.0,2025-07-07 12:30:10.412451
2025-07-07,47595,2025070705004509,NRN,Imperial Securities Company Pvt. Ltd.,Infinity Securities Limited,100,2225.0,222500.0,2025-07-07 12:31:03.798008
2025-07-07,47594,2025070705004510,NRN,Primo Securities (PVT) Ltd.,Infinity Securities Limited,100,2225.0,222500.0,2025-07-07 12:31:03.798569
2025-07-07,47497,2025070705004522,NRN,Sani Securities Company Ltd.,Infinity Securities Limited,100,2229.9,222990.0,2025-07-07 12:31:19.205774
2025-07-07,47460,2025070705004528,NRN,Sundhara Securities Limited,Naasa Securities Co. Ltd.,10,2230.0,22300.0,2025-07-07 12:31:34.179003
2025-07-07,47295,2025070705004553,NRN,Naasa Securities Co. Ltd.,Naasa Securities Co. Ltd.,150,2230.0,334500.0,2025-07-07 12:32:20.180978
2025-07-07,47271,2025070705004558,NRN,Secured Securities Ltd.,Naasa Securities Co. Ltd.,30,2230.0,66900.0,2025-07-07 12:32:27.081464
2025-07-07,47239,2025070705004561,NRN,ABC Securities Private Limited,Naasa Securities Co. Ltd.,50,2230.0,111500.0,2025-07-07 12:32:32.181229
2025-07-07,47213,2025070705004565,NRN,ABC Securities Private Limited,Naasa Securities Co. Ltd.,10,2230.0,22300.0,2025-07-07 12:32:37.539350
2025-07-07,47212,2025070705004566,NRN,ABC Securities Private Limited,Infinity Securities Limited,100,2230.0,223000.0,2025-07-07 12:32:37.539919
2025-07-07,47151,2025070705004573,NRN,Sundhara Securities Limited,Sumeru Securities Pvt. Ltd.,10,2234.0,22340.0,2025-07-07 12:32:50.603456
2025-07-07,47141,2025070705004578,NRN,Nagarik Stock Dealer ,Sumeru Securities Pvt. Ltd.,40,2234.0,89360.0,2025-07-07 12:32:55.669405
2025-07-07,47140,2025070705004579,NRN,Nagarik Stock Dealer ,Sumeru Securities Pvt. Ltd.,25,2235.0,55875.0,2025-07-07 12:32:55.670033
2025-07-07,47139,2025070705004580,NRN,Nagarik Stock Dealer ,Sumeru Securities Pvt. Ltd.,75,2235.0,167625.0,2025-07-07 12:32:55.670433
2025-07-07,47138,2025070705004581,NRN,Nagarik Stock Dealer ,Naasa Securities Co. Ltd.,10,2235.0,22350.0,2025-07-07 12:32:55.670828
2025-07-07,47020,2025070705004590,NRN,Sundhara Securities Limited,Sumeru Securities Pvt. Ltd.,10,2238.9,22389.0,2025-07-07 12:33:08.676154
2025-07-07,46794,2025070705004621,NRN,Nagarik Stock Dealer ,Sani Securities Company Ltd.,10,2235.0,22350.0,2025-07-07 12:34:23.286585
2025-07-07,46793,2025070705004622,NRN,Citizens Share Broker Limited,Sani Securities Company Ltd.,580,2231.0,1293980.0,2025-07-07 12:34:23.286892
2025-07-07,46602,2025070705004649,NRN,Investment Management Nepal Pvt. Ltd.,Online Securities Pvt. Ltd.,20,2238.0,44760.0,2025-07-07 12:35:08.610020
2025-07-07,46581,2025070705004654,NRN,Imperial Securities Company Pvt. Ltd.,Trademow Securities Private Limited,30,2232.0,66960.0,2025-07-07 12:35:15.909262
2025-07-07,46580,2025070705004655,NRN,Property Wiard Limited,Trademow Securities Private Limited,398,2231.3,888057.4,2025-07-07 12:35:15.909589
2025-07-07,46579,2025070705004656,NRN,Sri Hari Securities Pvt. Ltd.,Trademow Securities Private Limited,200,2231.2,446240.0,2025-07-07 12:35:15.909717
2025-07-07,46578,2025070705004657,NRN,Citizens Share Broker Limited,Trademow Securities Private Limited,372,2231.0,829932.0,2025-07-07 12:35:15.909834
2025-07-07,46384,2025070705004699,NRN,Sri Hari Securities Pvt. Ltd.,Online Securities Pvt. Ltd.,10,2235.0,22350.0,2025-07-07 12:36:25.159923
2025-07-07,46359,2025070705004703,NRN,Secured Securities Ltd.,Neev Securities Pvt. Ltd.,11,2231.1,24542.1,2025-07-07 12:36:37.796703
2025-07-07,46320,2025070705004719,NRN,Sundhara Securities Limited,Online Securities Pvt. Ltd.,20,2235.0,44700.0,2025-07-07 12:36:50.514431
2025-07-07,46122,2025070705004742,NRN,Agrawal Securities (PVT) Ltd.,Naasa Securities Co. Ltd.,50,2232.0,111600.0,2025-07-07 12:37:39.036737
2025-07-07,46121,2025070705004743,NRN,Thrive Brokerage House Pvt. Ltd,Naasa Securities Co. Ltd.,50,2232.0,111600.0,2025-07-07 12:37:39.037280
2025-07-07,46120,2025070705004744,NRN,Citizens Share Broker Limited,Naasa Securities Co. Ltd.,181,2231.0,403811.0,2025-07-07 12:37:39.037566
2025-07-07,46119,2025070705004745,NRN,ABC Securities Private Limited,Naasa Securities Co. Ltd.,50,2230.4,111520.0,2025-07-07 12:37:39.037758
2025-07-07,46118,2025070705004746,NRN,ABC Securities Private Limited,Naasa Securities Co. Ltd.,50,2230.0,111500.0,2025-07-07 12:37:39.037943
2025-07-07,46117,2025070705004747,NRN,Online Securities Pvt. Ltd.,Naasa Securities Co. Ltd.,124,2230.0,276520.0,2025-07-07 12:37:39.038154
2025-07-07,46088,2025070705004752,NRN,Naasa Securities Co. Ltd.,Naasa Securities Co. Ltd.,48,2230.0,107040.0,2025-07-07 12:37:48.879024
2025-07-07,46066,2025070705004753,NRN,Sani Securities Company Ltd.,Naasa Securities Co. Ltd.,220,2230.0,490600.0,2025-07-07 12:37:54.472665
2025-07-07,46001,2025070705004766,NRN,Himalayan Brokerage Company Limited,INDEX SECURITIES LIMITED,96,2229.9,214070.4,2025-07-07 12:38:19.174077
2025-07-07,46000,2025070705004767,NRN,Himalayan Brokerage Company Limited,Naasa Securities Co. Ltd.,754,2230.0,1681420.0,2025-07-07 12:38:19.174427
2025-07-07,45972,2025070705004775,NRN,Bhrikuti Stock Broking Co. Pvt. Ltd.,Naasa Securities Co. Ltd.,210,2230.0,468300.0,2025-07-07 12:38:24.239591
2025-07-07,45877,2025070705004800,NRN,Himalayan Brokerage Company Limited,Naasa Securities Co. Ltd.,40,2230.0,89200.0,2025-07-07 12:38:54.289761
2025-07-07,45867,2025070705004806,NRN,Imperial Securities Company Pvt. Ltd.,Sumeru Securities Pvt. Ltd.,50,2227.0,111350.0,2025-07-07 12:38:57.144280
2025-07-07,45862,2025070705004809,NRN,Imperial Securities Company Pvt. Ltd.,K.B.L. Securities Limited ,150,2227.0,334050.0,2025-07-07 12:38:58.246444
2025-07-07,45856,2025070705004812,NRN,Dynamic Money Managers Securities Pvt. Ltd.,K.B.L. Securities Limited ,50,2227.0,111350.0,2025-07-07 12:39:00.365583
2025-07-07,45855,2025070705004813,NRN,Dynamic Money Managers Securities Pvt. Ltd.,Naasa Securities Co. Ltd.,50,2230.0,111500.0,2025-07-07 12:39:00.365889
2025-07-07,45844,2025070705004816,NRN,Secured Securities Ltd.,Naasa Securities Co. Ltd.,10,2230.0,22300.0,2025-07-07 12:39:03.106794
2025-07-07,45754,2025070705004831,NRN,Himalayan Brokerage Company Limited,Naasa Securities Co. Ltd.,10,2230.0,22300.0,2025-07-07 12:39:27.378144
2025-07-07,45518,2025070705004889,NRN,Naasa Securities Co. Ltd.,Naasa Securities Co. Ltd.,200,2230.0,446000.0,2025-07-07 12:40:40.386741
2025-07-07,45454,2025070705004901,NRN,Asian Securities Private Ltd.,Naasa Securities Co. Ltd.,150,2230.0,334500.0,2025-07-07 12:41:03.631807
2025-07-07,45420,2025070705004905,NRN,Secured Securities Ltd.,Naasa Securities Co. Ltd.,10,2230.0,22300.0,2025-07-07 12:41:12.902342
2025-07-07,45414,2025070705004906,NRN,ABC Securities Private Limited,Naasa Securities Co. Ltd.,900,2230.0,2007000.0,2025-07-07 12:41:13.828226
2025-07-07,45381,2025070705004914,NRN,Aakashbhairab Securities Ltd.,Naasa Securities Co. Ltd.,196,2230.0,437080.0,2025-07-07 12:41:26.024509
2025-07-07,45321,2025070705004922,NRN,Sundhara Securities Limited,Online Securities Pvt. Ltd.,20,2235.0,44700.0,2025-07-07 12:41:42.555912
2025-07-07,45270,2025070705004948,NRN,Imperial Securities Company Pvt. Ltd.,Online Securities Pvt. Ltd.,20,2235.0,44700.0,2025-07-07 12:41:55.865056
2025-07-07,45178,2025070705004967,NRN,Imperial Securities Company Pvt. Ltd.,Online Securities Pvt. Ltd.,10,2235.0,22350.0,2025-07-07 12:42:20.024745
2025-07-07,45177,2025070705004968,NRN,Imperial Securities Company Pvt. Ltd.,Opal Securities Investment (PVT) Ltd.,11,2235.0,24585.0,2025-07-07 12:42:20.025104
2025-07-07,45176,2025070705004969,NRN,Imperial Securities Company Pvt. Ltd.,Linch Stock Market Ltd.,11,2235.0,24585.0,2025-07-07 12:42:20.025265
2025-07-07,45078,2025070705004990,NRN,Sundhara Securities Limited,Naasa Securities Co. Ltd.,10,2236.0,22360.0,2025-07-07 12:42:45.800483
2025-07-07,44889,2025070705005013,NRN,Imperial Securities Company Pvt. Ltd.,Thrive Brokerage House Pvt. Ltd,11,2235.0,24585.0,2025-07-07 12:43:26.793796
2025-07-07,44734,2025070705005040,NRN,Midas Stock Broking Company Private Limited,Naasa Securities Co. Ltd.,10,2235.0,22350.0,2025-07-07 12:44:09.970170
2025-07-07,44535,2025070705005070,NRN,Thrive Brokerage House Pvt. Ltd,Asian Securities Private Ltd.,11,2230.1,24531.1,2025-07-07 12:45:03.645594
2025-07-07,44412,2025070705005099,NRN,Thrive Brokerage House Pvt. Ltd,Dynamic Money Managers Securities Pvt. Ltd.,11,2230.1,24531.1,2025-07-07 12:45:32.358216
2025-07-07,44389,2025070705005106,NRN,Sundhara Securities Limited,Naasa Securities Co. Ltd.,10,2235.0,22350.0,2025-07-07 12:45:38.463863
2025-07-07,44165,2025070705005153,NRN,Thrive Brokerage House Pvt. Ltd,Opal Securities Investment (PVT) Ltd.,28,2230.1,62442.8,2025-07-07 12:46:32.479306
2025-07-07,44164,2025070705005154,NRN,Naasa Securities Co. Ltd.,Opal Securities Investment (PVT) Ltd.,22,2230.0,49060.0,2025-07-07 12:46:32.479662
2025-07-07,44143,2025070705005158,NRN,Secured Securities Ltd.,Opal Securities Investment (PVT) Ltd.,10,2230.0,22300.0,2025-07-07 12:46:42.523586
2025-07-07,44142,2025070705005159,NRN,Sri Hari Securities Pvt. Ltd.,Opal Securities Investment (PVT) Ltd.,40,2230.0,89200.0,2025-07-07 12:46:42.524260
2025-07-07,43948,2025070705005207,NRN,Naasa Securities Co. Ltd.,Opal Securities Investment (PVT) Ltd.,70,2230.0,156100.0,2025-07-07 12:47:29.697175
2025-07-07,43286,2025070705005373,NRN,Naasa Securities Co. Ltd.,Deevyaa Securities & Stock House Pvt. Ltd,100,2228.0,222800.0,2025-07-07 12:49:58.392267
2025-07-07,43275,2025070705005377,NRN,Naasa Securities Co. Ltd.,Vision Securities Pvt. Ltd,10,2228.0,22280.0,2025-07-07 12:50:02.950042
2025-07-07,42987,2025070705005409,NRN,Asian Securities Private Ltd.,Cristal Kanchanjanga Securites Pvt. Ltd.,35,2230.0,78050.0,2025-07-07 12:51:02.948887
2025-07-07,42986,2025070705005410,NRN,Asian Securities Private Ltd.,Dipshikha Dhitopatra Karobar Co. Pvt Ltd.,115,2230.0,256450.0,2025-07-07 12:51:02.949255
2025-07-07,42791,2025070705005433,NRN,Sumeru Securities Pvt. Ltd.,Dipshikha Dhitopatra Karobar Co. Pvt Ltd.,50,2230.0,111500.0,2025-07-07 12:51:43.911760
2025-07-07,42742,2025070705005450,NRN,ABC Securities Private Limited,Dipshikha Dhitopatra Karobar Co. Pvt Ltd.,35,2230.0,78050.0,2025-07-07 12:51:55.742398
2025-07-07,42741,2025070705005451,NRN,ABC Securities Private Limited,Siprabi Securities Pvt. Ltd.,11,2230.0,24530.0,2025-07-07 12:51:55.743015
2025-07-07,42740,2025070705005452,NRN,ABC Securities Private Limited,Opal Securities Investment (PVT) Ltd.,100,2230.0,223000.0,2025-07-07 12:51:55.743419
2025-07-07,42619,2025070705005463,NRN,Agrawal Securities (PVT) Ltd.,Naasa Securities Co. Ltd.,10,2228.6,22286.0,2025-07-07 12:52:19.450225
2025-07-07,42618,2025070705005464,NRN,Dakshinkali Investment & Securities Pvt. Ltd.,Naasa Securities Co. Ltd.,190,2228.6,423434.0,2025-07-07 12:52:19.450569
2025-07-07,42591,2025070705005484,NRN,Asian Securities Private Ltd.,Prabhu Stock Market Limited,50,2230.0,111500.0,2025-07-07 12:52:24.588615
2025-07-07,42588,2025070705005485,NRN,Agrawal Securities (PVT) Ltd.,Midas Stock Broking Company Private Limited,62,2233.0,138446.0,2025-07-07 12:52:24.980763
2025-07-07,42587,2025070705005486,NRN,Agrawal Securities (PVT) Ltd.,Naasa Securities Co. Ltd.,38,2235.0,84930.0,2025-07-07 12:52:24.980847
2025-07-07,42570,2025070705005490,NRN,Asian Securities Private Ltd.,Naasa Securities Co. Ltd.,50,2230.0,111500.0,2025-07-07 12:52:30.871985
2025-07-07,42569,2025070705005491,NRN,Linch Stock Market Ltd.,Naasa Securities Co. Ltd.,100,2230.0,223000.0,2025-07-07 12:52:30.872608
2025-07-07,42525,2025070705005499,NRN,Miyo Securities Pvt Ltd,Naasa Securities Co. Ltd.,50,2230.0,111500.0,2025-07-07 12:52:43.262974
2025-07-07,42496,2025070705005503,NRN,Sundhara Securities Limited,Naasa Securities Co. Ltd.,10,2235.0,22350.0,2025-07-07 12:52:55.031078
2025-07-07,42495,2025070705005504,NRN,Naasa Securities Co. Ltd.,Naasa Securities Co. Ltd.,90,2230.0,200700.0,2025-07-07 12:52:55.274598
2025-07-07,42494,2025070705005505,NRN,Sani Securities Company Ltd.,Naasa Securities Co. Ltd.,110,2230.0,245300.0,2025-07-07 12:52:55.274937
2025-07-07,42419,2025070705005520,NRN,Sundhara Securities Limited,Naasa Securities Co. Ltd.,10,2235.0,22350.0,2025-07-07 12:53:11.092945
2025-07-07,42417,2025070705005522,NRN,Nepal Stock House (PVT) Ltd.,Naasa Securities Co. Ltd.,11,2235.0,24585.0,2025-07-07 12:53:11.454094
2025-07-07,42394,2025070705005528,NRN,Sani Securities Company Ltd.,Naasa Securities Co. Ltd.,40,2230.0,89200.0,2025-07-07 12:53:18.376572
2025-07-07,42301,2025070705005544,NRN,Dynamic Money Managers Securities Pvt. Ltd.,Naasa Securities Co. Ltd.,100,2230.0,223000.0,2025-07-07 12:53:39.213246
2025-07-07,42274,2025070705005550,NRN,Linch Stock Market Ltd.,Naasa Securities Co. Ltd.,60,2230.0,133800.0,2025-07-07 12:53:46.353015
2025-07-07,42156,2025070705005569,NRN,Sundhara Securities Limited,Naasa Securities Co. Ltd.,10,2235.0,22350.0,2025-07-07 12:54:14.364761
2025-07-07,41902,2025070705005603,NRN,Agrawal Securities (PVT) Ltd.,Online Securities Pvt. Ltd.,100,2230.5,223050.0,2025-07-07 12:54:52.665169
2025-07-07,41901,2025070705005604,NRN,Linch Stock Market Ltd.,Online Securities Pvt. Ltd.,40,2230.0,89200.0,2025-07-07 12:54:52.665768
2025-07-07,41900,2025070705005605,NRN,Naasa Securities Co. Ltd.,Online Securities Pvt. Ltd.,70,2230.0,156100.0,2025-07-07 12:54:52.666143
2025-07-07,41899,2025070705005606,NRN,Deevyaa Securities & Stock House Pvt. Ltd,Online Securities Pvt. Ltd.,40,2230.0,89200.0,2025-07-07 12:54:52.666504
2025-07-07,41705,2025070705005627,NRN,Dakshinkali Investment & Securities Pvt. Ltd.,Naasa Securities Co. Ltd.,60,2228.6,133716.0,2025-07-07 12:55:29.028487
2025-07-07,41704,2025070705005628,NRN,Agrawal Securities (PVT) Ltd.,Naasa Securities Co. Ltd.,100,2228.5,222850.0,2025-07-07 12:55:29.028902
2025-07-07,41703,2025070705005629,NRN,Linch Stock Market Ltd.,Naasa Securities Co. Ltd.,40,2227.5,89100.0,2025-07-07 12:55:29.029114
2025-07-07,41605,2025070705005638,NRN,Sweta Securities Private Limited,Naasa Securities Co. Ltd.,50,2229.0,111450.0,2025-07-07 12:55:48.329599
2025-07-07,41539,2025070705005648,NRN,Linch Stock Market Ltd.,Roadshow securities limited,60,2227.5,133650.0,2025-07-07 12:56:04.577041
2025-07-07,41538,2025070705005649,NRN,Thrive Brokerage House Pvt. Ltd,Roadshow securities limited,35,2227.1,77948.5,2025-07-07 12:56:04.577434
2025-07-07,41242,2025070705005705,NRN,Thrive Brokerage House Pvt. Ltd,Naasa Securities Co. Ltd.,15,2227.1,33406.5,2025-07-07 12:56:51.900213
2025-07-07,41241,2025070705005706,NRN,Thrive Brokerage House Pvt. Ltd,Naasa Securities Co. Ltd.,50,2227.1,111355.0,2025-07-07 12:56:51.900907
2025-07-07,41240,2025070705005707,NRN,Agrawal Securities (PVT) Ltd.,Naasa Securities Co. Ltd.,10,2227.0,22270.0,2025-07-07 12:56:51.901353
2025-07-07,41239,2025070705005708,NRN,Secured Securities Ltd.,Naasa Securities Co. Ltd.,20,2227.0,44540.0,2025-07-07 12:56:51.901784
2025-07-07,41171,2025070705005736,NRN,Thrive Brokerage House Pvt. Ltd,Naasa Securities Co. Ltd.,50,2226.6,111330.0,2025-07-07 12:57:01.676818
2025-07-07,41170,2025070705005737,NRN,Thrive Brokerage House Pvt. Ltd,Naasa Securities Co. Ltd.,50,2226.0,111300.0,2025-07-07 12:57:01.677185
2025-07-07,41169,2025070705005738,NRN,Imperial Securities Company Pvt. Ltd.,Naasa Securities Co. Ltd.,59,2225.4,131298.6,2025-07-07 12:57:01.677335
2025-07-07,41168,2025070705005739,NRN,ABC Securities Private Limited,Naasa Securities Co. Ltd.,41,2225.0,91225.0,2025-07-07 12:57:01.677479
2025-07-07,41140,2025070705005758,NRN,ABC Securities Private Limited,Naasa Securities Co. Ltd.,200,2225.0,445000.0,2025-07-07 12:57:05.589256
2025-07-07,41119,2025070705005761,NRN,ABC Securities Private Limited,Naasa Securities Co. Ltd.,200,2225.0,445000.0,2025-07-07 12:57:11.323023
2025-07-07,41105,2025070705005764,NRN,Imperial Securities Company Pvt. Ltd.,Naasa Securities Co. Ltd.,100,2227.0,222700.0,2025-07-07 12:57:15.915529
2025-07-07,41043,2025070705005778,NRN,ABC Securities Private Limited,Naasa Securities Co. Ltd.,59,2225.0,131275.0,2025-07-07 12:57:24.284434
2025-07-07,41042,2025070705005779,NRN,Neev Securities Pvt. Ltd.,Naasa Securities Co. Ltd.,22,2225.0,48950.0,2025-07-07 12:57:24.284807
2025-07-07,41041,2025070705005780,NRN,NIMB Stock Markets Limited,Naasa Securities Co. Ltd.,20,2225.0,44500.0,2025-07-07 12:57:24.284958
2025-07-07,41040,2025070705005781,NRN,Nagarik Stock Dealer ,Naasa Securities Co. Ltd.,99,2224.3,220205.7,2025-07-07 12:57:24.285137
2025-07-07,40992,2025070705005795,NRN,Naasa Securities Co. Ltd.,Naasa Securities Co. Ltd.,98,2223.0,217854.0,2025-07-07 12:57:39.251242
2025-07-07,40991,2025070705005796,NRN,Thrive Brokerage House Pvt. Ltd,Naasa Securities Co. Ltd.,50,2222.0,111100.0,2025-07-07 12:57:39.251640
2025-07-07,40792,2025070705005824,NRN,Imperial Securities Company Pvt. Ltd.,Naasa Securities Co. Ltd.,100,2225.0,222500.0,2025-07-07 12:58:27.132885
2025-07-07,40511,2025070705005871,NRN,Deevyaa Securities & Stock House Pvt. Ltd,Sweta Securities Private Limited,100,2224.0,222400.0,2025-07-07 12:59:02.767996
2025-07-07,40471,2025070705005880,NRN,ABC Securities Private Limited,Premier Securities Company Ltd.,20,2226.0,44520.0,2025-07-07 12:59:09.409661
2025-07-07,40470,2025070705005881,NRN,ABC Securities Private Limited,Secured Securities Ltd.,50,2226.0,111300.0,2025-07-07 12:59:09.409730
2025-07-07,40469,2025070705005882,NRN,ABC Securities Private Limited,Cristal Kanchanjanga Securites Pvt. Ltd.,57,2226.5,126910.5,2025-07-07 12:59:09.409758
2025-07-07,40468,2025070705005883,NRN,ABC Securities Private Limited,Naasa Securities Co. Ltd.,305,2227.0,679235.0,2025-07-07 12:59:09.409784
2025-07-07,40467,2025070705005884,NRN,ABC Securities Private Limited,ABC Securities Private Limited,10,2227.1,22271.0,2025-07-07 12:59:09.409810
2025-07-07,40466,2025070705005885,NRN,ABC Securities Private Limited,Online Securities Pvt. Ltd.,58,2228.0,129224.0,2025-07-07 12:59:09.409839
2025-07-07,40451,2025070705005888,NRN,Online Securities Pvt. Ltd.,Secured Securities Ltd.,17,2221.1,37758.7,2025-07-07 12:59:12.876749
2025-07-07,40401,2025070705005893,NRN,Asian Securities Private Ltd.,Secured Securities Ltd.,33,2221.1,73296.3,2025-07-07 12:59:21.237164
2025-07-07,40332,2025070705005908,NRN,Dipshikha Dhitopatra Karobar Co. Pvt Ltd.,Shree Krishna Securities Ltd.,11,2224.0,24464.0,2025-07-07 12:59:37.245239
2025-07-07,40154,2025070705005937,NRN,Agrawal Securities (PVT) Ltd.,Opal Securities Investment (PVT) Ltd.,50,2225.5,111275.0,2025-07-07 13:00:09.753432
2025-07-07,40068,2025070705005951,NRN,Dipshikha Dhitopatra Karobar Co. Pvt Ltd.,Sumeru Securities Pvt. Ltd.,39,2225.0,86775.0,2025-07-07 13:00:26.662296
2025-07-07,40067,2025070705005952,NRN,Deevyaa Securities & Stock House Pvt. Ltd,Sumeru Securities Pvt. Ltd.,100,2221.5,222150.0,2025-07-07 13:00:26.662678
2025-07-07,40066,2025070705005953,NRN,Asian Securities Private Ltd.,Sumeru Securities Pvt. Ltd.,67,2221.1,148813.7,2025-07-07 13:00:26.662834
2025-07-07,40065,2025070705005954,NRN,Nepal Stock House (PVT) Ltd.,Sumeru Securities Pvt. Ltd.,294,2221.0,652974.0,2025-07-07 13:00:26.663019
2025-07-07,39885,2025070705005986,NRN,Nepal Stock House (PVT) Ltd.,Naasa Securities Co. Ltd.,104,2221.0,230984.0,2025-07-07 13:00:57.448738
2025-07-07,39827,2025070705006003,NRN,Nepal Stock House (PVT) Ltd.,Vision Securities Pvt. Ltd,1000,2221.0,2221000.0,2025-07-07 13:01:10.889951
2025-07-07,39771,2025070705006007,NRN,Nepal Stock House (PVT) Ltd.,Opal Securities Investment (PVT) Ltd.,600,2221.0,1332600.0,2025-07-07 13:01:21.201757
2025-07-07,39537,2025070705006035,NRN,Naasa Securities Co. Ltd.,Naasa Securities Co. Ltd.,10,2222.0,22220.0,2025-07-07 13:01:57.821537
2025-07-07,39536,2025070705006036,NRN,Secured Securities Ltd.,Naasa Securities Co. Ltd.,10,2221.0,22210.0,2025-07-07 13:01:57.821941
2025-07-07,39535,2025070705006037,NRN,Sani Securities Company Ltd.,Naasa Securities Co. Ltd.,59,2221.0,131039.0,2025-07-07 13:01:57.822230
2025-07-07,39472,2025070705006041,NRN,Sani Securities Company Ltd.,Naasa Securities Co. Ltd.,200,2221.0,444200.0,2025-07-07 13:02:03.586449
2025-07-07,38713,2025070705006156,NRN,Sani Securities Company Ltd.,Sweta Securities Private Limited,100,2221.0,222100.0,2025-07-07 13:04:16.261868
2025-07-07,38695,2025070705006159,NRN,Agrawal Securities (PVT) Ltd.,Trishakti Securities Public Limited,50,2222.0,111100.0,2025-07-07 13:04:20.449406
2025-07-07,38619,2025070705006168,NRN,Sani Securities Company Ltd.,Vision Securities Pvt. Ltd,241,2221.0,535261.0,2025-07-07 13:04:35.834695
2025-07-07,38518,2025070705006181,NRN,Online Securities Pvt. Ltd.,Sani Securities Company Ltd.,10,2220.0,22200.0,2025-07-07 13:04:52.594550
2025-07-07,38495,2025070705006193,NRN,Online Securities Pvt. Ltd.,Vision Securities Pvt. Ltd,25,2220.0,55500.0,2025-07-07 13:04:59.048934
2025-07-07,38463,2025070705006200,NRN,Siprabi Securities Pvt. Ltd.,Trishakti Securities Public Limited,150,2222.0,333300.0,2025-07-07 13:05:10.156396
2025-07-07,38275,2025070705006239,NRN,Siprabi Securities Pvt. Ltd.,Secured Securities Ltd.,70,2222.0,155540.0,2025-07-07 13:05:45.185766
2025-07-07,38130,2025070705006267,NRN,Siprabi Securities Pvt. Ltd.,Nagarik Stock Dealer ,30,2222.0,66660.0,2025-07-07 13:06:27.724563
2025-07-07,38129,2025070705006268,NRN,Online Securities Pvt. Ltd.,Nagarik Stock Dealer ,65,2220.0,144300.0,2025-07-07 13:06:27.724926
2025-07-07,38128,2025070705006269,NRN,Naasa Securities Co. Ltd.,Nagarik Stock Dealer ,155,2220.0,344100.0,2025-07-07 13:06:27.725065
2025-07-07,38127,2025070705006270,NRN,NIMB Stock Markets Limited,Nagarik Stock Dealer ,16,2220.0,35520.0,2025-07-07 13:06:27.725198
2025-07-07,37932,2025070705006300,NRN,Sani Securities Company Ltd.,Sundhara Securities Limited,10,2222.0,22220.0,2025-07-07 13:07:08.172676
2025-07-07,37287,2025070705006388,NRN,Deevyaa Securities & Stock House Pvt. Ltd,Naasa Securities Co. Ltd.,10,2224.0,22240.0,2025-07-07 13:09:09.370381
2025-07-07,37120,2025070705006413,NRN,Miyo Securities Pvt Ltd,Naasa Securities Co. Ltd.,28,2224.0,62272.0,2025-07-07 13:09:34.105837
2025-07-07,37099,2025070705006419,NRN,Sani Securities Company Ltd.,Naasa Securities Co. Ltd.,12,2224.0,26688.0,2025-07-07 13:09:42.174588
2025-07-07,37079,2025070705006422,NRN,Sani Securities Company Ltd.,Dakshinkali Investment & Securities Pvt. Ltd.,10,2224.0,22240.0,2025-07-07 13:09:47.218570
2025-07-07,37061,2025070705006424,NRN,Naasa Securities Co. Ltd.,Aryatara Investment & Securities,11,2225.0,24475.0,2025-07-07 13:09:49.074189
2025-07-07,37060,2025070705006425,NRN,Naasa Securities Co. Ltd.,Opal Securities Investment (PVT) Ltd.,80,2225.0,178000.0,2025-07-07 13:09:49.074840
2025-07-07,37059,2025070705006426,NRN,Naasa Securities Co. Ltd.,Agrawal Securities (PVT) Ltd.,11,2225.0,24475.0,2025-07-07 13:09:49.075352
2025-07-07,37058,2025070705006427,NRN,Naasa Securities Co. Ltd.,Naasa Securities Co. Ltd.,398,2225.0,885550.0,2025-07-07 13:09:49.075795
2025-07-07,37017,2025070705006433,NRN,Agrawal Securities (PVT) Ltd.,Naasa Securities Co. Ltd.,50,2225.0,111250.0,2025-07-07 13:09:54.994100
2025-07-07,36872,2025070705006452,NRN,Thrive Brokerage House Pvt. Ltd,Naasa Securities Co. Ltd.,50,2225.0,111250.0,2025-07-07 13:10:22.595906
2025-07-07,36607,2025070705006483,NRN,Agrawal Securities (PVT) Ltd.,Naasa Securities Co. Ltd.,50,2225.0,111250.0,2025-07-07 13:11:10.657095
2025-07-07,36366,2025070705006523,NRN,Naasa Securities Co. Ltd.,Naasa Securities Co. Ltd.,750,2225.0,1668750.0,2025-07-07 13:11:45.576174
2025-07-07,35935,2025070705006606,NRN,Sani Securities Company Ltd.,Nepal Stock House (PVT) Ltd.,18,2224.0,40032.0,2025-07-07 13:13:27.566143
2025-07-07,35299,2025070705006746,NRN,Sanima Securities Limited,Vision Securities Pvt. Ltd,11,2221.1,24432.1,2025-07-07 13:16:16.553641
2025-07-07,35207,2025070705006764,NRN,Primo Securities (PVT) Ltd.,Trishakti Securities Public Limited,50,2221.0,111050.0,2025-07-07 13:16:43.173351
2025-07-07,35206,2025070705006765,NRN,Deevyaa Securities & Stock House Pvt. Ltd,Trishakti Securities Public Limited,370,2221.0,821770.0,2025-07-07 13:16:43.174092
2025-07-07,35151,2025070705006772,NRN,Deevyaa Securities & Stock House Pvt. Ltd,Naasa Securities Co. Ltd.,130,2221.0,288730.0,2025-07-07 13:17:00.049216
2025-07-07,35150,2025070705006773,NRN,Thrive Brokerage House Pvt. Ltd,Naasa Securities Co. Ltd.,50,2221.0,111050.0,2025-07-07 13:17:00.049620
2025-07-07,35149,2025070705006774,NRN,Sani Securities Company Ltd.,Naasa Securities Co. Ltd.,200,2220.1,444020.0,2025-07-07 13:17:00.049770
2025-07-07,35148,2025070705006775,NRN,Imperial Securities Company Pvt. Ltd.,Naasa Securities Co. Ltd.,50,2220.0,111000.0,2025-07-07 13:17:00.049914
2025-07-07,35147,2025070705006776,NRN,Miyo Securities Pvt Ltd,Naasa Securities Co. Ltd.,50,2220.0,111000.0,2025-07-07 13:17:00.050061
2025-07-07,35146,2025070705006777,NRN,Miyo Securities Pvt Ltd,Naasa Securities Co. Ltd.,50,2220.0,111000.0,2025-07-07 13:17:00.050203
2025-07-07,35145,2025070705006778,NRN,Deevyaa Securities & Stock House Pvt. Ltd,Naasa Securities Co. Ltd.,10,2220.0,22200.0,2025-07-07 13:17:00.050364
2025-07-07,35058,2025070705006810,NRN,Bhrikuti Stock Broking Co. Pvt. Ltd.,Naasa Securities Co. Ltd.,50,2219.0,110950.0,2025-07-07 13:17:21.150573
2025-07-07,35057,2025070705006811,NRN,Bhrikuti Stock Broking Co. Pvt. Ltd.,Naasa Securities Co. Ltd.,50,2219.0,110950.0,2025-07-07 13:17:21.150967
2025-07-07,34790,2025070705006842,NRN,Sumeru Securities Pvt. Ltd.,Dynamic Money Managers Securities Pvt. Ltd.,10,2218.0,22180.0,2025-07-07 13:18:05.725321
2025-07-07,34789,2025070705006843,NRN,Himalayan Brokerage Company Limited,Dynamic Money Managers Securities Pvt. Ltd.,40,2218.0,88720.0,2025-07-07 13:18:05.725725
2025-07-07,34653,2025070705006870,NRN,Himalayan Brokerage Company Limited,Nepal Stock House (PVT) Ltd.,60,2218.0,133080.0,2025-07-07 13:18:34.333798
2025-07-07,34652,2025070705006871,NRN,Bhrikuti Stock Broking Co. Pvt. Ltd.,Nepal Stock House (PVT) Ltd.,40,2218.0,88720.0,2025-07-07 13:18:34.334485
2025-07-07,34435,2025070705006905,NRN,Sundhara Securities Limited,Naasa Securities Co. Ltd.,10,2219.0,22190.0,2025-07-07 13:19:20.336998
2025-07-07,34054,2025070705006977,NRN,Bhrikuti Stock Broking Co. Pvt. Ltd.,Imperial Securities Company Pvt. Ltd.,10,2218.0,22180.0,2025-07-07 13:20:48.475917
2025-07-07,33879,2025070705007006,NRN,Sundhara Securities Limited,Imperial Securities Company Pvt. Ltd.,35,2218.0,77630.0,2025-07-07 13:21:24.863615
2025-07-07,33690,2025070705007032,NRN,Stoxkarts Securities Limited,Trisul Securities & Invt. Ltd.,11,2215.4,24369.4,2025-07-07 13:22:05.412625
2025-07-07,33655,2025070705007044,NRN,Stoxkarts Securities Limited,Sani Securities Company Ltd.,39,2215.4,86400.6,2025-07-07 13:22:16.903822
2025-07-07,33654,2025070705007045,NRN,Oxford Securities Pvt. Ltd.,Sani Securities Company Ltd.,50,2215.2,110760.0,2025-07-07 13:22:16.904216
2025-07-07,33653,2025070705007046,NRN,Primo Securities (PVT) Ltd.,Sani Securities Company Ltd.,50,2215.2,110760.0,2025-07-07 13:22:16.904382
2025-07-07,33652,2025070705007047,NRN,Sumeru Securities Pvt. Ltd.,Sani Securities Company Ltd.,50,2215.2,110760.0,2025-07-07 13:22:16.904541
2025-07-07,33651,2025070705007048,NRN,Stoxkarts Securities Limited,Sani Securities Company Ltd.,11,2215.1,24366.1,2025-07-07 13:22:16.904686
2025-07-07,33646,2025070705007049,NRN,Stoxkarts Securities Limited,Naasa Securities Co. Ltd.,39,2215.1,86388.9,2025-07-07 13:22:18.165619
2025-07-07,33645,2025070705007050,NRN,Bhrikuti Stock Broking Co. Pvt. Ltd.,Naasa Securities Co. Ltd.,50,2215.1,110755.0,2025-07-07 13:22:18.165977
2025-07-07,33644,2025070705007051,NRN,Swarna Laxmi Securities Pvt. Ltd.,Naasa Securities Co. Ltd.,50,2215.1,110755.0,2025-07-07 13:22:18.166131
2025-07-07,33643,2025070705007052,NRN,Bhrikuti Stock Broking Co. Pvt. Ltd.,Naasa Securities Co. Ltd.,50,2215.1,110755.0,2025-07-07 13:22:18.166281
2025-07-07,33642,2025070705007053,NRN,Sumeru Securities Pvt. Ltd.,Naasa Securities Co. Ltd.,75,2215.1,166132.5,2025-07-07 13:22:18.166439
2025-07-07,33641,2025070705007054,NRN,Nabil Stock Dealer Ltd.,Naasa Securities Co. Ltd.,236,2215.0,522740.0,2025-07-07 13:22:18.166588
2025-07-07,33624,2025070705007058,NRN,Nabil Stock Dealer Ltd.,Naasa Securities Co. Ltd.,460,2215.0,1018900.0,2025-07-07 13:22:24.031505
2025-07-07,33604,2025070705007065,NRN,Nabil Stock Dealer Ltd.,Himalayan Securities Limited,47,2215.0,104105.0,2025-07-07 13:22:27.830444
2025-07-07,33195,2025070705007129,NRN,Asian Securities Private Ltd.,Vision Securities Pvt. Ltd,50,2215.1,110755.0,2025-07-07 13:23:40.780887
2025-07-07,33194,2025070705007130,NRN,Nabil Stock Dealer Ltd.,Vision Securities Pvt. Ltd,113,2215.0,250295.0,2025-07-07 13:23:40.781304
2025-07-07,33193,2025070705007131,NRN,Nabil Stock Dealer Ltd.,Vision Securities Pvt. Ltd,37,2215.0,81955.0,2025-07-07 13:23:40.781474
2025-07-07,33183,2025070705007134,NRN,Nabil Stock Dealer Ltd.,Opal Securities Investment (PVT) Ltd.,13,2215.0,28795.0,2025-07-07 13:23:42.201013
2025-07-07,33182,2025070705007135,NRN,Malla & Malla Stock Broking Company Pvt. Limited,Opal Securities Investment (PVT) Ltd.,33,2215.0,73095.0,2025-07-07 13:23:42.201371
2025-07-07,33181,2025070705007136,NRN,Sewa Securities Pvt. Ltd.,Opal Securities Investment (PVT) Ltd.,20,2215.0,44300.0,2025-07-07 13:23:42.201523
2025-07-07,33180,2025070705007137,NRN,ABC Securities Private Limited,Opal Securities Investment (PVT) Ltd.,934,2215.0,2068810.0,2025-07-07 13:23:42.201669
2025-07-07,33156,2025070705007142,NRN,ABC Securities Private Limited,Vision Securities Pvt. Ltd,66,2215.0,146190.0,2025-07-07 13:23:49.931181
2025-07-07,32961,2025070705007188,NRN,Sani Securities Company Ltd.,Vision Securities Pvt. Ltd,30,2215.0,66450.0,2025-07-07 13:24:48.848728
2025-07-07,32922,2025070705007194,NRN,Deevyaa Securities & Stock House Pvt. Ltd,Vision Securities Pvt. Ltd,10,2215.0,22150.0,2025-07-07 13:25:06.179402
2025-07-07,32901,2025070705007199,NRN,Stoxkarts Securities Limited,Naasa Securities Co. Ltd.,50,2212.0,110600.0,2025-07-07 13:25:11.971661
2025-07-07,32845,2025070705007210,NRN,Secured Securities Ltd.,Naasa Securities Co. Ltd.,50,2212.0,110600.0,2025-07-07 13:25:26.339905
2025-07-07,32770,2025070705007238,NRN,Secured Securities Ltd.,Opal Securities Investment (PVT) Ltd.,10,2211.0,22110.0,2025-07-07 13:25:46.750487
2025-07-07,32769,2025070705007239,NRN,Aryatara Investment & Securities,Opal Securities Investment (PVT) Ltd.,15,2211.0,33165.0,2025-07-07 13:25:46.750868
2025-07-07,32768,2025070705007240,NRN,Asian Securities Private Ltd.,Opal Securities Investment (PVT) Ltd.,50,2210.1,110505.0,2025-07-07 13:25:46.751026
2025-07-07,32767,2025070705007241,NRN,Naasa Securities Co. Ltd.,Opal Securities Investment (PVT) Ltd.,150,2210.0,331500.0,2025-07-07 13:25:46.751210
2025-07-07,32766,2025070705007242,NRN,Investment Management Nepal Pvt. Ltd.,Opal Securities Investment (PVT) Ltd.,50,2210.0,110500.0,2025-07-07 13:25:46.751371
2025-07-07,32765,2025070705007243,NRN,BHOLE GANESH SECURITIES LTD,Opal Securities Investment (PVT) Ltd.,300,2210.0,663000.0,2025-07-07 13:25:46.751523
2025-07-07,32764,2025070705007244,NRN,Creative Securities Pvt Ltd,Opal Securities Investment (PVT) Ltd.,425,2210.0,939250.0,2025-07-07 13:25:46.751687
2025-07-07,32747,2025070705007247,NRN,Kohinoor Investment & Securities Pvt. Ltd.,Naasa Securities Co. Ltd.,400,2212.0,884800.0,2025-07-07 13:25:54.967024
2025-07-07,32673,2025070705007258,NRN,Secured Securities Ltd.,Nepal Stock House (PVT) Ltd.,30,2212.0,66360.0,2025-07-07 13:26:05.233804
2025-07-07,32621,2025070705007262,NRN,Dynamic Money Managers Securities Pvt. Ltd.,Nepal Stock House (PVT) Ltd.,50,2212.0,110600.0,2025-07-07 13:26:20.128795
2025-07-07,32518,2025070705007278,NRN,Sundhara Securities Limited,Nepal Stock House (PVT) Ltd.,20,2212.0,44240.0,2025-07-07 13:26:37.169258
2025-07-07,32150,2025070705007325,NRN,Creative Securities Pvt Ltd,Sani Securities Company Ltd.,15,2210.0,33150.0,2025-07-07 13:27:46.442103
2025-07-07,32036,2025070705007348,NRN,Nabil Stock Dealer Ltd.,Vision Securities Pvt. Ltd,94,2215.0,208210.0,2025-07-07 13:28:20.465836
2025-07-07,32035,2025070705007349,NRN,Nabil Stock Dealer Ltd.,Vision Securities Pvt. Ltd,100,2215.0,221500.0,2025-07-07 13:28:20.466225
2025-07-07,32034,2025070705007350,NRN,Nabil Stock Dealer Ltd.,ABC Securities Private Limited,11,2215.0,24365.0,2025-07-07 13:28:20.466417
2025-07-07,31910,2025070705007377,NRN,Nabil Stock Dealer Ltd.,Dynamic Money Managers Securities Pvt. Ltd.,11,2215.2,24367.2,2025-07-07 13:28:49.538954
2025-07-07,31483,2025070705007472,NRN,Shree Krishna Securities Ltd.,Neev Securities Pvt. Ltd.,50,2219.0,110950.0,2025-07-07 13:31:05.168914
2025-07-07,31482,2025070705007473,NRN,Shree Krishna Securities Ltd.,Primo Securities (PVT) Ltd.,450,2219.7,998865.0,2025-07-07 13:31:05.168983
2025-07-07,31345,2025070705007490,NRN,Secured Securities Ltd.,Vision Securities Pvt. Ltd,10,2216.1,22161.0,2025-07-07 13:31:41.486466
2025-07-07,31314,2025070705007493,NRN,Shree Krishna Securities Ltd.,Primo Securities (PVT) Ltd.,50,2219.7,110985.0,2025-07-07 13:31:51.327783
2025-07-07,31313,2025070705007494,NRN,Shree Krishna Securities Ltd.,Naasa Securities Co. Ltd.,50,2219.8,110990.0,2025-07-07 13:31:51.327848
2025-07-07,31044,2025070705007529,NRN,Imperial Securities Company Pvt. Ltd.,Kohinoor Investment & Securities Pvt. Ltd.,13,2217.0,28821.0,2025-07-07 13:33:01.793038
2025-07-07,30904,2025070705007553,NRN,Imperial Securities Company Pvt. Ltd.,Imperial Securities Company Pvt. Ltd.,10,2217.0,22170.0,2025-07-07 13:33:41.403119
2025-07-07,30669,2025070705007600,NRN,Secured Securities Ltd.,Nepal Stock House (PVT) Ltd.,20,2220.0,44400.0,2025-07-07 13:34:42.232099
2025-07-07,30464,2025070705007637,NRN,Vision Securities Pvt. Ltd,Capital Max Securities Ltd,250,2219.8,554950.0,2025-07-07 13:35:42.784686
2025-07-07,30463,2025070705007638,NRN,Nepal Stock House (PVT) Ltd.,Capital Max Securities Ltd,50,2219.7,110985.0,2025-07-07 13:35:42.785715
2025-07-07,30371,2025070705007652,NRN,Nepal Stock House (PVT) Ltd.,Nepal Stock House (PVT) Ltd.,100,2219.7,221970.0,2025-07-07 13:36:04.022776
2025-07-07,30239,2025070705007671,NRN,Imperial Securities Company Pvt. Ltd.,Nepal Stock House (PVT) Ltd.,10,2220.0,22200.0,2025-07-07 13:36:43.020525
2025-07-07,30238,2025070705007672,NRN,Imperial Securities Company Pvt. Ltd.,Naasa Securities Co. Ltd.,11,2221.1,24432.1,2025-07-07 13:36:43.020969
2025-07-07,30159,2025070705007688,NRN,Secured Securities Ltd.,Sumeru Securities Pvt. Ltd.,10,2222.0,22220.0,2025-07-07 13:37:06.510614
2025-07-07,30128,2025070705007701,NRN,Prabhu Stock Market Limited,Sumeru Securities Pvt. Ltd.,190,2222.0,422180.0,2025-07-07 13:37:09.221905
2025-07-07,30072,2025070705007716,NRN,Prabhu Stock Market Limited,Nepal Stock House (PVT) Ltd.,12,2224.0,26688.0,2025-07-07 13:37:26.275081
2025-07-07,30071,2025070705007717,NRN,Prabhu Stock Market Limited,Vision Securities Pvt. Ltd,98,2224.0,217952.0,2025-07-07 13:37:26.275477
2025-07-07,30031,2025070705007731,NRN,Imperial Securities Company Pvt. Ltd.,Vision Securities Pvt. Ltd,56,2224.0,124544.0,2025-07-07 13:37:37.497352
2025-07-07,30011,2025070705007735,NRN,Nepal Investment And Securities Trading Private Limited,Vision Securities Pvt. Ltd,150,2224.0,333600.0,2025-07-07 13:37:43.683448
2025-07-07,29985,2025070705007739,NRN,Shree Krishna Securities Ltd.,Vision Securities Pvt. Ltd,100,2224.0,222400.0,2025-07-07 13:37:49.789764
2025-07-07,29950,2025070705007747,NRN,Imperial Securities Company Pvt. Ltd.,Naasa Securities Co. Ltd.,100,2221.2,222120.0,2025-07-07 13:37:57.559495
2025-07-07,29852,2025070705007785,NRN,Nepal Stock House (PVT) Ltd.,Vision Securities Pvt. Ltd,96,2224.0,213504.0,2025-07-07 13:38:27.077560
2025-07-07,29732,2025070705007807,NRN,Imperial Securities Company Pvt. Ltd.,Primo Securities (PVT) Ltd.,50,2224.9,111245.0,2025-07-07 13:39:04.889970
2025-07-07,29721,2025070705007808,NRN,Miyo Securities Pvt Ltd,Primo Securities (PVT) Ltd.,100,2224.9,222490.0,2025-07-07 13:39:07.278596
2025-07-07,29672,2025070705007820,NRN,Nepal Investment And Securities Trading Private Limited,Primo Securities (PVT) Ltd.,20,2224.9,44498.0,2025-07-07 13:39:23.473575
2025-07-07,29588,2025070705007847,NRN,Secured Securities Ltd.,Primo Securities (PVT) Ltd.,30,2224.9,66747.0,2025-07-07 13:39:38.209530
2025-07-07,29531,2025070705007854,NRN,Sundhara Securities Limited,Primo Securities (PVT) Ltd.,100,2224.9,222490.0,2025-07-07 13:39:50.368499
2025-07-07,29530,2025070705007855,NRN,Sundhara Securities Limited,Naasa Securities Co. Ltd.,196,2225.0,436100.0,2025-07-07 13:39:50.368873
2025-07-07,29501,2025070705007859,NRN,Agrawal Securities (PVT) Ltd.,Aryatara Investment & Securities,11,2225.0,24475.0,2025-07-07 13:39:58.560997
2025-07-07,29500,2025070705007860,NRN,Agrawal Securities (PVT) Ltd.,Nepal Stock House (PVT) Ltd.,30,2225.0,66750.0,2025-07-07 13:39:58.561089
2025-07-07,29499,2025070705007861,NRN,Agrawal Securities (PVT) Ltd.,Trisul Securities & Invt. Ltd.,11,2225.0,24475.0,2025-07-07 13:39:58.561114
2025-07-07,29498,2025070705007862,NRN,Agrawal Securities (PVT) Ltd.,Linch Stock Market Ltd.,48,2225.0,106800.0,2025-07-07 13:39:58.561135
2025-07-07,29461,2025070705007871,NRN,South Asian Bulls Pvt. Ltd.,Linch Stock Market Ltd.,50,2225.0,111250.0,2025-07-07 13:40:08.289362
2025-07-07,29410,2025070705007875,NRN,Vision Securities Pvt. Ltd,Dipshikha Dhitopatra Karobar Co. Pvt Ltd.,1,2180.5,2180.5,2025-07-07 13:40:16.603604
2025-07-07,29186,2025070705007901,NRN,Nepal Stock House (PVT) Ltd.,Naasa Securities Co. Ltd.,99,2224.0,220176.0,2025-07-07 13:40:48.079234
2025-07-07,29185,2025070705007902,NRN,Thrive Brokerage House Pvt. Ltd,Naasa Securities Co. Ltd.,50,2222.0,111100.0,2025-07-07 13:40:48.079666
2025-07-07,29130,2025070705007913,NRN,South Asian Bulls Pvt. Ltd.,Naasa Securities Co. Ltd.,50,2222.0,111100.0,2025-07-07 13:41:02.543103
2025-07-07,29105,2025070705007921,NRN,Sri Hari Securities Pvt. Ltd.,Naasa Securities Co. Ltd.,300,2222.0,666600.0,2025-07-07 13:41:09.348081
2025-07-07,29067,2025070705007923,NRN,Sani Securities Company Ltd.,Nagarik Stock Dealer ,100,2221.0,222100.0,2025-07-07 13:41:17.144412
2025-07-07,29066,2025070705007924,NRN,Miyo Securities Pvt Ltd,Nagarik Stock Dealer ,41,2220.2,91028.2,2025-07-07 13:41:17.144511
2025-07-07,28847,2025070705007952,NRN,South Asian Bulls Pvt. Ltd.,Bhrikuti Stock Broking Co. Pvt. Ltd.,50,2220.3,111015.0,2025-07-07 13:42:18.486170
2025-07-07,28846,2025070705007953,NRN,Miyo Securities Pvt Ltd,Bhrikuti Stock Broking Co. Pvt. Ltd.,80,2220.2,177616.0,2025-07-07 13:42:18.486572
2025-07-07,28398,2025070705008007,NRN,Nepal Stock House (PVT) Ltd.,Online Securities Pvt. Ltd.,620,2224.0,1378880.0,2025-07-07 13:44:09.999482
2025-07-07,28397,2025070705008008,NRN,Nepal Stock House (PVT) Ltd.,Linch Stock Market Ltd.,102,2225.0,226950.0,2025-07-07 13:44:10.000203
2025-07-07,28396,2025070705008009,NRN,Nepal Stock House (PVT) Ltd.,Sri Hari Securities Pvt. Ltd.,278,2225.0,618550.0,2025-07-07 13:44:10.000725
2025-07-07,28028,2025070705008075,NRN,Secured Securities Ltd.,KALASH STOCK MARKET PVT. LTD.,100,2222.2,222220.0,2025-07-07 13:45:56.020457
2025-07-07,28000,2025070705008082,NRN,Vision Securities Pvt. Ltd,Vision Securities Pvt. Ltd,1,2181.6,2181.6,2025-07-07 13:46:03.392637
2025-07-07,27695,2025070705008138,NRN,Sundhara Securities Limited,Sri Hari Securities Pvt. Ltd.,65,2225.0,144625.0,2025-07-07 13:47:15.310304
2025-07-07,27685,2025070705008143,NRN,Arun Securities (PVT) Ltd.,Sri Hari Securities Pvt. Ltd.,200,2225.0,445000.0,2025-07-07 13:47:17.800637
2025-07-07,27612,2025070705008157,NRN,Aryatara Investment & Securities,Sri Hari Securities Pvt. Ltd.,50,2225.0,111250.0,2025-07-07 13:47:46.534807
2025-07-07,27596,2025070705008158,NRN,Siprabi Securities Pvt. Ltd.,Sri Hari Securities Pvt. Ltd.,21,2225.0,46725.0,2025-07-07 13:47:49.356964
2025-07-07,27541,2025070705008166,NRN,Linch Stock Market Ltd.,Midas Stock Broking Company Private Limited,10,2223.0,22230.0,2025-07-07 13:48:07.928141
2025-07-07,27449,2025070705008178,NRN,Global IME Securities Limited,Sri Hari Securities Pvt. Ltd.,200,2225.0,445000.0,2025-07-07 13:48:40.337806
2025-07-07,27186,2025070705008230,NRN,Imperial Securities Company Pvt. Ltd.,Cristal Kanchanjanga Securites Pvt. Ltd.,100,2222.4,222240.0,2025-07-07 13:49:55.154833
2025-07-07,27185,2025070705008231,NRN,Imperial Securities Company Pvt. Ltd.,Cristal Kanchanjanga Securites Pvt. Ltd.,100,2222.3,222230.0,2025-07-07 13:49:55.155239
2025-07-07,27184,2025070705008232,NRN,Linch Stock Market Ltd.,Cristal Kanchanjanga Securites Pvt. Ltd.,100,2222.0,222200.0,2025-07-07 13:49:55.155424
2025-07-07,26497,2025070705008321,NRN,Agrawal Securities (PVT) Ltd.,Naasa Securities Co. Ltd.,10,2221.0,22210.0,2025-07-07 13:52:20.614455
2025-07-07,26496,2025070705008322,NRN,Citizens Share Broker Limited,Naasa Securities Co. Ltd.,240,2221.0,533040.0,2025-07-07 13:52:20.614523
2025-07-07,26376,2025070705008345,NRN,Sani Securities Company Ltd.,Elite Stock House Limited,11,2223.0,24453.0,2025-07-07 13:52:52.256552
2025-07-07,26312,2025070705008353,NRN,Agrawal Securities (PVT) Ltd.,Sweta Securities Private Limited,100,2224.0,222400.0,2025-07-07 13:53:06.007548
2025-07-07,26262,2025070705008357,NRN,Sri Hari Securities Pvt. Ltd.,Primo Securities (PVT) Ltd.,300,2224.9,667470.0,2025-07-07 13:53:15.094756
2025-07-07,25977,2025070705008412,NRN,Sani Securities Company Ltd.,ABC Securities Private Limited,11,2223.0,24453.0,2025-07-07 13:54:19.692882
2025-07-07,25629,2025070705008485,NRN,Thrive Brokerage House Pvt. Ltd,Cristal Kanchanjanga Securites Pvt. Ltd.,100,2223.1,222310.0,2025-07-07 13:55:39.664365
2025-07-07,25539,2025070705008511,NRN,Vision Securities Pvt. Ltd,Market Securities & Exchange (PVT) Ltd.,10,2224.0,22240.0,2025-07-07 13:56:03.111702
2025-07-07,25456,2025070705008539,NRN,Sani Securities Company Ltd.,KALASH STOCK MARKET PVT. LTD.,50,2223.0,111150.0,2025-07-07 13:56:20.812790
2025-07-07,25100,2025070705008592,NRN,Sani Securities Company Ltd.,Shree Krishna Securities Ltd.,10,2223.0,22230.0,2025-07-07 13:57:30.305686
2025-07-07,25057,2025070705008602,NRN,Arun Securities (PVT) Ltd.,Sri Hari Securities Pvt. Ltd.,86,2225.0,191350.0,2025-07-07 13:57:40.471095
2025-07-07,25056,2025070705008603,NRN,Arun Securities (PVT) Ltd.,Dipshikha Dhitopatra Karobar Co. Pvt Ltd.,114,2225.0,253650.0,2025-07-07 13:57:40.471844
2025-07-07,24715,2025070705008725,NRN,Sani Securities Company Ltd.,Dipshikha Dhitopatra Karobar Co. Pvt Ltd.,46,2225.0,102350.0,2025-07-07 13:58:42.888063
2025-07-07,24714,2025070705008726,NRN,Sani Securities Company Ltd.,Imperial Securities Company Pvt. Ltd.,11,2225.0,24475.0,2025-07-07 13:58:42.888472
2025-07-07,24713,2025070705008727,NRN,Sani Securities Company Ltd.,Hatemalo Financial Services Private Limited,81,2226.0,180306.0,2025-07-07 13:58:42.888699
2025-07-07,23570,2025070705008961,NRN,Ashutosh Brokerage & Securities (PVT) Ltd.,Vision Securities Pvt. Ltd,10,2225.0,22250.0,2025-07-07 14:03:59.397330
2025-07-07,23487,2025070705008973,NRN,Deevyaa Securities & Stock House Pvt. Ltd,Cristal Kanchanjanga Securites Pvt. Ltd.,45,2224.0,100080.0,2025-07-07 14:04:27.423943
2025-07-07,23486,2025070705008974,NRN,Kumari Securities Private Limited,Cristal Kanchanjanga Securites Pvt. Ltd.,10,2224.0,22240.0,2025-07-07 14:04:27.424468
2025-07-07,23436,2025070705008983,NRN,Imperial Securities Company Pvt. Ltd.,Vision Securities Pvt. Ltd,100,2223.1,222310.0,2025-07-07 14:04:42.914159
2025-07-07,23225,2025070705009024,NRN,Citizens Share Broker Limited,Nepal Stock House (PVT) Ltd.,25,2221.0,55525.0,2025-07-07 14:05:35.801168
2025-07-07,23099,2025070705009046,NRN,Naasa Securities Co. Ltd.,J.F. Securites (PVT) Ltd.,15,2220.4,33306.0,2025-07-07 14:06:13.693442
2025-07-07,22877,2025070705009087,NRN,Naasa Securities Co. Ltd.,Sundhara Securities Limited,14,2220.4,31085.6,2025-07-07 14:07:24.700960
2025-07-07,22876,2025070705009088,NRN,Miyo Securities Pvt Ltd,Sundhara Securities Limited,79,2220.2,175395.8,2025-07-07 14:07:24.701828
2025-07-07,22875,2025070705009089,NRN,R.B.B. Securities Company Ltd,Sundhara Securities Limited,132,2220.2,293066.4,2025-07-07 14:07:24.702393
2025-07-07,22744,2025070705009109,NRN,R.B.B. Securities Company Ltd,Elite Stock House Limited,68,2220.2,150973.6,2025-07-07 14:08:04.786021
2025-07-07,22743,2025070705009110,NRN,Dakshinkali Investment & Securities Pvt. Ltd.,Elite Stock House Limited,10,2220.2,22202.0,2025-07-07 14:08:04.786441
