Date,S.N.,contract_id,symbol,buyer_broker,seller_broker,volume,price,amount,transaction_time
2025-07-07,71235,2025070704000019,PMHPL,Linch Stock Market Ltd.,S.P.S.A. Securities Limited,10,392.6,3926.0,2025-07-07 10:46:00.049438
2025-07-07,71234,2025070704000020,PMHPL,Hatemalo Financial Services Private Limited,S.P.S.A. Securities Limited,1,392.6,392.6,2025-07-07 10:46:00.049461
2025-07-07,71031,2025070704000056,PMHPL,Hatemalo Financial Services Private Limited,Vision Securities Pvt. Ltd,100,396.0,39600.0,2025-07-07 11:01:23.428598
2025-07-07,70881,2025070704000093,PMHPL,Vision Securities Pvt. Ltd,Vision Securities Pvt. Ltd,60,400.0,24000.0,2025-07-07 11:02:13.846592
2025-07-07,70411,2025070704000215,PMHPL,Vision Securities Pvt. Ltd,Malla & Malla Stock Broking Company Pvt. Limited,40,400.0,16000.0,2025-07-07 11:04:42.747357
2025-07-07,70410,2025070704000216,PMHPL,Naasa Securities Co. Ltd.,Malla & Malla Stock Broking Company Pvt. Limited,10,400.0,4000.0,2025-07-07 11:04:42.747418
2025-07-07,68967,2025070704000550,PMHPL,Blue Chip Securities Ltd,Dakshinkali Investment & Securities Pvt. Ltd.,10,402.0,4020.0,2025-07-07 11:10:39.032221
2025-07-07,68866,2025070704000575,PMHPL,Thrive Brokerage House Pvt. Ltd,Dakshinkali Investment & Securities Pvt. Ltd.,90,402.0,36180.0,2025-07-07 11:11:08.537306
2025-07-07,68789,2025070704000590,PMHPL,Ashutosh Brokerage & Securities (PVT) Ltd.,Dipshikha Dhitopatra Karobar Co. Pvt Ltd.,10,404.0,4040.0,2025-07-07 11:11:32.342604
2025-07-07,68788,2025070704000591,PMHPL,Ashutosh Brokerage & Securities (PVT) Ltd.,Sri Hari Securities Pvt. Ltd.,480,404.5,194160.0,2025-07-07 11:11:32.342741
2025-07-07,68787,2025070704000592,PMHPL,Ashutosh Brokerage & Securities (PVT) Ltd.,Oxford Securities Pvt. Ltd.,10,404.9,4049.0,2025-07-07 11:11:32.342775
2025-07-07,68731,2025070704000614,PMHPL,Ashutosh Brokerage & Securities (PVT) Ltd.,Oxford Securities Pvt. Ltd.,490,404.9,198401.0,2025-07-07 11:11:48.485976
2025-07-07,68730,2025070704000615,PMHPL,Ashutosh Brokerage & Securities (PVT) Ltd.,Dipshikha Dhitopatra Karobar Co. Pvt Ltd.,10,405.0,4050.0,2025-07-07 11:11:48.486056
2025-07-07,68594,2025070704000645,PMHPL,Midas Stock Broking Company Private Limited,Dipshikha Dhitopatra Karobar Co. Pvt Ltd.,10,400.0,4000.0,2025-07-07 11:12:24.196236
2025-07-07,68593,2025070704000646,PMHPL,Hatemalo Financial Services Private Limited,Dipshikha Dhitopatra Karobar Co. Pvt Ltd.,230,400.0,92000.0,2025-07-07 11:12:24.196292
2025-07-07,68582,2025070704000650,PMHPL,Vision Securities Pvt. Ltd,Dipshikha Dhitopatra Karobar Co. Pvt Ltd.,10,406.0,4060.0,2025-07-07 11:12:25.930070
2025-07-07,68581,2025070704000651,PMHPL,Vision Securities Pvt. Ltd,Vision Securities Pvt. Ltd,50,406.0,20300.0,2025-07-07 11:12:25.930189
2025-07-07,68580,2025070704000652,PMHPL,Vision Securities Pvt. Ltd,Secured Securities Ltd.,50,406.0,20300.0,2025-07-07 11:12:25.930271
2025-07-07,68579,2025070704000653,PMHPL,Vision Securities Pvt. Ltd,Dipshikha Dhitopatra Karobar Co. Pvt Ltd.,10,407.0,4070.0,2025-07-07 11:12:25.930370
2025-07-07,68578,2025070704000654,PMHPL,Vision Securities Pvt. Ltd,Online Securities Pvt. Ltd.,380,407.0,154660.0,2025-07-07 11:12:25.930444
2025-07-07,66438,2025070704001368,PMHPL,Hatemalo Financial Services Private Limited,Vision Securities Pvt. Ltd,50,400.0,20000.0,2025-07-07 11:20:20.147459
2025-07-07,65921,2025070704001494,PMHPL,Hatemalo Financial Services Private Limited,Online Securities Pvt. Ltd.,19,400.0,7600.0,2025-07-07 11:22:07.509566
2025-07-07,65333,2025070704001656,PMHPL,Sweta Securities Private Limited,Aryatara Investment & Securities,500,402.9,201450.0,2025-07-07 11:24:10.783646
2025-07-07,65013,2025070704001731,PMHPL,Nabil Stock Dealer Ltd.,Aryatara Investment & Securities,60,400.0,24000.0,2025-07-07 11:25:12.124369
2025-07-07,64980,2025070704001741,PMHPL,Hatemalo Financial Services Private Limited,Aryatara Investment & Securities,70,400.0,28000.0,2025-07-07 11:25:20.826647
2025-07-07,64566,2025070704001847,PMHPL,Thrive Brokerage House Pvt. Ltd,Dipshikha Dhitopatra Karobar Co. Pvt Ltd.,200,399.1,79820.0,2025-07-07 11:26:59.406161
2025-07-07,64565,2025070704001848,PMHPL,Thrive Brokerage House Pvt. Ltd,Dipshikha Dhitopatra Karobar Co. Pvt Ltd.,500,398.5,199250.0,2025-07-07 11:26:59.406199
2025-07-07,64564,2025070704001849,PMHPL,SHUBHAKAMANA SECURITIES PVT. LTD,Dipshikha Dhitopatra Karobar Co. Pvt Ltd.,300,398.0,119400.0,2025-07-07 11:26:59.406224
2025-07-07,64507,2025070704001865,PMHPL,SHUBHAKAMANA SECURITIES PVT. LTD,Oxford Securities Pvt. Ltd.,700,398.0,278600.0,2025-07-07 11:27:12.016788
2025-07-07,64286,2025070704001939,PMHPL,Aryatara Investment & Securities,Market Securities & Exchange (PVT) Ltd.,100,396.2,39620.0,2025-07-07 11:27:53.912499
2025-07-07,64186,2025070704001975,PMHPL,Aryatara Investment & Securities,Online Securities Pvt. Ltd.,100,396.2,39620.0,2025-07-07 11:28:15.418113
2025-07-07,63845,2025070704002060,PMHPL,Nabil Stock Dealer Ltd.,Oxford Securities Pvt. Ltd.,1100,398.0,437800.0,2025-07-07 11:29:21.834580
2025-07-07,63631,2025070704002126,PMHPL,Nepal Investment And Securities Trading Private Limited,Online Securities Pvt. Ltd.,50,396.2,19810.0,2025-07-07 11:30:15.897236
2025-07-07,63630,2025070704002127,PMHPL,S.P.S.A. Securities Limited,Online Securities Pvt. Ltd.,95,396.2,37639.0,2025-07-07 11:30:15.897300
2025-07-07,62534,2025070704002425,PMHPL,S.P.S.A. Securities Limited,Aryatara Investment & Securities,70,400.0,28000.0,2025-07-07 11:34:20.963519
2025-07-07,62533,2025070704002426,PMHPL,S.P.S.A. Securities Limited,Sani Securities Company Ltd.,350,400.0,140000.0,2025-07-07 11:34:20.963556
2025-07-07,62532,2025070704002427,PMHPL,S.P.S.A. Securities Limited,Investment Management Nepal Pvt. Ltd.,500,400.0,200000.0,2025-07-07 11:34:20.963582
2025-07-07,61881,2025070704002603,PMHPL,Sanima Securities Limited,Siprabi Securities Pvt. Ltd.,100,400.0,40000.0,2025-07-07 11:36:55.924069
2025-07-07,61878,2025070704002605,PMHPL,Nabil Stock Dealer Ltd.,Online Securities Pvt. Ltd.,120,397.5,47700.0,2025-07-07 11:36:56.470708
2025-07-07,61635,2025070704002677,PMHPL,Sweta Securities Private Limited,Online Securities Pvt. Ltd.,100,397.6,39760.0,2025-07-07 11:37:50.065809
2025-07-07,61634,2025070704002678,PMHPL,S.P.S.A. Securities Limited,Online Securities Pvt. Ltd.,400,397.6,159040.0,2025-07-07 11:37:50.065979
2025-07-07,60149,2025070704003068,PMHPL,Nabil Stock Dealer Ltd.,Stoxkarts Securities Limited,280,400.0,112000.0,2025-07-07 11:43:13.248775
2025-07-07,60148,2025070704003069,PMHPL,Sani Securities Company Ltd.,Stoxkarts Securities Limited,50,399.0,19950.0,2025-07-07 11:43:13.248895
2025-07-07,60147,2025070704003070,PMHPL,Linch Stock Market Ltd.,Stoxkarts Securities Limited,500,398.2,199100.0,2025-07-07 11:43:13.248975
2025-07-07,60146,2025070704003071,PMHPL,Dakshinkali Investment & Securities Pvt. Ltd.,Stoxkarts Securities Limited,1000,398.1,398100.0,2025-07-07 11:43:13.249052
2025-07-07,60145,2025070704003072,PMHPL,Imperial Securities Company Pvt. Ltd.,Stoxkarts Securities Limited,170,398.0,67660.0,2025-07-07 11:43:13.249128
2025-07-07,59824,2025070704003133,PMHPL,Nabil Stock Dealer Ltd.,Kumari Securities Private Limited,200,400.0,80000.0,2025-07-07 11:44:22.460950
2025-07-07,56786,2025070704003907,PMHPL,Infinity Securities Limited,J.F. Securites (PVT) Ltd.,300,401.2,120360.0,2025-07-07 11:55:17.561398
2025-07-07,56785,2025070704003908,PMHPL,Agrawal Securities (PVT) Ltd.,J.F. Securites (PVT) Ltd.,1000,401.0,401000.0,2025-07-07 11:55:17.561506
2025-07-07,56784,2025070704003909,PMHPL,Trishakti Securities Public Limited,J.F. Securites (PVT) Ltd.,1000,400.1,400100.0,2025-07-07 11:55:17.561544
2025-07-07,56783,2025070704003910,PMHPL,Sani Securities Company Ltd.,J.F. Securites (PVT) Ltd.,1200,400.0,480000.0,2025-07-07 11:55:17.561586
2025-07-07,56488,2025070704004025,PMHPL,Sani Securities Company Ltd.,Sri Hari Securities Pvt. Ltd.,500,400.0,200000.0,2025-07-07 11:56:09.984230
2025-07-07,56394,2025070704004056,PMHPL,Sani Securities Company Ltd.,Sri Hari Securities Pvt. Ltd.,20,400.0,8000.0,2025-07-07 11:56:33.114594
2025-07-07,56126,2025070704004148,PMHPL,Trishakti Securities Public Limited,Opal Securities Investment (PVT) Ltd.,90,401.0,36090.0,2025-07-07 11:57:36.434895
2025-07-07,56028,2025070704004163,PMHPL,Sani Securities Company Ltd.,K.B.L. Securities Limited ,30,400.0,12000.0,2025-07-07 11:57:57.963704
2025-07-07,56027,2025070704004164,PMHPL,Trishakti Securities Public Limited,K.B.L. Securities Limited ,1000,398.4,398400.0,2025-07-07 11:57:57.963879
2025-07-07,56026,2025070704004165,PMHPL,Infinity Securities Limited,K.B.L. Securities Limited ,500,398.3,199150.0,2025-07-07 11:57:57.963992
2025-07-07,55891,2025070704004186,PMHPL,Nabil Stock Dealer Ltd.,K.B.L. Securities Limited ,70,398.3,27881.0,2025-07-07 11:58:28.234207
2025-07-07,55178,2025070704004373,PMHPL,Sweta Securities Private Limited,Arun Securities (PVT) Ltd.,500,400.0,200000.0,2025-07-07 12:01:22.779623
2025-07-07,55108,2025070704004385,PMHPL,Agrawal Securities (PVT) Ltd.,Neev Securities Pvt. Ltd.,10,398.2,3982.0,2025-07-07 12:01:43.842560
2025-07-07,54588,2025070704004505,PMHPL,Dynamic Money Managers Securities Pvt. Ltd.,Bhrikuti Stock Broking Co. Pvt. Ltd.,500,398.2,199100.0,2025-07-07 12:03:48.581105
2025-07-07,54587,2025070704004506,PMHPL,Imperial Securities Company Pvt. Ltd.,Bhrikuti Stock Broking Co. Pvt. Ltd.,330,398.0,131340.0,2025-07-07 12:03:48.581242
2025-07-07,54586,2025070704004507,PMHPL,Sri Hari Securities Pvt. Ltd.,Bhrikuti Stock Broking Co. Pvt. Ltd.,280,398.0,111440.0,2025-07-07 12:03:48.581283
2025-07-07,54460,2025070704004539,PMHPL,Sri Hari Securities Pvt. Ltd.,Naasa Securities Co. Ltd.,115,399.9,45988.5,2025-07-07 12:04:17.822288
2025-07-07,54287,2025070704004598,PMHPL,Sani Securities Company Ltd.,Naasa Securities Co. Ltd.,29,399.0,11571.0,2025-07-07 12:04:56.141341
2025-07-07,53442,2025070704004824,PMHPL,Sani Securities Company Ltd.,Vision Securities Pvt. Ltd,10,399.0,3990.0,2025-07-07 12:08:07.632831
2025-07-07,53240,2025070704004863,PMHPL,Sani Securities Company Ltd.,R.B.B. Securities Company Ltd,11,399.0,4389.0,2025-07-07 12:08:43.349332
2025-07-07,53239,2025070704004864,PMHPL,Sri Hari Securities Pvt. Ltd.,R.B.B. Securities Company Ltd,120,398.0,47760.0,2025-07-07 12:08:43.349393
2025-07-07,53238,2025070704004865,PMHPL,Trishakti Securities Public Limited,R.B.B. Securities Company Ltd,365,397.0,144905.0,2025-07-07 12:08:43.349427
2025-07-07,53237,2025070704004866,PMHPL,Citizens Share Broker Limited,R.B.B. Securities Company Ltd,500,396.4,198200.0,2025-07-07 12:08:43.349479
2025-07-07,53236,2025070704004867,PMHPL,Blue Chip Securities Ltd,R.B.B. Securities Company Ltd,264,396.4,104649.6,2025-07-07 12:08:43.349519
2025-07-07,53156,2025070704004875,PMHPL,Blue Chip Securities Ltd,Sri Hari Securities Pvt. Ltd.,1736,396.4,688150.4,2025-07-07 12:08:58.677720
2025-07-07,53155,2025070704004876,PMHPL,Pragyan Securities (PVT) Ltd.,Sri Hari Securities Pvt. Ltd.,10,396.3,3963.0,2025-07-07 12:08:58.677856
2025-07-07,53154,2025070704004877,PMHPL,ABC Securities Private Limited,Sri Hari Securities Pvt. Ltd.,100,396.0,39600.0,2025-07-07 12:08:58.677896
2025-07-07,53153,2025070704004878,PMHPL,Midas Stock Broking Company Private Limited,Sri Hari Securities Pvt. Ltd.,2000,396.0,792000.0,2025-07-07 12:08:58.677931
2025-07-07,53055,2025070704004911,PMHPL,S.P.S.A. Securities Limited,Asian Securities Private Ltd.,60,395.0,23700.0,2025-07-07 12:09:21.582575
2025-07-07,53054,2025070704004912,PMHPL,Investment Management Nepal Pvt. Ltd.,Asian Securities Private Ltd.,100,395.0,39500.0,2025-07-07 12:09:21.582656
2025-07-07,53053,2025070704004913,PMHPL,Online Securities Pvt. Ltd.,Asian Securities Private Ltd.,1090,395.0,430550.0,2025-07-07 12:09:21.582682
2025-07-07,53052,2025070704004914,PMHPL,Sani Securities Company Ltd.,Asian Securities Private Ltd.,100,394.0,39400.0,2025-07-07 12:09:21.582707
2025-07-07,53051,2025070704004915,PMHPL,Trishakti Securities Public Limited,Asian Securities Private Ltd.,650,394.0,256100.0,2025-07-07 12:09:21.582733
2025-07-07,52632,2025070704005035,PMHPL,Sani Securities Company Ltd.,Dipshikha Dhitopatra Karobar Co. Pvt Ltd.,50,395.0,19750.0,2025-07-07 12:10:51.190362
2025-07-07,52631,2025070704005036,PMHPL,Trishakti Securities Public Limited,Dipshikha Dhitopatra Karobar Co. Pvt Ltd.,350,394.0,137900.0,2025-07-07 12:10:51.190402
2025-07-07,52630,2025070704005037,PMHPL,S.P.S.A. Securities Limited,Dipshikha Dhitopatra Karobar Co. Pvt Ltd.,200,394.0,78800.0,2025-07-07 12:10:51.190424
2025-07-07,52629,2025070704005038,PMHPL,Elite Stock House Limited,Dipshikha Dhitopatra Karobar Co. Pvt Ltd.,100,393.1,39310.0,2025-07-07 12:10:51.190446
2025-07-07,52628,2025070704005039,PMHPL,Thrive Brokerage House Pvt. Ltd,Dipshikha Dhitopatra Karobar Co. Pvt Ltd.,100,393.1,39310.0,2025-07-07 12:10:51.190474
2025-07-07,52627,2025070704005040,PMHPL,Sumeru Securities Pvt. Ltd.,Dipshikha Dhitopatra Karobar Co. Pvt Ltd.,10,393.0,3930.0,2025-07-07 12:10:51.190500
2025-07-07,52626,2025070704005041,PMHPL,Midas Stock Broking Company Private Limited,Dipshikha Dhitopatra Karobar Co. Pvt Ltd.,100,392.8,39280.0,2025-07-07 12:10:51.190531
2025-07-07,52625,2025070704005042,PMHPL,S.P.S.A. Securities Limited,Dipshikha Dhitopatra Karobar Co. Pvt Ltd.,80,392.8,31424.0,2025-07-07 12:10:51.190556
2025-07-07,52522,2025070704005077,PMHPL,S.P.S.A. Securities Limited,Dipshikha Dhitopatra Karobar Co. Pvt Ltd.,13,392.8,5106.4,2025-07-07 12:11:10.284531
2025-07-07,51842,2025070704005269,PMHPL,S.P.S.A. Securities Limited,Naasa Securities Co. Ltd.,100,392.8,39280.0,2025-07-07 12:13:29.854864
2025-07-07,51443,2025070704005360,PMHPL,S.P.S.A. Securities Limited,Trishakti Securities Public Limited,53,392.8,20818.4,2025-07-07 12:15:01.405166
2025-07-07,51173,2025070704005419,PMHPL,S.P.S.A. Securities Limited,Sri Hari Securities Pvt. Ltd.,70,392.8,27496.0,2025-07-07 12:15:48.934941
2025-07-07,50703,2025070704005566,PMHPL,Blue Chip Securities Ltd,Swarna Laxmi Securities Pvt. Ltd.,10,395.9,3959.0,2025-07-07 12:17:45.703285
2025-07-07,49051,2025070704006064,PMHPL,Trishakti Securities Public Limited,Sri Hari Securities Pvt. Ltd.,145,393.2,57014.0,2025-07-07 12:24:47.331583
2025-07-07,49050,2025070704006065,PMHPL,Pragyan Securities (PVT) Ltd.,Sri Hari Securities Pvt. Ltd.,10,393.2,3932.0,2025-07-07 12:24:47.331738
2025-07-07,49049,2025070704006066,PMHPL,Thrive Brokerage House Pvt. Ltd,Sri Hari Securities Pvt. Ltd.,120,393.1,47172.0,2025-07-07 12:24:47.331786
2025-07-07,49048,2025070704006067,PMHPL,Agrawal Securities (PVT) Ltd.,Sri Hari Securities Pvt. Ltd.,10,393.0,3930.0,2025-07-07 12:24:47.331826
2025-07-07,49047,2025070704006068,PMHPL,Opal Securities Investment (PVT) Ltd.,Sri Hari Securities Pvt. Ltd.,200,392.9,78580.0,2025-07-07 12:24:47.331868
2025-07-07,49046,2025070704006069,PMHPL,S.P.S.A. Securities Limited,Sri Hari Securities Pvt. Ltd.,77,392.8,30245.6,2025-07-07 12:24:47.331908
2025-07-07,49045,2025070704006070,PMHPL,Kumari Securities Private Limited,Sri Hari Securities Pvt. Ltd.,50,392.8,19640.0,2025-07-07 12:24:47.331946
2025-07-07,49044,2025070704006071,PMHPL,S.P.S.A. Securities Limited,Sri Hari Securities Pvt. Ltd.,177,392.8,69525.6,2025-07-07 12:24:47.331986
2025-07-07,49043,2025070704006072,PMHPL,Agrawal Securities (PVT) Ltd.,Sri Hari Securities Pvt. Ltd.,200,392.6,78520.0,2025-07-07 12:24:47.332026
2025-07-07,49042,2025070704006073,PMHPL,Agrawal Securities (PVT) Ltd.,Sri Hari Securities Pvt. Ltd.,500,392.6,196300.0,2025-07-07 12:24:47.332094
2025-07-07,49041,2025070704006074,PMHPL,Nepal Investment And Securities Trading Private Limited,Sri Hari Securities Pvt. Ltd.,50,392.5,19625.0,2025-07-07 12:24:47.332133
2025-07-07,49040,2025070704006075,PMHPL,Infinity Securities Limited,Sri Hari Securities Pvt. Ltd.,1000,392.5,392500.0,2025-07-07 12:24:47.332170
2025-07-07,49039,2025070704006076,PMHPL,S.P.S.A. Securities Limited,Sri Hari Securities Pvt. Ltd.,400,392.1,156840.0,2025-07-07 12:24:47.332207
2025-07-07,49038,2025070704006077,PMHPL,Neev Securities Pvt. Ltd.,Sri Hari Securities Pvt. Ltd.,1000,392.0,392000.0,2025-07-07 12:24:47.332252
2025-07-07,49037,2025070704006078,PMHPL,Blue Chip Securities Ltd,Sri Hari Securities Pvt. Ltd.,61,392.0,23912.0,2025-07-07 12:24:47.332293
2025-07-07,48290,2025070704006237,PMHPL,Infinity Securities Limited,Sri Hari Securities Pvt. Ltd.,200,393.0,78600.0,2025-07-07 12:28:09.462016
2025-07-07,48289,2025070704006238,PMHPL,Kohinoor Investment & Securities Pvt. Ltd.,Sri Hari Securities Pvt. Ltd.,100,392.1,39210.0,2025-07-07 12:28:09.462197
2025-07-07,48288,2025070704006239,PMHPL,Blue Chip Securities Ltd,Sri Hari Securities Pvt. Ltd.,239,392.0,93688.0,2025-07-07 12:28:09.462346
2025-07-07,48228,2025070704006259,PMHPL,Sani Securities Company Ltd.,Sri Hari Securities Pvt. Ltd.,945,392.0,370440.0,2025-07-07 12:28:25.513703
2025-07-07,48151,2025070704006290,PMHPL,S.P.S.A. Securities Limited,Sri Hari Securities Pvt. Ltd.,500,392.0,196000.0,2025-07-07 12:28:44.237294
2025-07-07,47513,2025070704006498,PMHPL,Vision Securities Pvt. Ltd,Bhrikuti Stock Broking Co. Pvt. Ltd.,10,391.0,3910.0,2025-07-07 12:31:15.384390
2025-07-07,47207,2025070704006580,PMHPL,S.P.S.A. Securities Limited,Sri Hari Securities Pvt. Ltd.,16,392.0,6272.0,2025-07-07 12:32:38.924156
2025-07-07,47206,2025070704006581,PMHPL,S.P.S.A. Securities Limited,ABC Securities Private Limited,484,394.0,190696.0,2025-07-07 12:32:38.924375
2025-07-07,47133,2025070704006603,PMHPL,S.P.S.A. Securities Limited,ABC Securities Private Limited,16,394.0,6304.0,2025-07-07 12:32:56.978010
2025-07-07,47132,2025070704006604,PMHPL,S.P.S.A. Securities Limited,BHOLE GANESH SECURITIES LTD,184,394.0,72496.0,2025-07-07 12:32:56.978063
2025-07-07,46302,2025070704006831,PMHPL,S.P.S.A. Securities Limited,Dipshikha Dhitopatra Karobar Co. Pvt Ltd.,1000,394.0,394000.0,2025-07-07 12:36:53.606614
2025-07-07,45919,2025070704006945,PMHPL,Blue Chip Securities Ltd,Naasa Securities Co. Ltd.,1000,392.5,392500.0,2025-07-07 12:38:42.819902
2025-07-07,44839,2025070704007257,PMHPL,Blue Chip Securities Ltd,Oxford Securities Pvt. Ltd.,50,392.5,19625.0,2025-07-07 12:43:39.103363
2025-07-07,44838,2025070704007258,PMHPL,Infinity Securities Limited,Oxford Securities Pvt. Ltd.,396,392.5,155430.0,2025-07-07 12:43:39.103408
2025-07-07,43986,2025070704007491,PMHPL,Infinity Securities Limited,Opal Securities Investment (PVT) Ltd.,10,392.5,3925.0,2025-07-07 12:47:19.660544
2025-07-07,42739,2025070704007852,PMHPL,Infinity Securities Limited,SHUBHAKAMANA SECURITIES PVT. LTD,94,392.5,36895.0,2025-07-07 12:51:56.072152
2025-07-07,42738,2025070704007853,PMHPL,Aryatara Investment & Securities,SHUBHAKAMANA SECURITIES PVT. LTD,100,392.3,39230.0,2025-07-07 12:51:56.072275
2025-07-07,42737,2025070704007854,PMHPL,Imperial Securities Company Pvt. Ltd.,SHUBHAKAMANA SECURITIES PVT. LTD,300,392.1,117630.0,2025-07-07 12:51:56.072329
2025-07-07,42736,2025070704007855,PMHPL,Imperial Securities Company Pvt. Ltd.,SHUBHAKAMANA SECURITIES PVT. LTD,172,392.0,67424.0,2025-07-07 12:51:56.072384
2025-07-07,42183,2025070704008003,PMHPL,Imperial Securities Company Pvt. Ltd.,Sani Securities Company Ltd.,328,392.0,128576.0,2025-07-07 12:54:06.445143
2025-07-07,41812,2025070704008161,PMHPL,Trishakti Securities Public Limited,Sagarmatha Securities Private Limited,1000,391.5,391500.0,2025-07-07 12:55:04.727389
2025-07-07,41811,2025070704008162,PMHPL,Imperial Securities Company Pvt. Ltd.,Sagarmatha Securities Private Limited,1000,391.3,391300.0,2025-07-07 12:55:04.727488
2025-07-07,41570,2025070704008238,PMHPL,Vision Securities Pvt. Ltd,Asian Securities Private Ltd.,25,390.6,9765.0,2025-07-07 12:55:59.765596
2025-07-07,41569,2025070704008239,PMHPL,Nepal Investment And Securities Trading Private Limited,Asian Securities Private Ltd.,19,390.6,7421.4,2025-07-07 12:55:59.765711
2025-07-07,41568,2025070704008240,PMHPL,Dakshinkali Investment & Securities Pvt. Ltd.,Asian Securities Private Ltd.,50,390.4,19520.0,2025-07-07 12:55:59.765771
2025-07-07,41567,2025070704008241,PMHPL,Neev Securities Pvt. Ltd.,Asian Securities Private Ltd.,50,390.4,19520.0,2025-07-07 12:55:59.765844
2025-07-07,41566,2025070704008242,PMHPL,Blue Chip Securities Ltd,Asian Securities Private Ltd.,1000,390.1,390100.0,2025-07-07 12:55:59.765942
2025-07-07,41565,2025070704008243,PMHPL,Pragyan Securities (PVT) Ltd.,Asian Securities Private Ltd.,10,390.0,3900.0,2025-07-07 12:55:59.766022
2025-07-07,41564,2025070704008244,PMHPL,Infinity Securities Limited,Asian Securities Private Ltd.,546,389.0,212394.0,2025-07-07 12:55:59.766096
2025-07-07,41012,2025070704008365,PMHPL,Infinity Securities Limited,Naasa Securities Co. Ltd.,285,389.0,110865.0,2025-07-07 12:57:31.537089
2025-07-07,40334,2025070704008589,PMHPL,Infinity Securities Limited,Imperial Securities Company Pvt. Ltd.,100,389.0,38900.0,2025-07-07 12:59:37.121690
2025-07-07,39819,2025070704008708,PMHPL,Infinity Securities Limited,Sundhara Securities Limited,69,389.0,26841.0,2025-07-07 13:01:12.009644
2025-07-07,39818,2025070704008709,PMHPL,Online Securities Pvt. Ltd.,Sundhara Securities Limited,25,388.1,9702.5,2025-07-07 13:01:12.009861
2025-07-07,39817,2025070704008710,PMHPL,Imperial Securities Company Pvt. Ltd.,Sundhara Securities Limited,396,386.2,152935.2,2025-07-07 13:01:12.009990
2025-07-07,39241,2025070704008895,PMHPL,Imperial Securities Company Pvt. Ltd.,Sweta Securities Private Limited,100,386.2,38620.0,2025-07-07 13:02:53.946566
2025-07-07,38955,2025070704009012,PMHPL,Nepal Investment And Securities Trading Private Limited,Imperial Securities Company Pvt. Ltd.,50,386.2,19310.0,2025-07-07 13:03:29.405128
2025-07-07,38954,2025070704009013,PMHPL,Blue Chip Securities Ltd,Imperial Securities Company Pvt. Ltd.,250,386.1,96525.0,2025-07-07 13:03:29.405245
2025-07-07,38777,2025070704009060,PMHPL,Sani Securities Company Ltd.,Dipshikha Dhitopatra Karobar Co. Pvt Ltd.,10,386.2,3862.0,2025-07-07 13:04:04.780467
2025-07-07,38502,2025070704009148,PMHPL,Sani Securities Company Ltd.,Imperial Securities Company Pvt. Ltd.,50,386.2,19310.0,2025-07-07 13:04:56.438010
2025-07-07,36913,2025070704009634,PMHPL,Premier Securities Company Ltd.,Capital Max Securities Ltd,20,386.6,7732.0,2025-07-07 13:10:14.004333
2025-07-07,36487,2025070704009848,PMHPL,K.B.L. Securities Limited ,Linch Stock Market Ltd.,90,387.0,34830.0,2025-07-07 13:11:29.830850
2025-07-07,36238,2025070704009952,PMHPL,K.B.L. Securities Limited ,Linch Stock Market Ltd.,200,387.0,77400.0,2025-07-07 13:12:17.232548
2025-07-07,36134,2025070704009973,PMHPL,K.B.L. Securities Limited ,Sundhara Securities Limited,50,387.0,19350.0,2025-07-07 13:12:45.006757
2025-07-07,36083,2025070704009986,PMHPL,K.B.L. Securities Limited ,Imperial Securities Company Pvt. Ltd.,15,387.0,5805.0,2025-07-07 13:12:54.630338
2025-07-07,36065,2025070704009989,PMHPL,Linch Stock Market Ltd.,Siprabi Securities Pvt. Ltd.,30,390.0,11700.0,2025-07-07 13:12:59.506284
2025-07-07,36064,2025070704009990,PMHPL,Linch Stock Market Ltd.,Kohinoor Investment & Securities Pvt. Ltd.,20,391.0,7820.0,2025-07-07 13:12:59.506384
2025-07-07,34620,2025070704010383,PMHPL,Infinity Securities Limited,Dipshikha Dhitopatra Karobar Co. Pvt Ltd.,10,388.0,3880.0,2025-07-07 13:18:41.210724
2025-07-07,33522,2025070704010730,PMHPL,Kohinoor Investment & Securities Pvt. Ltd.,Sani Securities Company Ltd.,30,388.3,11649.0,2025-07-07 13:22:43.245089
2025-07-07,33521,2025070704010731,PMHPL,Linch Stock Market Ltd.,Sani Securities Company Ltd.,200,388.2,77640.0,2025-07-07 13:22:43.245148
2025-07-07,33520,2025070704010732,PMHPL,Midas Stock Broking Company Private Limited,Sani Securities Company Ltd.,10,388.2,3882.0,2025-07-07 13:22:43.245200
2025-07-07,33519,2025070704010733,PMHPL,Linch Stock Market Ltd.,Sani Securities Company Ltd.,60,388.1,23286.0,2025-07-07 13:22:43.245222
2025-07-07,33400,2025070704010765,PMHPL,SHUBHAKAMANA SECURITIES PVT. LTD,Secured Securities Ltd.,100,390.0,39000.0,2025-07-07 13:23:18.554983
2025-07-07,33399,2025070704010766,PMHPL,SHUBHAKAMANA SECURITIES PVT. LTD,Trisul Securities & Invt. Ltd.,20,390.0,7800.0,2025-07-07 13:23:18.555136
2025-07-07,33000,2025070704010945,PMHPL,SHUBHAKAMANA SECURITIES PVT. LTD,Trishakti Securities Public Limited,50,390.0,19500.0,2025-07-07 13:24:36.344000
2025-07-07,32944,2025070704010960,PMHPL,SHUBHAKAMANA SECURITIES PVT. LTD,Linch Stock Market Ltd.,170,390.0,66300.0,2025-07-07 13:24:56.491719
2025-07-07,32823,2025070704010989,PMHPL,SHUBHAKAMANA SECURITIES PVT. LTD,Imperial Securities Company Pvt. Ltd.,500,390.0,195000.0,2025-07-07 13:25:32.867734
2025-07-07,32771,2025070704011000,PMHPL,SHUBHAKAMANA SECURITIES PVT. LTD,Dakshinkali Investment & Securities Pvt. Ltd.,100,390.0,39000.0,2025-07-07 13:25:46.076370
2025-07-07,32215,2025070704011155,PMHPL,SHUBHAKAMANA SECURITIES PVT. LTD,Kohinoor Investment & Securities Pvt. Ltd.,30,390.0,11700.0,2025-07-07 13:27:30.386305
2025-07-07,32033,2025070704011205,PMHPL,SHUBHAKAMANA SECURITIES PVT. LTD,Kohinoor Investment & Securities Pvt. Ltd.,30,390.0,11700.0,2025-07-07 13:28:20.600934
2025-07-07,32032,2025070704011206,PMHPL,Blue Chip Securities Ltd,Kohinoor Investment & Securities Pvt. Ltd.,50,390.0,19500.0,2025-07-07 13:28:20.601205
2025-07-07,31909,2025070704011241,PMHPL,Blue Chip Securities Ltd,Kohinoor Investment & Securities Pvt. Ltd.,10,390.0,3900.0,2025-07-07 13:28:49.734327
2025-07-07,30889,2025070704011654,PMHPL,Naasa Securities Co. Ltd.,Kohinoor Investment & Securities Pvt. Ltd.,10,390.0,3900.0,2025-07-07 13:33:45.330689
2025-07-07,30851,2025070704011660,PMHPL,Blue Chip Securities Ltd,Kohinoor Investment & Securities Pvt. Ltd.,15,390.0,5850.0,2025-07-07 13:33:54.016100
2025-07-07,30850,2025070704011661,PMHPL,Blue Chip Securities Ltd,Sani Securities Company Ltd.,200,391.0,78200.0,2025-07-07 13:33:54.016241
2025-07-07,30849,2025070704011662,PMHPL,Blue Chip Securities Ltd,Capital Max Securities Ltd,90,391.0,35190.0,2025-07-07 13:33:54.016293
2025-07-07,30782,2025070704011692,PMHPL,Blue Chip Securities Ltd,Nepal Stock House (PVT) Ltd.,695,391.0,271745.0,2025-07-07 13:34:13.139638
2025-07-07,30591,2025070704011761,PMHPL,Online Securities Pvt. Ltd.,Online Securities Pvt. Ltd.,20,390.0,7800.0,2025-07-07 13:35:09.793384
2025-07-07,30527,2025070704011779,PMHPL,Linch Stock Market Ltd.,Vision Securities Pvt. Ltd,60,389.0,23340.0,2025-07-07 13:35:33.712883
2025-07-07,30405,2025070704011814,PMHPL,Linch Stock Market Ltd.,Online Securities Pvt. Ltd.,30,389.0,11670.0,2025-07-07 13:35:57.334981
2025-07-07,29900,2025070704011985,PMHPL,Dipshikha Dhitopatra Karobar Co. Pvt Ltd.,Sani Securities Company Ltd.,300,389.1,116730.0,2025-07-07 13:38:12.398998
2025-07-07,29899,2025070704011986,PMHPL,Linch Stock Market Ltd.,Sani Securities Company Ltd.,150,389.0,58350.0,2025-07-07 13:38:12.399191
2025-07-07,29898,2025070704011987,PMHPL,Bhrikuti Stock Broking Co. Pvt. Ltd.,Sani Securities Company Ltd.,200,388.0,77600.0,2025-07-07 13:38:12.399266
2025-07-07,29897,2025070704011988,PMHPL,Sani Securities Company Ltd.,Sani Securities Company Ltd.,200,388.0,77600.0,2025-07-07 13:38:12.399322
2025-07-07,29896,2025070704011989,PMHPL,Blue Chip Securities Ltd,Sani Securities Company Ltd.,1000,387.1,387100.0,2025-07-07 13:38:12.399372
2025-07-07,29895,2025070704011990,PMHPL,K.B.L. Securities Limited ,Sani Securities Company Ltd.,1645,387.0,636615.0,2025-07-07 13:38:12.399419
2025-07-07,29820,2025070704011998,PMHPL,Agrawal Securities (PVT) Ltd.,Sani Securities Company Ltd.,20,386.3,7726.0,2025-07-07 13:38:39.667355
2025-07-07,29819,2025070704011999,PMHPL,S.P.S.A. Securities Limited,Sani Securities Company Ltd.,700,386.3,270410.0,2025-07-07 13:38:39.667475
2025-07-07,29818,2025070704012000,PMHPL,Blue Chip Securities Ltd,Sani Securities Company Ltd.,255,386.2,98481.0,2025-07-07 13:38:39.667529
2025-07-07,28059,2025070704012455,PMHPL,Miyo Securities Pvt Ltd,Vision Securities Pvt. Ltd,50,389.0,19450.0,2025-07-07 13:45:48.273415
2025-07-07,27952,2025070704012484,PMHPL,S.P.S.A. Securities Limited,Kohinoor Investment & Securities Pvt. Ltd.,500,391.0,195500.0,2025-07-07 13:46:12.074728
2025-07-07,27951,2025070704012485,PMHPL,S.P.S.A. Securities Limited,Kohinoor Investment & Securities Pvt. Ltd.,195,391.0,76245.0,2025-07-07 13:46:12.074899
2025-07-07,27950,2025070704012486,PMHPL,S.P.S.A. Securities Limited,Kohinoor Investment & Securities Pvt. Ltd.,150,391.0,58650.0,2025-07-07 13:46:12.074923
2025-07-07,27949,2025070704012487,PMHPL,S.P.S.A. Securities Limited,Siprabi Securities Pvt. Ltd.,280,391.0,109480.0,2025-07-07 13:46:12.074967
2025-07-07,27948,2025070704012488,PMHPL,S.P.S.A. Securities Limited,KALASH STOCK MARKET PVT. LTD.,1000,391.9,391900.0,2025-07-07 13:46:12.075007
2025-07-07,27947,2025070704012489,PMHPL,S.P.S.A. Securities Limited,Sumeru Securities Pvt. Ltd.,500,392.0,196000.0,2025-07-07 13:46:12.075033
2025-07-07,27946,2025070704012490,PMHPL,S.P.S.A. Securities Limited,Sumeru Securities Pvt. Ltd.,375,392.0,147000.0,2025-07-07 13:46:12.075058
2025-07-07,27904,2025070704012508,PMHPL,Online Securities Pvt. Ltd.,Sumeru Securities Pvt. Ltd.,100,392.0,39200.0,2025-07-07 13:46:24.141305
2025-07-07,27882,2025070704012520,PMHPL,Linch Stock Market Ltd.,Sumeru Securities Pvt. Ltd.,25,392.0,9800.0,2025-07-07 13:46:28.338051
2025-07-07,27845,2025070704012532,PMHPL,Linch Stock Market Ltd.,Miyo Securities Pvt Ltd,50,392.0,19600.0,2025-07-07 13:46:35.567573
2025-07-07,27711,2025070704012581,PMHPL,Dakshinkali Investment & Securities Pvt. Ltd.,Sri Hari Securities Pvt. Ltd.,20,392.5,7850.0,2025-07-07 13:47:08.197842
2025-07-07,27602,2025070704012608,PMHPL,Sumeru Securities Pvt. Ltd.,Trisul Securities & Invt. Ltd.,114,393.9,44904.6,2025-07-07 13:47:47.751992
2025-07-07,27601,2025070704012609,PMHPL,Sumeru Securities Pvt. Ltd.,K.B.L. Securities Limited ,1000,393.9,393900.0,2025-07-07 13:47:47.752337
2025-07-07,27600,2025070704012610,PMHPL,Sumeru Securities Pvt. Ltd.,Dipshikha Dhitopatra Karobar Co. Pvt Ltd.,350,394.0,137900.0,2025-07-07 13:47:47.752489
2025-07-07,27599,2025070704012611,PMHPL,Sumeru Securities Pvt. Ltd.,Agrawal Securities (PVT) Ltd.,36,394.0,14184.0,2025-07-07 13:47:47.752651
2025-07-07,27339,2025070704012707,PMHPL,Sumeru Securities Pvt. Ltd.,Siprabi Securities Pvt. Ltd.,500,394.9,197450.0,2025-07-07 13:49:15.069901
2025-07-07,27338,2025070704012708,PMHPL,Sumeru Securities Pvt. Ltd.,Siprabi Securities Pvt. Ltd.,1000,394.9,394900.0,2025-07-07 13:49:15.070038
2025-07-07,27315,2025070704012721,PMHPL,Blue Chip Securities Ltd,Imperial Securities Company Pvt. Ltd.,10,395.0,3950.0,2025-07-07 13:49:24.520666
2025-07-07,27311,2025070704012723,PMHPL,S.P.S.A. Securities Limited,Imperial Securities Company Pvt. Ltd.,990,395.0,391050.0,2025-07-07 13:49:25.648903
2025-07-07,27310,2025070704012724,PMHPL,S.P.S.A. Securities Limited,Swarna Laxmi Securities Pvt. Ltd.,10,395.0,3950.0,2025-07-07 13:49:25.648948
2025-07-07,27207,2025070704012753,PMHPL,Miyo Securities Pvt Ltd,Swarna Laxmi Securities Pvt. Ltd.,80,395.0,31600.0,2025-07-07 13:49:45.120891
2025-07-07,27195,2025070704012757,PMHPL,Pragyan Securities (PVT) Ltd.,Linch Stock Market Ltd.,100,396.0,39600.0,2025-07-07 13:49:48.490014
2025-07-07,27194,2025070704012758,PMHPL,Pragyan Securities (PVT) Ltd.,Swarna Laxmi Securities Pvt. Ltd.,100,396.0,39600.0,2025-07-07 13:49:48.490171
2025-07-07,27160,2025070704012771,PMHPL,Blue Chip Securities Ltd,Imperial Securities Company Pvt. Ltd.,500,396.3,198150.0,2025-07-07 13:50:02.641251
2025-07-07,27159,2025070704012772,PMHPL,Agrawal Securities (PVT) Ltd.,Imperial Securities Company Pvt. Ltd.,500,396.3,198150.0,2025-07-07 13:50:02.677770
2025-07-07,27158,2025070704012773,PMHPL,Agrawal Securities (PVT) Ltd.,Elite Stock House Limited,500,397.0,198500.0,2025-07-07 13:50:02.677862
2025-07-07,27148,2025070704012775,PMHPL,Pragyan Securities (PVT) Ltd.,Miyo Securities Pvt Ltd,80,396.0,31680.0,2025-07-07 13:50:05.189494
2025-07-07,26969,2025070704012802,PMHPL,Sagarmatha Securities Private Limited,Elite Stock House Limited,500,397.0,198500.0,2025-07-07 13:50:32.129619
2025-07-07,26968,2025070704012803,PMHPL,Sagarmatha Securities Private Limited,Sri Hari Securities Pvt. Ltd.,400,397.8,159120.0,2025-07-07 13:50:32.129723
2025-07-07,26967,2025070704012804,PMHPL,Sagarmatha Securities Private Limited,Sani Securities Company Ltd.,500,398.0,199000.0,2025-07-07 13:50:32.129796
2025-07-07,26966,2025070704012805,PMHPL,Sagarmatha Securities Private Limited,Aryatara Investment & Securities,100,398.9,39890.0,2025-07-07 13:50:32.129886
2025-07-07,26929,2025070704012818,PMHPL,Pragyan Securities (PVT) Ltd.,Siprabi Securities Pvt. Ltd.,20,396.0,7920.0,2025-07-07 13:50:44.726225
2025-07-07,26923,2025070704012821,PMHPL,Miyo Securities Pvt Ltd,Aryatara Investment & Securities,20,398.9,7978.0,2025-07-07 13:50:46.302283
2025-07-07,26807,2025070704012851,PMHPL,Miyo Securities Pvt Ltd,Sri Hari Securities Pvt. Ltd.,1000,399.0,399000.0,2025-07-07 13:51:10.113899
2025-07-07,26734,2025070704012867,PMHPL,Miyo Securities Pvt Ltd,Sri Hari Securities Pvt. Ltd.,1000,399.0,399000.0,2025-07-07 13:51:27.220138
2025-07-07,26644,2025070704012915,PMHPL,Elite Stock House Limited,Kumari Securities Private Limited,1000,399.0,399000.0,2025-07-07 13:51:50.029827
2025-07-07,26643,2025070704012916,PMHPL,Elite Stock House Limited,MILKY WAY SHARE BROKER COMPANY LTD ,480,399.8,191904.0,2025-07-07 13:51:50.030076
2025-07-07,26629,2025070704012920,PMHPL,Blue Chip Securities Ltd,MILKY WAY SHARE BROKER COMPANY LTD ,10,399.8,3998.0,2025-07-07 13:51:52.930574
2025-07-07,26611,2025070704012925,PMHPL,Miyo Securities Pvt Ltd,Vision Securities Pvt. Ltd,50,395.0,19750.0,2025-07-07 13:52:00.326756
2025-07-07,26401,2025070704012973,PMHPL,Blue Chip Securities Ltd,MILKY WAY SHARE BROKER COMPANY LTD ,10,399.8,3998.0,2025-07-07 13:52:44.059880
2025-07-07,25727,2025070704013215,PMHPL,Naasa Securities Co. Ltd.,Miyo Securities Pvt Ltd,1000,395.2,395200.0,2025-07-07 13:55:19.094426
2025-07-07,25653,2025070704013247,PMHPL,Sweta Securities Private Limited,Vision Securities Pvt. Ltd,50,395.0,19750.0,2025-07-07 13:55:33.441219
2025-07-07,25630,2025070704013258,PMHPL,Sweta Securities Private Limited,Miyo Securities Pvt Ltd,150,395.0,59250.0,2025-07-07 13:55:39.155826
2025-07-07,25594,2025070704013276,PMHPL,Sumeru Securities Pvt. Ltd.,Miyo Securities Pvt Ltd,350,393.1,137585.0,2025-07-07 13:55:48.185409
2025-07-07,25587,2025070704013278,PMHPL,Sumeru Securities Pvt. Ltd.,Miyo Securities Pvt Ltd,150,393.1,58965.0,2025-07-07 13:55:52.201284
2025-07-07,25586,2025070704013279,PMHPL,Stoxkarts Securities Limited,Miyo Securities Pvt Ltd,350,392.0,137200.0,2025-07-07 13:55:52.201511
2025-07-07,24310,2025070704013614,PMHPL,Dipshikha Dhitopatra Karobar Co. Pvt Ltd.,Sundhara Securities Limited,473,391.0,184943.0,2025-07-07 14:00:35.896564
2025-07-07,24215,2025070704013665,PMHPL,Blue Chip Securities Ltd,Cristal Kanchanjanga Securites Pvt. Ltd.,10,398.9,3989.0,2025-07-07 14:00:55.352852
2025-07-07,20893,2025070704014672,PMHPL,Thrive Brokerage House Pvt. Ltd,Sharepro Securities Private Limited,240,391.5,93960.0,2025-07-07 14:17:09.480639
2025-07-07,19947,2025070704015063,PMHPL,Blue Chip Securities Ltd,Trishakti Securities Public Limited,10,395.0,3950.0,2025-07-07 14:20:44.544037
2025-07-07,18611,2025070704015544,PMHPL,Imperial Securities Company Pvt. Ltd.,Aakashbhairab Securities Ltd.,10,392.0,3920.0,2025-07-07 14:24:34.754513
2025-07-07,18610,2025070704015545,PMHPL,Premier Securities Company Ltd.,Aakashbhairab Securities Ltd.,30,391.7,11751.0,2025-07-07 14:24:34.754788
2025-07-07,18609,2025070704015546,PMHPL,Sharepro Securities Private Limited,Aakashbhairab Securities Ltd.,60,391.6,23496.0,2025-07-07 14:24:34.754941
2025-07-07,18608,2025070704015547,PMHPL,Thrive Brokerage House Pvt. Ltd,Aakashbhairab Securities Ltd.,260,391.5,101790.0,2025-07-07 14:24:34.755090
2025-07-07,18607,2025070704015548,PMHPL,Imperial Securities Company Pvt. Ltd.,Aakashbhairab Securities Ltd.,500,391.3,195650.0,2025-07-07 14:24:34.755240
2025-07-07,18606,2025070704015549,PMHPL,Dipshikha Dhitopatra Karobar Co. Pvt Ltd.,Aakashbhairab Securities Ltd.,27,391.0,10557.0,2025-07-07 14:24:34.755429
2025-07-07,18605,2025070704015550,PMHPL,S.P.S.A. Securities Limited,Aakashbhairab Securities Ltd.,113,391.0,44183.0,2025-07-07 14:24:34.755566
2025-07-07,18331,2025070704015666,PMHPL,S.P.S.A. Securities Limited,Thrive Brokerage House Pvt. Ltd,187,391.0,73117.0,2025-07-07 14:25:17.597724
2025-07-07,18330,2025070704015667,PMHPL,Elite Stock House Limited,Thrive Brokerage House Pvt. Ltd,300,391.0,117300.0,2025-07-07 14:25:17.597998
2025-07-07,18329,2025070704015668,PMHPL,Linch Stock Market Ltd.,Thrive Brokerage House Pvt. Ltd,200,391.0,78200.0,2025-07-07 14:25:17.598152
2025-07-07,18328,2025070704015669,PMHPL,Stoxkarts Securities Limited,Thrive Brokerage House Pvt. Ltd,150,390.0,58500.0,2025-07-07 14:25:17.598301
2025-07-07,18327,2025070704015670,PMHPL,S.P.S.A. Securities Limited,Thrive Brokerage House Pvt. Ltd,163,388.1,63260.3,2025-07-07 14:25:17.598467
2025-07-07,18098,2025070704015752,PMHPL,S.P.S.A. Securities Limited,Kalika Securities Pvt. Ltd.,78,388.1,30271.8,2025-07-07 14:25:53.195542
2025-07-07,16857,2025070704016207,PMHPL,S.P.S.A. Securities Limited,Vision Securities Pvt. Ltd,50,388.1,19405.0,2025-07-07 14:29:05.493921
2025-07-07,16726,2025070704016259,PMHPL,S.P.S.A. Securities Limited,Sharepro Securities Private Limited,209,388.1,81112.9,2025-07-07 14:29:20.256682
2025-07-07,16725,2025070704016260,PMHPL,Blue Chip Securities Ltd,Sharepro Securities Private Limited,400,388.1,155240.0,2025-07-07 14:29:20.256933
2025-07-07,16724,2025070704016261,PMHPL,Blue Chip Securities Ltd,Sharepro Securities Private Limited,90,388.1,34929.0,2025-07-07 14:29:20.257078
2025-07-07,16424,2025070704016343,PMHPL,Kumari Securities Private Limited,Midas Stock Broking Company Private Limited,100,388.0,38800.0,2025-07-07 14:30:17.809293
2025-07-07,16110,2025070704016478,PMHPL,INDEX SECURITIES LIMITED,Sharepro Securities Private Limited,301,388.1,116818.1,2025-07-07 14:30:59.364085
2025-07-07,15883,2025070704016597,PMHPL,INDEX SECURITIES LIMITED,Vision Securities Pvt. Ltd,660,388.7,256542.0,2025-07-07 14:31:28.452276
2025-07-07,14439,2025070704017114,PMHPL,Kumari Securities Private Limited,Linch Stock Market Ltd.,20,388.0,7760.0,2025-07-07 14:34:53.060490
2025-07-07,13723,2025070704017342,PMHPL,Infinity Securities Limited,Thrive Brokerage House Pvt. Ltd,90,389.0,35010.0,2025-07-07 14:36:14.864576
2025-07-07,13722,2025070704017343,PMHPL,Blue Chip Securities Ltd,Thrive Brokerage House Pvt. Ltd,205,388.7,79683.5,2025-07-07 14:36:14.864825
2025-07-07,13721,2025070704017344,PMHPL,INDEX SECURITIES LIMITED,Thrive Brokerage House Pvt. Ltd,500,388.1,194050.0,2025-07-07 14:36:14.864973
2025-07-07,13720,2025070704017345,PMHPL,Kumari Securities Private Limited,Thrive Brokerage House Pvt. Ltd,205,388.0,79540.0,2025-07-07 14:36:14.865145
2025-07-07,13390,2025070704017453,PMHPL,S.P.S.A. Securities Limited,ABC Securities Private Limited,200,390.0,78000.0,2025-07-07 14:37:11.311325
2025-07-07,13285,2025070704017501,PMHPL,Kumari Securities Private Limited,S.P.S.A. Securities Limited,675,390.0,263250.0,2025-07-07 14:37:30.367116
2025-07-07,13284,2025070704017502,PMHPL,S.P.S.A. Securities Limited,S.P.S.A. Securities Limited,2000,388.3,776600.0,2025-07-07 14:37:30.367247
2025-07-07,13283,2025070704017503,PMHPL,Dakshinkali Investment & Securities Pvt. Ltd.,S.P.S.A. Securities Limited,325,388.2,126165.0,2025-07-07 14:37:30.367309
2025-07-07,12966,2025070704017632,PMHPL,Oxford Securities Pvt. Ltd.,Trishakti Securities Public Limited,10,390.5,3905.0,2025-07-07 14:38:17.490841
2025-07-07,12901,2025070704017645,PMHPL,Sumeru Securities Pvt. Ltd.,Sri Hari Securities Pvt. Ltd.,3000,393.0,1179000.0,2025-07-07 14:38:24.687719
2025-07-07,12383,2025070704017819,PMHPL,Sani Securities Company Ltd.,Sri Hari Securities Pvt. Ltd.,200,393.0,78600.0,2025-07-07 14:39:36.575500
2025-07-07,12138,2025070704017908,PMHPL,Oxford Securities Pvt. Ltd.,Cristal Kanchanjanga Securites Pvt. Ltd.,90,391.0,35190.0,2025-07-07 14:40:11.588152
2025-07-07,12137,2025070704017909,PMHPL,Opal Securities Investment (PVT) Ltd.,Cristal Kanchanjanga Securites Pvt. Ltd.,180,388.4,69912.0,2025-07-07 14:40:11.588302
2025-07-07,9645,2025070704018590,PMHPL,K.B.L. Securities Limited ,Sri Hari Securities Pvt. Ltd.,30,389.0,11670.0,2025-07-07 14:45:33.072269
2025-07-07,9644,2025070704018591,PMHPL,Online Securities Pvt. Ltd.,Sri Hari Securities Pvt. Ltd.,14,389.0,5446.0,2025-07-07 14:45:33.072605
2025-07-07,9578,2025070704018623,PMHPL,Online Securities Pvt. Ltd.,Sri Hari Securities Pvt. Ltd.,10,389.0,3890.0,2025-07-07 14:45:43.198561
2025-07-07,8973,2025070704018820,PMHPL,Online Securities Pvt. Ltd.,Secured Securities Ltd.,12,389.0,4668.0,2025-07-07 14:47:08.382974
2025-07-07,8171,2025070704019125,PMHPL,Online Securities Pvt. Ltd.,Asian Securities Private Ltd.,164,389.0,63796.0,2025-07-07 14:49:07.291754
2025-07-07,8170,2025070704019126,PMHPL,Online Securities Pvt. Ltd.,Asian Securities Private Ltd.,110,389.0,42790.0,2025-07-07 14:49:07.291911
2025-07-07,8169,2025070704019127,PMHPL,S.P.S.A. Securities Limited,Asian Securities Private Ltd.,146,389.0,56794.0,2025-07-07 14:49:07.291964
2025-07-07,7787,2025070704019260,PMHPL,S.P.S.A. Securities Limited,Midas Stock Broking Company Private Limited,104,389.0,40456.0,2025-07-07 14:49:55.731465
2025-07-07,7634,2025070704019314,PMHPL,Nabil Stock Dealer Ltd.,Midas Stock Broking Company Private Limited,396,389.0,154044.0,2025-07-07 14:50:14.998699
2025-07-07,7491,2025070704019358,PMHPL,Nabil Stock Dealer Ltd.,Thrive Brokerage House Pvt. Ltd,604,389.0,234956.0,2025-07-07 14:50:23.888009
2025-07-07,7490,2025070704019359,PMHPL,Agrawal Securities (PVT) Ltd.,Thrive Brokerage House Pvt. Ltd,100,388.5,38850.0,2025-07-07 14:50:23.888154
2025-07-07,7489,2025070704019360,PMHPL,Online Securities Pvt. Ltd.,Thrive Brokerage House Pvt. Ltd,296,388.5,114996.0,2025-07-07 14:50:23.888211
2025-07-07,7078,2025070704019495,PMHPL,Blue Chip Securities Ltd,Thrive Brokerage House Pvt. Ltd,10,391.0,3910.0,2025-07-07 14:51:16.925138
2025-07-07,5392,2025070704019992,PMHPL,Opal Securities Investment (PVT) Ltd.,Thrive Brokerage House Pvt. Ltd,25,388.4,9710.0,2025-07-07 14:54:02.347434
2025-07-07,5391,2025070704019993,PMHPL,Dakshinkali Investment & Securities Pvt. Ltd.,Thrive Brokerage House Pvt. Ltd,675,388.2,262035.0,2025-07-07 14:54:02.347571
2025-07-07,5390,2025070704019994,PMHPL,Dakshinkali Investment & Securities Pvt. Ltd.,Thrive Brokerage House Pvt. Ltd,300,388.1,116430.0,2025-07-07 14:54:02.347632
2025-07-07,4345,2025070704020422,PMHPL,Dakshinkali Investment & Securities Pvt. Ltd.,Naasa Securities Co. Ltd.,26,388.1,10090.6,2025-07-07 14:55:44.980430
2025-07-07,4078,2025070704020537,PMHPL,Dakshinkali Investment & Securities Pvt. Ltd.,Nepal Stock House (PVT) Ltd.,600,388.1,232860.0,2025-07-07 14:56:02.320237
2025-07-07,3345,2025070704020811,PMHPL,K.B.L. Securities Limited ,Dipshikha Dhitopatra Karobar Co. Pvt Ltd.,240,390.0,93600.0,2025-07-07 14:57:17.771202
2025-07-07,3304,2025070704020821,PMHPL,Dakshinkali Investment & Securities Pvt. Ltd.,Sri Hari Securities Pvt. Ltd.,74,388.1,28719.4,2025-07-07 14:57:21.907419
2025-07-07,3048,2025070704020899,PMHPL,S.P.S.A. Securities Limited,Sri Hari Securities Pvt. Ltd.,405,388.1,157180.5,2025-07-07 14:57:41.559471
2025-07-07,2966,2025070704020926,PMHPL,Pragyan Securities (PVT) Ltd.,Secured Securities Ltd.,10,388.0,3880.0,2025-07-07 14:57:48.283692
2025-07-07,2965,2025070704020927,PMHPL,Primo Securities (PVT) Ltd.,Secured Securities Ltd.,40,388.0,15520.0,2025-07-07 14:57:48.283957
2025-07-07,2578,2025070704021075,PMHPL,Dakshinkali Investment & Securities Pvt. Ltd.,Nepal Stock House (PVT) Ltd.,500,388.1,194050.0,2025-07-07 14:58:11.236399
2025-07-07,2577,2025070704021076,PMHPL,Primo Securities (PVT) Ltd.,Nepal Stock House (PVT) Ltd.,60,388.0,23280.0,2025-07-07 14:58:11.236555
2025-07-07,2576,2025070704021077,PMHPL,Sani Securities Company Ltd.,Nepal Stock House (PVT) Ltd.,440,388.0,170720.0,2025-07-07 14:58:11.236605
2025-07-07,2434,2025070704021130,PMHPL,Sani Securities Company Ltd.,Kalika Securities Pvt. Ltd.,12,388.0,4656.0,2025-07-07 14:58:22.625982
2025-07-07,2284,2025070704021170,PMHPL,Sani Securities Company Ltd.,Premier Securities Company Ltd.,450,388.0,174600.0,2025-07-07 14:58:32.791056
2025-07-07,763,2025070704021750,PMHPL,Imperial Securities Company Pvt. Ltd.,Thrive Brokerage House Pvt. Ltd,200,388.1,77620.0,2025-07-07 14:59:37.597183
2025-07-07,762,2025070704021751,PMHPL,Sani Securities Company Ltd.,Thrive Brokerage House Pvt. Ltd,98,388.0,38024.0,2025-07-07 14:59:37.597295
2025-07-07,761,2025070704021752,PMHPL,Naasa Securities Co. Ltd.,Thrive Brokerage House Pvt. Ltd,450,388.0,174600.0,2025-07-07 14:59:37.597349
2025-07-07,487,2025070704021875,PMHPL,Linch Stock Market Ltd.,Thrive Brokerage House Pvt. Ltd,242,388.0,93896.0,2025-07-07 14:59:45.531910
