Date,S.N.,Contract ID,Symbol,Buyer Broker,Seller Broker,quantity,rate,amount,transaction_time
2025-07-07,71254,2025070704000010,SPDL,Sweta Securities Private Limited,Capital Hub P. Ltd,10,391.0,3910.0,2025-07-07 10:46:00.042940
2025-07-07,71253,2025070704000011,SPDL,Sweta Securities Private Limited,Premier Securities Company Ltd.,10,391.0,3910.0,2025-07-07 10:46:00.042994
2025-07-07,71004,2025070704000064,SPDL,Naasa Securities Co. Ltd.,ABC Securities Private Limited,150,393.0,58950.0,2025-07-07 11:01:31.845711
2025-07-07,70904,2025070704000086,SPDL,Imperial Securities Company Pvt. Ltd.,Naasa Securities Co. Ltd.,10,398.0,3980.0,2025-07-07 11:02:03.294530
2025-07-07,70886,2025070704000091,SPDL,Agrawal Securities (PVT) Ltd.,Naasa Securities Co. Ltd.,200,398.0,79600.0,2025-07-07 11:02:11.833720
2025-07-07,70786,2025070704000110,SPDL,Secured Securities Ltd.,Naasa Securities Co. Ltd.,30,398.0,11940.0,2025-07-07 11:02:45.739360
2025-07-07,70762,2025070704000115,SPDL,Sumeru Securities Pvt. Ltd.,Naasa Securities Co. Ltd.,100,398.0,39800.0,2025-07-07 11:02:52.770268
2025-07-07,70537,2025070704000184,SPDL,Nagarik Stock Dealer ,ABC Securities Private Limited,250,397.2,99300.0,2025-07-07 11:04:02.909702
2025-07-07,70478,2025070704000194,SPDL,Dipshikha Dhitopatra Karobar Co. Pvt Ltd.,Online Securities Pvt. Ltd.,50,397.3,19865.0,2025-07-07 11:04:17.491842
2025-07-07,70477,2025070704000195,SPDL,Nagarik Stock Dealer ,Online Securities Pvt. Ltd.,50,397.2,19860.0,2025-07-07 11:04:17.491921
2025-07-07,70425,2025070704000211,SPDL,Market Securities & Exchange (PVT) Ltd.,Dipshikha Dhitopatra Karobar Co. Pvt Ltd.,50,398.0,19900.0,2025-07-07 11:04:37.244906
2025-07-07,70257,2025070704000253,SPDL,Market Securities & Exchange (PVT) Ltd.,ABC Securities Private Limited,100,399.9,39990.0,2025-07-07 11:05:33.562696
2025-07-07,70256,2025070704000254,SPDL,Market Securities & Exchange (PVT) Ltd.,Trisul Securities & Invt. Ltd.,300,400.0,120000.0,2025-07-07 11:05:33.562801
2025-07-07,70214,2025070704000259,SPDL,Kalika Securities Pvt. Ltd.,Online Securities Pvt. Ltd.,40,398.0,15920.0,2025-07-07 11:05:42.315542
2025-07-07,70213,2025070704000260,SPDL,Asian Securities Private Ltd.,Online Securities Pvt. Ltd.,47,398.0,18706.0,2025-07-07 11:05:42.315652
2025-07-07,70132,2025070704000282,SPDL,Imperial Securities Company Pvt. Ltd.,ABC Securities Private Limited,100,399.9,39990.0,2025-07-07 11:06:09.521791
2025-07-07,70131,2025070704000283,SPDL,Imperial Securities Company Pvt. Ltd.,Trisul Securities & Invt. Ltd.,500,400.0,200000.0,2025-07-07 11:06:09.521908
2025-07-07,70126,2025070704000286,SPDL,Kohinoor Investment & Securities Pvt. Ltd.,Trisul Securities & Invt. Ltd.,200,400.0,80000.0,2025-07-07 11:06:12.607129
2025-07-07,69858,2025070704000355,SPDL,Market Securities & Exchange (PVT) Ltd.,Naasa Securities Co. Ltd.,310,400.0,124000.0,2025-07-07 11:07:19.212504
2025-07-07,69857,2025070704000356,SPDL,Market Securities & Exchange (PVT) Ltd.,Sharepro Securities Private Limited,250,400.0,100000.0,2025-07-07 11:07:19.212622
2025-07-07,69375,2025070704000456,SPDL,Dipshikha Dhitopatra Karobar Co. Pvt Ltd.,Kumari Securities Private Limited,200,402.0,80400.0,2025-07-07 11:09:08.071978
2025-07-07,69374,2025070704000457,SPDL,Dipshikha Dhitopatra Karobar Co. Pvt Ltd.,Aryatara Investment & Securities,20,402.0,8040.0,2025-07-07 11:09:08.072065
2025-07-07,69204,2025070704000491,SPDL,Dipshikha Dhitopatra Karobar Co. Pvt Ltd.,ABC Securities Private Limited,100,402.0,40200.0,2025-07-07 11:09:40.872681
2025-07-07,69002,2025070704000544,SPDL,Thrive Brokerage House Pvt. Ltd,Sri Hari Securities Pvt. Ltd.,500,403.0,201500.0,2025-07-07 11:10:33.384493
2025-07-07,69001,2025070704000545,SPDL,Thrive Brokerage House Pvt. Ltd,Oxford Securities Pvt. Ltd.,500,403.8,201900.0,2025-07-07 11:10:33.384707
2025-07-07,69000,2025070704000546,SPDL,Thrive Brokerage House Pvt. Ltd,Sri Hari Securities Pvt. Ltd.,500,403.8,201900.0,2025-07-07 11:10:33.384846
2025-07-07,68999,2025070704000547,SPDL,Thrive Brokerage House Pvt. Ltd,Cristal Kanchanjanga Securites Pvt. Ltd.,500,403.9,201950.0,2025-07-07 11:10:33.384984
2025-07-07,68998,2025070704000548,SPDL,Thrive Brokerage House Pvt. Ltd,Sumeru Securities Pvt. Ltd.,500,404.0,202000.0,2025-07-07 11:10:33.385120
2025-07-07,68802,2025070704000584,SPDL,Thrive Brokerage House Pvt. Ltd,ABC Securities Private Limited,200,402.1,80420.0,2025-07-07 11:11:27.529577
2025-07-07,68778,2025070704000596,SPDL,Thrive Brokerage House Pvt. Ltd,SUN SECURITIES PVT LTD,20,402.1,8042.0,2025-07-07 11:11:36.890831
2025-07-07,68758,2025070704000604,SPDL,Thrive Brokerage House Pvt. Ltd,Himalayan Brokerage Company Limited,360,402.1,144756.0,2025-07-07 11:11:40.973083
2025-07-07,68757,2025070704000605,SPDL,Citizens Share Broker Limited,Himalayan Brokerage Company Limited,640,402.0,257280.0,2025-07-07 11:11:40.973210
2025-07-07,68603,2025070704000640,SPDL,Citizens Share Broker Limited,Dipshikha Dhitopatra Karobar Co. Pvt Ltd.,10,402.0,4020.0,2025-07-07 11:12:22.182538
2025-07-07,68474,2025070704000678,SPDL,Citizens Share Broker Limited,Vision Securities Pvt. Ltd,100,402.0,40200.0,2025-07-07 11:12:57.186663
2025-07-07,68377,2025070704000714,SPDL,Kumari Securities Private Limited,Sri Hari Securities Pvt. Ltd.,100,403.0,40300.0,2025-07-07 11:13:14.656734
2025-07-07,68142,2025070704000768,SPDL,Citizens Share Broker Limited,Cristal Kanchanjanga Securites Pvt. Ltd.,250,402.0,100500.0,2025-07-07 11:14:07.710017
2025-07-07,67916,2025070704000837,SPDL,Nagarik Stock Dealer ,Naasa Securities Co. Ltd.,25,401.1,10027.5,2025-07-07 11:14:54.085859
2025-07-07,67835,2025070704000871,SPDL,Nagarik Stock Dealer ,Himalayan Brokerage Company Limited,675,401.1,270742.5,2025-07-07 11:15:14.511113
2025-07-07,67663,2025070704000931,SPDL,Citizens Share Broker Limited,MILKY WAY SHARE BROKER COMPANY LTD ,500,401.0,200500.0,2025-07-07 11:15:53.421222
2025-07-07,67649,2025070704000935,SPDL,Citizens Share Broker Limited,Sumeru Securities Pvt. Ltd.,1000,401.0,401000.0,2025-07-07 11:15:56.492485
2025-07-07,67596,2025070704000953,SPDL,Citizens Share Broker Limited,Himalayan Brokerage Company Limited,200,401.0,80200.0,2025-07-07 11:16:09.671866
2025-07-07,67556,2025070704000961,SPDL,Citizens Share Broker Limited,Trishakti Securities Public Limited,300,401.0,120300.0,2025-07-07 11:16:20.853644
2025-07-07,67555,2025070704000962,SPDL,Online Securities Pvt. Ltd.,Trishakti Securities Public Limited,40,401.0,16040.0,2025-07-07 11:16:20.853742
2025-07-07,67554,2025070704000963,SPDL,Market Securities & Exchange (PVT) Ltd.,Trishakti Securities Public Limited,160,400.5,64080.0,2025-07-07 11:16:20.853815
2025-07-07,67531,2025070704000969,SPDL,Market Securities & Exchange (PVT) Ltd.,Himalayan Brokerage Company Limited,10,400.5,4005.0,2025-07-07 11:16:27.736250
2025-07-07,67371,2025070704001022,SPDL,Midas Stock Broking Company Private Limited,Dynamic Money Managers Securities Pvt. Ltd.,100,401.0,40100.0,2025-07-07 11:17:12.557561
2025-07-07,67335,2025070704001025,SPDL,Market Securities & Exchange (PVT) Ltd.,Miyo Securities Pvt Ltd,165,400.5,66082.5,2025-07-07 11:17:20.262446
2025-07-07,67252,2025070704001041,SPDL,Aryatara Investment & Securities,Sharepro Securities Private Limited,500,402.9,201450.0,2025-07-07 11:17:40.290436
2025-07-07,67086,2025070704001080,SPDL,Secured Securities Ltd.,Sani Securities Company Ltd.,240,402.7,96648.0,2025-07-07 11:18:17.596988
2025-07-07,66980,2025070704001103,SPDL,Secured Securities Ltd.,K.B.L. Securities Limited ,10,402.7,4027.0,2025-07-07 11:18:39.406699
2025-07-07,66820,2025070704001194,SPDL,Aryatara Investment & Securities,Premier Securities Company Ltd.,100,402.6,40260.0,2025-07-07 11:19:06.946225
2025-07-07,66653,2025070704001269,SPDL,Midas Stock Broking Company Private Limited,Dipshikha Dhitopatra Karobar Co. Pvt Ltd.,50,401.2,20060.0,2025-07-07 11:19:36.994645
2025-07-07,66355,2025070704001380,SPDL,Kumari Securities Private Limited,Bhrikuti Stock Broking Co. Pvt. Ltd.,25,402.5,10062.5,2025-07-07 11:20:34.303991
2025-07-07,66318,2025070704001392,SPDL,Naasa Securities Co. Ltd.,Premier Securities Company Ltd.,20,402.6,8052.0,2025-07-07 11:20:41.310689
2025-07-07,65823,2025070704001534,SPDL,Capital Max Securities Ltd,Sani Securities Company Ltd.,10,402.5,4025.0,2025-07-07 11:22:31.774794
2025-07-07,65822,2025070704001535,SPDL,Capital Max Securities Ltd,K.B.L. Securities Limited ,90,402.5,36225.0,2025-07-07 11:22:31.774965
2025-07-07,65821,2025070704001536,SPDL,Capital Max Securities Ltd,Premier Securities Company Ltd.,400,402.6,161040.0,2025-07-07 11:22:31.775034
2025-07-07,65817,2025070704001537,SPDL,Bhrikuti Stock Broking Co. Pvt. Ltd.,Premier Securities Company Ltd.,479,402.6,192845.4,2025-07-07 11:22:32.920940
2025-07-07,65816,2025070704001538,SPDL,Bhrikuti Stock Broking Co. Pvt. Ltd.,Thrive Brokerage House Pvt. Ltd,500,402.7,201350.0,2025-07-07 11:22:32.921026
2025-07-07,65815,2025070704001539,SPDL,Bhrikuti Stock Broking Co. Pvt. Ltd.,Dipshikha Dhitopatra Karobar Co. Pvt Ltd.,21,402.8,8458.8,2025-07-07 11:22:32.921077
2025-07-07,65743,2025070704001558,SPDL,Premier Securities Company Ltd.,Dipshikha Dhitopatra Karobar Co. Pvt Ltd.,20,402.8,8056.0,2025-07-07 11:22:51.157269
2025-07-07,65671,2025070704001579,SPDL,Premier Securities Company Ltd.,Sumeru Securities Pvt. Ltd.,11,403.0,4433.0,2025-07-07 11:22:59.191046
2025-07-07,65459,2025070704001636,SPDL,ABC Securities Private Limited,Linch Stock Market Ltd.,100,402.9,40290.0,2025-07-07 11:23:50.171838
2025-07-07,65390,2025070704001647,SPDL,Naasa Securities Co. Ltd.,Sumeru Securities Pvt. Ltd.,150,403.0,60450.0,2025-07-07 11:24:00.310716
2025-07-07,65245,2025070704001681,SPDL,Dakshinkali Investment & Securities Pvt. Ltd.,Sumeru Securities Pvt. Ltd.,100,403.0,40300.0,2025-07-07 11:24:29.992049
2025-07-07,65118,2025070704001712,SPDL,South Asian Bulls Pvt. Ltd.,Sumeru Securities Pvt. Ltd.,239,403.0,96317.0,2025-07-07 11:24:51.814604
2025-07-07,64879,2025070704001756,SPDL,Dynamic Money Managers Securities Pvt. Ltd.,Premier Securities Company Ltd.,100,403.0,40300.0,2025-07-07 11:25:42.122887
2025-07-07,64812,2025070704001770,SPDL,South Asian Bulls Pvt. Ltd.,Sewa Securities Pvt. Ltd.,18,402.1,7237.8,2025-07-07 11:25:56.683605
2025-07-07,64789,2025070704001776,SPDL,South Asian Bulls Pvt. Ltd.,R.B.B. Securities Company Ltd,10,402.1,4021.0,2025-07-07 11:26:04.710742
2025-07-07,64706,2025070704001806,SPDL,Midas Stock Broking Company Private Limited,Premier Securities Company Ltd.,50,403.0,20150.0,2025-07-07 11:26:31.560583
2025-07-07,64685,2025070704001813,SPDL,Sweta Securities Private Limited,Premier Securities Company Ltd.,250,403.0,100750.0,2025-07-07 11:26:37.587117
2025-07-07,64607,2025070704001833,SPDL,Sweta Securities Private Limited,Premier Securities Company Ltd.,50,403.0,20150.0,2025-07-07 11:26:48.494338
2025-07-07,64285,2025070704001940,SPDL,Dynamic Money Managers Securities Pvt. Ltd.,Premier Securities Company Ltd.,350,403.0,141050.0,2025-07-07 11:27:54.491741
2025-07-07,64217,2025070704001964,SPDL,Dynamic Money Managers Securities Pvt. Ltd.,Premier Securities Company Ltd.,650,403.0,261950.0,2025-07-07 11:28:07.908334
2025-07-07,64026,2025070704002001,SPDL,Citizens Share Broker Limited,Premier Securities Company Ltd.,350,403.0,141050.0,2025-07-07 11:28:42.484531
2025-07-07,64025,2025070704002002,SPDL,Citizens Share Broker Limited,Asian Securities Private Ltd.,150,403.0,60450.0,2025-07-07 11:28:42.484675
2025-07-07,63906,2025070704002046,SPDL,Nagarik Stock Dealer ,Sri Hari Securities Pvt. Ltd.,500,402.2,201100.0,2025-07-07 11:29:07.894618
2025-07-07,63871,2025070704002055,SPDL,Aryatara Investment & Securities,Premier Securities Company Ltd.,200,402.9,80580.0,2025-07-07 11:29:16.846016
2025-07-07,63837,2025070704002063,SPDL,South Asian Bulls Pvt. Ltd.,Nepal Stock House (PVT) Ltd.,222,402.1,89266.2,2025-07-07 11:29:25.677890
2025-07-07,63836,2025070704002064,SPDL,Trishakti Securities Public Limited,Nepal Stock House (PVT) Ltd.,43,402.0,17286.0,2025-07-07 11:29:25.678171
2025-07-07,63835,2025070704002065,SPDL,Capital Hub P. Ltd,Nepal Stock House (PVT) Ltd.,50,402.0,20100.0,2025-07-07 11:29:25.678369
2025-07-07,63778,2025070704002080,SPDL,Bhrikuti Stock Broking Co. Pvt. Ltd.,Nepal Stock House (PVT) Ltd.,685,402.0,275370.0,2025-07-07 11:29:35.956991
2025-07-07,63777,2025070704002081,SPDL,Bhrikuti Stock Broking Co. Pvt. Ltd.,Premier Securities Company Ltd.,250,402.9,100725.0,2025-07-07 11:29:35.957250
2025-07-07,63776,2025070704002082,SPDL,Bhrikuti Stock Broking Co. Pvt. Ltd.,Asian Securities Private Ltd.,65,403.0,26195.0,2025-07-07 11:29:35.957430
2025-07-07,63557,2025070704002139,SPDL,Dakshinkali Investment & Securities Pvt. Ltd.,Online Securities Pvt. Ltd.,17,402.0,6834.0,2025-07-07 11:30:33.138550
2025-07-07,63556,2025070704002140,SPDL,Dakshinkali Investment & Securities Pvt. Ltd.,Property Wiard Limited,483,402.0,194166.0,2025-07-07 11:30:33.138848
2025-07-07,63480,2025070704002163,SPDL,Premier Securities Company Ltd.,Property Wiard Limited,10,402.0,4020.0,2025-07-07 11:30:50.809583
2025-07-07,63439,2025070704002171,SPDL,Bhrikuti Stock Broking Co. Pvt. Ltd.,Premier Securities Company Ltd.,450,402.9,181305.0,2025-07-07 11:30:59.660553
2025-07-07,63386,2025070704002190,SPDL,Bhrikuti Stock Broking Co. Pvt. Ltd.,Premier Securities Company Ltd.,50,402.9,20145.0,2025-07-07 11:31:11.916499
2025-07-07,62983,2025070704002300,SPDL,SHUBHAKAMANA SECURITIES PVT. LTD,Premier Securities Company Ltd.,399,402.8,160717.2,2025-07-07 11:32:44.108727
2025-07-07,62982,2025070704002301,SPDL,SHUBHAKAMANA SECURITIES PVT. LTD,Premier Securities Company Ltd.,410,402.9,165189.0,2025-07-07 11:32:44.108771
2025-07-07,62981,2025070704002302,SPDL,SHUBHAKAMANA SECURITIES PVT. LTD,Nepal Stock House (PVT) Ltd.,191,402.9,76953.9,2025-07-07 11:32:44.108801
2025-07-07,62701,2025070704002362,SPDL,Sharepro Securities Private Limited,Nepal Stock House (PVT) Ltd.,185,402.0,74370.0,2025-07-07 11:33:47.482004
2025-07-07,62700,2025070704002363,SPDL,Siprabi Securities Pvt. Ltd.,Nepal Stock House (PVT) Ltd.,60,402.0,24120.0,2025-07-07 11:33:47.482360
2025-07-07,62357,2025070704002463,SPDL,Kumari Securities Private Limited,Online Securities Pvt. Ltd.,10,401.2,4012.0,2025-07-07 11:34:59.491785
2025-07-07,62356,2025070704002464,SPDL,Capital Max Securities Ltd,Online Securities Pvt. Ltd.,500,401.1,200550.0,2025-07-07 11:34:59.492088
2025-07-07,62355,2025070704002465,SPDL,Vision Securities Pvt. Ltd,Online Securities Pvt. Ltd.,490,401.0,196490.0,2025-07-07 11:34:59.492294
2025-07-07,62311,2025070704002475,SPDL,Dynamic Money Managers Securities Pvt. Ltd.,Nepal Stock House (PVT) Ltd.,564,402.0,226728.0,2025-07-07 11:35:10.810666
2025-07-07,62310,2025070704002476,SPDL,Dynamic Money Managers Securities Pvt. Ltd.,Dipshikha Dhitopatra Karobar Co. Pvt Ltd.,50,402.0,20100.0,2025-07-07 11:35:10.810831
2025-07-07,62276,2025070704002484,SPDL,Dynamic Money Managers Securities Pvt. Ltd.,Trisul Securities & Invt. Ltd.,386,402.0,155172.0,2025-07-07 11:35:24.048984
2025-07-07,62173,2025070704002534,SPDL,Vision Securities Pvt. Ltd,Secured Securities Ltd.,26,401.2,10431.2,2025-07-07 11:35:50.041528
2025-07-07,61866,2025070704002607,SPDL,Vision Securities Pvt. Ltd,Asian Securities Private Ltd.,104,401.2,41724.8,2025-07-07 11:37:00.555025
2025-07-07,61865,2025070704002608,SPDL,Creative Securities Pvt Ltd,Asian Securities Private Ltd.,100,401.2,40120.0,2025-07-07 11:37:00.555179
2025-07-07,61864,2025070704002609,SPDL,Vision Securities Pvt. Ltd,Asian Securities Private Ltd.,510,401.0,204510.0,2025-07-07 11:37:00.555249
2025-07-07,61863,2025070704002610,SPDL,KALASH STOCK MARKET PVT. LTD.,Asian Securities Private Ltd.,71,401.0,28471.0,2025-07-07 11:37:00.555327
2025-07-07,61557,2025070704002704,SPDL,KALASH STOCK MARKET PVT. LTD.,Asian Securities Private Ltd.,29,401.0,11629.0,2025-07-07 11:38:02.759532
2025-07-07,61556,2025070704002705,SPDL,Trisul Securities & Invt. Ltd.,Asian Securities Private Ltd.,71,401.0,28471.0,2025-07-07 11:38:02.759697
2025-07-07,61467,2025070704002725,SPDL,Trisul Securities & Invt. Ltd.,Agrawal Securities (PVT) Ltd.,100,401.0,40100.0,2025-07-07 11:38:22.806785
2025-07-07,61134,2025070704002822,SPDL,Midas Stock Broking Company Private Limited,Naasa Securities Co. Ltd.,100,401.1,40110.0,2025-07-07 11:39:40.723987
2025-07-07,61133,2025070704002823,SPDL,Trisul Securities & Invt. Ltd.,Naasa Securities Co. Ltd.,29,401.0,11629.0,2025-07-07 11:39:40.724142
2025-07-07,61132,2025070704002824,SPDL,Creative Securities Pvt Ltd,Naasa Securities Co. Ltd.,100,401.0,40100.0,2025-07-07 11:39:40.724223
2025-07-07,61131,2025070704002825,SPDL,Kalika Securities Pvt. Ltd.,Naasa Securities Co. Ltd.,71,401.0,28471.0,2025-07-07 11:39:40.724287
2025-07-07,60997,2025070704002857,SPDL,Primo Securities (PVT) Ltd.,Trisul Securities & Invt. Ltd.,614,402.0,246828.0,2025-07-07 11:40:13.166337
2025-07-07,60996,2025070704002858,SPDL,Primo Securities (PVT) Ltd.,J.F. Securites (PVT) Ltd.,26,402.0,10452.0,2025-07-07 11:40:13.166548
2025-07-07,60995,2025070704002859,SPDL,Primo Securities (PVT) Ltd.,Opal Securities Investment (PVT) Ltd.,10,402.0,4020.0,2025-07-07 11:40:13.166614
2025-07-07,60972,2025070704002869,SPDL,Kalika Securities Pvt. Ltd.,Aryatara Investment & Securities,60,401.0,24060.0,2025-07-07 11:40:19.131140
2025-07-07,60604,2025070704002963,SPDL,South Asian Bulls Pvt. Ltd.,K.B.L. Securities Limited ,10,402.8,4028.0,2025-07-07 11:41:39.579808
2025-07-07,60448,2025070704002992,SPDL,Midas Stock Broking Company Private Limited,K.B.L. Securities Limited ,100,402.8,40280.0,2025-07-07 11:42:16.630902
2025-07-07,60351,2025070704003015,SPDL,Citizens Share Broker Limited,K.B.L. Securities Limited ,450,402.8,181260.0,2025-07-07 11:42:30.192200
2025-07-07,60350,2025070704003016,SPDL,Citizens Share Broker Limited,Premier Securities Company Ltd.,50,402.9,20145.0,2025-07-07 11:42:30.192654
2025-07-07,60274,2025070704003036,SPDL,Citizens Share Broker Limited,Premier Securities Company Ltd.,62,402.9,24979.8,2025-07-07 11:42:46.248042
2025-07-07,60273,2025070704003037,SPDL,Citizens Share Broker Limited,Opal Securities Investment (PVT) Ltd.,190,403.0,76570.0,2025-07-07 11:42:46.248392
2025-07-07,60272,2025070704003038,SPDL,Citizens Share Broker Limited,Premier Securities Company Ltd.,10,403.1,4031.0,2025-07-07 11:42:46.248590
2025-07-07,60271,2025070704003039,SPDL,Citizens Share Broker Limited,Premier Securities Company Ltd.,10,403.2,4032.0,2025-07-07 11:42:46.248772
2025-07-07,60270,2025070704003040,SPDL,Citizens Share Broker Limited,Premier Securities Company Ltd.,10,403.3,4033.0,2025-07-07 11:42:46.248977
2025-07-07,60269,2025070704003041,SPDL,Citizens Share Broker Limited,Premier Securities Company Ltd.,10,403.4,4034.0,2025-07-07 11:42:46.249164
2025-07-07,60082,2025070704003089,SPDL,Citizens Share Broker Limited,Premier Securities Company Ltd.,10,403.8,4038.0,2025-07-07 11:43:29.392642
2025-07-07,59775,2025070704003146,SPDL,Midas Stock Broking Company Private Limited,Kalika Securities Pvt. Ltd.,100,402.1,40210.0,2025-07-07 11:44:32.806235
2025-07-07,59049,2025070704003316,SPDL,BHOLE GANESH SECURITIES LTD,SUN SECURITIES PVT LTD,100,402.1,40210.0,2025-07-07 11:47:14.557449
2025-07-07,59048,2025070704003317,SPDL,Neev Securities Pvt. Ltd.,SUN SECURITIES PVT LTD,300,402.1,120630.0,2025-07-07 11:47:14.557613
2025-07-07,59047,2025070704003318,SPDL,Naasa Securities Co. Ltd.,SUN SECURITIES PVT LTD,95,402.0,38190.0,2025-07-07 11:47:14.557676
2025-07-07,59046,2025070704003319,SPDL,Imperial Securities Company Pvt. Ltd.,SUN SECURITIES PVT LTD,100,402.0,40200.0,2025-07-07 11:47:14.557743
2025-07-07,59045,2025070704003320,SPDL,Himalayan Brokerage Company Limited,SUN SECURITIES PVT LTD,450,402.0,180900.0,2025-07-07 11:47:14.557805
2025-07-07,59044,2025070704003321,SPDL,Magnet Securities and Investment Company Private Limited,SUN SECURITIES PVT LTD,499,402.0,200598.0,2025-07-07 11:47:14.557867
2025-07-07,58658,2025070704003440,SPDL,Dynamic Money Managers Securities Pvt. Ltd.,SUN SECURITIES PVT LTD,456,402.0,183312.0,2025-07-07 11:48:36.889346
2025-07-07,58657,2025070704003441,SPDL,Dynamic Money Managers Securities Pvt. Ltd.,Investment Management Nepal Pvt. Ltd.,20,402.0,8040.0,2025-07-07 11:48:36.889510
2025-07-07,58656,2025070704003442,SPDL,Dynamic Money Managers Securities Pvt. Ltd.,Vision Securities Pvt. Ltd,610,402.0,245220.0,2025-07-07 11:48:36.889587
2025-07-07,58234,2025070704003556,SPDL,Kumari Securities Private Limited,Opal Securities Investment (PVT) Ltd.,20,401.6,8032.0,2025-07-07 11:50:14.874209
2025-07-07,58233,2025070704003557,SPDL,Asian Securities Private Ltd.,Opal Securities Investment (PVT) Ltd.,50,401.5,20075.0,2025-07-07 11:50:14.874258
2025-07-07,58232,2025070704003558,SPDL,Siprabi Securities Pvt. Ltd.,Opal Securities Investment (PVT) Ltd.,50,401.5,20075.0,2025-07-07 11:50:14.874287
2025-07-07,58231,2025070704003559,SPDL,Aryatara Investment & Securities,Opal Securities Investment (PVT) Ltd.,30,401.0,12030.0,2025-07-07 11:50:14.874325
2025-07-07,57865,2025070704003622,SPDL,Vision Securities Pvt. Ltd,Sumeru Securities Pvt. Ltd.,46,402.0,18492.0,2025-07-07 11:51:21.776282
2025-07-07,57497,2025070704003702,SPDL,Naasa Securities Co. Ltd.,Sumeru Securities Pvt. Ltd.,20,402.0,8040.0,2025-07-07 11:52:38.627922
2025-07-07,57279,2025070704003756,SPDL,ABC Securities Private Limited,Cristal Kanchanjanga Securites Pvt. Ltd.,165,403.5,66577.5,2025-07-07 11:53:19.224855
2025-07-07,57203,2025070704003779,SPDL,Aryatara Investment & Securities,Siprabi Securities Pvt. Ltd.,20,403.7,8074.0,2025-07-07 11:53:37.896165
2025-07-07,56943,2025070704003845,SPDL,Naasa Securities Co. Ltd.,Bhrikuti Stock Broking Co. Pvt. Ltd.,10,403.0,4030.0,2025-07-07 11:54:34.002960
2025-07-07,56664,2025070704003966,SPDL,Market Securities & Exchange (PVT) Ltd.,Bhrikuti Stock Broking Co. Pvt. Ltd.,115,403.0,46345.0,2025-07-07 11:55:39.743444
2025-07-07,56634,2025070704003970,SPDL,Market Securities & Exchange (PVT) Ltd.,Dynamic Money Managers Securities Pvt. Ltd.,150,403.0,60450.0,2025-07-07 11:55:47.399360
2025-07-07,56197,2025070704004125,SPDL,Primo Securities (PVT) Ltd.,Dynamic Money Managers Securities Pvt. Ltd.,100,403.0,40300.0,2025-07-07 11:57:22.824475
2025-07-07,56033,2025070704004162,SPDL,Dipshikha Dhitopatra Karobar Co. Pvt Ltd.,Dynamic Money Managers Securities Pvt. Ltd.,100,403.0,40300.0,2025-07-07 11:57:55.070113
2025-07-07,55980,2025070704004180,SPDL,Trishakti Securities Public Limited,Dynamic Money Managers Securities Pvt. Ltd.,450,403.0,181350.0,2025-07-07 11:58:11.760858
2025-07-07,55808,2025070704004206,SPDL,Dipshikha Dhitopatra Karobar Co. Pvt Ltd.,Dynamic Money Managers Securities Pvt. Ltd.,100,403.0,40300.0,2025-07-07 11:58:51.495434
2025-07-07,55678,2025070704004239,SPDL,Nepal Investment And Securities Trading Private Limited,Siprabi Securities Pvt. Ltd.,440,403.7,177628.0,2025-07-07 11:59:13.970796
2025-07-07,55618,2025070704004254,SPDL,Nepal Investment And Securities Trading Private Limited,Siprabi Securities Pvt. Ltd.,60,403.8,24228.0,2025-07-07 11:59:34.261057
2025-07-07,55509,2025070704004277,SPDL,Online Securities Pvt. Ltd.,Siprabi Securities Pvt. Ltd.,25,403.8,10095.0,2025-07-07 11:59:58.567576
2025-07-07,55463,2025070704004288,SPDL,Trishakti Securities Public Limited,Siprabi Securities Pvt. Ltd.,435,403.8,175653.0,2025-07-07 12:00:12.467575
2025-07-07,55418,2025070704004300,SPDL,Citizens Share Broker Limited,Deevyaa Securities & Stock House Pvt. Ltd,60,404.0,24240.0,2025-07-07 12:00:24.072899
2025-07-07,55300,2025070704004332,SPDL,Naasa Securities Co. Ltd.,Premier Securities Company Ltd.,10,404.3,4043.0,2025-07-07 12:00:48.335565
2025-07-07,55299,2025070704004333,SPDL,Naasa Securities Co. Ltd.,Sumeru Securities Pvt. Ltd.,190,404.3,76817.0,2025-07-07 12:00:48.335735
2025-07-07,55168,2025070704004374,SPDL,Citizens Share Broker Limited,Elite Stock House Limited,40,404.0,16160.0,2025-07-07 12:01:24.711396
2025-07-07,54864,2025070704004426,SPDL,Dynamic Money Managers Securities Pvt. Ltd.,Sumeru Securities Pvt. Ltd.,310,404.3,125333.0,2025-07-07 12:02:42.030281
2025-07-07,54712,2025070704004479,SPDL,Midas Stock Broking Company Private Limited,Premier Securities Company Ltd.,10,404.4,4044.0,2025-07-07 12:03:17.231996
2025-07-07,54711,2025070704004480,SPDL,Midas Stock Broking Company Private Limited,Premier Securities Company Ltd.,10,404.5,4045.0,2025-07-07 12:03:17.232394
2025-07-07,54710,2025070704004481,SPDL,Midas Stock Broking Company Private Limited,Premier Securities Company Ltd.,10,404.6,4046.0,2025-07-07 12:03:17.232638
2025-07-07,54709,2025070704004482,SPDL,Midas Stock Broking Company Private Limited,Premier Securities Company Ltd.,10,404.7,4047.0,2025-07-07 12:03:17.232951
2025-07-07,54708,2025070704004483,SPDL,Midas Stock Broking Company Private Limited,Capital Max Securities Ltd,10,405.0,4050.0,2025-07-07 12:03:17.233231
2025-07-07,54600,2025070704004501,SPDL,Dynamic Money Managers Securities Pvt. Ltd.,Capital Max Securities Ltd,990,405.0,400950.0,2025-07-07 12:03:45.140647
2025-07-07,54599,2025070704004502,SPDL,Dynamic Money Managers Securities Pvt. Ltd.,Prabhu Stock Market Limited,10,405.0,4050.0,2025-07-07 12:03:45.140824
2025-07-07,54589,2025070704004504,SPDL,Naasa Securities Co. Ltd.,Prabhu Stock Market Limited,251,405.0,101655.0,2025-07-07 12:03:47.735212
2025-07-07,54398,2025070704004546,SPDL,Dynamic Money Managers Securities Pvt. Ltd.,Online Securities Pvt. Ltd.,100,406.0,40600.0,2025-07-07 12:04:32.915499
2025-07-07,54374,2025070704004563,SPDL,Kohinoor Investment & Securities Pvt. Ltd.,Online Securities Pvt. Ltd.,20,406.0,8120.0,2025-07-07 12:04:35.221603
2025-07-07,54356,2025070704004566,SPDL,Dynamic Money Managers Securities Pvt. Ltd.,Online Securities Pvt. Ltd.,50,406.0,20300.0,2025-07-07 12:04:45.438654
2025-07-07,54285,2025070704004599,SPDL,Citizens Share Broker Limited,Online Securities Pvt. Ltd.,103,406.0,41818.0,2025-07-07 12:04:56.976685
2025-07-07,54284,2025070704004600,SPDL,Citizens Share Broker Limited,Cristal Kanchanjanga Securites Pvt. Ltd.,500,407.4,203700.0,2025-07-07 12:04:56.976772
2025-07-07,54283,2025070704004601,SPDL,Citizens Share Broker Limited,Premier Securities Company Ltd.,10,407.5,4075.0,2025-07-07 12:04:56.976856
2025-07-07,54282,2025070704004602,SPDL,Citizens Share Broker Limited,Premier Securities Company Ltd.,10,407.6,4076.0,2025-07-07 12:04:56.976915
2025-07-07,54281,2025070704004603,SPDL,Citizens Share Broker Limited,Premier Securities Company Ltd.,10,407.7,4077.0,2025-07-07 12:04:56.976979
2025-07-07,54280,2025070704004604,SPDL,Citizens Share Broker Limited,Premier Securities Company Ltd.,10,407.8,4078.0,2025-07-07 12:04:56.977043
2025-07-07,54279,2025070704004605,SPDL,Citizens Share Broker Limited,Premier Securities Company Ltd.,130,407.9,53027.0,2025-07-07 12:04:56.977103
2025-07-07,54089,2025070704004647,SPDL,Imperial Securities Company Pvt. Ltd.,Premier Securities Company Ltd.,10,407.5,4075.0,2025-07-07 12:05:46.923452
2025-07-07,54088,2025070704004648,SPDL,Imperial Securities Company Pvt. Ltd.,Premier Securities Company Ltd.,10,407.6,4076.0,2025-07-07 12:05:46.923696
2025-07-07,54087,2025070704004649,SPDL,Imperial Securities Company Pvt. Ltd.,Trisul Securities & Invt. Ltd.,300,407.6,122280.0,2025-07-07 12:05:46.923768
2025-07-07,54086,2025070704004650,SPDL,Imperial Securities Company Pvt. Ltd.,Premier Securities Company Ltd.,10,407.7,4077.0,2025-07-07 12:05:46.923848
2025-07-07,54085,2025070704004651,SPDL,Imperial Securities Company Pvt. Ltd.,Premier Securities Company Ltd.,10,407.8,4078.0,2025-07-07 12:05:46.923952
2025-07-07,54084,2025070704004652,SPDL,Imperial Securities Company Pvt. Ltd.,Trisul Securities & Invt. Ltd.,30,407.8,12234.0,2025-07-07 12:05:46.924046
2025-07-07,54054,2025070704004656,SPDL,Bhrikuti Stock Broking Co. Pvt. Ltd.,Trisul Securities & Invt. Ltd.,200,407.8,81560.0,2025-07-07 12:05:56.428662
2025-07-07,53964,2025070704004664,SPDL,Shree Krishna Securities Ltd.,Trisul Securities & Invt. Ltd.,100,407.8,40780.0,2025-07-07 12:06:08.084728
2025-07-07,53908,2025070704004678,SPDL,Bhrikuti Stock Broking Co. Pvt. Ltd.,Trisul Securities & Invt. Ltd.,170,407.8,69326.0,2025-07-07 12:06:20.644341
2025-07-07,53907,2025070704004679,SPDL,Bhrikuti Stock Broking Co. Pvt. Ltd.,Premier Securities Company Ltd.,30,407.9,12237.0,2025-07-07 12:06:20.644521
2025-07-07,53653,2025070704004761,SPDL,Trademow Securities Private Limited,Premier Securities Company Ltd.,100,406.1,40610.0,2025-07-07 12:07:14.587245
2025-07-07,53652,2025070704004762,SPDL,Kohinoor Investment & Securities Pvt. Ltd.,Premier Securities Company Ltd.,805,406.0,326830.0,2025-07-07 12:07:14.587444
2025-07-07,53651,2025070704004763,SPDL,Kohinoor Investment & Securities Pvt. Ltd.,Premier Securities Company Ltd.,95,406.0,38570.0,2025-07-07 12:07:14.587519
2025-07-07,53443,2025070704004823,SPDL,Dynamic Money Managers Securities Pvt. Ltd.,Magnet Securities and Investment Company Private Limited,50,406.0,20300.0,2025-07-07 12:08:07.521128
2025-07-07,53423,2025070704004831,SPDL,Market Securities & Exchange (PVT) Ltd.,Sumeru Securities Pvt. Ltd.,200,405.2,81040.0,2025-07-07 12:08:11.813096
2025-07-07,53422,2025070704004832,SPDL,Sumeru Securities Pvt. Ltd.,Sumeru Securities Pvt. Ltd.,50,405.1,20255.0,2025-07-07 12:08:11.813452
2025-07-07,53421,2025070704004833,SPDL,Kohinoor Investment & Securities Pvt. Ltd.,Sumeru Securities Pvt. Ltd.,400,405.0,162000.0,2025-07-07 12:08:11.813657
2025-07-07,53420,2025070704004834,SPDL,Elite Stock House Limited,Sumeru Securities Pvt. Ltd.,100,405.0,40500.0,2025-07-07 12:08:11.813849
2025-07-07,52826,2025070704004985,SPDL,Vision Securities Pvt. Ltd,Sumeru Securities Pvt. Ltd.,250,405.0,101250.0,2025-07-07 12:10:03.431251
2025-07-07,52814,2025070704004988,SPDL,Imperial Securities Company Pvt. Ltd.,Magnet Securities and Investment Company Private Limited,450,406.0,182700.0,2025-07-07 12:10:07.991290
2025-07-07,52813,2025070704004989,SPDL,Imperial Securities Company Pvt. Ltd.,Elite Stock House Limited,50,406.0,20300.0,2025-07-07 12:10:07.991514
2025-07-07,52812,2025070704004990,SPDL,Imperial Securities Company Pvt. Ltd.,Premier Securities Company Ltd.,10,406.5,4065.0,2025-07-07 12:10:07.991582
2025-07-07,52811,2025070704004991,SPDL,Imperial Securities Company Pvt. Ltd.,Premier Securities Company Ltd.,10,406.6,4066.0,2025-07-07 12:10:07.991654
2025-07-07,52810,2025070704004992,SPDL,Imperial Securities Company Pvt. Ltd.,Premier Securities Company Ltd.,10,406.7,4067.0,2025-07-07 12:10:07.991721
2025-07-07,52809,2025070704004993,SPDL,Imperial Securities Company Pvt. Ltd.,Premier Securities Company Ltd.,10,406.8,4068.0,2025-07-07 12:10:07.991787
2025-07-07,52808,2025070704004994,SPDL,Imperial Securities Company Pvt. Ltd.,J.F. Securites (PVT) Ltd.,310,406.8,126108.0,2025-07-07 12:10:07.991852
2025-07-07,52807,2025070704004995,SPDL,Imperial Securities Company Pvt. Ltd.,Premier Securities Company Ltd.,150,406.9,61035.0,2025-07-07 12:10:07.991921
2025-07-07,52742,2025070704005010,SPDL,Hatemalo Financial Services Private Limited,Sani Securities Company Ltd.,100,406.0,40600.0,2025-07-07 12:10:23.333512
2025-07-07,52741,2025070704005011,SPDL,Hatemalo Financial Services Private Limited,Premier Securities Company Ltd.,689,406.9,280354.1,2025-07-07 12:10:23.333722
2025-07-07,52740,2025070704005012,SPDL,Hatemalo Financial Services Private Limited,Sani Securities Company Ltd.,1500,407.0,610500.0,2025-07-07 12:10:23.333838
2025-07-07,52734,2025070704005015,SPDL,Hatemalo Financial Services Private Limited,Premier Securities Company Ltd.,10,407.0,4070.0,2025-07-07 12:10:26.667143
2025-07-07,52690,2025070704005023,SPDL,Hatemalo Financial Services Private Limited,Trisul Securities & Invt. Ltd.,1200,407.0,488400.0,2025-07-07 12:10:37.594390
2025-07-07,52657,2025070704005034,SPDL,Hatemalo Financial Services Private Limited,Premier Securities Company Ltd.,501,407.0,203907.0,2025-07-07 12:10:44.850825
2025-07-07,52507,2025070704005080,SPDL,Trishakti Securities Public Limited,Premier Securities Company Ltd.,1199,407.0,487993.0,2025-07-07 12:11:14.299975
2025-07-07,52430,2025070704005114,SPDL,Trishakti Securities Public Limited,Premier Securities Company Ltd.,301,407.0,122507.0,2025-07-07 12:11:30.100097
2025-07-07,52263,2025070704005149,SPDL,Neev Securities Pvt. Ltd.,Premier Securities Company Ltd.,50,407.0,20350.0,2025-07-07 12:12:08.293172
2025-07-07,52233,2025070704005157,SPDL,Dipshikha Dhitopatra Karobar Co. Pvt Ltd.,Premier Securities Company Ltd.,649,407.0,264143.0,2025-07-07 12:12:14.684698
2025-07-07,52147,2025070704005168,SPDL,Dipshikha Dhitopatra Karobar Co. Pvt Ltd.,Premier Securities Company Ltd.,751,407.0,305657.0,2025-07-07 12:12:33.481337
2025-07-07,51652,2025070704005301,SPDL,Midas Stock Broking Company Private Limited,Elite Stock House Limited,50,404.0,20200.0,2025-07-07 12:14:14.847702
2025-07-07,50847,2025070704005514,SPDL,Trishakti Securities Public Limited,Asian Securities Private Ltd.,15,405.0,6075.0,2025-07-07 12:17:04.311950
2025-07-07,50500,2025070704005606,SPDL,Deevyaa Securities & Stock House Pvt. Ltd,Vision Securities Pvt. Ltd,50,404.2,20210.0,2025-07-07 12:18:51.998541
2025-07-07,50499,2025070704005607,SPDL,Midas Stock Broking Company Private Limited,Vision Securities Pvt. Ltd,50,404.1,20205.0,2025-07-07 12:18:51.998917
2025-07-07,50498,2025070704005608,SPDL,Thrive Brokerage House Pvt. Ltd,Vision Securities Pvt. Ltd,100,404.0,40400.0,2025-07-07 12:18:51.999136
2025-07-07,50497,2025070704005609,SPDL,Naasa Securities Co. Ltd.,Vision Securities Pvt. Ltd,10,404.0,4040.0,2025-07-07 12:18:51.999361
2025-07-07,50496,2025070704005610,SPDL,Market Securities & Exchange (PVT) Ltd.,Vision Securities Pvt. Ltd,100,404.0,40400.0,2025-07-07 12:18:51.999574
2025-07-07,50495,2025070704005611,SPDL,Hatemalo Financial Services Private Limited,Vision Securities Pvt. Ltd,190,404.0,76760.0,2025-07-07 12:18:51.999811
2025-07-07,50413,2025070704005633,SPDL,Agrawal Securities (PVT) Ltd.,Trishakti Securities Public Limited,300,404.0,121200.0,2025-07-07 12:19:25.124138
2025-07-07,50030,2025070704005760,SPDL,Dakshinkali Investment & Securities Pvt. Ltd.,Trisul Securities & Invt. Ltd.,800,404.0,323200.0,2025-07-07 12:20:56.712605
2025-07-07,49886,2025070704005824,SPDL,Aryatara Investment & Securities,Trisul Securities & Invt. Ltd.,10,404.0,4040.0,2025-07-07 12:21:24.412252
2025-07-07,49708,2025070704005865,SPDL,Dakshinkali Investment & Securities Pvt. Ltd.,Trisul Securities & Invt. Ltd.,190,404.0,76760.0,2025-07-07 12:22:02.438585
2025-07-07,49707,2025070704005866,SPDL,Dakshinkali Investment & Securities Pvt. Ltd.,Kalika Securities Pvt. Ltd.,10,404.0,4040.0,2025-07-07 12:22:02.438831
2025-07-07,49552,2025070704005908,SPDL,Siprabi Securities Pvt. Ltd.,Kalika Securities Pvt. Ltd.,39,404.0,15756.0,2025-07-07 12:22:34.822564
2025-07-07,49286,2025070704005988,SPDL,Midas Stock Broking Company Private Limited,Premier Securities Company Ltd.,10,403.3,4033.0,2025-07-07 12:23:43.928502
2025-07-07,49157,2025070704006021,SPDL,Oxford Securities Pvt. Ltd.,Kalika Securities Pvt. Ltd.,30,404.0,12120.0,2025-07-07 12:24:21.113427
2025-07-07,49017,2025070704006082,SPDL,Dipshikha Dhitopatra Karobar Co. Pvt Ltd.,Kalika Securities Pvt. Ltd.,21,404.0,8484.0,2025-07-07 12:24:53.650680
2025-07-07,49016,2025070704006083,SPDL,Dipshikha Dhitopatra Karobar Co. Pvt Ltd.,Trishakti Securities Public Limited,479,404.0,193516.0,2025-07-07 12:24:53.651046
2025-07-07,48530,2025070704006181,SPDL,Midas Stock Broking Company Private Limited,Premier Securities Company Ltd.,10,403.3,4033.0,2025-07-07 12:26:58.944997
2025-07-07,48377,2025070704006212,SPDL,Market Securities & Exchange (PVT) Ltd.,Trishakti Securities Public Limited,100,404.0,40400.0,2025-07-07 12:27:41.240299
2025-07-07,48314,2025070704006228,SPDL,Midas Stock Broking Company Private Limited,Trisul Securities & Invt. Ltd.,80,403.3,32264.0,2025-07-07 12:28:01.866431
2025-07-07,48313,2025070704006229,SPDL,Dynamic Money Managers Securities Pvt. Ltd.,Trisul Securities & Invt. Ltd.,50,403.3,20165.0,2025-07-07 12:28:01.866642
2025-07-07,48312,2025070704006230,SPDL,Naasa Securities Co. Ltd.,Trisul Securities & Invt. Ltd.,350,403.1,141085.0,2025-07-07 12:28:01.866726
2025-07-07,48311,2025070704006231,SPDL,Aryatara Investment & Securities,Trisul Securities & Invt. Ltd.,20,403.0,8060.0,2025-07-07 12:28:01.866802
2025-07-07,48023,2025070704006319,SPDL,Midas Stock Broking Company Private Limited,Imperial Securities Company Pvt. Ltd.,10,403.0,4030.0,2025-07-07 12:29:15.030211
2025-07-07,48022,2025070704006320,SPDL,Magnet Securities and Investment Company Private Limited,Imperial Securities Company Pvt. Ltd.,10,403.0,4030.0,2025-07-07 12:29:15.030431
2025-07-07,47946,2025070704006340,SPDL,Magnet Securities and Investment Company Private Limited,ABC Securities Private Limited,300,403.0,120900.0,2025-07-07 12:29:38.120516
2025-07-07,47715,2025070704006420,SPDL,Magnet Securities and Investment Company Private Limited,Malla & Malla Stock Broking Company Pvt. Limited,26,403.0,10478.0,2025-07-07 12:30:34.927487
2025-07-07,47558,2025070704006487,SPDL,Magnet Securities and Investment Company Private Limited,Aryatara Investment & Securities,664,403.0,267592.0,2025-07-07 12:31:08.078686
2025-07-07,47557,2025070704006488,SPDL,Aryatara Investment & Securities,Aryatara Investment & Securities,36,403.0,14508.0,2025-07-07 12:31:08.079058
2025-07-07,47241,2025070704006574,SPDL,Trishakti Securities Public Limited,Trishakti Securities Public Limited,421,404.0,170084.0,2025-07-07 12:32:31.791499
2025-07-07,47240,2025070704006575,SPDL,Trishakti Securities Public Limited,Shree Krishna Securities Ltd.,579,404.0,233916.0,2025-07-07 12:32:31.791887
2025-07-07,46921,2025070704006666,SPDL,Neev Securities Pvt. Ltd.,Nepal Stock House (PVT) Ltd.,50,404.0,20200.0,2025-07-07 12:33:41.022095
2025-07-07,46920,2025070704006667,SPDL,Neev Securities Pvt. Ltd.,Bhrikuti Stock Broking Co. Pvt. Ltd.,200,404.0,80800.0,2025-07-07 12:33:41.022506
2025-07-07,46763,2025070704006722,SPDL,Neev Securities Pvt. Ltd.,Kohinoor Investment & Securities Pvt. Ltd.,200,404.0,80800.0,2025-07-07 12:34:29.699656
2025-07-07,46311,2025070704006823,SPDL,Agrawal Securities (PVT) Ltd.,Premier Securities Company Ltd.,10,404.5,4045.0,2025-07-07 12:36:52.251829
2025-07-07,46310,2025070704006824,SPDL,Agrawal Securities (PVT) Ltd.,Secured Securities Ltd.,14,404.5,5663.0,2025-07-07 12:36:52.252238
2025-07-07,46309,2025070704006825,SPDL,Agrawal Securities (PVT) Ltd.,Online Securities Pvt. Ltd.,50,404.5,20225.0,2025-07-07 12:36:52.252522
2025-07-07,46308,2025070704006826,SPDL,Agrawal Securities (PVT) Ltd.,Asian Securities Private Ltd.,85,405.0,34425.0,2025-07-07 12:36:52.252766
2025-07-07,46307,2025070704006827,SPDL,Agrawal Securities (PVT) Ltd.,Nepal Stock House (PVT) Ltd.,100,405.0,40500.0,2025-07-07 12:36:52.253014
2025-07-07,46306,2025070704006828,SPDL,Agrawal Securities (PVT) Ltd.,MILKY WAY SHARE BROKER COMPANY LTD ,350,406.0,142100.0,2025-07-07 12:36:52.253256
2025-07-07,46305,2025070704006829,SPDL,Agrawal Securities (PVT) Ltd.,Premier Securities Company Ltd.,191,406.0,77546.0,2025-07-07 12:36:52.253505
2025-07-07,46079,2025070704006912,SPDL,Sani Securities Company Ltd.,Premier Securities Company Ltd.,60,406.0,24360.0,2025-07-07 12:37:51.438732
2025-07-07,45791,2025070704006985,SPDL,Midas Stock Broking Company Private Limited,Premier Securities Company Ltd.,500,406.0,203000.0,2025-07-07 12:39:13.720508
2025-07-07,45582,2025070704007041,SPDL,Neev Securities Pvt. Ltd.,Imperial Securities Company Pvt. Ltd.,50,405.5,20275.0,2025-07-07 12:40:22.822144
2025-07-07,45514,2025070704007071,SPDL,Midas Stock Broking Company Private Limited,Sweta Securities Private Limited,100,405.0,40500.0,2025-07-07 12:40:45.536663
2025-07-07,45477,2025070704007079,SPDL,Midas Stock Broking Company Private Limited,Pragyan Securities (PVT) Ltd.,145,405.0,58725.0,2025-07-07 12:40:56.419447
2025-07-07,45472,2025070704007081,SPDL,Midas Stock Broking Company Private Limited,Sani Securities Company Ltd.,255,405.0,103275.0,2025-07-07 12:40:58.343577
2025-07-07,45361,2025070704007104,SPDL,Creative Securities Pvt Ltd,Sani Securities Company Ltd.,90,405.0,36450.0,2025-07-07 12:41:29.801025
2025-07-07,45277,2025070704007120,SPDL,J.F. Securites (PVT) Ltd.,Premier Securities Company Ltd.,10,404.0,4040.0,2025-07-07 12:41:55.034779
2025-07-07,44866,2025070704007248,SPDL,Aryatara Investment & Securities,Premier Securities Company Ltd.,10,403.0,4030.0,2025-07-07 12:43:33.818624
2025-07-07,44826,2025070704007264,SPDL,Capital Max Securities Ltd,ABC Securities Private Limited,300,404.8,121440.0,2025-07-07 12:43:45.627345
2025-07-07,44760,2025070704007276,SPDL,Aryatara Investment & Securities,Asian Securities Private Ltd.,24,403.0,9672.0,2025-07-07 12:44:00.382569
2025-07-07,44759,2025070704007277,SPDL,Trishakti Securities Public Limited,Asian Securities Private Ltd.,200,402.6,80520.0,2025-07-07 12:44:00.382963
2025-07-07,44758,2025070704007278,SPDL,Trademow Securities Private Limited,Asian Securities Private Ltd.,100,402.5,40250.0,2025-07-07 12:44:00.383205
2025-07-07,44757,2025070704007279,SPDL,Market Securities & Exchange (PVT) Ltd.,Asian Securities Private Ltd.,176,402.5,70840.0,2025-07-07 12:44:00.383462
2025-07-07,44741,2025070704007282,SPDL,Market Securities & Exchange (PVT) Ltd.,Nepal Investment And Securities Trading Private Limited,24,402.5,9660.0,2025-07-07 12:44:06.390589
2025-07-07,44740,2025070704007283,SPDL,Linch Stock Market Ltd.,Nepal Investment And Securities Trading Private Limited,400,402.3,160920.0,2025-07-07 12:44:06.390843
2025-07-07,44739,2025070704007284,SPDL,Siprabi Securities Pvt. Ltd.,Nepal Investment And Securities Trading Private Limited,30,402.2,12066.0,2025-07-07 12:44:06.390927
2025-07-07,44738,2025070704007285,SPDL,Naasa Securities Co. Ltd.,Nepal Investment And Securities Trading Private Limited,46,402.0,18492.0,2025-07-07 12:44:06.391009
2025-07-07,44615,2025070704007309,SPDL,Aryatara Investment & Securities,Nepal Investment And Securities Trading Private Limited,100,402.0,40200.0,2025-07-07 12:44:38.614274
2025-07-07,44614,2025070704007310,SPDL,Vision Securities Pvt. Ltd,Nepal Investment And Securities Trading Private Limited,250,402.0,100500.0,2025-07-07 12:44:38.614707
2025-07-07,44613,2025070704007311,SPDL,Naasa Securities Co. Ltd.,Nepal Investment And Securities Trading Private Limited,150,402.0,60300.0,2025-07-07 12:44:38.614969
2025-07-07,44381,2025070704007385,SPDL,Naasa Securities Co. Ltd.,Nepal Investment And Securities Trading Private Limited,100,402.0,40200.0,2025-07-07 12:45:39.928119
2025-07-07,44380,2025070704007386,SPDL,Aryatara Investment & Securities,Nepal Investment And Securities Trading Private Limited,30,402.0,12060.0,2025-07-07 12:45:39.928342
2025-07-07,44379,2025070704007387,SPDL,Malla & Malla Stock Broking Company Pvt. Limited,Nepal Investment And Securities Trading Private Limited,100,402.0,40200.0,2025-07-07 12:45:39.928437
2025-07-07,44378,2025070704007388,SPDL,Nepal Investment And Securities Trading Private Limited,Nepal Investment And Securities Trading Private Limited,270,401.0,108270.0,2025-07-07 12:45:39.928517
2025-07-07,44322,2025070704007403,SPDL,Dipshikha Dhitopatra Karobar Co. Pvt Ltd.,Trishakti Securities Public Limited,70,401.1,28077.0,2025-07-07 12:45:59.974949
2025-07-07,44321,2025070704007404,SPDL,Nepal Investment And Securities Trading Private Limited,Trishakti Securities Public Limited,730,401.0,292730.0,2025-07-07 12:45:59.975241
2025-07-07,44320,2025070704007405,SPDL,Secured Securities Ltd.,Trishakti Securities Public Limited,200,401.0,80200.0,2025-07-07 12:45:59.975350
2025-07-07,43736,2025070704007567,SPDL,Dakshinkali Investment & Securities Pvt. Ltd.,ABC Securities Private Limited,100,401.3,40130.0,2025-07-07 12:48:16.108489
2025-07-07,43735,2025070704007568,SPDL,Premier Securities Company Ltd.,ABC Securities Private Limited,10,401.3,4013.0,2025-07-07 12:48:16.108590
2025-07-07,43734,2025070704007569,SPDL,Midas Stock Broking Company Private Limited,ABC Securities Private Limited,100,401.2,40120.0,2025-07-07 12:48:16.108672
2025-07-07,43733,2025070704007570,SPDL,Dynamic Money Managers Securities Pvt. Ltd.,ABC Securities Private Limited,500,401.2,200600.0,2025-07-07 12:48:16.108749
2025-07-07,43732,2025070704007571,SPDL,Secured Securities Ltd.,ABC Securities Private Limited,50,401.0,20050.0,2025-07-07 12:48:16.108825
2025-07-07,43731,2025070704007572,SPDL,Aryatara Investment & Securities,ABC Securities Private Limited,200,401.0,80200.0,2025-07-07 12:48:16.108898
2025-07-07,43730,2025070704007573,SPDL,Kalika Securities Pvt. Ltd.,ABC Securities Private Limited,250,401.0,100250.0,2025-07-07 12:48:16.108974
2025-07-07,43670,2025070704007588,SPDL,Naasa Securities Co. Ltd.,ABC Securities Private Limited,100,400.7,40070.0,2025-07-07 12:48:33.231012
2025-07-07,43669,2025070704007589,SPDL,Deevyaa Securities & Stock House Pvt. Ltd,ABC Securities Private Limited,100,400.1,40010.0,2025-07-07 12:48:33.231095
2025-07-07,43668,2025070704007590,SPDL,Deevyaa Securities & Stock House Pvt. Ltd,ABC Securities Private Limited,100,400.1,40010.0,2025-07-07 12:48:33.231125
2025-07-07,43667,2025070704007591,SPDL,Trademow Securities Private Limited,ABC Securities Private Limited,2000,400.0,800000.0,2025-07-07 12:48:33.231148
2025-07-07,43666,2025070704007592,SPDL,Sri Hari Securities Pvt. Ltd.,ABC Securities Private Limited,100,400.0,40000.0,2025-07-07 12:48:33.231175
2025-07-07,43665,2025070704007593,SPDL,Dakshinkali Investment & Securities Pvt. Ltd.,ABC Securities Private Limited,100,400.0,40000.0,2025-07-07 12:48:33.231201
2025-07-07,43664,2025070704007594,SPDL,Midas Stock Broking Company Private Limited,ABC Securities Private Limited,10,400.0,4000.0,2025-07-07 12:48:33.231222
2025-07-07,43663,2025070704007595,SPDL,Siprabi Securities Pvt. Ltd.,ABC Securities Private Limited,100,400.0,40000.0,2025-07-07 12:48:33.231247
2025-07-07,43662,2025070704007596,SPDL,Naasa Securities Co. Ltd.,ABC Securities Private Limited,200,400.0,80000.0,2025-07-07 12:48:33.231271
2025-07-07,43661,2025070704007597,SPDL,Sundhara Securities Limited,ABC Securities Private Limited,500,400.0,200000.0,2025-07-07 12:48:33.231295
2025-07-07,43660,2025070704007598,SPDL,Trademow Securities Private Limited,ABC Securities Private Limited,1200,400.0,480000.0,2025-07-07 12:48:33.231331
2025-07-07,43659,2025070704007599,SPDL,Trademow Securities Private Limited,ABC Securities Private Limited,1200,400.0,480000.0,2025-07-07 12:48:33.231353
2025-07-07,43658,2025070704007600,SPDL,Trademow Securities Private Limited,ABC Securities Private Limited,100,400.0,40000.0,2025-07-07 12:48:33.231373
2025-07-07,43657,2025070704007601,SPDL,Imperial Securities Company Pvt. Ltd.,ABC Securities Private Limited,50,400.0,20000.0,2025-07-07 12:48:33.231421
2025-07-07,43656,2025070704007602,SPDL,Dakshinkali Investment & Securities Pvt. Ltd.,ABC Securities Private Limited,200,400.0,80000.0,2025-07-07 12:48:33.231466
2025-07-07,43655,2025070704007603,SPDL,Dakshinkali Investment & Securities Pvt. Ltd.,ABC Securities Private Limited,500,400.0,200000.0,2025-07-07 12:48:33.231504
2025-07-07,43654,2025070704007604,SPDL,Kohinoor Investment & Securities Pvt. Ltd.,ABC Securities Private Limited,10,399.0,3990.0,2025-07-07 12:48:33.231529
2025-07-07,43452,2025070704007642,SPDL,Kohinoor Investment & Securities Pvt. Ltd.,Nepal Investment And Securities Trading Private Limited,490,399.0,195510.0,2025-07-07 12:49:15.356451
2025-07-07,43451,2025070704007643,SPDL,KALASH STOCK MARKET PVT. LTD.,Nepal Investment And Securities Trading Private Limited,10,399.0,3990.0,2025-07-07 12:49:15.356651
2025-07-07,43191,2025070704007711,SPDL,Dynamic Money Managers Securities Pvt. Ltd.,Primo Securities (PVT) Ltd.,390,400.0,156000.0,2025-07-07 12:50:23.062384
2025-07-07,42605,2025070704007894,SPDL,Dynamic Money Managers Securities Pvt. Ltd.,Agrawal Securities (PVT) Ltd.,110,400.0,44000.0,2025-07-07 12:52:23.970559
2025-07-07,42604,2025070704007895,SPDL,Deevyaa Securities & Stock House Pvt. Ltd,Agrawal Securities (PVT) Ltd.,290,400.0,116000.0,2025-07-07 12:52:23.970780
2025-07-07,40599,2025070704008499,SPDL,Magnet Securities and Investment Company Private Limited,Kumari Securities Private Limited,75,400.1,30007.5,2025-07-07 12:58:51.347653
2025-07-07,40432,2025070704008568,SPDL,Magnet Securities and Investment Company Private Limited,Premier Securities Company Ltd.,10,400.1,4001.0,2025-07-07 12:59:17.063478
2025-07-07,40271,2025070704008604,SPDL,Naasa Securities Co. Ltd.,Premier Securities Company Ltd.,10,400.2,4002.0,2025-07-07 12:59:48.309518
2025-07-07,39599,2025070704008782,SPDL,Naasa Securities Co. Ltd.,Sweta Securities Private Limited,190,400.2,76038.0,2025-07-07 13:01:48.539490
2025-07-07,39239,2025070704008897,SPDL,Naasa Securities Co. Ltd.,Premier Securities Company Ltd.,35,400.2,14007.0,2025-07-07 13:02:54.322846
2025-07-07,39212,2025070704008900,SPDL,Magnet Securities and Investment Company Private Limited,Bhrikuti Stock Broking Co. Pvt. Ltd.,214,400.1,85621.4,2025-07-07 13:02:56.203002
2025-07-07,39211,2025070704008901,SPDL,Premier Securities Company Ltd.,Bhrikuti Stock Broking Co. Pvt. Ltd.,736,400.1,294473.6,2025-07-07 13:02:56.203085
2025-07-07,39146,2025070704008914,SPDL,Premier Securities Company Ltd.,Premier Securities Company Ltd.,216,400.1,86421.6,2025-07-07 13:03:08.410148
2025-07-07,38906,2025070704009027,SPDL,Premier Securities Company Ltd.,Himalayan Securities Limited,17,400.1,6801.7,2025-07-07 13:03:40.905254
2025-07-07,38568,2025070704009135,SPDL,Premier Securities Company Ltd.,Asian Securities Private Ltd.,30,400.1,12003.0,2025-07-07 13:04:43.718440
2025-07-07,38488,2025070704009151,SPDL,Deevyaa Securities & Stock House Pvt. Ltd,Asian Securities Private Ltd.,70,400.0,28000.0,2025-07-07 13:05:01.794059
2025-07-07,38308,2025070704009213,SPDL,Deevyaa Securities & Stock House Pvt. Ltd,Himalayan Securities Limited,17,400.0,6800.0,2025-07-07 13:05:36.662472
2025-07-07,38235,2025070704009233,SPDL,Deevyaa Securities & Stock House Pvt. Ltd,Naasa Securities Co. Ltd.,13,400.0,5200.0,2025-07-07 13:05:59.233352
2025-07-07,37981,2025070704009310,SPDL,Sani Securities Company Ltd.,Sani Securities Company Ltd.,10,400.0,4000.0,2025-07-07 13:06:58.032789
2025-07-07,37980,2025070704009311,SPDL,Aryatara Investment & Securities,Sani Securities Company Ltd.,20,400.0,8000.0,2025-07-07 13:06:58.032978
2025-07-07,37979,2025070704009312,SPDL,KALASH STOCK MARKET PVT. LTD.,Sani Securities Company Ltd.,90,399.0,35910.0,2025-07-07 13:06:58.033087
2025-07-07,37978,2025070704009313,SPDL,Dynamic Money Managers Securities Pvt. Ltd.,Sani Securities Company Ltd.,100,399.0,39900.0,2025-07-07 13:06:58.033163
2025-07-07,37977,2025070704009314,SPDL,Secured Securities Ltd.,Sani Securities Company Ltd.,130,399.0,51870.0,2025-07-07 13:06:58.033238
2025-07-07,37833,2025070704009348,SPDL,Secured Securities Ltd.,Sani Securities Company Ltd.,20,399.0,7980.0,2025-07-07 13:07:30.398795
2025-07-07,37832,2025070704009349,SPDL,Deevyaa Securities & Stock House Pvt. Ltd,Sani Securities Company Ltd.,100,399.0,39900.0,2025-07-07 13:07:30.399158
2025-07-07,37831,2025070704009350,SPDL,Imperial Securities Company Pvt. Ltd.,Sani Securities Company Ltd.,30,399.0,11970.0,2025-07-07 13:07:30.399482
2025-07-07,37819,2025070704009352,SPDL,Imperial Securities Company Pvt. Ltd.,Nabil Stock Dealer Ltd.,470,399.0,187530.0,2025-07-07 13:07:31.989371
2025-07-07,37818,2025070704009353,SPDL,Premier Securities Company Ltd.,Nabil Stock Dealer Ltd.,10,399.0,3990.0,2025-07-07 13:07:31.989805
2025-07-07,37817,2025070704009354,SPDL,Premier Securities Company Ltd.,Nabil Stock Dealer Ltd.,10,398.5,3985.0,2025-07-07 13:07:31.990051
2025-07-07,37816,2025070704009355,SPDL,Creative Securities Pvt Ltd,Nabil Stock Dealer Ltd.,210,398.4,83664.0,2025-07-07 13:07:31.990296
2025-07-07,37815,2025070704009356,SPDL,Premier Securities Company Ltd.,Nabil Stock Dealer Ltd.,10,398.3,3983.0,2025-07-07 13:07:31.990544
2025-07-07,37814,2025070704009357,SPDL,Bhrikuti Stock Broking Co. Pvt. Ltd.,Nabil Stock Dealer Ltd.,100,398.2,39820.0,2025-07-07 13:07:31.990753
2025-07-07,37813,2025070704009358,SPDL,Opal Securities Investment (PVT) Ltd.,Nabil Stock Dealer Ltd.,80,398.2,31856.0,2025-07-07 13:07:31.991005
2025-07-07,37812,2025070704009359,SPDL,Sumeru Securities Pvt. Ltd.,Nabil Stock Dealer Ltd.,400,398.2,159280.0,2025-07-07 13:07:31.991237
2025-07-07,37807,2025070704009361,SPDL,Imperial Securities Company Pvt. Ltd.,Naasa Securities Co. Ltd.,500,398.1,199050.0,2025-07-07 13:07:32.950343
2025-07-07,37806,2025070704009362,SPDL,Thrive Brokerage House Pvt. Ltd,Naasa Securities Co. Ltd.,100,398.0,39800.0,2025-07-07 13:07:32.950594
2025-07-07,37805,2025070704009363,SPDL,Trishakti Securities Public Limited,Naasa Securities Co. Ltd.,100,398.0,39800.0,2025-07-07 13:07:32.950696
2025-07-07,37804,2025070704009364,SPDL,Aryatara Investment & Securities,Naasa Securities Co. Ltd.,20,398.0,7960.0,2025-07-07 13:07:32.950770
2025-07-07,37803,2025070704009365,SPDL,Imperial Securities Company Pvt. Ltd.,Naasa Securities Co. Ltd.,50,398.0,19900.0,2025-07-07 13:07:32.950840
2025-07-07,37802,2025070704009366,SPDL,Asian Securities Private Ltd.,Naasa Securities Co. Ltd.,230,398.0,91540.0,2025-07-07 13:07:32.950909
2025-07-07,37675,2025070704009403,SPDL,Asian Securities Private Ltd.,Nabil Stock Dealer Ltd.,770,398.0,306460.0,2025-07-07 13:07:56.064260
2025-07-07,37674,2025070704009404,SPDL,Nepal Stock House (PVT) Ltd.,Nabil Stock Dealer Ltd.,30,398.0,11940.0,2025-07-07 13:07:56.064471
2025-07-07,37673,2025070704009405,SPDL,Deevyaa Securities & Stock House Pvt. Ltd,Nabil Stock Dealer Ltd.,120,398.0,47760.0,2025-07-07 13:07:56.064545
2025-07-07,37672,2025070704009406,SPDL,Naasa Securities Co. Ltd.,Nabil Stock Dealer Ltd.,250,397.9,99475.0,2025-07-07 13:07:56.064719
2025-07-07,37671,2025070704009407,SPDL,Premier Securities Company Ltd.,Nabil Stock Dealer Ltd.,10,397.6,3976.0,2025-07-07 13:07:56.064928
2025-07-07,37670,2025070704009408,SPDL,Bhrikuti Stock Broking Co. Pvt. Ltd.,Nabil Stock Dealer Ltd.,200,397.5,79500.0,2025-07-07 13:07:56.065136
2025-07-07,37669,2025070704009409,SPDL,Imperial Securities Company Pvt. Ltd.,Nabil Stock Dealer Ltd.,500,397.1,198550.0,2025-07-07 13:07:56.065380
2025-07-07,37668,2025070704009410,SPDL,Vision Securities Pvt. Ltd,Nabil Stock Dealer Ltd.,30,397.0,11910.0,2025-07-07 13:07:56.065580
2025-07-07,37655,2025070704009412,SPDL,Vision Securities Pvt. Ltd,Agrawal Securities (PVT) Ltd.,470,397.0,186590.0,2025-07-07 13:07:59.075402
2025-07-07,37654,2025070704009413,SPDL,Midas Stock Broking Company Private Limited,Agrawal Securities (PVT) Ltd.,200,397.0,79400.0,2025-07-07 13:07:59.075444
2025-07-07,37653,2025070704009414,SPDL,Imperial Securities Company Pvt. Ltd.,Agrawal Securities (PVT) Ltd.,500,396.1,198050.0,2025-07-07 13:07:59.075483
2025-07-07,37652,2025070704009415,SPDL,Dynamic Money Managers Securities Pvt. Ltd.,Agrawal Securities (PVT) Ltd.,330,396.0,130680.0,2025-07-07 13:07:59.075509
2025-07-07,37549,2025070704009452,SPDL,Imperial Securities Company Pvt. Ltd.,Aryatara Investment & Securities,47,398.2,18715.4,2025-07-07 13:08:25.352271
2025-07-07,37548,2025070704009453,SPDL,Dynamic Money Managers Securities Pvt. Ltd.,Aryatara Investment & Securities,33,396.0,13068.0,2025-07-07 13:08:25.352481
2025-07-07,37068,2025070704009586,SPDL,Sewa Securities Pvt. Ltd.,Sundhara Securities Limited,56,396.1,22181.6,2025-07-07 13:09:48.100305
2025-07-07,36704,2025070704009765,SPDL,Linch Stock Market Ltd.,Nagarik Stock Dealer ,20,400.0,8000.0,2025-07-07 13:10:47.579819
2025-07-07,36689,2025070704009773,SPDL,Sewa Securities Pvt. Ltd.,Sani Securities Company Ltd.,444,396.1,175868.4,2025-07-07 13:10:49.929159
2025-07-07,36688,2025070704009774,SPDL,Himalayan Brokerage Company Limited,Sani Securities Company Ltd.,180,396.1,71298.0,2025-07-07 13:10:49.929391
2025-07-07,36687,2025070704009775,SPDL,Dynamic Money Managers Securities Pvt. Ltd.,Sani Securities Company Ltd.,637,396.0,252252.0,2025-07-07 13:10:49.929535
2025-07-07,36686,2025070704009776,SPDL,ABC Securities Private Limited,Sani Securities Company Ltd.,50,396.0,19800.0,2025-07-07 13:10:49.929651
2025-07-07,36685,2025070704009777,SPDL,Aryatara Investment & Securities,Sani Securities Company Ltd.,40,396.0,15840.0,2025-07-07 13:10:49.929759
2025-07-07,36684,2025070704009778,SPDL,Agrawal Securities (PVT) Ltd.,Sani Securities Company Ltd.,1000,396.0,396000.0,2025-07-07 13:10:49.929869
2025-07-07,36683,2025070704009779,SPDL,Bhrikuti Stock Broking Co. Pvt. Ltd.,Sani Securities Company Ltd.,100,396.0,39600.0,2025-07-07 13:10:49.929969
2025-07-07,36682,2025070704009780,SPDL,Kumari Securities Private Limited,Sani Securities Company Ltd.,2000,396.0,792000.0,2025-07-07 13:10:49.930076
2025-07-07,36681,2025070704009781,SPDL,Premier Securities Company Ltd.,Sani Securities Company Ltd.,10,395.4,3954.0,2025-07-07 13:10:49.930170
2025-07-07,36680,2025070704009782,SPDL,Premier Securities Company Ltd.,Sani Securities Company Ltd.,10,395.3,3953.0,2025-07-07 13:10:49.930275
2025-07-07,36679,2025070704009783,SPDL,Premier Securities Company Ltd.,Sani Securities Company Ltd.,10,395.2,3952.0,2025-07-07 13:10:49.930376
2025-07-07,36678,2025070704009784,SPDL,Imperial Securities Company Pvt. Ltd.,Sani Securities Company Ltd.,500,395.1,197550.0,2025-07-07 13:10:49.930485
2025-07-07,36677,2025070704009785,SPDL,Investment Management Nepal Pvt. Ltd.,Sani Securities Company Ltd.,100,395.0,39500.0,2025-07-07 13:10:49.930578
2025-07-07,36676,2025070704009786,SPDL,J.F. Securites (PVT) Ltd.,Sani Securities Company Ltd.,200,395.0,79000.0,2025-07-07 13:10:49.930673
2025-07-07,36675,2025070704009787,SPDL,Sani Securities Company Ltd.,Sani Securities Company Ltd.,350,395.0,138250.0,2025-07-07 13:10:49.930765
2025-07-07,36674,2025070704009788,SPDL,Sharepro Securities Private Limited,Sani Securities Company Ltd.,200,395.0,79000.0,2025-07-07 13:10:49.930852
2025-07-07,36673,2025070704009789,SPDL,Nepal Stock House (PVT) Ltd.,Sani Securities Company Ltd.,1000,395.0,395000.0,2025-07-07 13:10:49.930937
2025-07-07,36672,2025070704009790,SPDL,Swarna Laxmi Securities Pvt. Ltd.,Sani Securities Company Ltd.,50,395.0,19750.0,2025-07-07 13:10:49.931020
2025-07-07,36671,2025070704009791,SPDL,Thrive Brokerage House Pvt. Ltd,Sani Securities Company Ltd.,500,395.0,197500.0,2025-07-07 13:10:49.931138
2025-07-07,36670,2025070704009792,SPDL,Malla & Malla Stock Broking Company Pvt. Limited,Sani Securities Company Ltd.,100,395.0,39500.0,2025-07-07 13:10:49.931231
2025-07-07,36669,2025070704009793,SPDL,Kohinoor Investment & Securities Pvt. Ltd.,Sani Securities Company Ltd.,50,395.0,19750.0,2025-07-07 13:10:49.931328
2025-07-07,36668,2025070704009794,SPDL,Trishakti Securities Public Limited,Sani Securities Company Ltd.,500,395.0,197500.0,2025-07-07 13:10:49.931417
2025-07-07,36667,2025070704009795,SPDL,Nepal Stock House (PVT) Ltd.,Sani Securities Company Ltd.,20,395.0,7900.0,2025-07-07 13:10:49.931498
2025-07-07,36666,2025070704009796,SPDL,Naasa Securities Co. Ltd.,Sani Securities Company Ltd.,100,395.0,39500.0,2025-07-07 13:10:49.931564
2025-07-07,36665,2025070704009797,SPDL,K.B.L. Securities Limited ,Sani Securities Company Ltd.,500,395.0,197500.0,2025-07-07 13:10:49.931669
2025-07-07,36664,2025070704009798,SPDL,Kalika Securities Pvt. Ltd.,Sani Securities Company Ltd.,200,395.0,79000.0,2025-07-07 13:10:49.931745
2025-07-07,36663,2025070704009799,SPDL,Midas Stock Broking Company Private Limited,Sani Securities Company Ltd.,149,395.0,58855.0,2025-07-07 13:10:49.931823
2025-07-07,36618,2025070704009805,SPDL,Trishakti Securities Public Limited,Siprabi Securities Pvt. Ltd.,17,396.2,6735.4,2025-07-07 13:11:05.256517
2025-07-07,36467,2025070704009864,SPDL,Trishakti Securities Public Limited,Sani Securities Company Ltd.,33,396.2,13074.6,2025-07-07 13:11:32.324671
2025-07-07,36466,2025070704009865,SPDL,Midas Stock Broking Company Private Limited,Sani Securities Company Ltd.,122,395.0,48190.0,2025-07-07 13:11:32.324820
2025-07-07,36050,2025070704009996,SPDL,Linch Stock Market Ltd.,Thrive Brokerage House Pvt. Ltd,10,396.0,3960.0,2025-07-07 13:13:04.292754
2025-07-07,36049,2025070704009997,SPDL,Midas Stock Broking Company Private Limited,Thrive Brokerage House Pvt. Ltd,10,395.0,3950.0,2025-07-07 13:13:04.292958
2025-07-07,36046,2025070704009998,SPDL,Premier Securities Company Ltd.,Thrive Brokerage House Pvt. Ltd,180,395.0,71100.0,2025-07-07 13:13:05.160021
2025-07-07,34777,2025070704010337,SPDL,Premier Securities Company Ltd.,Sumeru Securities Pvt. Ltd.,11,399.9,4398.9,2025-07-07 13:18:08.860164
2025-07-07,34655,2025070704010371,SPDL,Primo Securities (PVT) Ltd.,Sani Securities Company Ltd.,200,398.0,79600.0,2025-07-07 13:18:34.209562
2025-07-07,34654,2025070704010372,SPDL,Linch Stock Market Ltd.,Sani Securities Company Ltd.,300,397.0,119100.0,2025-07-07 13:18:34.209769
2025-07-07,34386,2025070704010464,SPDL,Linch Stock Market Ltd.,Thrive Brokerage House Pvt. Ltd,350,397.0,138950.0,2025-07-07 13:19:34.939431
2025-07-07,34354,2025070704010472,SPDL,Linch Stock Market Ltd.,Vision Securities Pvt. Ltd,350,397.0,138950.0,2025-07-07 13:19:44.040591
2025-07-07,34353,2025070704010473,SPDL,Linch Stock Market Ltd.,Vision Securities Pvt. Ltd,150,397.0,59550.0,2025-07-07 13:19:44.040820
2025-07-07,34058,2025070704010581,SPDL,Linch Stock Market Ltd.,Capital Hub P. Ltd,1000,399.0,399000.0,2025-07-07 13:20:47.852814
2025-07-07,33640,2025070704010696,SPDL,Linch Stock Market Ltd.,Capital Hub P. Ltd,110,399.0,43890.0,2025-07-07 13:22:19.001813
2025-07-07,33115,2025070704010926,SPDL,Aryatara Investment & Securities,Online Securities Pvt. Ltd.,100,397.0,39700.0,2025-07-07 13:23:55.203705
2025-07-07,33114,2025070704010927,SPDL,Dynamic Money Managers Securities Pvt. Ltd.,Online Securities Pvt. Ltd.,300,396.0,118800.0,2025-07-07 13:23:55.204115
2025-07-07,32026,2025070704011208,SPDL,Vision Securities Pvt. Ltd,Naasa Securities Co. Ltd.,20,398.0,7960.0,2025-07-07 13:28:22.973069
2025-07-07,31825,2025070704011281,SPDL,Capital Max Securities Ltd,KALASH STOCK MARKET PVT. LTD.,500,397.2,198600.0,2025-07-07 13:29:07.077136
2025-07-07,31770,2025070704011300,SPDL,Investment Management Nepal Pvt. Ltd.,Premier Securities Company Ltd.,10,397.1,3971.0,2025-07-07 13:29:24.592299
2025-07-07,31688,2025070704011318,SPDL,Investment Management Nepal Pvt. Ltd.,Premier Securities Company Ltd.,10,397.1,3971.0,2025-07-07 13:29:52.739080
2025-07-07,31577,2025070704011350,SPDL,Citizens Share Broker Limited,Premier Securities Company Ltd.,10,397.2,3972.0,2025-07-07 13:30:30.925791
2025-07-07,31344,2025070704011462,SPDL,Citizens Share Broker Limited,Premier Securities Company Ltd.,100,397.2,39720.0,2025-07-07 13:31:42.291887
2025-07-07,31217,2025070704011506,SPDL,Citizens Share Broker Limited,Shree Krishna Securities Ltd.,90,397.2,35748.0,2025-07-07 13:32:15.502350
2025-07-07,31216,2025070704011507,SPDL,Capital Max Securities Ltd,Shree Krishna Securities Ltd.,150,397.2,59580.0,2025-07-07 13:32:15.502479
2025-07-07,31215,2025070704011508,SPDL,Investment Management Nepal Pvt. Ltd.,Shree Krishna Securities Ltd.,35,397.1,13898.5,2025-07-07 13:32:15.502582
2025-07-07,31214,2025070704011509,SPDL,Primo Securities (PVT) Ltd.,Shree Krishna Securities Ltd.,225,397.1,89347.5,2025-07-07 13:32:15.502658
2025-07-07,30038,2025070704011947,SPDL,Sweta Securities Private Limited,Vision Securities Pvt. Ltd,50,398.0,19900.0,2025-07-07 13:37:35.835758
2025-07-07,30012,2025070704011956,SPDL,ABC Securities Private Limited,Bhrikuti Stock Broking Co. Pvt. Ltd.,300,397.5,119250.0,2025-07-07 13:37:42.798030
2025-07-07,29577,2025070704012064,SPDL,Naasa Securities Co. Ltd.,South Asian Bulls Pvt. Ltd.,50,398.4,19920.0,2025-07-07 13:39:40.963339
2025-07-07,29576,2025070704012065,SPDL,Naasa Securities Co. Ltd.,Prabhu Stock Market Limited,450,398.5,179325.0,2025-07-07 13:39:40.963782
2025-07-07,29539,2025070704012072,SPDL,Aryatara Investment & Securities,Prabhu Stock Market Limited,200,398.5,79700.0,2025-07-07 13:39:48.652489
2025-07-07,29497,2025070704012087,SPDL,ABC Securities Private Limited,Prabhu Stock Market Limited,50,398.5,19925.0,2025-07-07 13:39:58.692499
2025-07-07,29496,2025070704012088,SPDL,ABC Securities Private Limited,Capital Hub P. Ltd,150,399.0,59850.0,2025-07-07 13:39:58.692761
2025-07-07,29374,2025070704012118,SPDL,Linch Stock Market Ltd.,Capital Hub P. Ltd,200,399.0,79800.0,2025-07-07 13:40:30.648548
2025-07-07,29157,2025070704012144,SPDL,Midas Stock Broking Company Private Limited,Capital Hub P. Ltd,20,399.0,7980.0,2025-07-07 13:40:52.496397
2025-07-07,28949,2025070704012197,SPDL,Siprabi Securities Pvt. Ltd.,Capital Hub P. Ltd,350,399.0,139650.0,2025-07-07 13:41:48.774606
2025-07-07,28947,2025070704012198,SPDL,Himalayan Brokerage Company Limited,Capital Hub P. Ltd,670,399.0,267330.0,2025-07-07 13:41:51.635378
2025-07-07,28946,2025070704012199,SPDL,Himalayan Brokerage Company Limited,Kalika Securities Pvt. Ltd.,100,399.0,39900.0,2025-07-07 13:41:51.635483
2025-07-07,28945,2025070704012200,SPDL,Himalayan Brokerage Company Limited,Sumeru Securities Pvt. Ltd.,350,399.9,139965.0,2025-07-07 13:41:51.635513
2025-07-07,28602,2025070704012267,SPDL,Trishakti Securities Public Limited,Sumeru Securities Pvt. Ltd.,200,399.9,79980.0,2025-07-07 13:43:16.761069
2025-07-07,28519,2025070704012289,SPDL,Primo Securities (PVT) Ltd.,Sumeru Securities Pvt. Ltd.,275,399.9,109972.5,2025-07-07 13:43:38.882462
2025-07-07,28399,2025070704012349,SPDL,Vision Securities Pvt. Ltd,Sumeru Securities Pvt. Ltd.,100,399.9,39990.0,2025-07-07 13:44:08.372784
2025-07-07,28274,2025070704012387,SPDL,SUN SECURITIES PVT LTD,Sumeru Securities Pvt. Ltd.,64,399.9,25593.6,2025-07-07 13:44:40.537206
2025-07-07,28109,2025070704012442,SPDL,Sani Securities Company Ltd.,Oxford Securities Pvt. Ltd.,50,400.0,20000.0,2025-07-07 13:45:30.653968
2025-07-07,28108,2025070704012443,SPDL,Sani Securities Company Ltd.,Shree Krishna Securities Ltd.,350,400.0,140000.0,2025-07-07 13:45:30.654201
2025-07-07,27972,2025070704012480,SPDL,Imperial Securities Company Pvt. Ltd.,Shree Krishna Securities Ltd.,150,400.0,60000.0,2025-07-07 13:46:07.506744
2025-07-07,27971,2025070704012481,SPDL,Imperial Securities Company Pvt. Ltd.,Trisul Securities & Invt. Ltd.,250,400.0,100000.0,2025-07-07 13:46:07.507004
2025-07-07,27884,2025070704012519,SPDL,Sani Securities Company Ltd.,Siprabi Securities Pvt. Ltd.,100,401.0,40100.0,2025-07-07 13:46:27.380425
2025-07-07,27631,2025070704012602,SPDL,Imperial Securities Company Pvt. Ltd.,Sharepro Securities Private Limited,88,402.0,35376.0,2025-07-07 13:47:38.470016
2025-07-07,27534,2025070704012639,SPDL,Sani Securities Company Ltd.,Secured Securities Ltd.,45,401.0,18045.0,2025-07-07 13:48:10.383860
2025-07-07,26743,2025070704012864,SPDL,SUN SECURITIES PVT LTD,Sharepro Securities Private Limited,12,402.0,4824.0,2025-07-07 13:51:24.847898
2025-07-07,26742,2025070704012865,SPDL,SUN SECURITIES PVT LTD,Naasa Securities Co. Ltd.,124,402.0,49848.0,2025-07-07 13:51:24.848196
2025-07-07,26741,2025070704012866,SPDL,Sani Securities Company Ltd.,Sri Hari Securities Pvt. Ltd.,400,401.0,160400.0,2025-07-07 13:51:25.208650
2025-07-07,26695,2025070704012891,SPDL,Sani Securities Company Ltd.,Sumeru Securities Pvt. Ltd.,255,401.0,102255.0,2025-07-07 13:51:32.716306
2025-07-07,26694,2025070704012892,SPDL,SUN SECURITIES PVT LTD,Sumeru Securities Pvt. Ltd.,100,401.0,40100.0,2025-07-07 13:51:32.716576
2025-07-07,26693,2025070704012893,SPDL,Dipshikha Dhitopatra Karobar Co. Pvt Ltd.,Sumeru Securities Pvt. Ltd.,250,401.0,100250.0,2025-07-07 13:51:32.716670
2025-07-07,26692,2025070704012894,SPDL,Online Securities Pvt. Ltd.,Sumeru Securities Pvt. Ltd.,200,401.0,80200.0,2025-07-07 13:51:32.716757
2025-07-07,26559,2025070704012958,SPDL,Dipshikha Dhitopatra Karobar Co. Pvt Ltd.,Sumeru Securities Pvt. Ltd.,185,400.0,74000.0,2025-07-07 13:52:18.117969
2025-07-07,26445,2025070704012963,SPDL,Dipshikha Dhitopatra Karobar Co. Pvt Ltd.,Sumeru Securities Pvt. Ltd.,10,400.0,4000.0,2025-07-07 13:52:35.221962
2025-07-07,26357,2025070704012987,SPDL,Oxford Securities Pvt. Ltd.,Imperial Securities Company Pvt. Ltd.,20,401.0,8020.0,2025-07-07 13:52:55.276724
2025-07-07,25680,2025070704013234,SPDL,Dipshikha Dhitopatra Karobar Co. Pvt Ltd.,Sani Securities Company Ltd.,55,400.0,22000.0,2025-07-07 13:55:28.690797
2025-07-07,25415,2025070704013326,SPDL,Dynamic Money Managers Securities Pvt. Ltd.,Imperial Securities Company Pvt. Ltd.,73,401.0,29273.0,2025-07-07 13:56:27.619009
2025-07-07,25414,2025070704013327,SPDL,Dynamic Money Managers Securities Pvt. Ltd.,Bhrikuti Stock Broking Co. Pvt. Ltd.,500,401.0,200500.0,2025-07-07 13:56:27.619336
2025-07-07,25413,2025070704013328,SPDL,Dynamic Money Managers Securities Pvt. Ltd.,Imperial Securities Company Pvt. Ltd.,427,401.0,171227.0,2025-07-07 13:56:27.619460
2025-07-07,25337,2025070704013350,SPDL,Capital Hub P. Ltd,Imperial Securities Company Pvt. Ltd.,450,400.0,180000.0,2025-07-07 13:56:54.239016
2025-07-07,25313,2025070704013357,SPDL,Capital Hub P. Ltd,Bhrikuti Stock Broking Co. Pvt. Ltd.,25,400.0,10000.0,2025-07-07 13:56:59.951749
2025-07-07,25285,2025070704013363,SPDL,Capital Hub P. Ltd,Ashutosh Brokerage & Securities (PVT) Ltd.,25,400.0,10000.0,2025-07-07 13:57:06.624424
2025-07-07,25284,2025070704013364,SPDL,Sani Securities Company Ltd.,Ashutosh Brokerage & Securities (PVT) Ltd.,65,400.0,26000.0,2025-07-07 13:57:06.624679
2025-07-07,25283,2025070704013365,SPDL,Trishakti Securities Public Limited,Ashutosh Brokerage & Securities (PVT) Ltd.,100,400.0,40000.0,2025-07-07 13:57:06.624776
2025-07-07,25282,2025070704013366,SPDL,Neev Securities Pvt. Ltd.,Ashutosh Brokerage & Securities (PVT) Ltd.,300,400.0,120000.0,2025-07-07 13:57:06.624867
2025-07-07,25028,2025070704013441,SPDL,Siprabi Securities Pvt. Ltd.,Shree Krishna Securities Ltd.,247,399.0,98553.0,2025-07-07 13:57:48.376540
2025-07-07,25027,2025070704013442,SPDL,Nepal Investment And Securities Trading Private Limited,Shree Krishna Securities Ltd.,40,399.0,15960.0,2025-07-07 13:57:48.376643
2025-07-07,25026,2025070704013443,SPDL,Vision Securities Pvt. Ltd,Shree Krishna Securities Ltd.,113,399.0,45087.0,2025-07-07 13:57:48.376715
2025-07-07,24688,2025070704013512,SPDL,Vision Securities Pvt. Ltd,Naasa Securities Co. Ltd.,600,399.0,239400.0,2025-07-07 13:58:46.860535
2025-07-07,24684,2025070704013513,SPDL,Vision Securities Pvt. Ltd,Ashutosh Brokerage & Securities (PVT) Ltd.,287,399.0,114513.0,2025-07-07 13:58:50.089750
2025-07-07,24556,2025070704013557,SPDL,Dakshinkali Investment & Securities Pvt. Ltd.,Ashutosh Brokerage & Securities (PVT) Ltd.,150,399.0,59850.0,2025-07-07 13:59:30.968767
2025-07-07,24451,2025070704013570,SPDL,Naasa Securities Co. Ltd.,Premier Securities Company Ltd.,10,398.2,3982.0,2025-07-07 13:59:50.289745
2025-07-07,22641,2025070704014142,SPDL,Imperial Securities Company Pvt. Ltd.,Cristal Kanchanjanga Securites Pvt. Ltd.,65,399.0,25935.0,2025-07-07 14:08:31.458226
2025-07-07,22517,2025070704014181,SPDL,Imperial Securities Company Pvt. Ltd.,Ashutosh Brokerage & Securities (PVT) Ltd.,73,399.0,29127.0,2025-07-07 14:09:10.435576
2025-07-07,22484,2025070704014199,SPDL,Machhapuchchhre Securities Limited,Online Securities Pvt. Ltd.,10,400.0,4000.0,2025-07-07 14:09:18.802943
2025-07-07,22376,2025070704014229,SPDL,Capital Max Securities Ltd,Online Securities Pvt. Ltd.,90,400.0,36000.0,2025-07-07 14:09:50.114330
2025-07-07,22375,2025070704014230,SPDL,Capital Max Securities Ltd,South Asian Bulls Pvt. Ltd.,405,400.0,162000.0,2025-07-07 14:09:50.114653
2025-07-07,22374,2025070704014231,SPDL,Capital Max Securities Ltd,ABC Securities Private Limited,505,400.0,202000.0,2025-07-07 14:09:50.114749
2025-07-07,22024,2025070704014321,SPDL,Capital Max Securities Ltd,ABC Securities Private Limited,35,400.0,14000.0,2025-07-07 14:11:46.647556
2025-07-07,22023,2025070704014322,SPDL,Capital Max Securities Ltd,Sagarmatha Securities Private Limited,227,400.0,90800.0,2025-07-07 14:11:46.647825
2025-07-07,22022,2025070704014323,SPDL,Capital Max Securities Ltd,Deevyaa Securities & Stock House Pvt. Ltd,238,400.0,95200.0,2025-07-07 14:11:46.647924
2025-07-07,20998,2025070704014625,SPDL,Oxford Securities Pvt. Ltd.,Naasa Securities Co. Ltd.,50,399.9,19995.0,2025-07-07 14:16:30.324668
2025-07-07,20799,2025070704014704,SPDL,Imperial Securities Company Pvt. Ltd.,Thrive Brokerage House Pvt. Ltd,62,399.0,24738.0,2025-07-07 14:17:39.588329
2025-07-07,20798,2025070704014705,SPDL,Kohinoor Investment & Securities Pvt. Ltd.,Thrive Brokerage House Pvt. Ltd,10,399.0,3990.0,2025-07-07 14:17:39.588663
2025-07-07,20797,2025070704014706,SPDL,Imperial Securities Company Pvt. Ltd.,Thrive Brokerage House Pvt. Ltd,100,399.0,39900.0,2025-07-07 14:17:39.588764
2025-07-07,20796,2025070704014707,SPDL,Aryatara Investment & Securities,Thrive Brokerage House Pvt. Ltd,50,398.7,19935.0,2025-07-07 14:17:39.588867
2025-07-07,20795,2025070704014708,SPDL,Kumari Securities Private Limited,Thrive Brokerage House Pvt. Ltd,1000,398.7,398700.0,2025-07-07 14:17:39.588959
2025-07-07,20794,2025070704014709,SPDL,Creative Securities Pvt Ltd,Thrive Brokerage House Pvt. Ltd,100,398.7,39870.0,2025-07-07 14:17:39.589051
2025-07-07,20793,2025070704014710,SPDL,J.F. Securites (PVT) Ltd.,Thrive Brokerage House Pvt. Ltd,100,398.6,39860.0,2025-07-07 14:17:39.589143
2025-07-07,20792,2025070704014711,SPDL,Vision Securities Pvt. Ltd,Thrive Brokerage House Pvt. Ltd,138,398.5,54993.0,2025-07-07 14:17:39.589235
2025-07-07,20585,2025070704014797,SPDL,Vision Securities Pvt. Ltd,Naasa Securities Co. Ltd.,12,398.5,4782.0,2025-07-07 14:18:24.095076
2025-07-07,18807,2025070704015462,SPDL,Deevyaa Securities & Stock House Pvt. Ltd,Aakashbhairab Securities Ltd.,650,398.6,259090.0,2025-07-07 14:24:02.653103
2025-07-07,18806,2025070704015463,SPDL,Dipshikha Dhitopatra Karobar Co. Pvt Ltd.,Aakashbhairab Securities Ltd.,100,398.6,39860.0,2025-07-07 14:24:02.653372
2025-07-07,18805,2025070704015464,SPDL,Vision Securities Pvt. Ltd,Aakashbhairab Securities Ltd.,50,398.5,19925.0,2025-07-07 14:24:02.653471
2025-07-07,18804,2025070704015465,SPDL,Naasa Securities Co. Ltd.,Aakashbhairab Securities Ltd.,14,398.2,5574.8,2025-07-07 14:24:02.653584
2025-07-07,18803,2025070704015466,SPDL,Secured Securities Ltd.,Aakashbhairab Securities Ltd.,50,398.2,19910.0,2025-07-07 14:24:02.653676
2025-07-07,18802,2025070704015467,SPDL,Premier Securities Company Ltd.,Aakashbhairab Securities Ltd.,10,398.1,3981.0,2025-07-07 14:24:02.653772
2025-07-07,18801,2025070704015468,SPDL,Sri Hari Securities Pvt. Ltd.,Aakashbhairab Securities Ltd.,22,398.0,8756.0,2025-07-07 14:24:02.653866
2025-07-07,18800,2025070704015469,SPDL,Naasa Securities Co. Ltd.,Aakashbhairab Securities Ltd.,104,398.0,41392.0,2025-07-07 14:24:02.653958
2025-07-07,18025,2025070704015785,SPDL,Naasa Securities Co. Ltd.,Deevyaa Securities & Stock House Pvt. Ltd,96,398.0,38208.0,2025-07-07 14:25:56.744440
2025-07-07,18024,2025070704015786,SPDL,Thrive Brokerage House Pvt. Ltd,Deevyaa Securities & Stock House Pvt. Ltd,50,398.0,19900.0,2025-07-07 14:25:56.744898
2025-07-07,18023,2025070704015787,SPDL,Ashutosh Brokerage & Securities (PVT) Ltd.,Deevyaa Securities & Stock House Pvt. Ltd,1616,397.0,641552.0,2025-07-07 14:25:56.745219
2025-07-07,17978,2025070704015809,SPDL,Ashutosh Brokerage & Securities (PVT) Ltd.,Vision Securities Pvt. Ltd,384,397.0,152448.0,2025-07-07 14:26:03.285272
2025-07-07,17977,2025070704015810,SPDL,Magnet Securities and Investment Company Private Limited,Vision Securities Pvt. Ltd,500,397.0,198500.0,2025-07-07 14:26:03.285575
2025-07-07,17976,2025070704015811,SPDL,Capital Max Securities Ltd,Vision Securities Pvt. Ltd,166,397.0,65902.0,2025-07-07 14:26:03.285671
2025-07-07,17838,2025070704015852,SPDL,Capital Max Securities Ltd,Himalayan Securities Limited,60,397.0,23820.0,2025-07-07 14:26:35.348388
2025-07-07,17639,2025070704015894,SPDL,Capital Max Securities Ltd,Himalayan Securities Limited,10,397.0,3970.0,2025-07-07 14:27:06.442243
2025-07-07,17461,2025070704015987,SPDL,Market Securities & Exchange (PVT) Ltd.,Nepal Investment And Securities Trading Private Limited,50,398.0,19900.0,2025-07-07 14:27:30.772818
2025-07-07,17242,2025070704016070,SPDL,Market Securities & Exchange (PVT) Ltd.,Naasa Securities Co. Ltd.,25,398.0,9950.0,2025-07-07 14:27:56.336361
2025-07-07,17209,2025070704016082,SPDL,Market Securities & Exchange (PVT) Ltd.,Naasa Securities Co. Ltd.,10,398.0,3980.0,2025-07-07 14:28:03.449558
2025-07-07,17054,2025070704016119,SPDL,Market Securities & Exchange (PVT) Ltd.,Imperial Securities Company Pvt. Ltd.,53,398.0,21094.0,2025-07-07 14:28:28.841823
2025-07-07,16852,2025070704016208,SPDL,Market Securities & Exchange (PVT) Ltd.,Sri Hari Securities Pvt. Ltd.,362,398.0,144076.0,2025-07-07 14:29:06.378683
2025-07-07,16851,2025070704016209,SPDL,Capital Max Securities Ltd,Sri Hari Securities Pvt. Ltd.,238,397.0,94486.0,2025-07-07 14:29:06.378957
2025-07-07,16331,2025070704016394,SPDL,Capital Max Securities Ltd,Sewa Securities Pvt. Ltd.,150,397.2,59580.0,2025-07-07 14:30:21.875211
2025-07-07,15697,2025070704016651,SPDL,Capital Max Securities Ltd,Linch Stock Market Ltd.,50,397.2,19860.0,2025-07-07 14:32:00.188344
2025-07-07,15696,2025070704016652,SPDL,Capital Max Securities Ltd,Linch Stock Market Ltd.,26,397.0,10322.0,2025-07-07 14:32:00.188589
2025-07-07,15695,2025070704016653,SPDL,Thrive Brokerage House Pvt. Ltd,Linch Stock Market Ltd.,99,397.0,39303.0,2025-07-07 14:32:00.188695
2025-07-07,15416,2025070704016749,SPDL,Premier Securities Company Ltd.,Linch Stock Market Ltd.,10,396.5,3965.0,2025-07-07 14:32:39.622730
2025-07-07,15415,2025070704016750,SPDL,Trishakti Securities Public Limited,Linch Stock Market Ltd.,10,396.5,3965.0,2025-07-07 14:32:39.622986
2025-07-07,15414,2025070704016751,SPDL,Premier Securities Company Ltd.,Linch Stock Market Ltd.,10,396.4,3964.0,2025-07-07 14:32:39.623089
2025-07-07,15413,2025070704016752,SPDL,Naasa Securities Co. Ltd.,Linch Stock Market Ltd.,250,396.4,99100.0,2025-07-07 14:32:39.623180
2025-07-07,15412,2025070704016753,SPDL,Capital Max Securities Ltd,Linch Stock Market Ltd.,290,396.3,114927.0,2025-07-07 14:32:39.623270
2025-07-07,15242,2025070704016808,SPDL,Capital Max Securities Ltd,Deevyaa Securities & Stock House Pvt. Ltd,10,396.3,3963.0,2025-07-07 14:33:05.689585
2025-07-07,15241,2025070704016809,SPDL,Kalika Securities Pvt. Ltd.,Deevyaa Securities & Stock House Pvt. Ltd,869,396.1,344210.9,2025-07-07 14:33:05.689851
2025-07-07,15240,2025070704016810,SPDL,Dynamic Money Managers Securities Pvt. Ltd.,Deevyaa Securities & Stock House Pvt. Ltd,321,396.0,127116.0,2025-07-07 14:33:05.689949
2025-07-07,15209,2025070704016824,SPDL,Oxford Securities Pvt. Ltd.,Sundhara Securities Limited,20,398.0,7960.0,2025-07-07 14:33:11.130046
2025-07-07,15182,2025070704016834,SPDL,Dynamic Money Managers Securities Pvt. Ltd.,Linch Stock Market Ltd.,379,396.0,150084.0,2025-07-07 14:33:16.076287
2025-07-07,15181,2025070704016835,SPDL,Naasa Securities Co. Ltd.,Linch Stock Market Ltd.,100,396.0,39600.0,2025-07-07 14:33:16.076527
2025-07-07,15180,2025070704016836,SPDL,Linch Stock Market Ltd.,Linch Stock Market Ltd.,521,396.0,206316.0,2025-07-07 14:33:16.076622
2025-07-07,14838,2025070704016954,SPDL,Linch Stock Market Ltd.,Linch Stock Market Ltd.,479,396.0,189684.0,2025-07-07 14:33:57.401780
2025-07-07,14837,2025070704016955,SPDL,Opal Securities Investment (PVT) Ltd.,Linch Stock Market Ltd.,11,396.0,4356.0,2025-07-07 14:33:57.402074
2025-07-07,14546,2025070704017052,SPDL,Cristal Kanchanjanga Securites Pvt. Ltd.,South Asian Bulls Pvt. Ltd.,50,396.0,19800.0,2025-07-07 14:34:35.014197
2025-07-07,14402,2025070704017124,SPDL,Oxford Securities Pvt. Ltd.,South Asian Bulls Pvt. Ltd.,50,396.0,19800.0,2025-07-07 14:35:00.842856
2025-07-07,14341,2025070704017133,SPDL,Oxford Securities Pvt. Ltd.,Linch Stock Market Ltd.,135,396.0,53460.0,2025-07-07 14:35:07.216384
2025-07-07,13962,2025070704017251,SPDL,Oxford Securities Pvt. Ltd.,Prabhu Stock Market Limited,15,396.0,5940.0,2025-07-07 14:35:42.237732
2025-07-07,13764,2025070704017332,SPDL,Naasa Securities Co. Ltd.,Prabhu Stock Market Limited,485,395.5,191817.5,2025-07-07 14:36:09.340094
2025-07-07,13539,2025070704017395,SPDL,Naasa Securities Co. Ltd.,Sweta Securities Private Limited,100,395.5,39550.0,2025-07-07 14:36:48.146541
2025-07-07,12861,2025070704017661,SPDL,Siprabi Securities Pvt. Ltd.,Naasa Securities Co. Ltd.,200,395.6,79120.0,2025-07-07 14:38:31.689299
2025-07-07,12468,2025070704017793,SPDL,Naasa Securities Co. Ltd.,Online Securities Pvt. Ltd.,415,395.5,164132.5,2025-07-07 14:39:21.472463
2025-07-07,12467,2025070704017794,SPDL,Premier Securities Company Ltd.,Online Securities Pvt. Ltd.,10,395.4,3954.0,2025-07-07 14:39:21.472916
2025-07-07,12466,2025070704017795,SPDL,Dipshikha Dhitopatra Karobar Co. Pvt Ltd.,Online Securities Pvt. Ltd.,250,395.4,98850.0,2025-07-07 14:39:21.473173
2025-07-07,12465,2025070704017796,SPDL,Premier Securities Company Ltd.,Online Securities Pvt. Ltd.,10,395.3,3953.0,2025-07-07 14:39:21.473459
2025-07-07,12464,2025070704017797,SPDL,South Asian Bulls Pvt. Ltd.,Online Securities Pvt. Ltd.,100,395.2,39520.0,2025-07-07 14:39:21.473726
2025-07-07,12463,2025070704017798,SPDL,Shree Krishna Securities Ltd.,Online Securities Pvt. Ltd.,715,395.1,282496.5,2025-07-07 14:39:21.473979
2025-07-07,11806,2025070704018030,SPDL,Naasa Securities Co. Ltd.,Sundhara Securities Limited,100,395.3,39530.0,2025-07-07 14:40:59.482215
2025-07-07,11455,2025070704018102,SPDL,Naasa Securities Co. Ltd.,Imperial Securities Company Pvt. Ltd.,100,395.3,39530.0,2025-07-07 14:41:31.998061
2025-07-07,11441,2025070704018103,SPDL,Pragyan Securities (PVT) Ltd.,Vision Securities Pvt. Ltd,100,395.2,39520.0,2025-07-07 14:41:32.836420
2025-07-07,11181,2025070704018178,SPDL,Sani Securities Company Ltd.,Trisul Securities & Invt. Ltd.,100,396.0,39600.0,2025-07-07 14:42:05.842980
2025-07-07,10931,2025070704018238,SPDL,Sumeru Securities Pvt. Ltd.,Premier Securities Company Ltd.,10,395.5,3955.0,2025-07-07 14:42:42.899753
2025-07-07,10930,2025070704018239,SPDL,Sumeru Securities Pvt. Ltd.,Imperial Securities Company Pvt. Ltd.,90,396.0,35640.0,2025-07-07 14:42:42.900028
2025-07-07,10710,2025070704018294,SPDL,Dynamic Money Managers Securities Pvt. Ltd.,Imperial Securities Company Pvt. Ltd.,510,396.0,201960.0,2025-07-07 14:43:12.829639
2025-07-07,10636,2025070704018310,SPDL,Dipshikha Dhitopatra Karobar Co. Pvt Ltd.,Elite Stock House Limited,100,395.3,39530.0,2025-07-07 14:43:23.005716
2025-07-07,9973,2025070704018511,SPDL,Premier Securities Company Ltd.,Sharepro Securities Private Limited,10,396.0,3960.0,2025-07-07 14:44:51.002158
2025-07-07,9833,2025070704018533,SPDL,Premier Securities Company Ltd.,Sani Securities Company Ltd.,10,395.8,3958.0,2025-07-07 14:45:05.291393
2025-07-07,9832,2025070704018534,SPDL,Premier Securities Company Ltd.,Sani Securities Company Ltd.,10,395.7,3957.0,2025-07-07 14:45:05.291436
2025-07-07,9831,2025070704018535,SPDL,Vision Securities Pvt. Ltd,Sani Securities Company Ltd.,50,395.4,19770.0,2025-07-07 14:45:05.291464
2025-07-07,9830,2025070704018536,SPDL,Trishakti Securities Public Limited,Sani Securities Company Ltd.,10,395.3,3953.0,2025-07-07 14:45:05.291487
2025-07-07,9829,2025070704018537,SPDL,Pragyan Securities (PVT) Ltd.,Sani Securities Company Ltd.,200,395.2,79040.0,2025-07-07 14:45:05.291507
2025-07-07,9828,2025070704018538,SPDL,Shree Krishna Securities Ltd.,Sani Securities Company Ltd.,720,395.1,284472.0,2025-07-07 14:45:05.291531
2025-07-07,9452,2025070704018674,SPDL,Sri Hari Securities Pvt. Ltd.,Sharepro Securities Private Limited,490,396.0,194040.0,2025-07-07 14:46:00.382461
2025-07-07,9395,2025070704018686,SPDL,Sri Hari Securities Pvt. Ltd.,Capital Max Securities Ltd,10,396.0,3960.0,2025-07-07 14:46:12.801167
2025-07-07,9352,2025070704018706,SPDL,Sri Hari Securities Pvt. Ltd.,Market Securities & Exchange (PVT) Ltd.,30,396.0,11880.0,2025-07-07 14:46:19.342484
2025-07-07,7096,2025070704019486,SPDL,Opal Securities Investment (PVT) Ltd.,Himalayan Brokerage Company Limited,19,396.5,7533.5,2025-07-07 14:51:15.460818
2025-07-07,7095,2025070704019487,SPDL,Sri Hari Securities Pvt. Ltd.,Himalayan Brokerage Company Limited,470,396.0,186120.0,2025-07-07 14:51:15.461078
2025-07-07,7094,2025070704019488,SPDL,Imperial Securities Company Pvt. Ltd.,Himalayan Brokerage Company Limited,300,396.0,118800.0,2025-07-07 14:51:15.461198
2025-07-07,7093,2025070704019489,SPDL,Dipshikha Dhitopatra Karobar Co. Pvt Ltd.,Himalayan Brokerage Company Limited,211,396.0,83556.0,2025-07-07 14:51:15.461308
2025-07-07,6931,2025070704019549,SPDL,Dipshikha Dhitopatra Karobar Co. Pvt Ltd.,Dakshinkali Investment & Securities Pvt. Ltd.,189,396.0,74844.0,2025-07-07 14:51:30.121542
2025-07-07,6930,2025070704019550,SPDL,Cristal Kanchanjanga Securites Pvt. Ltd.,Dakshinkali Investment & Securities Pvt. Ltd.,100,396.0,39600.0,2025-07-07 14:51:30.122024
2025-07-07,6929,2025070704019551,SPDL,Thrive Brokerage House Pvt. Ltd,Dakshinkali Investment & Securities Pvt. Ltd.,100,396.0,39600.0,2025-07-07 14:51:30.122305
2025-07-07,6928,2025070704019552,SPDL,Market Securities & Exchange (PVT) Ltd.,Dakshinkali Investment & Securities Pvt. Ltd.,200,396.0,79200.0,2025-07-07 14:51:30.122636
2025-07-07,6390,2025070704019708,SPDL,Sani Securities Company Ltd.,Dakshinkali Investment & Securities Pvt. Ltd.,200,396.0,79200.0,2025-07-07 14:52:22.910381
2025-07-07,6376,2025070704019712,SPDL,Nepal Stock House (PVT) Ltd.,Dakshinkali Investment & Securities Pvt. Ltd.,12,396.0,4752.0,2025-07-07 14:52:24.132033
2025-07-07,5602,2025070704019922,SPDL,Imperial Securities Company Pvt. Ltd.,Dakshinkali Investment & Securities Pvt. Ltd.,199,396.0,78804.0,2025-07-07 14:53:33.782809
2025-07-07,5193,2025070704020079,SPDL,Dipshikha Dhitopatra Karobar Co. Pvt Ltd.,Sweta Securities Private Limited,30,397.0,11910.0,2025-07-07 14:54:23.468676
2025-07-07,5192,2025070704020080,SPDL,Dipshikha Dhitopatra Karobar Co. Pvt Ltd.,Naasa Securities Co. Ltd.,65,397.5,25837.5,2025-07-07 14:54:23.468956
2025-07-07,4982,2025070704020166,SPDL,Dipshikha Dhitopatra Karobar Co. Pvt Ltd.,South Asian Bulls Pvt. Ltd.,500,396.1,198050.0,2025-07-07 14:54:48.696499
2025-07-07,4486,2025070704020366,SPDL,Agrawal Securities (PVT) Ltd.,Dakshinkali Investment & Securities Pvt. Ltd.,200,396.0,79200.0,2025-07-07 14:55:31.612390
2025-07-07,4448,2025070704020378,SPDL,Agrawal Securities (PVT) Ltd.,Miyo Securities Pvt Ltd,500,396.0,198000.0,2025-07-07 14:55:35.535218
2025-07-07,4028,2025070704020566,SPDL,Agrawal Securities (PVT) Ltd.,Opal Securities Investment (PVT) Ltd.,100,396.0,39600.0,2025-07-07 14:56:07.314037
2025-07-07,3925,2025070704020590,SPDL,Agrawal Securities (PVT) Ltd.,Naasa Securities Co. Ltd.,400,396.0,158400.0,2025-07-07 14:56:17.097561
2025-07-07,3924,2025070704020591,SPDL,South Asian Bulls Pvt. Ltd.,Naasa Securities Co. Ltd.,400,396.0,158400.0,2025-07-07 14:56:17.097842
2025-07-07,3712,2025070704020670,SPDL,South Asian Bulls Pvt. Ltd.,Secured Securities Ltd.,20,396.0,7920.0,2025-07-07 14:56:38.352369
2025-07-07,3711,2025070704020671,SPDL,K.B.L. Securities Limited ,Secured Securities Ltd.,10,396.0,3960.0,2025-07-07 14:56:38.352660
2025-07-07,3710,2025070704020672,SPDL,Bhrikuti Stock Broking Co. Pvt. Ltd.,Secured Securities Ltd.,20,396.0,7920.0,2025-07-07 14:56:38.352764
2025-07-07,3597,2025070704020708,SPDL,Bhrikuti Stock Broking Co. Pvt. Ltd.,Sundhara Securities Limited,180,396.0,71280.0,2025-07-07 14:56:51.580698
2025-07-07,3596,2025070704020709,SPDL,Bhrikuti Stock Broking Co. Pvt. Ltd.,Sundhara Securities Limited,200,396.0,79200.0,2025-07-07 14:56:51.581155
2025-07-07,3595,2025070704020710,SPDL,Linch Stock Market Ltd.,Sundhara Securities Limited,100,396.0,39600.0,2025-07-07 14:56:51.581452
2025-07-07,3539,2025070704020730,SPDL,Sundhara Securities Limited,Kumari Securities Private Limited,500,396.0,198000.0,2025-07-07 14:56:59.617783
2025-07-07,3233,2025070704020843,SPDL,Bhrikuti Stock Broking Co. Pvt. Ltd.,Kumari Securities Private Limited,100,396.0,39600.0,2025-07-07 14:57:28.484972
2025-07-07,3214,2025070704020854,SPDL,Elite Stock House Limited,Trishakti Securities Public Limited,250,395.9,98975.0,2025-07-07 14:57:29.415739
2025-07-07,2751,2025070704020997,SPDL,Elite Stock House Limited,Imperial Securities Company Pvt. Ltd.,250,395.9,98975.0,2025-07-07 14:58:01.655607
2025-07-07,2750,2025070704020998,SPDL,Online Securities Pvt. Ltd.,Imperial Securities Company Pvt. Ltd.,250,395.9,98975.0,2025-07-07 14:58:01.655703
2025-07-07,2749,2025070704020999,SPDL,Premier Securities Company Ltd.,Imperial Securities Company Pvt. Ltd.,10,395.8,3958.0,2025-07-07 14:58:01.655786
2025-07-07,2748,2025070704021000,SPDL,Premier Securities Company Ltd.,Imperial Securities Company Pvt. Ltd.,10,395.7,3957.0,2025-07-07 14:58:01.655864
2025-07-07,2747,2025070704021001,SPDL,Premier Securities Company Ltd.,Imperial Securities Company Pvt. Ltd.,10,395.6,3956.0,2025-07-07 14:58:01.655938
2025-07-07,2746,2025070704021002,SPDL,Sumeru Securities Pvt. Ltd.,Imperial Securities Company Pvt. Ltd.,10,395.6,3956.0,2025-07-07 14:58:01.656011
2025-07-07,2745,2025070704021003,SPDL,Shree Krishna Securities Ltd.,Imperial Securities Company Pvt. Ltd.,100,395.4,39540.0,2025-07-07 14:58:01.656081
2025-07-07,2744,2025070704021004,SPDL,South Asian Bulls Pvt. Ltd.,Imperial Securities Company Pvt. Ltd.,50,395.3,19765.0,2025-07-07 14:58:01.656161
2025-07-07,2743,2025070704021005,SPDL,Secured Securities Ltd.,Imperial Securities Company Pvt. Ltd.,250,395.3,98825.0,2025-07-07 14:58:01.656233
2025-07-07,2742,2025070704021006,SPDL,Shree Krishna Securities Ltd.,Imperial Securities Company Pvt. Ltd.,60,395.1,23706.0,2025-07-07 14:58:01.656306
2025-07-07,2487,2025070704021111,SPDL,Shree Krishna Securities Ltd.,Imperial Securities Company Pvt. Ltd.,100,395.1,39510.0,2025-07-07 14:58:18.913450
2025-07-07,2102,2025070704021260,SPDL,Shree Krishna Securities Ltd.,KALASH STOCK MARKET PVT. LTD.,405,395.1,160015.5,2025-07-07 14:58:40.796662
2025-07-07,2101,2025070704021261,SPDL,Sweta Securities Private Limited,KALASH STOCK MARKET PVT. LTD.,300,395.1,118530.0,2025-07-07 14:58:40.796710
2025-07-07,2100,2025070704021262,SPDL,Midas Stock Broking Company Private Limited,KALASH STOCK MARKET PVT. LTD.,29,395.1,11457.9,2025-07-07 14:58:40.796742
2025-07-07,2099,2025070704021263,SPDL,Trishakti Securities Public Limited,KALASH STOCK MARKET PVT. LTD.,100,395.1,39510.0,2025-07-07 14:58:40.796771
2025-07-07,2098,2025070704021264,SPDL,Opal Securities Investment (PVT) Ltd.,KALASH STOCK MARKET PVT. LTD.,10,395.1,3951.0,2025-07-07 14:58:40.796795
2025-07-07,2097,2025070704021265,SPDL,Dipshikha Dhitopatra Karobar Co. Pvt Ltd.,KALASH STOCK MARKET PVT. LTD.,200,395.0,79000.0,2025-07-07 14:58:40.796832
2025-07-07,2096,2025070704021266,SPDL,Magnet Securities and Investment Company Private Limited,KALASH STOCK MARKET PVT. LTD.,99,395.0,39105.0,2025-07-07 14:58:40.796866
2025-07-07,2095,2025070704021267,SPDL,Swarna Laxmi Securities Pvt. Ltd.,KALASH STOCK MARKET PVT. LTD.,100,395.0,39500.0,2025-07-07 14:58:40.796897
2025-07-07,2094,2025070704021268,SPDL,Opal Securities Investment (PVT) Ltd.,KALASH STOCK MARKET PVT. LTD.,1000,395.0,395000.0,2025-07-07 14:58:40.796937
2025-07-07,2093,2025070704021269,SPDL,Sri Hari Securities Pvt. Ltd.,KALASH STOCK MARKET PVT. LTD.,1000,395.0,395000.0,2025-07-07 14:58:40.796966
2025-07-07,2092,2025070704021270,SPDL,Midas Stock Broking Company Private Limited,KALASH STOCK MARKET PVT. LTD.,500,395.0,197500.0,2025-07-07 14:58:40.796992
2025-07-07,2091,2025070704021271,SPDL,Linch Stock Market Ltd.,KALASH STOCK MARKET PVT. LTD.,1000,395.0,395000.0,2025-07-07 14:58:40.797021
2025-07-07,2090,2025070704021272,SPDL,BHOLE GANESH SECURITIES LTD,KALASH STOCK MARKET PVT. LTD.,40,395.0,15800.0,2025-07-07 14:58:40.797047
2025-07-07,2089,2025070704021273,SPDL,Creative Securities Pvt Ltd,KALASH STOCK MARKET PVT. LTD.,217,395.0,85715.0,2025-07-07 14:58:40.797074
2025-07-07,1925,2025070704021350,SPDL,Creative Securities Pvt Ltd,Dakshinkali Investment & Securities Pvt. Ltd.,16,395.0,6320.0,2025-07-07 14:58:49.207167
2025-07-07,1834,2025070704021375,SPDL,SUN SECURITIES PVT LTD,Kumari Securities Private Limited,100,396.0,39600.0,2025-07-07 14:58:56.030484
2025-07-07,1474,2025070704021488,SPDL,Dynamic Money Managers Securities Pvt. Ltd.,Vision Securities Pvt. Ltd,530,395.2,209456.0,2025-07-07 14:59:15.081245
2025-07-07,1093,2025070704021613,SPDL,Malla & Malla Stock Broking Company Pvt. Limited,Kumari Securities Private Limited,50,396.0,19800.0,2025-07-07 14:59:27.077503
2025-07-07,694,2025070704021793,SPDL,Vision Securities Pvt. Ltd,Sumeru Securities Pvt. Ltd.,300,395.5,118650.0,2025-07-07 14:59:40.010431
2025-07-07,693,2025070704021794,SPDL,Dynamic Money Managers Securities Pvt. Ltd.,Sumeru Securities Pvt. Ltd.,200,395.2,79040.0,2025-07-07 14:59:40.010692
2025-07-07,552,2025070704021851,SPDL,ABC Securities Private Limited,Neev Securities Pvt. Ltd.,100,395.9,39590.0,2025-07-07 14:59:43.078827
2025-07-07,551,2025070704021852,SPDL,ABC Securities Private Limited,Kumari Securities Private Limited,50,396.0,19800.0,2025-07-07 14:59:43.079042
2025-07-07,550,2025070704021853,SPDL,ABC Securities Private Limited,Online Securities Pvt. Ltd.,100,396.0,39600.0,2025-07-07 14:59:43.079133
2025-07-07,549,2025070704021854,SPDL,ABC Securities Private Limited,Opal Securities Investment (PVT) Ltd.,50,396.0,19800.0,2025-07-07 14:59:43.079220
2025-07-07,528,2025070704021862,SPDL,Dynamic Money Managers Securities Pvt. Ltd.,Primo Securities (PVT) Ltd.,270,395.2,106704.0,2025-07-07 14:59:44.020970
2025-07-07,527,2025070704021863,SPDL,Imperial Securities Company Pvt. Ltd.,Primo Securities (PVT) Ltd.,27,395.1,10667.7,2025-07-07 14:59:44.021190
2025-07-07,526,2025070704021864,SPDL,Creative Securities Pvt Ltd,Primo Securities (PVT) Ltd.,67,395.0,26465.0,2025-07-07 14:59:44.021284
2025-07-07,525,2025070704021865,SPDL,Premier Securities Company Ltd.,Primo Securities (PVT) Ltd.,10,394.9,3949.0,2025-07-07 14:59:44.021392
2025-07-07,524,2025070704021866,SPDL,Premier Securities Company Ltd.,Primo Securities (PVT) Ltd.,10,394.8,3948.0,2025-07-07 14:59:44.021485
2025-07-07,523,2025070704021867,SPDL,Kohinoor Investment & Securities Pvt. Ltd.,Primo Securities (PVT) Ltd.,2000,394.7,789400.0,2025-07-07 14:59:44.021582
2025-07-07,522,2025070704021868,SPDL,Dynamic Money Managers Securities Pvt. Ltd.,Primo Securities (PVT) Ltd.,116,394.7,45785.2,2025-07-07 14:59:44.021670
2025-07-07,256,2025070704021968,SPDL,Investment Management Nepal Pvt. Ltd.,Opal Securities Investment (PVT) Ltd.,210,396.0,83160.0,2025-07-07 14:59:52.720889
2025-07-07,192,2025070704022001,SPDL,Capital Hub P. Ltd,Premier Securities Company Ltd.,10,396.9,3969.0,2025-07-07 14:59:55.341671
