Date,S.N.,Contract ID,Symbol,Buyer Broker,Seller Broker,quantity,rate,amount,transaction_time
2025-08-03,152484,2025080304000003,API,Premier Securities Company Ltd.,Thrive Brokerage House Pvt. Ltd,200,300.3,60060.0,2025-08-03T10:46:00.031546
2025-08-03,151669,2025080304000068,API,Agrawal Securities (PVT) Ltd.,Imperial Securities Company Pvt. Ltd.,30,305.0,9150.0,2025-08-03T11:01:37.527471
2025-08-03,151602,2025080304000076,API,Oxford Securities Pvt. Ltd.,Imperial Securities Company Pvt. Ltd.,162,305.0,49410.0,2025-08-03T11:01:46.757286
2025-08-03,151305,2025080304000107,API,Premier Securities Company Ltd.,Thrive Brokerage House Pvt. Ltd,50,304.5,15225.0,2025-08-03T11:02:15.333853
2025-08-03,151304,2025080304000108,API,Premier Securities Company Ltd.,Imperial Securities Company Pvt. Ltd.,150,305.0,45750.0,2025-08-03T11:02:15.333949
2025-08-03,150959,2025080304000129,API,Dakshinkali Investment & Securities Pvt. Ltd.,Imperial Securities Company Pvt. Ltd.,58,305.0,17690.0,2025-08-03T11:02:44.260787
2025-08-03,150363,2025080304000173,API,Agrawal Securities (PVT) Ltd.,Sewa Securities Pvt. Ltd.,30,306.0,9180.0,2025-08-03T11:03:39.631542
2025-08-03,150174,2025080304000208,API,Premier Securities Company Ltd.,Midas Stock Broking Company Private Limited,200,310.0,62000.0,2025-08-03T11:03:54.402596
2025-08-03,150173,2025080304000209,API,Premier Securities Company Ltd.,Dipshikha Dhitopatra Karobar Co. Pvt Ltd.,100,310.0,31000.0,2025-08-03T11:03:54.402708
2025-08-03,149813,2025080304000249,API,Cristal Kanchanjanga Securites Pvt. Ltd.,Dipshikha Dhitopatra Karobar Co. Pvt Ltd.,30,310.0,9300.0,2025-08-03T11:04:25.966517
2025-08-03,149371,2025080304000308,API,Cristal Kanchanjanga Securites Pvt. Ltd.,Agrawal Securities (PVT) Ltd.,15,311.0,4665.0,2025-08-03T11:04:59.169554
2025-08-03,149370,2025080304000309,API,Cristal Kanchanjanga Securites Pvt. Ltd.,Sani Securities Company Ltd.,500,311.0,155500.0,2025-08-03T11:04:59.169628
2025-08-03,149324,2025080304000318,API,Cristal Kanchanjanga Securites Pvt. Ltd.,Naasa Securities Co. Ltd.,455,311.0,141505.0,2025-08-03T11:05:04.783345
2025-08-03,147786,2025080304000499,API,Midas Stock Broking Company Private Limited,Indira securities pvt. ltd,200,309.9,61980.0,2025-08-03T11:07:40.778897
2025-08-03,147444,2025080304000534,API,ABC Securities Private Limited,Ashutosh Brokerage & Securities (PVT) Ltd.,200,309.0,61800.0,2025-08-03T11:08:11.426112
2025-08-03,147443,2025080304000535,API,Trademow Securities Private Limited,Ashutosh Brokerage & Securities (PVT) Ltd.,16,306.0,4896.0,2025-08-03T11:08:11.426231
2025-08-03,146716,2025080304000627,API,Trademow Securities Private Limited,Siprabi Securities Pvt. Ltd.,17,306.0,5202.0,2025-08-03T11:09:14.069306
2025-08-03,146715,2025080304000628,API,Dakshinkali Investment & Securities Pvt. Ltd.,Siprabi Securities Pvt. Ltd.,42,305.0,12810.0,2025-08-03T11:09:14.06939
2025-08-03,146714,2025080304000629,API,Stoxkarts Securities Limited,Siprabi Securities Pvt. Ltd.,10,305.0,3050.0,2025-08-03T11:09:14.069427
2025-08-03,146713,2025080304000630,API,Midas Stock Broking Company Private Limited,Siprabi Securities Pvt. Ltd.,200,305.0,61000.0,2025-08-03T11:09:14.069452
2025-08-03,146712,2025080304000631,API,Agrawal Securities (PVT) Ltd.,Siprabi Securities Pvt. Ltd.,200,305.0,61000.0,2025-08-03T11:09:14.069473
2025-08-03,146711,2025080304000632,API,Linch Stock Market Ltd.,Siprabi Securities Pvt. Ltd.,500,305.0,152500.0,2025-08-03T11:09:14.069498
2025-08-03,146710,2025080304000633,API,Dipshikha Dhitopatra Karobar Co. Pvt Ltd.,Siprabi Securities Pvt. Ltd.,26,305.0,7930.0,2025-08-03T11:09:14.069524
2025-08-03,146709,2025080304000634,API,Stoxkarts Securities Limited,Siprabi Securities Pvt. Ltd.,40,305.0,12200.0,2025-08-03T11:09:14.069557
2025-08-03,146708,2025080304000635,API,Dipshikha Dhitopatra Karobar Co. Pvt Ltd.,Siprabi Securities Pvt. Ltd.,99,305.0,30195.0,2025-08-03T11:09:14.06958
2025-08-03,146501,2025080304000655,API,Sani Securities Company Ltd.,Sri Hari Securities Pvt. Ltd.,13,309.7,4026.1,2025-08-03T11:09:31.626299
2025-08-03,145551,2025080304000794,API,Imperial Securities Company Pvt. Ltd.,Kumari Securities Private Limited,66,307.0,20262.0,2025-08-03T11:10:49.580639
2025-08-03,145194,2025080304000833,API,Online Securities Pvt. Ltd.,Sani Securities Company Ltd.,250,305.1,76275.0,2025-08-03T11:11:13.766566
2025-08-03,144921,2025080304000879,API,Dipshikha Dhitopatra Karobar Co. Pvt Ltd.,Kohinoor Investment & Securities Pvt. Ltd.,1,305.0,305.0,2025-08-03T11:11:34.967764
2025-08-03,144739,2025080304000907,API,Oxford Securities Pvt. Ltd.,Oxford Securities Pvt. Ltd.,52,306.0,15912.0,2025-08-03T11:11:47.273985
2025-08-03,144617,2025080304000926,API,Oxford Securities Pvt. Ltd.,Himalayan Brokerage Company Limited,17,306.0,5202.0,2025-08-03T11:11:56.906985
2025-08-03,144544,2025080304000938,API,Oxford Securities Pvt. Ltd.,Naasa Securities Co. Ltd.,131,306.0,40086.0,2025-08-03T11:12:02.452322
2025-08-03,144531,2025080304000943,API,Online Securities Pvt. Ltd.,Malla & Malla Stock Broking Company Pvt. Limited,80,305.1,24408.0,2025-08-03T11:12:03.475298
2025-08-03,144530,2025080304000944,API,Sani Securities Company Ltd.,Malla & Malla Stock Broking Company Pvt. Limited,320,305.0,97600.0,2025-08-03T11:12:03.475449
2025-08-03,144529,2025080304000945,API,Primo Securities (PVT) Ltd.,Malla & Malla Stock Broking Company Pvt. Limited,50,305.0,15250.0,2025-08-03T11:12:03.475515
2025-08-03,144528,2025080304000946,API,Dipshikha Dhitopatra Karobar Co. Pvt Ltd.,Malla & Malla Stock Broking Company Pvt. Limited,50,305.0,15250.0,2025-08-03T11:12:03.475577
2025-08-03,143965,2025080304001002,API,Dipshikha Dhitopatra Karobar Co. Pvt Ltd.,Sani Securities Company Ltd.,400,305.0,122000.0,2025-08-03T11:12:30.209173
2025-08-03,143361,2025080304001094,API,Dipshikha Dhitopatra Karobar Co. Pvt Ltd.,K.B.L. Securities Limited ,50,305.0,15250.0,2025-08-03T11:13:16.19492
2025-08-03,143360,2025080304001095,API,S.P.S.A. Securities Limited,K.B.L. Securities Limited ,70,305.0,21350.0,2025-08-03T11:13:16.195072
2025-08-03,143275,2025080304001106,API,Kohinoor Investment & Securities Pvt. Ltd.,Deevyaa Securities & Stock House Pvt. Ltd,10,305.0,3050.0,2025-08-03T11:13:20.856347
2025-08-03,143274,2025080304001107,API,Agrawal Securities (PVT) Ltd.,Deevyaa Securities & Stock House Pvt. Ltd,300,304.5,91350.0,2025-08-03T11:13:20.856513
2025-08-03,143273,2025080304001108,API,Sumeru Securities Pvt. Ltd.,Deevyaa Securities & Stock House Pvt. Ltd,100,304.5,30450.0,2025-08-03T11:13:20.856585
2025-08-03,143272,2025080304001109,API,Sumeru Securities Pvt. Ltd.,Deevyaa Securities & Stock House Pvt. Ltd,100,304.0,30400.0,2025-08-03T11:13:20.856649
2025-08-03,143271,2025080304001110,API,ABC Securities Private Limited,Deevyaa Securities & Stock House Pvt. Ltd,1000,304.0,304000.0,2025-08-03T11:13:20.856712
2025-08-03,143270,2025080304001111,API,Sumeru Securities Pvt. Ltd.,Deevyaa Securities & Stock House Pvt. Ltd,100,303.0,30300.0,2025-08-03T11:13:20.85678
2025-08-03,143269,2025080304001112,API,ABC Securities Private Limited,Deevyaa Securities & Stock House Pvt. Ltd,390,303.0,118170.0,2025-08-03T11:13:20.856844
2025-08-03,142464,2025080304001236,API,ABC Securities Private Limited,Opal Securities Investment (PVT) Ltd.,65,303.0,19695.0,2025-08-03T11:14:30.815823
2025-08-03,142087,2025080304001294,API,ABC Securities Private Limited,Dipshikha Dhitopatra Karobar Co. Pvt Ltd.,110,303.0,33330.0,2025-08-03T11:15:01.55261
2025-08-03,142019,2025080304001309,API,ABC Securities Private Limited,Sri Hari Securities Pvt. Ltd.,435,303.0,131805.0,2025-08-03T11:15:06.814845
2025-08-03,142018,2025080304001310,API,Sumeru Securities Pvt. Ltd.,Sri Hari Securities Pvt. Ltd.,66,303.0,19998.0,2025-08-03T11:15:06.815009
2025-08-03,141614,2025080304001378,API,Primo Securities (PVT) Ltd.,Sani Securities Company Ltd.,40,305.0,12200.0,2025-08-03T11:15:38.339524
2025-08-03,141152,2025080304001486,API,Naasa Securities Co. Ltd.,Sani Securities Company Ltd.,90,305.0,27450.0,2025-08-03T11:16:17.075009
2025-08-03,141151,2025080304001487,API,Naasa Securities Co. Ltd.,Secured Securities Ltd.,400,305.0,122000.0,2025-08-03T11:16:17.075375
2025-08-03,141150,2025080304001488,API,Naasa Securities Co. Ltd.,Aryatara Investment & Securities,10,305.0,3050.0,2025-08-03T11:16:17.07561
2025-08-03,140848,2025080304001533,API,Primo Securities (PVT) Ltd.,Aryatara Investment & Securities,40,305.0,12200.0,2025-08-03T11:16:44.71392
2025-08-03,140821,2025080304001535,API,South Asian Bulls Pvt. Ltd.,Trishakti Securities Public Limited,40,303.3,12132.0,2025-08-03T11:16:48.083187
2025-08-03,140808,2025080304001537,API,South Asian Bulls Pvt. Ltd.,Oxford Securities Pvt. Ltd.,1960,303.3,594468.0,2025-08-03T11:16:49.084714
2025-08-03,140638,2025080304001558,API,Nepal Stock House (PVT) Ltd.,Oxford Securities Pvt. Ltd.,40,303.3,12132.0,2025-08-03T11:17:02.547731
2025-08-03,140479,2025080304001583,API,Shree Krishna Securities Ltd.,Online Securities Pvt. Ltd.,100,305.0,30500.0,2025-08-03T11:17:15.937885
2025-08-03,140478,2025080304001584,API,Shree Krishna Securities Ltd.,Online Securities Pvt. Ltd.,207,305.0,63135.0,2025-08-03T11:17:15.937924
2025-08-03,140477,2025080304001585,API,Shree Krishna Securities Ltd.,Linch Stock Market Ltd.,1030,305.0,314150.0,2025-08-03T11:17:15.937946
2025-08-03,140476,2025080304001586,API,Shree Krishna Securities Ltd.,Sweta Securities Private Limited,663,305.0,202215.0,2025-08-03T11:17:15.937968
2025-08-03,139496,2025080304001742,API,Sani Securities Company Ltd.,Kumari Securities Private Limited,40,303.5,12140.0,2025-08-03T11:18:35.231623
2025-08-03,139495,2025080304001743,API,Agrawal Securities (PVT) Ltd.,Kumari Securities Private Limited,110,303.4,33374.0,2025-08-03T11:18:35.231809
2025-08-03,138654,2025080304001876,API,South Asian Bulls Pvt. Ltd.,Oxford Securities Pvt. Ltd.,1194,304.0,362976.0,2025-08-03T11:19:40.012097
2025-08-03,138548,2025080304001886,API,South Asian Bulls Pvt. Ltd.,Sani Securities Company Ltd.,150,304.0,45600.0,2025-08-03T11:19:48.532106
2025-08-03,137411,2025080304002041,API,NIMB Stock Markets Limited,Sundhara Securities Limited,22,304.9,6707.8,2025-08-03T11:21:00.604579
2025-08-03,137390,2025080304002044,API,Online Securities Pvt. Ltd.,Sundhara Securities Limited,290,304.9,88421.0,2025-08-03T11:21:02.741576
2025-08-03,137370,2025080304002049,API,J.F. Securites (PVT) Ltd.,Sweta Securities Private Limited,87,305.0,26535.0,2025-08-03T11:21:04.52233
2025-08-03,137369,2025080304002050,API,J.F. Securites (PVT) Ltd.,Naasa Securities Co. Ltd.,22,305.0,6710.0,2025-08-03T11:21:04.522562
2025-08-03,137368,2025080304002051,API,J.F. Securites (PVT) Ltd.,Aryatara Investment & Securities,91,305.0,27755.0,2025-08-03T11:21:04.52265
2025-08-03,137231,2025080304002084,API,Imperial Securities Company Pvt. Ltd.,Sweta Securities Private Limited,500,305.0,152500.0,2025-08-03T11:21:14.551832
2025-08-03,137230,2025080304002085,API,Imperial Securities Company Pvt. Ltd.,Linch Stock Market Ltd.,500,305.0,152500.0,2025-08-03T11:21:14.552041
2025-08-03,137162,2025080304002094,API,Online Securities Pvt. Ltd.,Kumari Securities Private Limited,10,304.9,3049.0,2025-08-03T11:21:19.844617
2025-08-03,137161,2025080304002095,API,Arun Securities (PVT) Ltd.,Kumari Securities Private Limited,190,304.1,57779.0,2025-08-03T11:21:19.844822
2025-08-03,136968,2025080304002105,API,South Asian Bulls Pvt. Ltd.,Linch Stock Market Ltd.,500,305.0,152500.0,2025-08-03T11:21:31.023983
2025-08-03,136743,2025080304002144,API,ABC Securities Private Limited,Sani Securities Company Ltd.,658,304.5,200361.0,2025-08-03T11:21:48.948926
2025-08-03,136260,2025080304002217,API,ABC Securities Private Limited,Naasa Securities Co. Ltd.,20,305.0,6100.0,2025-08-03T11:22:18.138325
2025-08-03,136232,2025080304002224,API,ABC Securities Private Limited,Naasa Securities Co. Ltd.,20,305.0,6100.0,2025-08-03T11:22:20.462469
2025-08-03,136058,2025080304002251,API,Nepal Stock House (PVT) Ltd.,Sani Securities Company Ltd.,100,305.2,30520.0,2025-08-03T11:22:32.828664
2025-08-03,135866,2025080304002292,API,South Asian Bulls Pvt. Ltd.,South Asian Bulls Pvt. Ltd.,57,305.5,17413.5,2025-08-03T11:22:46.827802
2025-08-03,135865,2025080304002293,API,South Asian Bulls Pvt. Ltd.,Primo Securities (PVT) Ltd.,100,305.9,30590.0,2025-08-03T11:22:46.82822
2025-08-03,135864,2025080304002294,API,South Asian Bulls Pvt. Ltd.,Naasa Securities Co. Ltd.,369,306.0,112914.0,2025-08-03T11:22:46.828515
2025-08-03,135863,2025080304002295,API,South Asian Bulls Pvt. Ltd.,Vision Securities Pvt. Ltd,80,306.0,24480.0,2025-08-03T11:22:46.828743
2025-08-03,135862,2025080304002296,API,South Asian Bulls Pvt. Ltd.,Imperial Securities Company Pvt. Ltd.,105,306.0,32130.0,2025-08-03T11:22:46.828841
2025-08-03,135861,2025080304002297,API,South Asian Bulls Pvt. Ltd.,Midas Stock Broking Company Private Limited,525,306.0,160650.0,2025-08-03T11:22:46.828959
2025-08-03,135860,2025080304002298,API,South Asian Bulls Pvt. Ltd.,Kumari Securities Private Limited,234,307.0,71838.0,2025-08-03T11:22:46.829051
2025-08-03,135859,2025080304002299,API,South Asian Bulls Pvt. Ltd.,Kohinoor Investment & Securities Pvt. Ltd.,380,307.0,116660.0,2025-08-03T11:22:46.829139
2025-08-03,135858,2025080304002300,API,South Asian Bulls Pvt. Ltd.,ABC Securities Private Limited,25,307.0,7675.0,2025-08-03T11:22:46.829226
2025-08-03,135672,2025080304002356,API,South Asian Bulls Pvt. Ltd.,Online Securities Pvt. Ltd.,125,307.0,38375.0,2025-08-03T11:23:02.720326
2025-08-03,135671,2025080304002357,API,Nepal Stock House (PVT) Ltd.,Online Securities Pvt. Ltd.,110,305.2,33572.0,2025-08-03T11:23:02.720533
2025-08-03,135670,2025080304002358,API,Kalika Securities Pvt. Ltd.,Online Securities Pvt. Ltd.,50,305.2,15260.0,2025-08-03T11:23:02.720642
2025-08-03,135669,2025080304002359,API,Arun Securities (PVT) Ltd.,Online Securities Pvt. Ltd.,10,305.1,3051.0,2025-08-03T11:23:02.720794
2025-08-03,135668,2025080304002360,API,ABC Securities Private Limited,Online Securities Pvt. Ltd.,302,305.0,92110.0,2025-08-03T11:23:02.721067
2025-08-03,135667,2025080304002361,API,Bhrikuti Stock Broking Co. Pvt. Ltd.,Online Securities Pvt. Ltd.,403,305.0,122915.0,2025-08-03T11:23:02.721206
2025-08-03,134995,2025080304002434,API,Himalayan Brokerage Company Limited,ABC Securities Private Limited,2,300.0,600.0,2025-08-03T11:23:34.876107
2025-08-03,134833,2025080304002472,API,Himalayan Brokerage Company Limited,Online Securities Pvt. Ltd.,4,300.9,1203.6,2025-08-03T11:23:48.927105
2025-08-03,134789,2025080304002480,API,Ashutosh Brokerage & Securities (PVT) Ltd.,Sharepro Securities Private Limited,1000,305.5,305500.0,2025-08-03T11:23:51.507522
2025-08-03,134650,2025080304002500,API,Himalayan Brokerage Company Limited,Kumari Securities Private Limited,1,301.0,301.0,2025-08-03T11:24:02.979828
2025-08-03,134577,2025080304002518,API,Midas Stock Broking Company Private Limited,South Asian Bulls Pvt. Ltd.,50,307.0,15350.0,2025-08-03T11:24:08.147952
2025-08-03,134576,2025080304002519,API,Midas Stock Broking Company Private Limited,Kohinoor Investment & Securities Pvt. Ltd.,10,307.3,3073.0,2025-08-03T11:24:08.148173
2025-08-03,134575,2025080304002520,API,Midas Stock Broking Company Private Limited,Cristal Kanchanjanga Securites Pvt. Ltd.,140,307.4,43036.0,2025-08-03T11:24:08.148269
2025-08-03,134423,2025080304002552,API,Aakashbhairab Securities Ltd.,Cristal Kanchanjanga Securites Pvt. Ltd.,60,307.4,18444.0,2025-08-03T11:24:18.292521
2025-08-03,134272,2025080304002586,API,Imperial Securities Company Pvt. Ltd.,Naasa Securities Co. Ltd.,500,307.5,153750.0,2025-08-03T11:24:31.985188
2025-08-03,133951,2025080304002641,API,South Asian Bulls Pvt. Ltd.,Naasa Securities Co. Ltd.,2500,307.5,768750.0,2025-08-03T11:24:54.156606
2025-08-03,133774,2025080304002673,API,Kohinoor Investment & Securities Pvt. Ltd.,Naasa Securities Co. Ltd.,15,307.5,4612.5,2025-08-03T11:25:09.958236
2025-08-03,132065,2025080304002948,API,Opal Securities Investment (PVT) Ltd.,Midas Stock Broking Company Private Limited,173,307.0,53111.0,2025-08-03T11:27:03.753056
2025-08-03,132064,2025080304002949,API,Opal Securities Investment (PVT) Ltd.,Naasa Securities Co. Ltd.,327,307.5,100552.5,2025-08-03T11:27:03.753116
2025-08-03,131774,2025080304002968,API,Opal Securities Investment (PVT) Ltd.,Naasa Securities Co. Ltd.,500,307.5,153750.0,2025-08-03T11:27:25.860489
2025-08-03,131404,2025080304003029,API,Opal Securities Investment (PVT) Ltd.,Sri Hari Securities Pvt. Ltd.,500,307.4,153700.0,2025-08-03T11:27:57.111266
2025-08-03,131392,2025080304003030,API,Online Securities Pvt. Ltd.,Sri Hari Securities Pvt. Ltd.,240,307.4,73776.0,2025-08-03T11:27:59.08734
2025-08-03,130697,2025080304003147,API,Agrawal Securities (PVT) Ltd.,Sri Hari Securities Pvt. Ltd.,10,307.4,3074.0,2025-08-03T11:29:02.591294
2025-08-03,130201,2025080304003213,API,Deevyaa Securities & Stock House Pvt. Ltd,Sri Hari Securities Pvt. Ltd.,50,306.5,15325.0,2025-08-03T11:29:52.733744
2025-08-03,130200,2025080304003214,API,Opal Securities Investment (PVT) Ltd.,Sri Hari Securities Pvt. Ltd.,450,306.4,137880.0,2025-08-03T11:29:52.733997
2025-08-03,129711,2025080304003295,API,Sipla Securities Private Limited,Primo Securities (PVT) Ltd.,45,307.0,13815.0,2025-08-03T11:30:44.729379
2025-08-03,129460,2025080304003355,API,Sri Hari Securities Pvt. Ltd.,Opal Securities Investment (PVT) Ltd.,27,307.3,8297.1,2025-08-03T11:31:14.826588
2025-08-03,128991,2025080304003427,API,Bhrikuti Stock Broking Co. Pvt. Ltd.,Opal Securities Investment (PVT) Ltd.,297,307.3,91268.1,2025-08-03T11:32:08.803867
2025-08-03,128788,2025080304003458,API,Primo Securities (PVT) Ltd.,Aryatara Investment & Securities,52,307.1,15969.2,2025-08-03T11:32:28.269368
2025-08-03,128637,2025080304003479,API,Primo Securities (PVT) Ltd.,Opal Securities Investment (PVT) Ltd.,49,307.3,15057.7,2025-08-03T11:32:41.392958
2025-08-03,128561,2025080304003492,API,Primo Securities (PVT) Ltd.,Vision Securities Pvt. Ltd,201,307.3,61767.3,2025-08-03T11:32:50.268486
2025-08-03,128560,2025080304003493,API,Primo Securities (PVT) Ltd.,Vision Securities Pvt. Ltd,98,307.1,30095.8,2025-08-03T11:32:50.268753
2025-08-03,128559,2025080304003494,API,Naasa Securities Co. Ltd.,Vision Securities Pvt. Ltd,201,307.1,61727.1,2025-08-03T11:32:50.268907
2025-08-03,128302,2025080304003548,API,Naasa Securities Co. Ltd.,Sri Hari Securities Pvt. Ltd.,99,307.1,30402.9,2025-08-03T11:33:10.199834
2025-08-03,128301,2025080304003549,API,Sipla Securities Private Limited,Sri Hari Securities Pvt. Ltd.,405,307.0,124335.0,2025-08-03T11:33:10.200331
2025-08-03,128300,2025080304003550,API,Opal Securities Investment (PVT) Ltd.,Sri Hari Securities Pvt. Ltd.,50,306.4,15320.0,2025-08-03T11:33:10.200689
2025-08-03,128299,2025080304003551,API,Trisul Securities & Invt. Ltd.,Sri Hari Securities Pvt. Ltd.,50,306.4,15320.0,2025-08-03T11:33:10.201129
2025-08-03,128298,2025080304003552,API,Thrive Brokerage House Pvt. Ltd,Sri Hari Securities Pvt. Ltd.,725,306.3,222067.5,2025-08-03T11:33:10.201629
2025-08-03,128147,2025080304003569,API,Online Securities Pvt. Ltd.,Premier Securities Company Ltd.,100,306.0,30600.0,2025-08-03T11:33:22.114479
2025-08-03,127925,2025080304003612,API,Vision Securities Pvt. Ltd,Dipshikha Dhitopatra Karobar Co. Pvt Ltd.,150,306.0,45900.0,2025-08-03T11:33:38.416768
2025-08-03,127924,2025080304003613,API,Linch Stock Market Ltd.,Sri Hari Securities Pvt. Ltd.,200,306.3,61260.0,2025-08-03T11:33:38.423606
2025-08-03,127725,2025080304003648,API,Deevyaa Securities & Stock House Pvt. Ltd,Sri Hari Securities Pvt. Ltd.,300,306.3,91890.0,2025-08-03T11:33:52.876521
2025-08-03,127479,2025080304003700,API,Vision Securities Pvt. Ltd,Midas Stock Broking Company Private Limited,52,305.1,15865.2,2025-08-03T11:34:06.730549
2025-08-03,127131,2025080304003783,API,Linch Stock Market Ltd.,Ashutosh Brokerage & Securities (PVT) Ltd.,200,305.2,61040.0,2025-08-03T11:34:29.296017
2025-08-03,126683,2025080304003857,API,Online Securities Pvt. Ltd.,Vision Securities Pvt. Ltd,100,305.3,30530.0,2025-08-03T11:34:49.691035
2025-08-03,126597,2025080304003885,API,Online Securities Pvt. Ltd.,Dipshikha Dhitopatra Karobar Co. Pvt Ltd.,50,306.0,15300.0,2025-08-03T11:34:56.731681
2025-08-03,126596,2025080304003886,API,Online Securities Pvt. Ltd.,Nepal Investment And Securities Trading Private Limited,100,306.0,30600.0,2025-08-03T11:34:56.73193
2025-08-03,126192,2025080304003959,API,Online Securities Pvt. Ltd.,Aryatara Investment & Securities,50,305.3,15265.0,2025-08-03T11:35:20.846942
2025-08-03,125888,2025080304004033,API,Online Securities Pvt. Ltd.,Sweta Securities Private Limited,500,305.3,152650.0,2025-08-03T11:35:42.459134
2025-08-03,125562,2025080304004104,API,Online Securities Pvt. Ltd.,Primo Securities (PVT) Ltd.,350,305.3,106855.0,2025-08-03T11:36:04.769988
2025-08-03,125561,2025080304004105,API,Oxford Securities Pvt. Ltd.,Primo Securities (PVT) Ltd.,280,305.3,85484.0,2025-08-03T11:36:04.770232
2025-08-03,125315,2025080304004142,API,Online Securities Pvt. Ltd.,Primo Securities (PVT) Ltd.,270,305.3,82431.0,2025-08-03T11:36:26.313554
2025-08-03,124811,2025080304004204,API,Vision Securities Pvt. Ltd,Primo Securities (PVT) Ltd.,164,305.1,50036.4,2025-08-03T11:37:03.253099
2025-08-03,124610,2025080304004241,API,Vision Securities Pvt. Ltd,Deevyaa Securities & Stock House Pvt. Ltd,86,305.1,26238.6,2025-08-03T11:37:20.968034
2025-08-03,124565,2025080304004248,API,Online Securities Pvt. Ltd.,Kumari Securities Private Limited,2,305.0,610.0,2025-08-03T11:37:23.204987
2025-08-03,124540,2025080304004251,API,Vision Securities Pvt. Ltd,Deevyaa Securities & Stock House Pvt. Ltd,100,305.1,30510.0,2025-08-03T11:37:27.02474
2025-08-03,124158,2025080304004317,API,Vision Securities Pvt. Ltd,Sri Hari Securities Pvt. Ltd.,98,305.1,29899.8,2025-08-03T11:37:59.008156
2025-08-03,124157,2025080304004318,API,Vision Securities Pvt. Ltd,Sri Hari Securities Pvt. Ltd.,250,305.1,76275.0,2025-08-03T11:37:59.008411
2025-08-03,124156,2025080304004319,API,Vision Securities Pvt. Ltd,Sri Hari Securities Pvt. Ltd.,652,305.1,198925.2,2025-08-03T11:37:59.008532
2025-08-03,123761,2025080304004373,API,Vision Securities Pvt. Ltd,Opal Securities Investment (PVT) Ltd.,498,305.1,151939.8,2025-08-03T11:38:40.107813
2025-08-03,123760,2025080304004374,API,Vision Securities Pvt. Ltd,Opal Securities Investment (PVT) Ltd.,160,305.1,48816.0,2025-08-03T11:38:40.108302
2025-08-03,123759,2025080304004375,API,Vision Securities Pvt. Ltd,Opal Securities Investment (PVT) Ltd.,342,305.1,104344.2,2025-08-03T11:38:40.10865
2025-08-03,123435,2025080304004405,API,Vision Securities Pvt. Ltd,Opal Securities Investment (PVT) Ltd.,48,305.1,14644.8,2025-08-03T11:39:09.310719
2025-08-03,123434,2025080304004406,API,ABC Securities Private Limited,Opal Securities Investment (PVT) Ltd.,100,305.0,30500.0,2025-08-03T11:39:09.311006
2025-08-03,123433,2025080304004407,API,Imperial Securities Company Pvt. Ltd.,Opal Securities Investment (PVT) Ltd.,12,305.0,3660.0,2025-08-03T11:39:09.311126
2025-08-03,123431,2025080304004408,API,Bhrikuti Stock Broking Co. Pvt. Ltd.,Sundhara Securities Limited,108,305.5,32994.0,2025-08-03T11:39:09.426515
2025-08-03,123289,2025080304004423,API,Imperial Securities Company Pvt. Ltd.,Opal Securities Investment (PVT) Ltd.,88,305.0,26840.0,2025-08-03T11:39:20.369279
2025-08-03,123288,2025080304004424,API,Sundhara Securities Limited,Opal Securities Investment (PVT) Ltd.,500,305.0,152500.0,2025-08-03T11:39:20.369823
2025-08-03,123287,2025080304004425,API,Agrawal Securities (PVT) Ltd.,Opal Securities Investment (PVT) Ltd.,40,305.0,12200.0,2025-08-03T11:39:20.370227
2025-08-03,123286,2025080304004426,API,Deevyaa Securities & Stock House Pvt. Ltd,Opal Securities Investment (PVT) Ltd.,1372,305.0,418460.0,2025-08-03T11:39:20.37066
2025-08-03,123253,2025080304004428,API,Deevyaa Securities & Stock House Pvt. Ltd,Sri Hari Securities Pvt. Ltd.,628,305.0,191540.0,2025-08-03T11:39:23.65612
2025-08-03,122536,2025080304004518,API,Aryatara Investment & Securities,Sri Hari Securities Pvt. Ltd.,372,305.0,113460.0,2025-08-03T11:40:19.227772
2025-08-03,122535,2025080304004519,API,Aryatara Investment & Securities,J.F. Securites (PVT) Ltd.,10,305.0,3050.0,2025-08-03T11:40:19.22804
2025-08-03,122346,2025080304004556,API,Aryatara Investment & Securities,Sewa Securities Pvt. Ltd.,118,305.0,35990.0,2025-08-03T11:40:39.112976
2025-08-03,122228,2025080304004570,API,Kohinoor Investment & Securities Pvt. Ltd.,Shree Krishna Securities Ltd.,165,304.5,50242.5,2025-08-03T11:40:47.642382
2025-08-03,122142,2025080304004584,API,Online Securities Pvt. Ltd.,Asian Securities Private Ltd.,1,305.0,305.0,2025-08-03T11:40:57.655441
2025-08-03,122063,2025080304004593,API,Bhrikuti Stock Broking Co. Pvt. Ltd.,Shree Krishna Securities Ltd.,150,304.1,45615.0,2025-08-03T11:41:07.743188
2025-08-03,122062,2025080304004594,API,Online Securities Pvt. Ltd.,Shree Krishna Securities Ltd.,10,304.1,3041.0,2025-08-03T11:41:07.743514
2025-08-03,122061,2025080304004595,API,Deevyaa Securities & Stock House Pvt. Ltd,Shree Krishna Securities Ltd.,500,304.1,152050.0,2025-08-03T11:41:07.743634
2025-08-03,121871,2025080304004628,API,Creative Securities Pvt Ltd,Dakshinkali Investment & Securities Pvt. Ltd.,10,304.0,3040.0,2025-08-03T11:41:25.153876
2025-08-03,121870,2025080304004629,API,Dipshikha Dhitopatra Karobar Co. Pvt Ltd.,Dakshinkali Investment & Securities Pvt. Ltd.,40,304.0,12160.0,2025-08-03T11:41:25.154402
2025-08-03,121869,2025080304004630,API,Kalika Securities Pvt. Ltd.,Dakshinkali Investment & Securities Pvt. Ltd.,489,304.0,148656.0,2025-08-03T11:41:25.154757
2025-08-03,121852,2025080304004633,API,Kalika Securities Pvt. Ltd.,Shree Krishna Securities Ltd.,161,304.0,48944.0,2025-08-03T11:41:27.974747
2025-08-03,121851,2025080304004634,API,Midas Stock Broking Company Private Limited,Shree Krishna Securities Ltd.,210,304.0,63840.0,2025-08-03T11:41:27.975249
2025-08-03,121850,2025080304004635,API,Aryatara Investment & Securities,Shree Krishna Securities Ltd.,25,304.0,7600.0,2025-08-03T11:41:27.975674
2025-08-03,121626,2025080304004675,API,Agrawal Securities (PVT) Ltd.,Shree Krishna Securities Ltd.,40,303.4,12136.0,2025-08-03T11:41:43.050233
2025-08-03,121625,2025080304004676,API,Deevyaa Securities & Stock House Pvt. Ltd,Shree Krishna Securities Ltd.,500,303.4,151700.0,2025-08-03T11:41:43.050753
2025-08-03,121418,2025080304004693,API,ABC Securities Private Limited,Shree Krishna Securities Ltd.,339,303.3,102818.7,2025-08-03T11:41:59.193374
2025-08-03,121382,2025080304004694,API,ABC Securities Private Limited,Trishakti Securities Public Limited,132,303.3,40035.6,2025-08-03T11:42:01.129382
2025-08-03,121381,2025080304004695,API,Sumeru Securities Pvt. Ltd.,Trishakti Securities Public Limited,368,303.3,111614.4,2025-08-03T11:42:01.129702
2025-08-03,121291,2025080304004711,API,Sumeru Securities Pvt. Ltd.,Blue Chip Securities Ltd,500,303.3,151650.0,2025-08-03T11:42:10.214328
2025-08-03,121210,2025080304004717,API,Sumeru Securities Pvt. Ltd.,Nepal Stock House (PVT) Ltd.,52,303.3,15771.6,2025-08-03T11:42:18.191681
2025-08-03,121206,2025080304004718,API,Sumeru Securities Pvt. Ltd.,Secured Securities Ltd.,80,303.3,24264.0,2025-08-03T11:42:18.806086
2025-08-03,121159,2025080304004728,API,Imperial Securities Company Pvt. Ltd.,Secured Securities Ltd.,120,303.3,36396.0,2025-08-03T11:42:23.776737
2025-08-03,121158,2025080304004729,API,Imperial Securities Company Pvt. Ltd.,Vision Securities Pvt. Ltd,80,304.0,24320.0,2025-08-03T11:42:23.77702
2025-08-03,121062,2025080304004738,API,Miyo Securities Pvt Ltd,Online Securities Pvt. Ltd.,20,303.2,6064.0,2025-08-03T11:42:34.71724
2025-08-03,120525,2025080304004807,API,Miyo Securities Pvt Ltd,Deevyaa Securities & Stock House Pvt. Ltd,705,303.2,213756.0,2025-08-03T11:43:19.878609
2025-08-03,120483,2025080304004811,API,Asian Securities Private Ltd.,Vision Securities Pvt. Ltd,20,304.0,6080.0,2025-08-03T11:43:25.07211
2025-08-03,120482,2025080304004812,API,Asian Securities Private Ltd.,Sundhara Securities Limited,70,304.0,21280.0,2025-08-03T11:43:25.0724
2025-08-03,119611,2025080304004912,API,Stoxkarts Securities Limited,Sundhara Securities Limited,50,304.0,15200.0,2025-08-03T11:44:56.656806
2025-08-03,119578,2025080304004914,API,Online Securities Pvt. Ltd.,Naasa Securities Co. Ltd.,1,303.4,303.4,2025-08-03T11:44:59.630608
2025-08-03,119548,2025080304004916,API,Naasa Securities Co. Ltd.,Sundhara Securities Limited,72,304.0,21888.0,2025-08-03T11:45:00.755445
2025-08-03,119547,2025080304004917,API,Naasa Securities Co. Ltd.,SUN SECURITIES PVT LTD,28,304.0,8512.0,2025-08-03T11:45:00.755816
2025-08-03,119546,2025080304004918,API,Naasa Securities Co. Ltd.,Sagarmatha Securities Private Limited,200,304.0,60800.0,2025-08-03T11:45:00.755945
2025-08-03,119497,2025080304004922,API,Cristal Kanchanjanga Securites Pvt. Ltd.,Trishakti Securities Public Limited,500,303.3,151650.0,2025-08-03T11:45:05.830673
2025-08-03,118885,2025080304004996,API,SHUBHAKAMANA SECURITIES PVT. LTD,South Asian Bulls Pvt. Ltd.,89,304.5,27100.5,2025-08-03T11:46:02.204925
2025-08-03,118884,2025080304004997,API,SHUBHAKAMANA SECURITIES PVT. LTD,Sewa Securities Pvt. Ltd.,82,305.0,25010.0,2025-08-03T11:46:02.204989
2025-08-03,118883,2025080304004998,API,SHUBHAKAMANA SECURITIES PVT. LTD,Naasa Securities Co. Ltd.,42,305.0,12810.0,2025-08-03T11:46:02.205018
2025-08-03,118882,2025080304004999,API,SHUBHAKAMANA SECURITIES PVT. LTD,Nepal Stock House (PVT) Ltd.,58,305.0,17690.0,2025-08-03T11:46:02.205042
2025-08-03,118881,2025080304005000,API,SHUBHAKAMANA SECURITIES PVT. LTD,Nepal Investment And Securities Trading Private Limited,54,306.0,16524.0,2025-08-03T11:46:02.205067
2025-08-03,118880,2025080304005001,API,SHUBHAKAMANA SECURITIES PVT. LTD,ABC Securities Private Limited,165,306.0,50490.0,2025-08-03T11:46:02.205093
2025-08-03,118694,2025080304005036,API,SHUBHAKAMANA SECURITIES PVT. LTD,ABC Securities Private Limited,10,306.0,3060.0,2025-08-03T11:46:19.255129
2025-08-03,118228,2025080304005090,API,Malla & Malla Stock Broking Company Pvt. Limited,Online Securities Pvt. Ltd.,45,305.0,13725.0,2025-08-03T11:47:01.299838
2025-08-03,117418,2025080304005167,API,Aryatara Investment & Securities,Premier Securities Company Ltd.,502,304.0,152608.0,2025-08-03T11:48:08.562048
2025-08-03,117239,2025080304005191,API,Aryatara Investment & Securities,Vision Securities Pvt. Ltd,180,304.0,54720.0,2025-08-03T11:48:26.844926
2025-08-03,116462,2025080304005308,API,Oxford Securities Pvt. Ltd.,Asian Securities Private Ltd.,39,305.0,11895.0,2025-08-03T11:49:45.874355
2025-08-03,116461,2025080304005309,API,Oxford Securities Pvt. Ltd.,Siprabi Securities Pvt. Ltd.,161,305.0,49105.0,2025-08-03T11:49:45.874699
2025-08-03,116422,2025080304005315,API,SHUBHAKAMANA SECURITIES PVT. LTD,Siprabi Securities Pvt. Ltd.,500,305.0,152500.0,2025-08-03T11:49:49.92077
2025-08-03,115383,2025080304005469,API,Opal Securities Investment (PVT) Ltd.,J.F. Securites (PVT) Ltd.,6,298.9,1793.4,2025-08-03T11:51:21.60255
2025-08-03,114440,2025080304005625,API,Dynamic Money Managers Securities Pvt. Ltd.,Sewa Securities Pvt. Ltd.,413,304.1,125593.3,2025-08-03T11:52:49.531866
2025-08-03,114439,2025080304005626,API,Aryatara Investment & Securities,Sewa Securities Pvt. Ltd.,318,304.0,96672.0,2025-08-03T11:52:49.532205
2025-08-03,114438,2025080304005627,API,Malla & Malla Stock Broking Company Pvt. Limited,Sewa Securities Pvt. Ltd.,455,304.0,138320.0,2025-08-03T11:52:49.532382
2025-08-03,114437,2025080304005628,API,Stoxkarts Securities Limited,Sewa Securities Pvt. Ltd.,30,304.0,9120.0,2025-08-03T11:52:49.532535
2025-08-03,114436,2025080304005629,API,Oxford Securities Pvt. Ltd.,Sewa Securities Pvt. Ltd.,30,304.0,9120.0,2025-08-03T11:52:49.532681
2025-08-03,114435,2025080304005630,API,Sani Securities Company Ltd.,Sewa Securities Pvt. Ltd.,300,303.6,91080.0,2025-08-03T11:52:49.532847
2025-08-03,114434,2025080304005631,API,Opal Securities Investment (PVT) Ltd.,Sewa Securities Pvt. Ltd.,10,303.5,3035.0,2025-08-03T11:52:49.533038
2025-08-03,114433,2025080304005632,API,Dakshinkali Investment & Securities Pvt. Ltd.,Sewa Securities Pvt. Ltd.,444,303.5,134754.0,2025-08-03T11:52:49.533197
2025-08-03,113868,2025080304005705,API,Dakshinkali Investment & Securities Pvt. Ltd.,Aryatara Investment & Securities,482,303.5,146287.0,2025-08-03T11:53:39.937087
2025-08-03,113612,2025080304005774,API,Opal Securities Investment (PVT) Ltd.,Online Securities Pvt. Ltd.,2,298.0,596.0,2025-08-03T11:53:59.813796
2025-08-03,113349,2025080304005802,API,Sani Securities Company Ltd.,Dipshikha Dhitopatra Karobar Co. Pvt Ltd.,50,303.9,15195.0,2025-08-03T11:54:26.441221
2025-08-03,113266,2025080304005814,API,Dakshinkali Investment & Securities Pvt. Ltd.,South Asian Bulls Pvt. Ltd.,40,303.5,12140.0,2025-08-03T11:54:33.17477
2025-08-03,112678,2025080304005922,API,K.B.L. Securities Limited ,Dipshikha Dhitopatra Karobar Co. Pvt Ltd.,23,303.9,6989.7,2025-08-03T11:55:25.699418
2025-08-03,112677,2025080304005923,API,K.B.L. Securities Limited ,Secured Securities Ltd.,200,304.9,60980.0,2025-08-03T11:55:25.699809
2025-08-03,112676,2025080304005924,API,K.B.L. Securities Limited ,Siprabi Securities Pvt. Ltd.,339,305.0,103395.0,2025-08-03T11:55:25.699966
2025-08-03,112675,2025080304005925,API,K.B.L. Securities Limited ,Sagarmatha Securities Private Limited,200,305.0,61000.0,2025-08-03T11:55:25.700118
2025-08-03,112674,2025080304005926,API,K.B.L. Securities Limited ,Online Securities Pvt. Ltd.,25,305.0,7625.0,2025-08-03T11:55:25.700321
2025-08-03,112673,2025080304005927,API,K.B.L. Securities Limited ,Opal Securities Investment (PVT) Ltd.,300,305.0,91500.0,2025-08-03T11:55:25.700473
2025-08-03,112672,2025080304005928,API,K.B.L. Securities Limited ,Online Securities Pvt. Ltd.,913,305.0,278465.0,2025-08-03T11:55:25.700621
2025-08-03,110796,2025080304006237,API,Naasa Securities Co. Ltd.,Online Securities Pvt. Ltd.,94,305.0,28670.0,2025-08-03T11:58:25.670522
2025-08-03,110795,2025080304006238,API,Naasa Securities Co. Ltd.,Elite Stock House Limited,50,305.0,15250.0,2025-08-03T11:58:25.670855
2025-08-03,110794,2025080304006239,API,Naasa Securities Co. Ltd.,Sundhara Securities Limited,56,305.0,17080.0,2025-08-03T11:58:25.671008
2025-08-03,110778,2025080304006241,API,Sumeru Securities Pvt. Ltd.,Sundhara Securities Limited,49,305.0,14945.0,2025-08-03T11:58:27.694864
2025-08-03,109814,2025080304006371,API,Sumeru Securities Pvt. Ltd.,Arun Securities (PVT) Ltd.,151,305.0,46055.0,2025-08-03T11:59:59.401766
2025-08-03,109813,2025080304006372,API,Stoxkarts Securities Limited,Arun Securities (PVT) Ltd.,42,305.0,12810.0,2025-08-03T11:59:59.402139
2025-08-03,109388,2025080304006433,API,ABC Securities Private Limited,Sewa Securities Pvt. Ltd.,1000,305.0,305000.0,2025-08-03T12:00:40.428731
2025-08-03,108654,2025080304006535,API,Aryatara Investment & Securities,Kohinoor Investment & Securities Pvt. Ltd.,20,305.1,6102.0,2025-08-03T12:01:51.623715
2025-08-03,108319,2025080304006590,API,Opal Securities Investment (PVT) Ltd.,Online Securities Pvt. Ltd.,1,301.0,301.0,2025-08-03T12:02:22.01863
2025-08-03,108156,2025080304006625,API,Neev Securities Pvt. Ltd.,Vision Securities Pvt. Ltd,200,305.5,61100.0,2025-08-03T12:02:36.397251
2025-08-03,108155,2025080304006626,API,Neev Securities Pvt. Ltd.,Cristal Kanchanjanga Securites Pvt. Ltd.,100,305.5,30550.0,2025-08-03T12:02:36.398041
2025-08-03,106969,2025080304006811,API,Trishakti Securities Public Limited,Dynamic Money Managers Securities Pvt. Ltd.,100,305.2,30520.0,2025-08-03T12:04:28.668438
2025-08-03,106869,2025080304006829,API,Trishakti Securities Public Limited,Online Securities Pvt. Ltd.,23,305.2,7019.6,2025-08-03T12:04:38.252081
2025-08-03,106199,2025080304006965,API,Naasa Securities Co. Ltd.,Vision Securities Pvt. Ltd,150,305.3,45795.0,2025-08-03T12:05:55.461412
2025-08-03,106198,2025080304006966,API,Trishakti Securities Public Limited,Vision Securities Pvt. Ltd,877,305.2,267660.4,2025-08-03T12:05:55.461538
2025-08-03,106197,2025080304006967,API,ABC Securities Private Limited,Vision Securities Pvt. Ltd,100,305.2,30520.0,2025-08-03T12:05:55.46165
2025-08-03,106196,2025080304006968,API,Aryatara Investment & Securities,Vision Securities Pvt. Ltd,2980,305.1,909198.0,2025-08-03T12:05:55.461715
2025-08-03,106195,2025080304006969,API,Neev Securities Pvt. Ltd.,Vision Securities Pvt. Ltd,10,305.1,3051.0,2025-08-03T12:05:55.461775
2025-08-03,106194,2025080304006970,API,Vision Securities Pvt. Ltd,Vision Securities Pvt. Ltd,170,305.0,51850.0,2025-08-03T12:05:55.461843
2025-08-03,106193,2025080304006971,API,J.F. Securites (PVT) Ltd.,Vision Securities Pvt. Ltd,150,305.0,45750.0,2025-08-03T12:05:55.461909
2025-08-03,106192,2025080304006972,API,Stoxkarts Securities Limited,Vision Securities Pvt. Ltd,20,304.0,6080.0,2025-08-03T12:05:55.462006
2025-08-03,106191,2025080304006973,API,Stoxkarts Securities Limited,Vision Securities Pvt. Ltd,30,304.0,9120.0,2025-08-03T12:05:55.462129
2025-08-03,106190,2025080304006974,API,Investment Management Nepal Pvt. Ltd.,Vision Securities Pvt. Ltd,13,304.0,3952.0,2025-08-03T12:05:55.462227
2025-08-03,105779,2025080304007063,API,Kalika Securities Pvt. Ltd.,Dipshikha Dhitopatra Karobar Co. Pvt Ltd.,21,304.5,6394.5,2025-08-03T12:06:38.895957
2025-08-03,105778,2025080304007064,API,Investment Management Nepal Pvt. Ltd.,Dipshikha Dhitopatra Karobar Co. Pvt Ltd.,487,304.0,148048.0,2025-08-03T12:06:38.896005
2025-08-03,105777,2025080304007065,API,Vision Securities Pvt. Ltd,Dipshikha Dhitopatra Karobar Co. Pvt Ltd.,30,304.0,9120.0,2025-08-03T12:06:38.896039
2025-08-03,105776,2025080304007066,API,Naasa Securities Co. Ltd.,Dipshikha Dhitopatra Karobar Co. Pvt Ltd.,100,304.0,30400.0,2025-08-03T12:06:38.896066
2025-08-03,105775,2025080304007067,API,Arun Securities (PVT) Ltd.,Dipshikha Dhitopatra Karobar Co. Pvt Ltd.,151,304.0,45904.0,2025-08-03T12:06:38.896093
2025-08-03,105756,2025080304007071,API,Naasa Securities Co. Ltd.,Sweta Securities Private Limited,50,305.9,15295.0,2025-08-03T12:06:41.739579
2025-08-03,105562,2025080304007109,API,Dynamic Money Managers Securities Pvt. Ltd.,Sweta Securities Private Limited,540,305.9,165186.0,2025-08-03T12:07:06.675021
2025-08-03,105110,2025080304007209,API,Capital Max Securities Ltd,Dynamic Money Managers Securities Pvt. Ltd.,11,304.1,3345.1,2025-08-03T12:08:00.891049
2025-08-03,104172,2025080304007373,API,Premier Securities Company Ltd.,Sweta Securities Private Limited,60,305.9,18354.0,2025-08-03T12:09:38.44586
2025-08-03,104171,2025080304007374,API,Premier Securities Company Ltd.,Vision Securities Pvt. Ltd,40,305.9,12236.0,2025-08-03T12:09:38.446281
2025-08-03,103989,2025080304007413,API,Deevyaa Securities & Stock House Pvt. Ltd,APPLE SECURITIES PRIVATE LIMITED,17,305.0,5185.0,2025-08-03T12:09:58.270227
2025-08-03,103759,2025080304007450,API,Deevyaa Securities & Stock House Pvt. Ltd,Kumari Securities Private Limited,13,305.0,3965.0,2025-08-03T12:10:30.03683
2025-08-03,103758,2025080304007451,API,Oxford Securities Pvt. Ltd.,Kumari Securities Private Limited,1000,305.0,305000.0,2025-08-03T12:10:30.037261
2025-08-03,103722,2025080304007457,API,Midas Stock Broking Company Private Limited,Kumari Securities Private Limited,160,305.0,48800.0,2025-08-03T12:10:33.650873
2025-08-03,103524,2025080304007476,API,Dipshikha Dhitopatra Karobar Co. Pvt Ltd.,J.F. Securites (PVT) Ltd.,21,304.2,6388.2,2025-08-03T12:10:53.934168
2025-08-03,103320,2025080304007494,API,ABC Securities Private Limited,Kumari Securities Private Limited,327,305.0,99735.0,2025-08-03T12:11:17.712765
2025-08-03,103170,2025080304007538,API,ABC Securities Private Limited,Imperial Securities Company Pvt. Ltd.,20,305.0,6100.0,2025-08-03T12:11:35.704721
2025-08-03,102910,2025080304007609,API,ABC Securities Private Limited,Trisul Securities & Invt. Ltd.,100,305.0,30500.0,2025-08-03T12:12:06.408348
2025-08-03,102710,2025080304007653,API,Opal Securities Investment (PVT) Ltd.,Agrawal Securities (PVT) Ltd.,2,303.5,607.0,2025-08-03T12:12:37.157696
2025-08-03,102644,2025080304007667,API,ABC Securities Private Limited,Sundhara Securities Limited,36,305.0,10980.0,2025-08-03T12:12:46.48918
2025-08-03,102335,2025080304007746,API,ABC Securities Private Limited,Sri Hari Securities Pvt. Ltd.,517,305.0,157685.0,2025-08-03T12:13:25.929692
2025-08-03,102334,2025080304007747,API,Trishakti Securities Public Limited,Sri Hari Securities Pvt. Ltd.,470,305.0,143350.0,2025-08-03T12:13:25.930492
2025-08-03,101711,2025080304007842,API,Trishakti Securities Public Limited,Imperial Securities Company Pvt. Ltd.,105,305.0,32025.0,2025-08-03T12:14:42.605785
2025-08-03,101649,2025080304007855,API,Trishakti Securities Public Limited,Oxford Securities Pvt. Ltd.,225,305.0,68625.0,2025-08-03T12:14:51.338207
2025-08-03,101648,2025080304007856,API,Kohinoor Investment & Securities Pvt. Ltd.,Oxford Securities Pvt. Ltd.,60,305.0,18300.0,2025-08-03T12:14:51.338694
2025-08-03,101647,2025080304007857,API,SUN SECURITIES PVT LTD,Oxford Securities Pvt. Ltd.,15,305.0,4575.0,2025-08-03T12:14:51.338894
2025-08-03,101625,2025080304007861,API,Shree Krishna Securities Ltd.,S.P.S.A. Securities Limited,150,305.8,45870.0,2025-08-03T12:14:53.752625
2025-08-03,101556,2025080304007871,API,SUN SECURITIES PVT LTD,Sani Securities Company Ltd.,15,305.0,4575.0,2025-08-03T12:15:03.663002
2025-08-03,101555,2025080304007872,API,Sewa Securities Pvt. Ltd.,Sani Securities Company Ltd.,100,305.0,30500.0,2025-08-03T12:15:03.663389
2025-08-03,101554,2025080304007873,API,Dipshikha Dhitopatra Karobar Co. Pvt Ltd.,Sani Securities Company Ltd.,11,305.0,3355.0,2025-08-03T12:15:03.663572
2025-08-03,101553,2025080304007874,API,Miyo Securities Pvt Ltd,Sani Securities Company Ltd.,100,305.0,30500.0,2025-08-03T12:15:03.663742
2025-08-03,101552,2025080304007875,API,Dipshikha Dhitopatra Karobar Co. Pvt Ltd.,Sani Securities Company Ltd.,219,304.2,66619.8,2025-08-03T12:15:03.663919
2025-08-03,101551,2025080304007876,API,Thrive Brokerage House Pvt. Ltd,Sani Securities Company Ltd.,100,304.2,30420.0,2025-08-03T12:15:03.664094
2025-08-03,101550,2025080304007877,API,Agrawal Securities (PVT) Ltd.,Sani Securities Company Ltd.,55,304.2,16731.0,2025-08-03T12:15:03.664262
2025-08-03,99681,2025080304008204,API,Trisul Securities & Invt. Ltd.,Trishakti Securities Public Limited,40,304.5,12180.0,2025-08-03T12:19:12.042852
2025-08-03,99433,2025080304008243,API,Ashutosh Brokerage & Securities (PVT) Ltd.,Imperial Securities Company Pvt. Ltd.,29,304.6,8833.4,2025-08-03T12:19:38.545809
2025-08-03,99156,2025080304008314,API,Opal Securities Investment (PVT) Ltd.,Dynamic Money Managers Securities Pvt. Ltd.,65,305.0,19825.0,2025-08-03T12:20:11.68834
2025-08-03,99155,2025080304008315,API,Trisul Securities & Invt. Ltd.,Dynamic Money Managers Securities Pvt. Ltd.,260,304.5,79170.0,2025-08-03T12:20:11.688755
2025-08-03,99154,2025080304008316,API,Trisul Securities & Invt. Ltd.,Dynamic Money Managers Securities Pvt. Ltd.,175,304.5,53287.5,2025-08-03T12:20:11.688973
2025-08-03,99148,2025080304008317,API,Trisul Securities & Invt. Ltd.,Online Securities Pvt. Ltd.,40,304.5,12180.0,2025-08-03T12:20:12.422897
2025-08-03,98926,2025080304008352,API,Trisul Securities & Invt. Ltd.,Trisul Securities & Invt. Ltd.,433,304.5,131848.5,2025-08-03T12:20:34.811485
2025-08-03,98644,2025080304008383,API,Investment Management Nepal Pvt. Ltd.,Shree Krishna Securities Ltd.,4,301.3,1205.2,2025-08-03T12:21:02.818968
2025-08-03,96539,2025080304008679,API,Naasa Securities Co. Ltd.,South Asian Bulls Pvt. Ltd.,200,304.7,60940.0,2025-08-03T12:24:59.917019
2025-08-03,96429,2025080304008701,API,ABC Securities Private Limited,Naasa Securities Co. Ltd.,50,305.0,15250.0,2025-08-03T12:25:10.965278
2025-08-03,96428,2025080304008702,API,ABC Securities Private Limited,Creative Securities Pvt Ltd,10,305.0,3050.0,2025-08-03T12:25:10.965783
2025-08-03,96427,2025080304008703,API,ABC Securities Private Limited,Aryatara Investment & Securities,240,305.0,73200.0,2025-08-03T12:25:10.966092
2025-08-03,95856,2025080304008817,API,Creative Securities Pvt Ltd,Opal Securities Investment (PVT) Ltd.,82,304.9,25001.8,2025-08-03T12:26:11.727603
2025-08-03,95855,2025080304008818,API,Creative Securities Pvt Ltd,Aryatara Investment & Securities,18,305.0,5490.0,2025-08-03T12:26:11.728044
2025-08-03,95658,2025080304008854,API,Premier Securities Company Ltd.,Sani Securities Company Ltd.,16,304.8,4876.8,2025-08-03T12:26:36.756478
2025-08-03,95497,2025080304008869,API,Deevyaa Securities & Stock House Pvt. Ltd,Aryatara Investment & Securities,1000,305.0,305000.0,2025-08-03T12:26:56.786294
2025-08-03,95315,2025080304008890,API,Creative Securities Pvt Ltd,Aryatara Investment & Securities,60,305.0,18300.0,2025-08-03T12:27:14.026999
2025-08-03,94997,2025080304008955,API,Oxford Securities Pvt. Ltd.,Aryatara Investment & Securities,300,305.0,91500.0,2025-08-03T12:27:51.879392
2025-08-03,94944,2025080304008965,API,Premier Securities Company Ltd.,Arun Securities (PVT) Ltd.,23,304.8,7010.4,2025-08-03T12:27:56.304594
2025-08-03,94701,2025080304009000,API,Oxford Securities Pvt. Ltd.,Aryatara Investment & Securities,100,305.0,30500.0,2025-08-03T12:28:21.200777
2025-08-03,94545,2025080304009016,API,Premier Securities Company Ltd.,Kumari Securities Private Limited,161,304.8,49072.8,2025-08-03T12:28:40.741669
2025-08-03,94544,2025080304009017,API,Naasa Securities Co. Ltd.,Kumari Securities Private Limited,800,304.7,243760.0,2025-08-03T12:28:40.742121
2025-08-03,94147,2025080304009067,API,Market Securities & Exchange (PVT) Ltd.,Capital Max Securities Ltd,20,304.6,6092.0,2025-08-03T12:29:34.049084
2025-08-03,94036,2025080304009075,API,Trisul Securities & Invt. Ltd.,Investment Management Nepal Pvt. Ltd.,352,304.5,107184.0,2025-08-03T12:29:47.167948
2025-08-03,94035,2025080304009076,API,Trisul Securities & Invt. Ltd.,Investment Management Nepal Pvt. Ltd.,1000,304.5,304500.0,2025-08-03T12:29:47.168855
2025-08-03,94034,2025080304009077,API,Sani Securities Company Ltd.,Investment Management Nepal Pvt. Ltd.,10,304.5,3045.0,2025-08-03T12:29:47.169487
2025-08-03,94033,2025080304009078,API,Agrawal Securities (PVT) Ltd.,Investment Management Nepal Pvt. Ltd.,1645,304.2,500409.0,2025-08-03T12:29:47.170108
2025-08-03,94032,2025080304009079,API,Deevyaa Securities & Stock House Pvt. Ltd,Investment Management Nepal Pvt. Ltd.,20,304.2,6084.0,2025-08-03T12:29:47.170736
2025-08-03,94031,2025080304009080,API,Capital Max Securities Ltd,Investment Management Nepal Pvt. Ltd.,75,304.1,22807.5,2025-08-03T12:29:47.171357
2025-08-03,94030,2025080304009081,API,Linch Stock Market Ltd.,Investment Management Nepal Pvt. Ltd.,200,304.1,60820.0,2025-08-03T12:29:47.171973
2025-08-03,94029,2025080304009082,API,Naasa Securities Co. Ltd.,Investment Management Nepal Pvt. Ltd.,130,304.1,39533.0,2025-08-03T12:29:47.1726
2025-08-03,94028,2025080304009083,API,Naasa Securities Co. Ltd.,Investment Management Nepal Pvt. Ltd.,111,304.1,33755.1,2025-08-03T12:29:47.173229
2025-08-03,94027,2025080304009084,API,Arun Securities (PVT) Ltd.,Investment Management Nepal Pvt. Ltd.,49,304.0,14896.0,2025-08-03T12:29:47.173885
2025-08-03,94026,2025080304009085,API,Neev Securities Pvt. Ltd.,Investment Management Nepal Pvt. Ltd.,200,304.0,60800.0,2025-08-03T12:29:47.174517
2025-08-03,94025,2025080304009086,API,Sweta Securities Private Limited,Investment Management Nepal Pvt. Ltd.,50,304.0,15200.0,2025-08-03T12:29:47.17513
2025-08-03,94024,2025080304009087,API,Imperial Securities Company Pvt. Ltd.,Investment Management Nepal Pvt. Ltd.,158,304.0,48032.0,2025-08-03T12:29:47.175807
2025-08-03,93829,2025080304009102,API,Vision Securities Pvt. Ltd,Investment Management Nepal Pvt. Ltd.,750,304.1,228075.0,2025-08-03T12:30:09.365673
2025-08-03,93828,2025080304009103,API,Imperial Securities Company Pvt. Ltd.,Investment Management Nepal Pvt. Ltd.,42,304.0,12768.0,2025-08-03T12:30:09.366577
2025-08-03,93827,2025080304009104,API,Deevyaa Securities & Stock House Pvt. Ltd,Investment Management Nepal Pvt. Ltd.,110,304.0,33440.0,2025-08-03T12:30:09.367204
2025-08-03,93826,2025080304009105,API,Vision Securities Pvt. Ltd,Investment Management Nepal Pvt. Ltd.,200,304.0,60800.0,2025-08-03T12:30:09.367825
2025-08-03,93825,2025080304009106,API,Sri Hari Securities Pvt. Ltd.,Investment Management Nepal Pvt. Ltd.,200,304.0,60800.0,2025-08-03T12:30:09.368432
2025-08-03,93824,2025080304009107,API,Stoxkarts Securities Limited,Investment Management Nepal Pvt. Ltd.,18,304.0,5472.0,2025-08-03T12:30:09.369077
2025-08-03,93823,2025080304009108,API,Sipla Securities Private Limited,Investment Management Nepal Pvt. Ltd.,50,304.0,15200.0,2025-08-03T12:30:09.369708
2025-08-03,93822,2025080304009109,API,Sundhara Securities Limited,Investment Management Nepal Pvt. Ltd.,380,304.0,115520.0,2025-08-03T12:30:09.370304
2025-08-03,93821,2025080304009110,API,Nepal Stock House (PVT) Ltd.,Investment Management Nepal Pvt. Ltd.,500,304.0,152000.0,2025-08-03T12:30:09.370936
2025-08-03,93820,2025080304009111,API,Naasa Securities Co. Ltd.,Investment Management Nepal Pvt. Ltd.,500,304.0,152000.0,2025-08-03T12:30:09.371553
2025-08-03,92923,2025080304009231,API,Dipshikha Dhitopatra Karobar Co. Pvt Ltd.,Naasa Securities Co. Ltd.,88,303.7,26725.6,2025-08-03T12:31:51.683977
2025-08-03,92213,2025080304009337,API,Dipshikha Dhitopatra Karobar Co. Pvt Ltd.,INDEX SECURITIES LIMITED,212,303.7,64384.4,2025-08-03T12:33:21.039476
2025-08-03,92212,2025080304009338,API,Sri Hari Securities Pvt. Ltd.,INDEX SECURITIES LIMITED,163,303.7,49503.1,2025-08-03T12:33:21.039944
2025-08-03,92208,2025080304009340,API,Dipshikha Dhitopatra Karobar Co. Pvt Ltd.,Investment Management Nepal Pvt. Ltd.,10,304.8,3048.0,2025-08-03T12:33:21.616764
2025-08-03,91702,2025080304009425,API,Sri Hari Securities Pvt. Ltd.,Naasa Securities Co. Ltd.,37,303.7,11236.9,2025-08-03T12:34:15.091102
2025-08-03,91701,2025080304009426,API,Cristal Kanchanjanga Securites Pvt. Ltd.,Naasa Securities Co. Ltd.,500,303.7,151850.0,2025-08-03T12:34:15.091631
2025-08-03,91700,2025080304009427,API,Sumeru Securities Pvt. Ltd.,Naasa Securities Co. Ltd.,463,303.6,140566.8,2025-08-03T12:34:15.091905
2025-08-03,91458,2025080304009463,API,Sumeru Securities Pvt. Ltd.,Sani Securities Company Ltd.,10,303.6,3036.0,2025-08-03T12:34:41.534087
2025-08-03,90769,2025080304009530,API,Naasa Securities Co. Ltd.,Investment Management Nepal Pvt. Ltd.,100,303.7,30370.0,2025-08-03T12:35:58.107949
2025-08-03,90565,2025080304009555,API,Sani Securities Company Ltd.,Indira securities pvt. ltd,200,303.9,60780.0,2025-08-03T12:36:25.227979
2025-08-03,90564,2025080304009556,API,Sani Securities Company Ltd.,Aryatara Investment & Securities,10,303.9,3039.0,2025-08-03T12:36:25.22844
2025-08-03,90526,2025080304009559,API,Sani Securities Company Ltd.,Ashutosh Brokerage & Securities (PVT) Ltd.,552,303.9,167752.8,2025-08-03T12:36:30.190113
2025-08-03,90396,2025080304009574,API,Oxford Securities Pvt. Ltd.,Sani Securities Company Ltd.,33,304.0,10032.0,2025-08-03T12:36:43.717423
2025-08-03,90175,2025080304009602,API,Sani Securities Company Ltd.,Investment Management Nepal Pvt. Ltd.,30,303.9,9117.0,2025-08-03T12:37:08.482488
2025-08-03,90140,2025080304009606,API,Vision Securities Pvt. Ltd,Vision Securities Pvt. Ltd,280,303.7,85036.0,2025-08-03T12:37:14.39297
2025-08-03,90139,2025080304009607,API,Siprabi Securities Pvt. Ltd.,Vision Securities Pvt. Ltd,200,303.7,60740.0,2025-08-03T12:37:14.393024
2025-08-03,90138,2025080304009608,API,Sumeru Securities Pvt. Ltd.,Vision Securities Pvt. Ltd,620,303.6,188232.0,2025-08-03T12:37:14.393064
2025-08-03,89955,2025080304009627,API,Sumeru Securities Pvt. Ltd.,Naasa Securities Co. Ltd.,77,303.6,23377.2,2025-08-03T12:37:35.981867
2025-08-03,89805,2025080304009656,API,Sani Securities Company Ltd.,Siprabi Securities Pvt. Ltd.,25,303.7,7592.5,2025-08-03T12:37:52.624957
2025-08-03,89464,2025080304009692,API,Sumeru Securities Pvt. Ltd.,Oxford Securities Pvt. Ltd.,475,303.6,144210.0,2025-08-03T12:38:25.569862
2025-08-03,89463,2025080304009693,API,Sani Securities Company Ltd.,Oxford Securities Pvt. Ltd.,100,303.5,30350.0,2025-08-03T12:38:25.570309
2025-08-03,89462,2025080304009694,API,Sani Securities Company Ltd.,Oxford Securities Pvt. Ltd.,10,303.5,3035.0,2025-08-03T12:38:25.570563
2025-08-03,89461,2025080304009695,API,Cristal Kanchanjanga Securites Pvt. Ltd.,Oxford Securities Pvt. Ltd.,215,303.3,65209.5,2025-08-03T12:38:25.570804
2025-08-03,89458,2025080304009696,API,Nepal Investment And Securities Trading Private Limited,Siprabi Securities Pvt. Ltd.,20,303.7,6074.0,2025-08-03T12:38:25.996822
2025-08-03,89259,2025080304009723,API,Cristal Kanchanjanga Securites Pvt. Ltd.,Siprabi Securities Pvt. Ltd.,35,303.3,10615.5,2025-08-03T12:38:52.354444
2025-08-03,89194,2025080304009730,API,Cristal Kanchanjanga Securites Pvt. Ltd.,Trishakti Securities Public Limited,250,303.3,75825.0,2025-08-03T12:39:00.59294
2025-08-03,89193,2025080304009731,API,Sani Securities Company Ltd.,Trishakti Securities Public Limited,20,303.3,6066.0,2025-08-03T12:39:00.593395
2025-08-03,89190,2025080304009732,API,Sani Securities Company Ltd.,Dipshikha Dhitopatra Karobar Co. Pvt Ltd.,30,303.3,9099.0,2025-08-03T12:39:02.76192
2025-08-03,89189,2025080304009733,API,Miyo Securities Pvt Ltd,Dipshikha Dhitopatra Karobar Co. Pvt Ltd.,64,303.3,19411.2,2025-08-03T12:39:02.762396
2025-08-03,88997,2025080304009751,API,Miyo Securities Pvt Ltd,Dipshikha Dhitopatra Karobar Co. Pvt Ltd.,10,303.3,3033.0,2025-08-03T12:39:19.985368
2025-08-03,88901,2025080304009761,API,Miyo Securities Pvt Ltd,Roadshow securities limited,109,303.3,33059.7,2025-08-03T12:39:31.478293
2025-08-03,88747,2025080304009800,API,Miyo Securities Pvt Ltd,Nepal Stock House (PVT) Ltd.,10,303.3,3033.0,2025-08-03T12:39:47.448962
2025-08-03,88723,2025080304009803,API,Miyo Securities Pvt Ltd,Vision Securities Pvt. Ltd,49,303.3,14861.7,2025-08-03T12:39:51.212555
2025-08-03,88453,2025080304009858,API,ABC Securities Private Limited,Sagarmatha Securities Private Limited,500,303.5,151750.0,2025-08-03T12:40:21.819309
2025-08-03,88452,2025080304009859,API,ABC Securities Private Limited,Vision Securities Pvt. Ltd,200,303.5,60700.0,2025-08-03T12:40:21.819383
2025-08-03,88451,2025080304009860,API,ABC Securities Private Limited,Sani Securities Company Ltd.,300,304.0,91200.0,2025-08-03T12:40:21.819417
2025-08-03,88319,2025080304009894,API,Miyo Securities Pvt Ltd,Dakshinkali Investment & Securities Pvt. Ltd.,502,303.3,152256.6,2025-08-03T12:40:35.783331
2025-08-03,87872,2025080304009985,API,Sweta Securities Private Limited,Linch Stock Market Ltd.,250,303.5,75875.0,2025-08-03T12:41:30.260294
2025-08-03,87544,2025080304010046,API,Sweta Securities Private Limited,Sundhara Securities Limited,50,303.5,15175.0,2025-08-03T12:42:07.694878
2025-08-03,87336,2025080304010086,API,Sundhara Securities Limited,Sundhara Securities Limited,32,303.5,9712.0,2025-08-03T12:42:34.840863
2025-08-03,87097,2025080304010135,API,Sundhara Securities Limited,Arun Securities (PVT) Ltd.,68,303.5,20638.0,2025-08-03T12:42:57.011856
2025-08-03,86966,2025080304010146,API,Naasa Securities Co. Ltd.,Arun Securities (PVT) Ltd.,500,303.4,151700.0,2025-08-03T12:43:08.611677
2025-08-03,86851,2025080304010159,API,Dakshinkali Investment & Securities Pvt. Ltd.,Arun Securities (PVT) Ltd.,1040,303.4,315536.0,2025-08-03T12:43:21.110014
2025-08-03,86684,2025080304010183,API,Miyo Securities Pvt Ltd,Online Securities Pvt. Ltd.,256,303.3,77644.8,2025-08-03T12:43:38.191668
2025-08-03,86683,2025080304010184,API,Sani Securities Company Ltd.,Online Securities Pvt. Ltd.,10,303.3,3033.0,2025-08-03T12:43:38.192773
2025-08-03,86682,2025080304010185,API,Bhrikuti Stock Broking Co. Pvt. Ltd.,Online Securities Pvt. Ltd.,30,303.2,9096.0,2025-08-03T12:43:38.193838
2025-08-03,86681,2025080304010186,API,Trishakti Securities Public Limited,Online Securities Pvt. Ltd.,149,303.2,45176.8,2025-08-03T12:43:38.194846
2025-08-03,86144,2025080304010259,API,Sani Securities Company Ltd.,Blue Chip Securities Ltd,10,303.4,3034.0,2025-08-03T12:44:25.460762
2025-08-03,85797,2025080304010310,API,Asian Securities Private Ltd.,Arun Securities (PVT) Ltd.,28,303.3,8492.4,2025-08-03T12:45:03.309527
2025-08-03,85719,2025080304010324,API,Naasa Securities Co. Ltd.,Blue Chip Securities Ltd,65,303.4,19721.0,2025-08-03T12:45:14.045919
2025-08-03,85481,2025080304010353,API,Ashutosh Brokerage & Securities (PVT) Ltd.,Blue Chip Securities Ltd,98,303.4,29733.2,2025-08-03T12:45:36.71743
2025-08-03,85279,2025080304010367,API,Asian Securities Private Ltd.,Nepal Stock House (PVT) Ltd.,101,303.3,30633.3,2025-08-03T12:45:51.264344
2025-08-03,84672,2025080304010468,API,Asian Securities Private Ltd.,Sewa Securities Pvt. Ltd.,71,303.3,21534.3,2025-08-03T12:46:54.204805
2025-08-03,84671,2025080304010469,API,Trishakti Securities Public Limited,Sewa Securities Pvt. Ltd.,351,303.2,106423.2,2025-08-03T12:46:54.205339
2025-08-03,84670,2025080304010470,API,Miyo Securities Pvt Ltd,Sewa Securities Pvt. Ltd.,578,303.1,175191.8,2025-08-03T12:46:54.205751
2025-08-03,83914,2025080304010608,API,Miyo Securities Pvt Ltd,Sundhara Securities Limited,422,303.1,127908.2,2025-08-03T12:48:05.994545
2025-08-03,83913,2025080304010609,API,Sumeru Securities Pvt. Ltd.,Sundhara Securities Limited,290,303.1,87899.0,2025-08-03T12:48:05.995752
2025-08-03,83912,2025080304010610,API,Sumeru Securities Pvt. Ltd.,Sundhara Securities Limited,34,303.0,10302.0,2025-08-03T12:48:05.996845
2025-08-03,83911,2025080304010611,API,Blue Chip Securities Ltd,Sundhara Securities Limited,20,303.0,6060.0,2025-08-03T12:48:05.997898
2025-08-03,83910,2025080304010612,API,Linch Stock Market Ltd.,Sundhara Securities Limited,234,303.0,70902.0,2025-08-03T12:48:05.998958
2025-08-03,83668,2025080304010635,API,Linch Stock Market Ltd.,Sundhara Securities Limited,466,303.0,141198.0,2025-08-03T12:48:31.141812
2025-08-03,83667,2025080304010636,API,Sweta Securities Private Limited,Sundhara Securities Limited,100,303.0,30300.0,2025-08-03T12:48:31.142789
2025-08-03,83666,2025080304010637,API,Online Securities Pvt. Ltd.,Sundhara Securities Limited,434,303.0,131502.0,2025-08-03T12:48:31.143476
2025-08-03,83021,2025080304010735,API,Online Securities Pvt. Ltd.,Kohinoor Investment & Securities Pvt. Ltd.,50,303.0,15150.0,2025-08-03T12:49:22.650547
2025-08-03,82674,2025080304010795,API,Online Securities Pvt. Ltd.,Naasa Securities Co. Ltd.,16,303.0,4848.0,2025-08-03T12:49:50.604995
2025-08-03,82673,2025080304010796,API,Agrawal Securities (PVT) Ltd.,Naasa Securities Co. Ltd.,47,303.0,14241.0,2025-08-03T12:49:50.605976
2025-08-03,82214,2025080304010889,API,Agrawal Securities (PVT) Ltd.,Dakshinkali Investment & Securities Pvt. Ltd.,53,303.0,16059.0,2025-08-03T12:50:29.943737
2025-08-03,82213,2025080304010890,API,Aryatara Investment & Securities,Dakshinkali Investment & Securities Pvt. Ltd.,147,303.0,44541.0,2025-08-03T12:50:29.944232
2025-08-03,82212,2025080304010891,API,Aryatara Investment & Securities,Naasa Securities Co. Ltd.,100,303.0,30300.0,2025-08-03T12:50:30.219042
2025-08-03,81853,2025080304010963,API,Ashutosh Brokerage & Securities (PVT) Ltd.,Dipshikha Dhitopatra Karobar Co. Pvt Ltd.,50,303.1,15155.0,2025-08-03T12:50:57.186069
2025-08-03,81517,2025080304011035,API,Aryatara Investment & Securities,Dynamic Money Managers Securities Pvt. Ltd.,86,303.0,26058.0,2025-08-03T12:51:21.971614
2025-08-03,81516,2025080304011036,API,Sweta Securities Private Limited,Dynamic Money Managers Securities Pvt. Ltd.,51,303.0,15453.0,2025-08-03T12:51:21.972071
2025-08-03,81099,2025080304011110,API,Siprabi Securities Pvt. Ltd.,Online Securities Pvt. Ltd.,16,303.1,4849.6,2025-08-03T12:51:59.818347
2025-08-03,81098,2025080304011111,API,Sweta Securities Private Limited,Online Securities Pvt. Ltd.,49,303.0,14847.0,2025-08-03T12:51:59.818831
2025-08-03,81097,2025080304011112,API,Primo Securities (PVT) Ltd.,Online Securities Pvt. Ltd.,100,303.0,30300.0,2025-08-03T12:51:59.819064
2025-08-03,81096,2025080304011113,API,Siprabi Securities Pvt. Ltd.,Online Securities Pvt. Ltd.,45,303.0,13635.0,2025-08-03T12:51:59.819291
2025-08-03,81090,2025080304011114,API,Opal Securities Investment (PVT) Ltd.,Linch Stock Market Ltd.,100,303.0,30300.0,2025-08-03T12:52:00.298376
2025-08-03,80778,2025080304011161,API,Opal Securities Investment (PVT) Ltd.,Sundhara Securities Limited,50,303.0,15150.0,2025-08-03T12:52:29.660605
2025-08-03,80777,2025080304011162,API,Kalika Securities Pvt. Ltd.,Sundhara Securities Limited,75,303.0,22725.0,2025-08-03T12:52:29.661082
2025-08-03,80776,2025080304011163,API,Trishakti Securities Public Limited,Sundhara Securities Limited,500,303.0,151500.0,2025-08-03T12:52:29.661331
2025-08-03,80775,2025080304011164,API,Trisul Securities & Invt. Ltd.,Sundhara Securities Limited,375,303.0,113625.0,2025-08-03T12:52:29.661561
2025-08-03,80658,2025080304011180,API,Trisul Securities & Invt. Ltd.,Deevyaa Securities & Stock House Pvt. Ltd,26,303.0,7878.0,2025-08-03T12:52:42.75676
2025-08-03,80214,2025080304011301,API,Trisul Securities & Invt. Ltd.,Dipshikha Dhitopatra Karobar Co. Pvt Ltd.,46,303.0,13938.0,2025-08-03T12:53:17.946655
2025-08-03,80019,2025080304011326,API,Trisul Securities & Invt. Ltd.,Dipshikha Dhitopatra Karobar Co. Pvt Ltd.,10,303.0,3030.0,2025-08-03T12:53:33.110806
2025-08-03,79186,2025080304011500,API,Trisul Securities & Invt. Ltd.,Primo Securities (PVT) Ltd.,43,303.0,13029.0,2025-08-03T12:54:52.916099
2025-08-03,79185,2025080304011501,API,Primo Securities (PVT) Ltd.,Primo Securities (PVT) Ltd.,10,303.0,3030.0,2025-08-03T12:54:52.916612
2025-08-03,79184,2025080304011502,API,Naasa Securities Co. Ltd.,Primo Securities (PVT) Ltd.,100,303.0,30300.0,2025-08-03T12:54:52.916865
2025-08-03,78722,2025080304011577,API,Linch Stock Market Ltd.,Miyo Securities Pvt Ltd,200,303.1,60620.0,2025-08-03T12:55:38.076213
2025-08-03,78520,2025080304011616,API,Naasa Securities Co. Ltd.,Miyo Securities Pvt Ltd,80,303.1,24248.0,2025-08-03T12:56:00.39571
2025-08-03,78194,2025080304011684,API,ABC Securities Private Limited,Imperial Securities Company Pvt. Ltd.,102,303.0,30906.0,2025-08-03T12:56:28.212002
2025-08-03,78065,2025080304011715,API,ABC Securities Private Limited,Himalayan Brokerage Company Limited,898,303.0,272094.0,2025-08-03T12:56:40.06637
2025-08-03,78060,2025080304011718,API,Cristal Kanchanjanga Securites Pvt. Ltd.,Himalayan Brokerage Company Limited,74,303.0,22422.0,2025-08-03T12:56:40.48568
2025-08-03,78059,2025080304011719,API,Agrawal Securities (PVT) Ltd.,Miyo Securities Pvt Ltd,20,303.1,6062.0,2025-08-03T12:56:40.75178
2025-08-03,78058,2025080304011720,API,Agrawal Securities (PVT) Ltd.,Sani Securities Company Ltd.,30,303.1,9093.0,2025-08-03T12:56:40.751828
2025-08-03,77515,2025080304011809,API,Cristal Kanchanjanga Securites Pvt. Ltd.,Aryatara Investment & Securities,86,303.0,26058.0,2025-08-03T12:57:32.900484
2025-08-03,77433,2025080304011824,API,Swarna Laxmi Securities Pvt. Ltd.,Hatemalo Financial Services Private Limited,240,302.5,72600.0,2025-08-03T12:57:44.044172
2025-08-03,76991,2025080304011914,API,Nepal Stock House (PVT) Ltd.,Cristal Kanchanjanga Securites Pvt. Ltd.,100,302.6,30260.0,2025-08-03T12:58:18.108693
2025-08-03,76990,2025080304011915,API,Swarna Laxmi Securities Pvt. Ltd.,Cristal Kanchanjanga Securites Pvt. Ltd.,264,302.5,79860.0,2025-08-03T12:58:18.109715
2025-08-03,76635,2025080304011981,API,Imperial Securities Company Pvt. Ltd.,Aryatara Investment & Securities,100,303.0,30300.0,2025-08-03T12:58:45.660956
2025-08-03,76489,2025080304012024,API,Swarna Laxmi Securities Pvt. Ltd.,Blue Chip Securities Ltd,352,302.5,106480.0,2025-08-03T12:58:59.783397
2025-08-03,76341,2025080304012059,API,Swarna Laxmi Securities Pvt. Ltd.,Trisul Securities & Invt. Ltd.,144,302.5,43560.0,2025-08-03T12:59:13.107609
2025-08-03,76340,2025080304012060,API,Vision Securities Pvt. Ltd,Trisul Securities & Invt. Ltd.,959,302.5,290097.5,2025-08-03T12:59:13.107718
2025-08-03,76306,2025080304012071,API,Vision Securities Pvt. Ltd,Sani Securities Company Ltd.,144,302.5,43560.0,2025-08-03T12:59:16.716676
2025-08-03,76238,2025080304012093,API,Trisul Securities & Invt. Ltd.,Aryatara Investment & Securities,89,303.0,26967.0,2025-08-03T12:59:21.161634
2025-08-03,76237,2025080304012094,API,Trisul Securities & Invt. Ltd.,Naasa Securities Co. Ltd.,111,303.0,33633.0,2025-08-03T12:59:21.162146
2025-08-03,76201,2025080304012100,API,Vision Securities Pvt. Ltd,Secured Securities Ltd.,897,302.5,271342.5,2025-08-03T12:59:26.076727
2025-08-03,76200,2025080304012101,API,Neev Securities Pvt. Ltd.,Secured Securities Ltd.,25,302.5,7562.5,2025-08-03T12:59:26.077877
2025-08-03,76199,2025080304012102,API,Dipshikha Dhitopatra Karobar Co. Pvt Ltd.,Secured Securities Ltd.,200,302.5,60500.0,2025-08-03T12:59:26.078883
2025-08-03,75583,2025080304012217,API,KALASH STOCK MARKET PVT. LTD.,Arun Securities (PVT) Ltd.,2000,302.4,604800.0,2025-08-03T13:00:23.219471
2025-08-03,75582,2025080304012218,API,Trishakti Securities Public Limited,Arun Securities (PVT) Ltd.,200,302.2,60440.0,2025-08-03T13:00:23.219931
2025-08-03,75581,2025080304012219,API,Trishakti Securities Public Limited,Arun Securities (PVT) Ltd.,400,302.2,120880.0,2025-08-03T13:00:23.220191
2025-08-03,75580,2025080304012220,API,Linch Stock Market Ltd.,Arun Securities (PVT) Ltd.,500,302.1,151050.0,2025-08-03T13:00:23.220445
2025-08-03,75579,2025080304012221,API,Vision Securities Pvt. Ltd,Arun Securities (PVT) Ltd.,2000,302.1,604200.0,2025-08-03T13:00:23.220694
2025-08-03,75578,2025080304012222,API,Agrawal Securities (PVT) Ltd.,Arun Securities (PVT) Ltd.,1500,302.1,453150.0,2025-08-03T13:00:23.220984
2025-08-03,75577,2025080304012223,API,Siprabi Securities Pvt. Ltd.,Arun Securities (PVT) Ltd.,20,302.0,6040.0,2025-08-03T13:00:23.22125
2025-08-03,75576,2025080304012224,API,Shree Krishna Securities Ltd.,Arun Securities (PVT) Ltd.,500,302.0,151000.0,2025-08-03T13:00:23.221549
2025-08-03,75575,2025080304012225,API,Vision Securities Pvt. Ltd,Arun Securities (PVT) Ltd.,1464,302.0,442128.0,2025-08-03T13:00:23.221797
2025-08-03,75574,2025080304012226,API,Indira securities pvt. ltd,Arun Securities (PVT) Ltd.,200,302.0,60400.0,2025-08-03T13:00:23.222044
2025-08-03,75573,2025080304012227,API,Vision Securities Pvt. Ltd,Arun Securities (PVT) Ltd.,550,302.0,166100.0,2025-08-03T13:00:23.22231
2025-08-03,75572,2025080304012228,API,Online Securities Pvt. Ltd.,Arun Securities (PVT) Ltd.,666,302.0,201132.0,2025-08-03T13:00:23.222662
2025-08-03,75312,2025080304012296,API,Vision Securities Pvt. Ltd,Sweta Securities Private Limited,126,302.4,38102.4,2025-08-03T13:00:46.885831
2025-08-03,75311,2025080304012297,API,Vision Securities Pvt. Ltd,Secured Securities Ltd.,174,302.5,52635.0,2025-08-03T13:00:46.886279
2025-08-03,74954,2025080304012371,API,Sri Hari Securities Pvt. Ltd.,Online Securities Pvt. Ltd.,130,302.1,39273.0,2025-08-03T13:01:18.581247
2025-08-03,74856,2025080304012378,API,Aryatara Investment & Securities,Online Securities Pvt. Ltd.,70,302.1,21147.0,2025-08-03T13:01:25.32439
2025-08-03,74855,2025080304012379,API,Aryatara Investment & Securities,Secured Securities Ltd.,706,302.5,213565.0,2025-08-03T13:01:25.32552
2025-08-03,74854,2025080304012380,API,Aryatara Investment & Securities,Kohinoor Investment & Securities Pvt. Ltd.,129,302.5,39022.5,2025-08-03T13:01:25.326614
2025-08-03,74617,2025080304012413,API,Aryatara Investment & Securities,Dipshikha Dhitopatra Karobar Co. Pvt Ltd.,595,302.5,179987.5,2025-08-03T13:01:51.770423
2025-08-03,74616,2025080304012414,API,Shree Krishna Securities Ltd.,Dipshikha Dhitopatra Karobar Co. Pvt Ltd.,30,302.1,9063.0,2025-08-03T13:01:51.770534
2025-08-03,74615,2025080304012415,API,Online Securities Pvt. Ltd.,Dipshikha Dhitopatra Karobar Co. Pvt Ltd.,334,302.0,100868.0,2025-08-03T13:01:51.770565
2025-08-03,74614,2025080304012416,API,Online Securities Pvt. Ltd.,Dipshikha Dhitopatra Karobar Co. Pvt Ltd.,1000,302.0,302000.0,2025-08-03T13:01:51.770598
2025-08-03,74613,2025080304012417,API,Online Securities Pvt. Ltd.,Dipshikha Dhitopatra Karobar Co. Pvt Ltd.,1000,302.0,302000.0,2025-08-03T13:01:51.770625
2025-08-03,74612,2025080304012418,API,Dynamic Money Managers Securities Pvt. Ltd.,Dipshikha Dhitopatra Karobar Co. Pvt Ltd.,41,302.0,12382.0,2025-08-03T13:01:51.770649
2025-08-03,74526,2025080304012434,API,Dynamic Money Managers Securities Pvt. Ltd.,Dipshikha Dhitopatra Karobar Co. Pvt Ltd.,59,302.0,17818.0,2025-08-03T13:01:59.923022
2025-08-03,74525,2025080304012435,API,Trishakti Securities Public Limited,Dipshikha Dhitopatra Karobar Co. Pvt Ltd.,500,302.0,151000.0,2025-08-03T13:01:59.923076
2025-08-03,74524,2025080304012436,API,Sri Hari Securities Pvt. Ltd.,Dipshikha Dhitopatra Karobar Co. Pvt Ltd.,500,302.0,151000.0,2025-08-03T13:01:59.923108
2025-08-03,74523,2025080304012437,API,Blue Chip Securities Ltd,Dipshikha Dhitopatra Karobar Co. Pvt Ltd.,20,302.0,6040.0,2025-08-03T13:01:59.923139
2025-08-03,74522,2025080304012438,API,Investment Management Nepal Pvt. Ltd.,Dipshikha Dhitopatra Karobar Co. Pvt Ltd.,50,302.0,15100.0,2025-08-03T13:01:59.92318
2025-08-03,74521,2025080304012439,API,Naasa Securities Co. Ltd.,Dipshikha Dhitopatra Karobar Co. Pvt Ltd.,10,301.7,3017.0,2025-08-03T13:01:59.923213
2025-08-03,74520,2025080304012440,API,Sani Securities Company Ltd.,Dipshikha Dhitopatra Karobar Co. Pvt Ltd.,100,301.6,30160.0,2025-08-03T13:01:59.923246
2025-08-03,74519,2025080304012441,API,South Asian Bulls Pvt. Ltd.,Dipshikha Dhitopatra Karobar Co. Pvt Ltd.,200,301.4,60280.0,2025-08-03T13:01:59.923284
2025-08-03,74518,2025080304012442,API,Sweta Securities Private Limited,Dipshikha Dhitopatra Karobar Co. Pvt Ltd.,300,301.1,90330.0,2025-08-03T13:01:59.923326
2025-08-03,74517,2025080304012443,API,Aryatara Investment & Securities,Dipshikha Dhitopatra Karobar Co. Pvt Ltd.,500,301.0,150500.0,2025-08-03T13:01:59.923359
2025-08-03,74516,2025080304012444,API,Secured Securities Ltd.,Dipshikha Dhitopatra Karobar Co. Pvt Ltd.,500,301.0,150500.0,2025-08-03T13:01:59.923395
2025-08-03,74515,2025080304012445,API,Sumeru Securities Pvt. Ltd.,Dipshikha Dhitopatra Karobar Co. Pvt Ltd.,100,301.0,30100.0,2025-08-03T13:01:59.923427
2025-08-03,74514,2025080304012446,API,Market Securities & Exchange (PVT) Ltd.,Dipshikha Dhitopatra Karobar Co. Pvt Ltd.,130,301.0,39130.0,2025-08-03T13:01:59.923462
2025-08-03,74513,2025080304012447,API,Sani Securities Company Ltd.,Dipshikha Dhitopatra Karobar Co. Pvt Ltd.,31,301.0,9331.0,2025-08-03T13:01:59.923512
2025-08-03,74375,2025080304012463,API,Sani Securities Company Ltd.,Thrive Brokerage House Pvt. Ltd,500,301.0,150500.0,2025-08-03T13:02:12.932476
2025-08-03,74310,2025080304012465,API,Sani Securities Company Ltd.,Dipshikha Dhitopatra Karobar Co. Pvt Ltd.,3000,301.0,903000.0,2025-08-03T13:02:15.627714
2025-08-03,74002,2025080304012526,API,Imperial Securities Company Pvt. Ltd.,Naasa Securities Co. Ltd.,100,302.5,30250.0,2025-08-03T13:02:47.809048
2025-08-03,73321,2025080304012602,API,Bhrikuti Stock Broking Co. Pvt. Ltd.,Primo Securities (PVT) Ltd.,50,302.1,15105.0,2025-08-03T13:03:46.948445
2025-08-03,73320,2025080304012603,API,Dipshikha Dhitopatra Karobar Co. Pvt Ltd.,Primo Securities (PVT) Ltd.,50,302.0,15100.0,2025-08-03T13:03:46.948958
2025-08-03,73300,2025080304012611,API,Dipshikha Dhitopatra Karobar Co. Pvt Ltd.,Sundhara Securities Limited,30,302.0,9060.0,2025-08-03T13:03:49.233592
2025-08-03,72988,2025080304012684,API,Sani Securities Company Ltd.,Naasa Securities Co. Ltd.,100,302.5,30250.0,2025-08-03T13:04:20.54639
2025-08-03,71879,2025080304012855,API,Siprabi Securities Pvt. Ltd.,Trisul Securities & Invt. Ltd.,100,302.3,30230.0,2025-08-03T13:06:48.415749
2025-08-03,71489,2025080304012909,API,Dipshikha Dhitopatra Karobar Co. Pvt Ltd.,Primo Securities (PVT) Ltd.,103,302.0,31106.0,2025-08-03T13:07:36.297414
2025-08-03,71484,2025080304012913,API,Dipshikha Dhitopatra Karobar Co. Pvt Ltd.,Sani Securities Company Ltd.,67,302.0,20234.0,2025-08-03T13:07:37.543163
2025-08-03,71483,2025080304012914,API,Naasa Securities Co. Ltd.,Sani Securities Company Ltd.,100,302.0,30200.0,2025-08-03T13:07:37.544189
2025-08-03,71187,2025080304012972,API,Ashutosh Brokerage & Securities (PVT) Ltd.,Trisul Securities & Invt. Ltd.,200,302.3,60460.0,2025-08-03T13:08:28.046741
2025-08-03,70966,2025080304013046,API,Shree Krishna Securities Ltd.,Midas Stock Broking Company Private Limited,10,302.0,3020.0,2025-08-03T13:09:00.089652
2025-08-03,70965,2025080304013047,API,Naasa Securities Co. Ltd.,Midas Stock Broking Company Private Limited,100,302.0,30200.0,2025-08-03T13:09:00.090663
2025-08-03,70964,2025080304013048,API,Dynamic Money Managers Securities Pvt. Ltd.,Midas Stock Broking Company Private Limited,27,302.0,8154.0,2025-08-03T13:09:00.091428
2025-08-03,70899,2025080304013062,API,Dynamic Money Managers Securities Pvt. Ltd.,Deevyaa Securities & Stock House Pvt. Ltd,105,302.0,31710.0,2025-08-03T13:09:11.718238
2025-08-03,70887,2025080304013065,API,Dynamic Money Managers Securities Pvt. Ltd.,Cristal Kanchanjanga Securites Pvt. Ltd.,248,302.0,74896.0,2025-08-03T13:09:15.33249
2025-08-03,70886,2025080304013066,API,Dynamic Money Managers Securities Pvt. Ltd.,Cristal Kanchanjanga Securites Pvt. Ltd.,102,302.0,30804.0,2025-08-03T13:09:15.333052
2025-08-03,70703,2025080304013105,API,Bhrikuti Stock Broking Co. Pvt. Ltd.,Imperial Securities Company Pvt. Ltd.,100,302.3,30230.0,2025-08-03T13:09:41.8479
2025-08-03,70611,2025080304013133,API,Bhrikuti Stock Broking Co. Pvt. Ltd.,Market Securities & Exchange (PVT) Ltd.,11,302.3,3325.3,2025-08-03T13:09:54.249786
2025-08-03,69775,2025080304013302,API,Bhrikuti Stock Broking Co. Pvt. Ltd.,Creative Securities Pvt Ltd,15,302.3,4534.5,2025-08-03T13:11:58.87255
2025-08-03,68982,2025080304013412,API,Imperial Securities Company Pvt. Ltd.,Naasa Securities Co. Ltd.,20,302.5,6050.0,2025-08-03T13:13:35.522937
2025-08-03,68018,2025080304013549,API,Bhrikuti Stock Broking Co. Pvt. Ltd.,Naasa Securities Co. Ltd.,74,302.5,22385.0,2025-08-03T13:15:33.543716
2025-08-03,68009,2025080304013550,API,Imperial Securities Company Pvt. Ltd.,Linch Stock Market Ltd.,20,302.3,6046.0,2025-08-03T13:15:36.223683
2025-08-03,68008,2025080304013551,API,Dakshinkali Investment & Securities Pvt. Ltd.,Linch Stock Market Ltd.,80,302.1,24168.0,2025-08-03T13:15:36.224766
2025-08-03,66930,2025080304013739,API,NIMB Stock Markets Limited,Investment Management Nepal Pvt. Ltd.,100,302.3,30230.0,2025-08-03T13:17:42.886508
2025-08-03,66908,2025080304013741,API,Imperial Securities Company Pvt. Ltd.,Thrive Brokerage House Pvt. Ltd,426,302.4,128822.4,2025-08-03T13:17:45.888608
2025-08-03,66907,2025080304013742,API,Imperial Securities Company Pvt. Ltd.,Pragyan Securities (PVT) Ltd.,100,302.5,30250.0,2025-08-03T13:17:45.889764
2025-08-03,66906,2025080304013743,API,Imperial Securities Company Pvt. Ltd.,Vision Securities Pvt. Ltd,250,302.9,75725.0,2025-08-03T13:17:45.890771
2025-08-03,66905,2025080304013744,API,Imperial Securities Company Pvt. Ltd.,Kumari Securities Private Limited,539,302.9,163263.1,2025-08-03T13:17:45.891861
2025-08-03,66904,2025080304013745,API,Imperial Securities Company Pvt. Ltd.,Naasa Securities Co. Ltd.,533,303.0,161499.0,2025-08-03T13:17:45.892983
2025-08-03,66903,2025080304013746,API,Imperial Securities Company Pvt. Ltd.,Vision Securities Pvt. Ltd,152,303.0,46056.0,2025-08-03T13:17:45.894086
2025-08-03,66483,2025080304013845,API,SUN SECURITIES PVT LTD,Kohinoor Investment & Securities Pvt. Ltd.,555,302.4,167832.0,2025-08-03T13:18:49.898648
2025-08-03,66349,2025080304013870,API,Oxford Securities Pvt. Ltd.,Kohinoor Investment & Securities Pvt. Ltd.,75,302.4,22680.0,2025-08-03T13:19:08.75452
2025-08-03,65986,2025080304013937,API,Imperial Securities Company Pvt. Ltd.,Kohinoor Investment & Securities Pvt. Ltd.,130,302.4,39312.0,2025-08-03T13:19:55.830492
2025-08-03,65739,2025080304013965,API,NIMB Stock Markets Limited,Linch Stock Market Ltd.,145,302.3,43833.5,2025-08-03T13:20:20.677516
2025-08-03,65738,2025080304013966,API,Dakshinkali Investment & Securities Pvt. Ltd.,Linch Stock Market Ltd.,20,302.1,6042.0,2025-08-03T13:20:20.678136
2025-08-03,65737,2025080304013967,API,Naasa Securities Co. Ltd.,Linch Stock Market Ltd.,300,302.1,90630.0,2025-08-03T13:20:20.678469
2025-08-03,65736,2025080304013968,API,Imperial Securities Company Pvt. Ltd.,Linch Stock Market Ltd.,300,302.1,90630.0,2025-08-03T13:20:20.678747
2025-08-03,65735,2025080304013969,API,Aryatara Investment & Securities,Linch Stock Market Ltd.,115,302.0,34730.0,2025-08-03T13:20:20.679067
2025-08-03,65477,2025080304014021,API,Aryatara Investment & Securities,Dipshikha Dhitopatra Karobar Co. Pvt Ltd.,67,302.0,20234.0,2025-08-03T13:20:50.093529
2025-08-03,65476,2025080304014022,API,Dipshikha Dhitopatra Karobar Co. Pvt Ltd.,Dipshikha Dhitopatra Karobar Co. Pvt Ltd.,100,302.0,30200.0,2025-08-03T13:20:50.094676
2025-08-03,65475,2025080304014023,API,Online Securities Pvt. Ltd.,Dipshikha Dhitopatra Karobar Co. Pvt Ltd.,100,302.0,30200.0,2025-08-03T13:20:50.095548
2025-08-03,65474,2025080304014024,API,Dipshikha Dhitopatra Karobar Co. Pvt Ltd.,Dipshikha Dhitopatra Karobar Co. Pvt Ltd.,500,302.0,151000.0,2025-08-03T13:20:50.096442
2025-08-03,65371,2025080304014060,API,Midas Stock Broking Company Private Limited,Dipshikha Dhitopatra Karobar Co. Pvt Ltd.,15,302.0,4530.0,2025-08-03T13:21:00.650993
2025-08-03,64822,2025080304014164,API,Neev Securities Pvt. Ltd.,Sani Securities Company Ltd.,1000,301.6,301600.0,2025-08-03T13:21:54.4162
2025-08-03,64313,2025080304014264,API,Sweta Securities Private Limited,Naasa Securities Co. Ltd.,130,301.5,39195.0,2025-08-03T13:22:46.075357
2025-08-03,64124,2025080304014285,API,Imperial Securities Company Pvt. Ltd.,Sumeru Securities Pvt. Ltd.,179,301.5,53968.5,2025-08-03T13:23:09.061592
2025-08-03,64117,2025080304014286,API,Online Securities Pvt. Ltd.,Trisul Securities & Invt. Ltd.,145,301.1,43659.5,2025-08-03T13:23:09.212291
2025-08-03,63864,2025080304014340,API,Online Securities Pvt. Ltd.,Online Securities Pvt. Ltd.,100,301.1,30110.0,2025-08-03T13:23:38.819324
2025-08-03,63696,2025080304014382,API,Online Securities Pvt. Ltd.,Sani Securities Company Ltd.,255,301.1,76780.5,2025-08-03T13:23:56.704414
2025-08-03,63695,2025080304014383,API,Naasa Securities Co. Ltd.,Sani Securities Company Ltd.,45,301.1,13549.5,2025-08-03T13:23:56.705726
2025-08-03,63088,2025080304014508,API,Neev Securities Pvt. Ltd.,Agrawal Securities (PVT) Ltd.,41,301.2,12349.2,2025-08-03T13:25:00.151151
2025-08-03,63031,2025080304014513,API,Neev Securities Pvt. Ltd.,Linch Stock Market Ltd.,59,301.2,17770.8,2025-08-03T13:25:05.217699
2025-08-03,63030,2025080304014514,API,Naasa Securities Co. Ltd.,Linch Stock Market Ltd.,55,301.1,16560.5,2025-08-03T13:25:05.218268
2025-08-03,63029,2025080304014515,API,Sharepro Securities Private Limited,Linch Stock Market Ltd.,93,301.1,28002.3,2025-08-03T13:25:05.218734
2025-08-03,63028,2025080304014516,API,Creative Securities Pvt Ltd,Linch Stock Market Ltd.,113,301.1,34024.3,2025-08-03T13:25:05.219124
2025-08-03,62817,2025080304014550,API,Ashutosh Brokerage & Securities (PVT) Ltd.,Sani Securities Company Ltd.,50,301.2,15060.0,2025-08-03T13:25:22.872617
2025-08-03,62399,2025080304014605,API,Ashutosh Brokerage & Securities (PVT) Ltd.,Sani Securities Company Ltd.,450,301.2,135540.0,2025-08-03T13:26:12.42702
2025-08-03,62347,2025080304014614,API,Secured Securities Ltd.,Sumeru Securities Pvt. Ltd.,15,301.5,4522.5,2025-08-03T13:26:20.425338
2025-08-03,62072,2025080304014674,API,Naasa Securities Co. Ltd.,Sani Securities Company Ltd.,200,301.2,60240.0,2025-08-03T13:26:49.108986
2025-08-03,61897,2025080304014696,API,Naasa Securities Co. Ltd.,Imperial Securities Company Pvt. Ltd.,100,301.2,30120.0,2025-08-03T13:27:05.510604
2025-08-03,61896,2025080304014697,API,Ashutosh Brokerage & Securities (PVT) Ltd.,Imperial Securities Company Pvt. Ltd.,100,301.2,30120.0,2025-08-03T13:27:05.511166
2025-08-03,61781,2025080304014714,API,Creative Securities Pvt Ltd,Sani Securities Company Ltd.,105,301.1,31615.5,2025-08-03T13:27:20.622165
2025-08-03,61668,2025080304014740,API,Creative Securities Pvt Ltd,Dipshikha Dhitopatra Karobar Co. Pvt Ltd.,300,301.1,90330.0,2025-08-03T13:27:31.446271
2025-08-03,61515,2025080304014752,API,Creative Securities Pvt Ltd,Sani Securities Company Ltd.,482,301.1,145130.2,2025-08-03T13:27:49.110094
2025-08-03,61514,2025080304014753,API,Naasa Securities Co. Ltd.,Sani Securities Company Ltd.,18,301.1,5419.8,2025-08-03T13:27:49.110611
2025-08-03,61279,2025080304014795,API,ABC Securities Private Limited,Bhrikuti Stock Broking Co. Pvt. Ltd.,43,301.2,12951.6,2025-08-03T13:28:15.812584
2025-08-03,60844,2025080304014864,API,ABC Securities Private Limited,Sumeru Securities Pvt. Ltd.,57,301.2,17168.4,2025-08-03T13:29:01.415525
2025-08-03,60843,2025080304014865,API,Naasa Securities Co. Ltd.,Sumeru Securities Pvt. Ltd.,12,301.2,3614.4,2025-08-03T13:29:01.416604
2025-08-03,60842,2025080304014866,API,Sani Securities Company Ltd.,Sumeru Securities Pvt. Ltd.,97,301.0,29197.0,2025-08-03T13:29:01.417659
2025-08-03,60767,2025080304014878,API,Sani Securities Company Ltd.,Imperial Securities Company Pvt. Ltd.,10,301.5,3015.0,2025-08-03T13:29:11.644764
2025-08-03,60713,2025080304014886,API,Sani Securities Company Ltd.,Sani Securities Company Ltd.,151,301.5,45526.5,2025-08-03T13:29:16.699543
2025-08-03,60712,2025080304014887,API,Sani Securities Company Ltd.,Sani Securities Company Ltd.,50,301.5,15075.0,2025-08-03T13:29:16.7016
2025-08-03,60681,2025080304014893,API,Sani Securities Company Ltd.,Naasa Securities Co. Ltd.,89,301.5,26833.5,2025-08-03T13:29:22.077771
2025-08-03,60562,2025080304014915,API,Sani Securities Company Ltd.,Creative Securities Pvt Ltd,210,301.0,63210.0,2025-08-03T13:29:37.969013
2025-08-03,60249,2025080304014989,API,Nepal Investment And Securities Trading Private Limited,Naasa Securities Co. Ltd.,111,301.2,33433.2,2025-08-03T13:30:25.660851
2025-08-03,60248,2025080304014990,API,Nepal Investment And Securities Trading Private Limited,Premier Securities Company Ltd.,24,301.2,7228.8,2025-08-03T13:30:25.661384
2025-08-03,60064,2025080304015018,API,Sani Securities Company Ltd.,Sani Securities Company Ltd.,1162,301.0,349762.0,2025-08-03T13:30:48.631848
2025-08-03,60063,2025080304015019,API,Primo Securities (PVT) Ltd.,Sani Securities Company Ltd.,1000,301.0,301000.0,2025-08-03T13:30:48.632402
2025-08-03,60062,2025080304015020,API,Creative Securities Pvt Ltd,Sani Securities Company Ltd.,490,301.0,147490.0,2025-08-03T13:30:48.632665
2025-08-03,60061,2025080304015021,API,Aryatara Investment & Securities,Sani Securities Company Ltd.,500,301.0,150500.0,2025-08-03T13:30:48.632917
2025-08-03,60060,2025080304015022,API,Nabil Stock Dealer Ltd.,Sani Securities Company Ltd.,100,301.0,30100.0,2025-08-03T13:30:48.633176
2025-08-03,60059,2025080304015023,API,Sumeru Securities Pvt. Ltd.,Sani Securities Company Ltd.,200,301.0,60200.0,2025-08-03T13:30:48.633435
2025-08-03,60058,2025080304015024,API,Naasa Securities Co. Ltd.,Sani Securities Company Ltd.,268,301.0,80668.0,2025-08-03T13:30:48.633678
2025-08-03,60057,2025080304015025,API,Naasa Securities Co. Ltd.,Sani Securities Company Ltd.,485,301.0,145985.0,2025-08-03T13:30:48.63393
2025-08-03,60056,2025080304015026,API,Online Securities Pvt. Ltd.,Sani Securities Company Ltd.,900,301.0,270900.0,2025-08-03T13:30:48.634174
2025-08-03,60055,2025080304015027,API,Miyo Securities Pvt Ltd,Sani Securities Company Ltd.,1000,301.0,301000.0,2025-08-03T13:30:48.634432
2025-08-03,60054,2025080304015028,API,Imperial Securities Company Pvt. Ltd.,Sani Securities Company Ltd.,1000,301.0,301000.0,2025-08-03T13:30:48.634672
2025-08-03,60053,2025080304015029,API,Linch Stock Market Ltd.,Sani Securities Company Ltd.,10,301.0,3010.0,2025-08-03T13:30:48.634933
2025-08-03,60052,2025080304015030,API,Agrawal Securities (PVT) Ltd.,Sani Securities Company Ltd.,200,301.0,60200.0,2025-08-03T13:30:48.635193
2025-08-03,60051,2025080304015031,API,Aryatara Investment & Securities,Sani Securities Company Ltd.,100,301.0,30100.0,2025-08-03T13:30:48.635441
2025-08-03,60050,2025080304015032,API,Arun Securities (PVT) Ltd.,Sani Securities Company Ltd.,85,301.0,25585.0,2025-08-03T13:30:48.635701
2025-08-03,59639,2025080304015102,API,Dipshikha Dhitopatra Karobar Co. Pvt Ltd.,Sani Securities Company Ltd.,50,301.1,15055.0,2025-08-03T13:31:34.5368
2025-08-03,59351,2025080304015197,API,Sani Securities Company Ltd.,Sani Securities Company Ltd.,50,301.1,15055.0,2025-08-03T13:32:07.115844
2025-08-03,59290,2025080304015207,API,Arun Securities (PVT) Ltd.,Sagarmatha Securities Private Limited,15,301.0,4515.0,2025-08-03T13:32:15.007239
2025-08-03,59289,2025080304015208,API,Sani Securities Company Ltd.,Sagarmatha Securities Private Limited,86,301.0,25886.0,2025-08-03T13:32:15.007335
2025-08-03,58773,2025080304015305,API,Sani Securities Company Ltd.,Sani Securities Company Ltd.,74,301.0,22274.0,2025-08-03T13:33:15.276165
2025-08-03,58772,2025080304015306,API,Dynamic Money Managers Securities Pvt. Ltd.,Sani Securities Company Ltd.,976,301.0,293776.0,2025-08-03T13:33:15.276683
2025-08-03,58619,2025080304015325,API,Dynamic Money Managers Securities Pvt. Ltd.,Kalika Securities Pvt. Ltd.,24,301.0,7224.0,2025-08-03T13:33:28.77192
2025-08-03,58393,2025080304015372,API,Dipshikha Dhitopatra Karobar Co. Pvt Ltd.,Opal Securities Investment (PVT) Ltd.,70,300.6,21042.0,2025-08-03T13:33:52.306199
2025-08-03,58392,2025080304015373,API,Deevyaa Securities & Stock House Pvt. Ltd,Opal Securities Investment (PVT) Ltd.,30,300.5,9015.0,2025-08-03T13:33:52.30674
2025-08-03,58146,2025080304015426,API,Nepal Stock House (PVT) Ltd.,Agrawal Securities (PVT) Ltd.,50,300.6,15030.0,2025-08-03T13:34:23.321273
2025-08-03,58145,2025080304015427,API,Deevyaa Securities & Stock House Pvt. Ltd,Agrawal Securities (PVT) Ltd.,10,300.5,3005.0,2025-08-03T13:34:23.321842
2025-08-03,58075,2025080304015434,API,Deevyaa Securities & Stock House Pvt. Ltd,Aryatara Investment & Securities,500,300.5,150250.0,2025-08-03T13:34:31.101303
2025-08-03,57925,2025080304015481,API,Naasa Securities Co. Ltd.,Kalika Securities Pvt. Ltd.,300,301.0,90300.0,2025-08-03T13:34:46.396107
2025-08-03,57909,2025080304015485,API,Naasa Securities Co. Ltd.,Kalika Securities Pvt. Ltd.,50,301.0,15050.0,2025-08-03T13:34:48.453842
2025-08-03,57748,2025080304015513,API,Sani Securities Company Ltd.,Kalika Securities Pvt. Ltd.,100,301.0,30100.0,2025-08-03T13:35:07.247122
2025-08-03,57456,2025080304015565,API,Linch Stock Market Ltd.,Vision Securities Pvt. Ltd,200,300.6,60120.0,2025-08-03T13:35:37.72759
2025-08-03,57455,2025080304015566,API,Trishakti Securities Public Limited,Vision Securities Pvt. Ltd,100,300.6,30060.0,2025-08-03T13:35:37.728123
2025-08-03,57454,2025080304015567,API,Global IME Securities Limited,Vision Securities Pvt. Ltd,10,300.6,3006.0,2025-08-03T13:35:37.728467
2025-08-03,57453,2025080304015568,API,Oxford Securities Pvt. Ltd.,Vision Securities Pvt. Ltd,500,300.6,150300.0,2025-08-03T13:35:37.728813
2025-08-03,57452,2025080304015569,API,Imperial Securities Company Pvt. Ltd.,Vision Securities Pvt. Ltd,130,300.6,39078.0,2025-08-03T13:35:37.729123
2025-08-03,57451,2025080304015570,API,Sani Securities Company Ltd.,Vision Securities Pvt. Ltd,15,300.5,4507.5,2025-08-03T13:35:37.729458
2025-08-03,57450,2025080304015571,API,Naasa Securities Co. Ltd.,Vision Securities Pvt. Ltd,80,300.5,24040.0,2025-08-03T13:35:37.729772
2025-08-03,57449,2025080304015572,API,Nepal Investment And Securities Trading Private Limited,Vision Securities Pvt. Ltd,965,300.5,289982.5,2025-08-03T13:35:37.730059
2025-08-03,57217,2025080304015627,API,Aryatara Investment & Securities,Kalika Securities Pvt. Ltd.,1000,301.0,301000.0,2025-08-03T13:36:02.358948
2025-08-03,57164,2025080304015641,API,Sumeru Securities Pvt. Ltd.,Kalika Securities Pvt. Ltd.,10,301.0,3010.0,2025-08-03T13:36:08.971739
2025-08-03,57105,2025080304015653,API,Imperial Securities Company Pvt. Ltd.,Kalika Securities Pvt. Ltd.,49,301.0,14749.0,2025-08-03T13:36:13.642321
2025-08-03,57012,2025080304015670,API,Deevyaa Securities & Stock House Pvt. Ltd,Sani Securities Company Ltd.,250,300.6,75150.0,2025-08-03T13:36:21.483975
2025-08-03,56718,2025080304015705,API,Nepal Stock House (PVT) Ltd.,Online Securities Pvt. Ltd.,6,300.0,1800.0,2025-08-03T13:36:57.495433
2025-08-03,56368,2025080304015779,API,Pragyan Securities (PVT) Ltd.,Vision Securities Pvt. Ltd,486,300.6,146091.6,2025-08-03T13:37:39.134885
2025-08-03,56365,2025080304015781,API,Nepal Stock House (PVT) Ltd.,Sewa Securities Pvt. Ltd.,2,298.0,596.0,2025-08-03T13:37:39.458754
2025-08-03,56317,2025080304015790,API,Pragyan Securities (PVT) Ltd.,Opal Securities Investment (PVT) Ltd.,14,300.6,4208.4,2025-08-03T13:37:45.418172
2025-08-03,56316,2025080304015791,API,Oxford Securities Pvt. Ltd.,Opal Securities Investment (PVT) Ltd.,36,300.6,10821.6,2025-08-03T13:37:45.418754
2025-08-03,56281,2025080304015796,API,Oxford Securities Pvt. Ltd.,Naasa Securities Co. Ltd.,63,300.6,18937.8,2025-08-03T13:37:48.494277
2025-08-03,56118,2025080304015814,API,Nepal Stock House (PVT) Ltd.,Kumari Securities Private Limited,9,300.0,2700.0,2025-08-03T13:38:06.466082
2025-08-03,55924,2025080304015873,API,Siprabi Securities Pvt. Ltd.,Naasa Securities Co. Ltd.,58,300.6,17434.8,2025-08-03T13:38:23.98527
2025-08-03,55923,2025080304015874,API,Siprabi Securities Pvt. Ltd.,Nepal Stock House (PVT) Ltd.,142,300.6,42685.2,2025-08-03T13:38:23.986458
2025-08-03,55879,2025080304015885,API,Naasa Securities Co. Ltd.,Nepal Stock House (PVT) Ltd.,95,300.6,28557.0,2025-08-03T13:38:28.163905
2025-08-03,55878,2025080304015886,API,Naasa Securities Co. Ltd.,Sri Hari Securities Pvt. Ltd.,40,300.6,12024.0,2025-08-03T13:38:28.164951
2025-08-03,55724,2025080304015913,API,Naasa Securities Co. Ltd.,Kalika Securities Pvt. Ltd.,365,301.0,109865.0,2025-08-03T13:38:49.46976
2025-08-03,55519,2025080304015938,API,Aryatara Investment & Securities,Kalika Securities Pvt. Ltd.,102,301.0,30702.0,2025-08-03T13:39:10.630852
2025-08-03,55518,2025080304015939,API,Aryatara Investment & Securities,Creative Securities Pvt Ltd,300,301.0,90300.0,2025-08-03T13:39:10.631414
2025-08-03,55517,2025080304015940,API,Aryatara Investment & Securities,Bhrikuti Stock Broking Co. Pvt. Ltd.,43,301.0,12943.0,2025-08-03T13:39:10.631678
2025-08-03,55345,2025080304015968,API,Aryatara Investment & Securities,Online Securities Pvt. Ltd.,15,301.0,4515.0,2025-08-03T13:39:28.411289
2025-08-03,55338,2025080304015970,API,Aryatara Investment & Securities,Sani Securities Company Ltd.,100,301.0,30100.0,2025-08-03T13:39:29.627432
2025-08-03,55265,2025080304015987,API,Nepal Stock House (PVT) Ltd.,Trisul Securities & Invt. Ltd.,6,300.0,1800.0,2025-08-03T13:39:36.926086
2025-08-03,54987,2025080304016034,API,Nepal Stock House (PVT) Ltd.,Premier Securities Company Ltd.,2,300.0,600.0,2025-08-03T13:40:07.377702
2025-08-03,54821,2025080304016060,API,Imperial Securities Company Pvt. Ltd.,Imperial Securities Company Pvt. Ltd.,200,301.1,60220.0,2025-08-03T13:40:29.260076
2025-08-03,54820,2025080304016061,API,Aryatara Investment & Securities,Imperial Securities Company Pvt. Ltd.,100,301.0,30100.0,2025-08-03T13:40:29.260673
2025-08-03,54819,2025080304016062,API,Sani Securities Company Ltd.,Imperial Securities Company Pvt. Ltd.,700,301.0,210700.0,2025-08-03T13:40:29.260968
2025-08-03,54770,2025080304016069,API,Sani Securities Company Ltd.,Imperial Securities Company Pvt. Ltd.,15,301.0,4515.0,2025-08-03T13:40:33.335906
2025-08-03,54314,2025080304016199,API,Imperial Securities Company Pvt. Ltd.,Sumeru Securities Pvt. Ltd.,101,301.8,30481.8,2025-08-03T13:41:20.117131
2025-08-03,54313,2025080304016200,API,Imperial Securities Company Pvt. Ltd.,Dipshikha Dhitopatra Karobar Co. Pvt Ltd.,218,302.0,65836.0,2025-08-03T13:41:20.118569
2025-08-03,54312,2025080304016201,API,Imperial Securities Company Pvt. Ltd.,Imperial Securities Company Pvt. Ltd.,57,302.0,17214.0,2025-08-03T13:41:20.119866
2025-08-03,54311,2025080304016202,API,Imperial Securities Company Pvt. Ltd.,Vision Securities Pvt. Ltd,200,302.0,60400.0,2025-08-03T13:41:20.120544
2025-08-03,54310,2025080304016203,API,Imperial Securities Company Pvt. Ltd.,Dipshikha Dhitopatra Karobar Co. Pvt Ltd.,100,302.0,30200.0,2025-08-03T13:41:20.120944
2025-08-03,54309,2025080304016204,API,Imperial Securities Company Pvt. Ltd.,Sewa Securities Pvt. Ltd.,324,302.0,97848.0,2025-08-03T13:41:20.121339
2025-08-03,54215,2025080304016224,API,Naasa Securities Co. Ltd.,Sewa Securities Pvt. Ltd.,126,302.0,38052.0,2025-08-03T13:41:29.192271
2025-08-03,54214,2025080304016225,API,Naasa Securities Co. Ltd.,Vision Securities Pvt. Ltd,74,302.0,22348.0,2025-08-03T13:41:29.193542
2025-08-03,53756,2025080304016335,API,Kalika Securities Pvt. Ltd.,Trishakti Securities Public Limited,200,301.1,60220.0,2025-08-03T13:42:15.845054
2025-08-03,53341,2025080304016443,API,Oxford Securities Pvt. Ltd.,South Asian Bulls Pvt. Ltd.,200,302.0,60400.0,2025-08-03T13:42:54.140644
2025-08-03,53232,2025080304016458,API,Kalika Securities Pvt. Ltd.,Sani Securities Company Ltd.,200,301.1,60220.0,2025-08-03T13:43:04.703897
2025-08-03,52575,2025080304016590,API,Nepal Stock House (PVT) Ltd.,Deevyaa Securities & Stock House Pvt. Ltd,2,300.0,600.0,2025-08-03T13:44:15.149045
2025-08-03,52352,2025080304016637,API,Aryatara Investment & Securities,South Asian Bulls Pvt. Ltd.,210,302.0,63420.0,2025-08-03T13:44:35.705951
2025-08-03,52298,2025080304016642,API,ABC Securities Private Limited,Sri Hari Securities Pvt. Ltd.,121,301.5,36481.5,2025-08-03T13:44:39.446212
2025-08-03,52281,2025080304016645,API,Nepal Stock House (PVT) Ltd.,Linch Stock Market Ltd.,1,300.0,300.0,2025-08-03T13:44:41.842394
2025-08-03,52158,2025080304016653,API,Himalayan Brokerage Company Limited,South Asian Bulls Pvt. Ltd.,90,302.0,27180.0,2025-08-03T13:44:47.511298
2025-08-03,52157,2025080304016654,API,Himalayan Brokerage Company Limited,J.F. Securites (PVT) Ltd.,110,302.0,33220.0,2025-08-03T13:44:47.511853
2025-08-03,51893,2025080304016717,API,Nepal Stock House (PVT) Ltd.,Sani Securities Company Ltd.,20,301.6,6032.0,2025-08-03T13:45:11.245307
2025-08-03,51879,2025080304016721,API,Vision Securities Pvt. Ltd,J.F. Securites (PVT) Ltd.,200,302.0,60400.0,2025-08-03T13:45:13.015025
2025-08-03,51854,2025080304016722,API,Sani Securities Company Ltd.,J.F. Securites (PVT) Ltd.,320,302.0,96640.0,2025-08-03T13:45:15.31085
2025-08-03,51853,2025080304016723,API,Sani Securities Company Ltd.,Vision Securities Pvt. Ltd,26,302.0,7852.0,2025-08-03T13:45:15.312001
2025-08-03,51553,2025080304016751,API,ABC Securities Private Limited,Kohinoor Investment & Securities Pvt. Ltd.,109,302.4,32961.6,2025-08-03T13:45:44.729767
2025-08-03,51303,2025080304016783,API,Hatemalo Financial Services Private Limited,Kohinoor Investment & Securities Pvt. Ltd.,631,302.4,190814.4,2025-08-03T13:46:09.854708
2025-08-03,51302,2025080304016784,API,Hatemalo Financial Services Private Limited,Linch Stock Market Ltd.,60,302.5,18150.0,2025-08-03T13:46:09.855264
2025-08-03,51301,2025080304016785,API,Hatemalo Financial Services Private Limited,BHOLE GANESH SECURITIES LTD,500,302.5,151250.0,2025-08-03T13:46:09.855677
2025-08-03,51300,2025080304016786,API,Hatemalo Financial Services Private Limited,Imperial Securities Company Pvt. Ltd.,150,303.0,45450.0,2025-08-03T13:46:09.856002
2025-08-03,51299,2025080304016787,API,Hatemalo Financial Services Private Limited,Dipshikha Dhitopatra Karobar Co. Pvt Ltd.,315,303.0,95445.0,2025-08-03T13:46:09.85629
2025-08-03,51298,2025080304016788,API,Hatemalo Financial Services Private Limited,Creative Securities Pvt Ltd,25,303.0,7575.0,2025-08-03T13:46:09.856614
2025-08-03,51297,2025080304016789,API,Hatemalo Financial Services Private Limited,Sani Securities Company Ltd.,100,303.0,30300.0,2025-08-03T13:46:09.856929
2025-08-03,51296,2025080304016790,API,Hatemalo Financial Services Private Limited,Trisul Securities & Invt. Ltd.,3219,303.0,975357.0,2025-08-03T13:46:09.857248
2025-08-03,51215,2025080304016809,API,Aryatara Investment & Securities,Trisul Securities & Invt. Ltd.,50,303.0,15150.0,2025-08-03T13:46:20.4061
2025-08-03,51069,2025080304016825,API,Online Securities Pvt. Ltd.,Trishakti Securities Public Limited,115,302.5,34787.5,2025-08-03T13:46:32.136905
2025-08-03,51014,2025080304016832,API,Sani Securities Company Ltd.,Trisul Securities & Invt. Ltd.,731,303.0,221493.0,2025-08-03T13:46:36.89261
2025-08-03,51013,2025080304016833,API,Sani Securities Company Ltd.,Hatemalo Financial Services Private Limited,70,303.0,21210.0,2025-08-03T13:46:36.893943
2025-08-03,51012,2025080304016834,API,Sani Securities Company Ltd.,Siprabi Securities Pvt. Ltd.,100,303.0,30300.0,2025-08-03T13:46:36.89508
2025-08-03,50880,2025080304016850,API,Midas Stock Broking Company Private Limited,Arun Securities (PVT) Ltd.,480,303.4,145632.0,2025-08-03T13:46:51.149294
2025-08-03,50879,2025080304016851,API,Midas Stock Broking Company Private Limited,Thrive Brokerage House Pvt. Ltd,78,303.4,23665.2,2025-08-03T13:46:51.150451
2025-08-03,50878,2025080304016852,API,Midas Stock Broking Company Private Limited,Oxford Securities Pvt. Ltd.,442,303.4,134102.8,2025-08-03T13:46:51.151258
2025-08-03,50617,2025080304016886,API,Nepal Stock House (PVT) Ltd.,Naasa Securities Co. Ltd.,1,300.0,300.0,2025-08-03T13:47:25.332066
2025-08-03,50460,2025080304016930,API,Dynamic Money Managers Securities Pvt. Ltd.,Oxford Securities Pvt. Ltd.,200,303.4,60680.0,2025-08-03T13:47:42.020786
2025-08-03,50442,2025080304016939,API,Linch Stock Market Ltd.,Oxford Securities Pvt. Ltd.,131,303.4,39745.4,2025-08-03T13:47:44.042102
2025-08-03,50198,2025080304016980,API,Linch Stock Market Ltd.,Naasa Securities Co. Ltd.,69,303.4,20934.6,2025-08-03T13:48:12.91359
2025-08-03,50197,2025080304016981,API,Sweta Securities Private Limited,Naasa Securities Co. Ltd.,156,303.1,47283.6,2025-08-03T13:48:12.914646
2025-08-03,50196,2025080304016982,API,Sani Securities Company Ltd.,Naasa Securities Co. Ltd.,94,303.0,28482.0,2025-08-03T13:48:12.91551
2025-08-03,50150,2025080304016988,API,Bhrikuti Stock Broking Co. Pvt. Ltd.,Siprabi Securities Pvt. Ltd.,22,303.5,6677.0,2025-08-03T13:48:16.322543
2025-08-03,50149,2025080304016989,API,Bhrikuti Stock Broking Co. Pvt. Ltd.,Vision Securities Pvt. Ltd,52,303.5,15782.0,2025-08-03T13:48:16.32308
2025-08-03,50148,2025080304016990,API,Bhrikuti Stock Broking Co. Pvt. Ltd.,Sani Securities Company Ltd.,100,303.5,30350.0,2025-08-03T13:48:16.323366
2025-08-03,49736,2025080304017118,API,Thrive Brokerage House Pvt. Ltd,Oxford Securities Pvt. Ltd.,20,303.4,6068.0,2025-08-03T13:48:52.859547
2025-08-03,49628,2025080304017144,API,Sundhara Securities Limited,Imperial Securities Company Pvt. Ltd.,50,303.8,15190.0,2025-08-03T13:49:04.349534
2025-08-03,49622,2025080304017147,API,Sundhara Securities Limited,Sani Securities Company Ltd.,10,303.8,3038.0,2025-08-03T13:49:06.315835
2025-08-03,49530,2025080304017154,API,Nabil Stock Dealer Ltd.,Sagarmatha Securities Private Limited,50,304.0,15200.0,2025-08-03T13:49:16.338429
2025-08-03,48506,2025080304017351,API,Vision Securities Pvt. Ltd,Sagarmatha Securities Private Limited,50,304.0,15200.0,2025-08-03T13:51:17.109136
2025-08-03,48504,2025080304017352,API,Naasa Securities Co. Ltd.,Sagarmatha Securities Private Limited,50,304.0,15200.0,2025-08-03T13:51:17.466874
2025-08-03,48439,2025080304017382,API,Nepal Stock House (PVT) Ltd.,South Asian Bulls Pvt. Ltd.,2,301.0,602.0,2025-08-03T13:51:25.806794
2025-08-03,48195,2025080304017423,API,Himalayan Brokerage Company Limited,Shree Krishna Securities Ltd.,1,301.1,301.1,2025-08-03T13:52:03.105774
2025-08-03,47572,2025080304017538,API,Nepal Stock House (PVT) Ltd.,Sani Securities Company Ltd.,8,302.0,2416.0,2025-08-03T13:53:19.74798
2025-08-03,47508,2025080304017547,API,KALASH STOCK MARKET PVT. LTD.,Kalika Securities Pvt. Ltd.,500,303.9,151950.0,2025-08-03T13:53:31.184904
2025-08-03,47507,2025080304017548,API,Sundhara Securities Limited,Kalika Securities Pvt. Ltd.,40,303.8,12152.0,2025-08-03T13:53:31.186075
2025-08-03,47506,2025080304017549,API,Thrive Brokerage House Pvt. Ltd,Kalika Securities Pvt. Ltd.,91,303.4,27609.4,2025-08-03T13:53:31.187038
2025-08-03,47401,2025080304017569,API,Thrive Brokerage House Pvt. Ltd,Vision Securities Pvt. Ltd,389,303.4,118022.6,2025-08-03T13:53:45.130535
2025-08-03,47400,2025080304017570,API,Sani Securities Company Ltd.,Vision Securities Pvt. Ltd,111,303.2,33655.2,2025-08-03T13:53:45.131653
