Date,S.N.,contract_id,symbol,buyer_broker,seller_broker,volume,price,amount,transaction_time
2025-08-03,152492,2025080303000016,BFC,Aryatara Investment & Securities,Swarna Laxmi Securities Pvt. Ltd.,10,530.0,5300.0,2025-08-03T10:46:00.02282
2025-08-03,152022,2025080303000085,BFC,Capital Max Securities Ltd,Nepal Stock House (PVT) Ltd.,50,531.1,26555.0,2025-08-03T11:01:01.010113
2025-08-03,152021,2025080303000086,BFC,Aryatara Investment & Securities,Nepal Stock House (PVT) Ltd.,300,531.0,159300.0,2025-08-03T11:01:01.010182
2025-08-03,148001,2025080303000601,BFC,Online Securities Pvt. Ltd.,Blue Chip Securities Ltd,10,541.6,5416.0,2025-08-03T11:07:26.141954
2025-08-03,146270,2025080303000860,BFC,Vision Securities Pvt. Ltd,Sumeru Securities Pvt. Ltd.,23,541.6,12456.8,2025-08-03T11:09:51.297636
2025-08-03,146269,2025080303000861,BFC,Vision Securities Pvt. Ltd,Midas Stock Broking Company Private Limited,277,550.0,152350.0,2025-08-03T11:09:51.297714
2025-08-03,144535,2025080303001074,BFC,Midas Stock Broking Company Private Limited,J.F. Securites (PVT) Ltd.,50,548.0,27400.0,2025-08-03T11:12:03.433323
2025-08-03,144534,2025080303001075,BFC,Midas Stock Broking Company Private Limited,Midas Stock Broking Company Private Limited,433,550.0,238150.0,2025-08-03T11:12:03.433417
2025-08-03,144533,2025080303001076,BFC,Midas Stock Broking Company Private Limited,Sri Hari Securities Pvt. Ltd.,17,550.0,9350.0,2025-08-03T11:12:03.433469
2025-08-03,143209,2025080303001225,BFC,Online Securities Pvt. Ltd.,Opal Securities Investment (PVT) Ltd.,40,546.0,21840.0,2025-08-03T11:13:25.361526
2025-08-03,143208,2025080303001226,BFC,ABC Securities Private Limited,Opal Securities Investment (PVT) Ltd.,500,545.0,272500.0,2025-08-03T11:13:25.361574
2025-08-03,143207,2025080303001227,BFC,KALASH STOCK MARKET PVT. LTD.,Opal Securities Investment (PVT) Ltd.,500,541.0,270500.0,2025-08-03T11:13:25.36161
2025-08-03,143206,2025080303001228,BFC,KALASH STOCK MARKET PVT. LTD.,Opal Securities Investment (PVT) Ltd.,500,540.0,270000.0,2025-08-03T11:13:25.36164
2025-08-03,143205,2025080303001229,BFC,Naasa Securities Co. Ltd.,Opal Securities Investment (PVT) Ltd.,10,539.0,5390.0,2025-08-03T11:13:25.361687
2025-08-03,140162,2025080303001735,BFC,Vision Securities Pvt. Ltd,Opal Securities Investment (PVT) Ltd.,450,540.0,243000.0,2025-08-03T11:17:44.412084
2025-08-03,139054,2025080303001915,BFC,Opal Securities Investment (PVT) Ltd.,Kumari Securities Private Limited,10,538.0,5380.0,2025-08-03T11:19:06.258111
2025-08-03,136364,2025080303002346,BFC,Aryatara Investment & Securities,Opal Securities Investment (PVT) Ltd.,245,539.0,132055.0,2025-08-03T11:22:09.288899
2025-08-03,134960,2025080303002574,BFC,Miyo Securities Pvt Ltd,Sani Securities Company Ltd.,10,540.1,5401.0,2025-08-03T11:23:37.902114
2025-08-03,134632,2025080303002636,BFC,Miyo Securities Pvt Ltd,Opal Securities Investment (PVT) Ltd.,40,540.1,21604.0,2025-08-03T11:24:04.170667
2025-08-03,134631,2025080303002637,BFC,Sundhara Securities Limited,Opal Securities Investment (PVT) Ltd.,100,540.1,54010.0,2025-08-03T11:24:04.170773
2025-08-03,134630,2025080303002638,BFC,Online Securities Pvt. Ltd.,Opal Securities Investment (PVT) Ltd.,50,540.0,27000.0,2025-08-03T11:24:04.170821
2025-08-03,133870,2025080303002781,BFC,Stoxkarts Securities Limited,Opal Securities Investment (PVT) Ltd.,800,540.0,432000.0,2025-08-03T11:25:00.738085
2025-08-03,133477,2025080303002852,BFC,Dipshikha Dhitopatra Karobar Co. Pvt Ltd.,Opal Securities Investment (PVT) Ltd.,200,539.2,107840.0,2025-08-03T11:25:32.948927
2025-08-03,133215,2025080303002900,BFC,Midas Stock Broking Company Private Limited,Sundhara Securities Limited,200,542.0,108400.0,2025-08-03T11:25:51.861527
2025-08-03,133213,2025080303002901,BFC,Midas Stock Broking Company Private Limited,K.B.L. Securities Limited ,204,545.0,111180.0,2025-08-03T11:25:51.861764
2025-08-03,133212,2025080303002902,BFC,Midas Stock Broking Company Private Limited,Online Securities Pvt. Ltd.,45,545.0,24525.0,2025-08-03T11:25:51.861893
2025-08-03,132762,2025080303002957,BFC,Sundhara Securities Limited,Siprabi Securities Pvt. Ltd.,75,545.0,40875.0,2025-08-03T11:26:19.470125
2025-08-03,132761,2025080303002958,BFC,Sundhara Securities Limited,Kohinoor Investment & Securities Pvt. Ltd.,225,548.7,123457.5,2025-08-03T11:26:19.470239
2025-08-03,128734,2025080303003680,BFC,Aryatara Investment & Securities,J.F. Securites (PVT) Ltd.,90,541.0,48690.0,2025-08-03T11:32:31.653671
2025-08-03,128733,2025080303003681,BFC,Vision Securities Pvt. Ltd,J.F. Securites (PVT) Ltd.,10,540.8,5408.0,2025-08-03T11:32:31.653717
2025-08-03,125555,2025080303004256,BFC,Sweta Securities Private Limited,Naasa Securities Co. Ltd.,200,542.0,108400.0,2025-08-03T11:36:05.210176
2025-08-03,125330,2025080303004310,BFC,Aryatara Investment & Securities,Naasa Securities Co. Ltd.,250,541.0,135250.0,2025-08-03T11:36:25.62553
2025-08-03,125329,2025080303004311,BFC,KALASH STOCK MARKET PVT. LTD.,Naasa Securities Co. Ltd.,50,541.0,27050.0,2025-08-03T11:36:25.625683
2025-08-03,125151,2025080303004366,BFC,KALASH STOCK MARKET PVT. LTD.,Dipshikha Dhitopatra Karobar Co. Pvt Ltd.,100,541.0,54100.0,2025-08-03T11:36:37.815126
2025-08-03,124948,2025080303004412,BFC,KALASH STOCK MARKET PVT. LTD.,South Asian Bulls Pvt. Ltd.,250,541.0,135250.0,2025-08-03T11:36:53.201488
2025-08-03,124240,2025080303004528,BFC,KALASH STOCK MARKET PVT. LTD.,Opal Securities Investment (PVT) Ltd.,100,541.0,54100.0,2025-08-03T11:37:52.855877
2025-08-03,124239,2025080303004529,BFC,Imperial Securities Company Pvt. Ltd.,Opal Securities Investment (PVT) Ltd.,130,541.0,70330.0,2025-08-03T11:37:52.855995
2025-08-03,124238,2025080303004530,BFC,Vision Securities Pvt. Ltd,Opal Securities Investment (PVT) Ltd.,120,540.8,64896.0,2025-08-03T11:37:52.856056
2025-08-03,123885,2025080303004604,BFC,South Asian Bulls Pvt. Ltd.,Aryatara Investment & Securities,20,542.0,10840.0,2025-08-03T11:38:27.482864
2025-08-03,123310,2025080303004681,BFC,South Asian Bulls Pvt. Ltd.,Kumari Securities Private Limited,280,542.0,151760.0,2025-08-03T11:39:19.116786
2025-08-03,121585,2025080303004939,BFC,Malla & Malla Stock Broking Company Pvt. Limited,Sani Securities Company Ltd.,100,542.1,54210.0,2025-08-03T11:41:45.653903
2025-08-03,120604,2025080303005066,BFC,Vision Securities Pvt. Ltd,Dipshikha Dhitopatra Karobar Co. Pvt Ltd.,370,540.8,200096.0,2025-08-03T11:43:11.392404
2025-08-03,120603,2025080303005067,BFC,Aryatara Investment & Securities,Dipshikha Dhitopatra Karobar Co. Pvt Ltd.,130,540.5,70265.0,2025-08-03T11:43:11.392525
2025-08-03,120259,2025080303005143,BFC,Aryatara Investment & Securities,Aryatara Investment & Securities,800,540.5,432400.0,2025-08-03T11:43:45.291259
2025-08-03,120119,2025080303005164,BFC,Aryatara Investment & Securities,Premier Securities Company Ltd.,70,540.5,37835.0,2025-08-03T11:44:00.943794
2025-08-03,119579,2025080303005260,BFC,Naasa Securities Co. Ltd.,Aryatara Investment & Securities,200,540.0,108000.0,2025-08-03T11:44:59.601896
2025-08-03,119552,2025080303005261,BFC,Naasa Securities Co. Ltd.,Premier Securities Company Ltd.,130,540.0,70200.0,2025-08-03T11:45:00.35774
2025-08-03,118987,2025080303005374,BFC,Naasa Securities Co. Ltd.,Imperial Securities Company Pvt. Ltd.,100,540.0,54000.0,2025-08-03T11:45:52.793122
2025-08-03,118268,2025080303005493,BFC,Naasa Securities Co. Ltd.,Sweta Securities Private Limited,170,540.0,91800.0,2025-08-03T11:46:56.99516
2025-08-03,118267,2025080303005494,BFC,Sundhara Securities Limited,Sweta Securities Private Limited,12,540.0,6480.0,2025-08-03T11:46:56.99528
2025-08-03,118266,2025080303005495,BFC,Vision Securities Pvt. Ltd,Sweta Securities Private Limited,18,540.0,9720.0,2025-08-03T11:46:56.995333
2025-08-03,117289,2025080303005655,BFC,Oxford Securities Pvt. Ltd.,Naasa Securities Co. Ltd.,60,540.0,32400.0,2025-08-03T11:48:22.057356
2025-08-03,116753,2025080303005743,BFC,Oxford Securities Pvt. Ltd.,Aryatara Investment & Securities,300,543.0,162900.0,2025-08-03T11:49:16.850664
2025-08-03,115933,2025080303005936,BFC,Oxford Securities Pvt. Ltd.,Kumari Securities Private Limited,440,543.0,238920.0,2025-08-03T11:50:31.788758
2025-08-03,115331,2025080303006019,BFC,Naasa Securities Co. Ltd.,Dakshinkali Investment & Securities Pvt. Ltd.,150,542.0,81300.0,2025-08-03T11:51:25.154748
2025-08-03,113430,2025080303006303,BFC,Sundhara Securities Limited,Kumari Securities Private Limited,30,540.7,16221.0,2025-08-03T11:54:17.544214
2025-08-03,112823,2025080303006421,BFC,Sweta Securities Private Limited,Malla & Malla Stock Broking Company Pvt. Limited,30,539.0,16170.0,2025-08-03T11:55:13.547433
2025-08-03,112651,2025080303006452,BFC,Midas Stock Broking Company Private Limited,Kumari Securities Private Limited,70,540.1,37807.0,2025-08-03T11:55:27.026352
2025-08-03,111449,2025080303006606,BFC,Aryatara Investment & Securities,Kumari Securities Private Limited,30,540.6,16218.0,2025-08-03T11:57:20.456125
2025-08-03,111225,2025080303006643,BFC,Midas Stock Broking Company Private Limited,Kumari Securities Private Limited,10,540.7,5407.0,2025-08-03T11:57:37.918796
2025-08-03,109265,2025080303006933,BFC,Midas Stock Broking Company Private Limited,Vision Securities Pvt. Ltd,10,540.0,5400.0,2025-08-03T12:00:52.128942
2025-08-03,108133,2025080303007112,BFC,Aryatara Investment & Securities,Nepal Stock House (PVT) Ltd.,20,540.0,10800.0,2025-08-03T12:02:38.999958
2025-08-03,107963,2025080303007145,BFC,Naasa Securities Co. Ltd.,Nepal Stock House (PVT) Ltd.,120,540.0,64800.0,2025-08-03T12:02:57.886015
2025-08-03,107962,2025080303007146,BFC,Naasa Securities Co. Ltd.,Siprabi Securities Pvt. Ltd.,50,540.0,27000.0,2025-08-03T12:02:57.886163
2025-08-03,107127,2025080303007252,BFC,Vision Securities Pvt. Ltd,Kumari Securities Private Limited,51,540.9,27585.9,2025-08-03T12:04:13.378313
2025-08-03,106805,2025080303007315,BFC,Investment Management Nepal Pvt. Ltd.,Opal Securities Investment (PVT) Ltd.,10,541.9,5419.0,2025-08-03T12:04:44.885963
2025-08-03,106771,2025080303007318,BFC,Malla & Malla Stock Broking Company Pvt. Limited,Dakshinkali Investment & Securities Pvt. Ltd.,115,542.0,62330.0,2025-08-03T12:04:48.523102
2025-08-03,106770,2025080303007319,BFC,Malla & Malla Stock Broking Company Pvt. Limited,Nepal Stock House (PVT) Ltd.,150,542.0,81300.0,2025-08-03T12:04:48.523255
2025-08-03,106769,2025080303007320,BFC,Malla & Malla Stock Broking Company Pvt. Limited,Imperial Securities Company Pvt. Ltd.,200,542.0,108400.0,2025-08-03T12:04:48.523309
2025-08-03,106570,2025080303007350,BFC,Vision Securities Pvt. Ltd,Aryatara Investment & Securities,11,542.0,5962.0,2025-08-03T12:05:13.01293
2025-08-03,106463,2025080303007373,BFC,Malla & Malla Stock Broking Company Pvt. Limited,Aryatara Investment & Securities,10,542.0,5420.0,2025-08-03T12:05:23.721775
2025-08-03,106373,2025080303007395,BFC,Naasa Securities Co. Ltd.,Aryatara Investment & Securities,430,542.0,233060.0,2025-08-03T12:05:36.815041
2025-08-03,105681,2025080303007470,BFC,Sumeru Securities Pvt. Ltd.,Aryatara Investment & Securities,49,542.0,26558.0,2025-08-03T12:06:52.646913
2025-08-03,105680,2025080303007471,BFC,Sumeru Securities Pvt. Ltd.,Kumari Securities Private Limited,560,543.0,304080.0,2025-08-03T12:06:52.647072
2025-08-03,105679,2025080303007472,BFC,Sumeru Securities Pvt. Ltd.,Naasa Securities Co. Ltd.,191,543.0,103713.0,2025-08-03T12:06:52.647153
2025-08-03,105353,2025080303007505,BFC,Investment Management Nepal Pvt. Ltd.,Nepal Investment And Securities Trading Private Limited,10,544.9,5449.0,2025-08-03T12:07:32.763375
2025-08-03,105324,2025080303007513,BFC,Sumeru Securities Pvt. Ltd.,Secured Securities Ltd.,400,540.1,216040.0,2025-08-03T12:07:35.741789
2025-08-03,104075,2025080303007684,BFC,Sri Hari Securities Pvt. Ltd.,Online Securities Pvt. Ltd.,2,543.0,1086.0,2025-08-03T12:09:48.194663
2025-08-03,103766,2025080303007736,BFC,Naasa Securities Co. Ltd.,Dynamic Money Managers Securities Pvt. Ltd.,20,540.3,10806.0,2025-08-03T12:10:29.804133
2025-08-03,99404,2025080303008493,BFC,Sweta Securities Private Limited,Nepal Investment And Securities Trading Private Limited,21,542.0,11382.0,2025-08-03T12:19:43.212239
2025-08-03,99330,2025080303008496,BFC,Sweta Securities Private Limited,Bhrikuti Stock Broking Co. Pvt. Ltd.,50,540.7,27035.0,2025-08-03T12:19:54.225669
2025-08-03,99329,2025080303008497,BFC,Naasa Securities Co. Ltd.,Bhrikuti Stock Broking Co. Pvt. Ltd.,50,540.6,27030.0,2025-08-03T12:19:54.225837
2025-08-03,99328,2025080303008498,BFC,ABC Securities Private Limited,Bhrikuti Stock Broking Co. Pvt. Ltd.,100,540.4,54040.0,2025-08-03T12:19:54.225904
2025-08-03,98459,2025080303008654,BFC,Naasa Securities Co. Ltd.,Sweta Securities Private Limited,50,540.2,27010.0,2025-08-03T12:21:20.897118
2025-08-03,98458,2025080303008655,BFC,Sumeru Securities Pvt. Ltd.,Sweta Securities Private Limited,100,540.1,54010.0,2025-08-03T12:21:20.897257
2025-08-03,98457,2025080303008656,BFC,Sani Securities Company Ltd.,Sweta Securities Private Limited,50,540.1,27005.0,2025-08-03T12:21:20.897312
2025-08-03,97708,2025080303008788,BFC,Naasa Securities Co. Ltd.,Nepal Investment And Securities Trading Private Limited,15,542.0,8130.0,2025-08-03T12:22:33.908411
2025-08-03,96938,2025080303008882,BFC,Dipshikha Dhitopatra Karobar Co. Pvt Ltd.,Nepal Investment And Securities Trading Private Limited,200,542.0,108400.0,2025-08-03T12:24:13.68916
2025-08-03,96856,2025080303008902,BFC,Naasa Securities Co. Ltd.,Nepal Investment And Securities Trading Private Limited,264,542.0,143088.0,2025-08-03T12:24:21.91702
2025-08-03,96345,2025080303008983,BFC,Naasa Securities Co. Ltd.,Nepal Investment And Securities Trading Private Limited,100,542.0,54200.0,2025-08-03T12:25:19.477244
2025-08-03,95802,2025080303009050,BFC,Naasa Securities Co. Ltd.,Asian Securities Private Ltd.,86,542.0,46612.0,2025-08-03T12:26:19.392476
2025-08-03,95131,2025080303009167,BFC,Naasa Securities Co. Ltd.,Property Wiard Limited,50,540.3,27015.0,2025-08-03T12:27:35.245455
2025-08-03,95130,2025080303009168,BFC,Nepal Stock House (PVT) Ltd.,Property Wiard Limited,290,540.2,156658.0,2025-08-03T12:27:35.245581
2025-08-03,95129,2025080303009169,BFC,ABC Securities Private Limited,Property Wiard Limited,100,540.2,54020.0,2025-08-03T12:27:35.245637
2025-08-03,95128,2025080303009170,BFC,Sani Securities Company Ltd.,Property Wiard Limited,50,540.1,27005.0,2025-08-03T12:27:35.245691
2025-08-03,95127,2025080303009171,BFC,Online Securities Pvt. Ltd.,Property Wiard Limited,18,540.0,9720.0,2025-08-03T12:27:35.245747
2025-08-03,95126,2025080303009172,BFC,Imperial Securities Company Pvt. Ltd.,Property Wiard Limited,200,540.0,108000.0,2025-08-03T12:27:35.245808
2025-08-03,94694,2025080303009221,BFC,Investment Management Nepal Pvt. Ltd.,Property Wiard Limited,10,541.0,5410.0,2025-08-03T12:28:21.752577
2025-08-03,93346,2025080303009407,BFC,Shree Krishna Securities Ltd.,Property Wiard Limited,169,541.0,91429.0,2025-08-03T12:31:00.766352
2025-08-03,93253,2025080303009423,BFC,Naasa Securities Co. Ltd.,South Asian Bulls Pvt. Ltd.,200,540.1,108020.0,2025-08-03T12:31:08.773425
2025-08-03,93030,2025080303009444,BFC,Naasa Securities Co. Ltd.,Linch Stock Market Ltd.,6,541.0,3246.0,2025-08-03T12:31:35.107372
2025-08-03,90918,2025080303009803,BFC,Naasa Securities Co. Ltd.,Naasa Securities Co. Ltd.,31,540.1,16743.1,2025-08-03T12:35:42.633385
2025-08-03,90899,2025080303009817,BFC,Naasa Securities Co. Ltd.,Market Securities & Exchange (PVT) Ltd.,19,540.1,10261.9,2025-08-03T12:35:43.339807
2025-08-03,90898,2025080303009818,BFC,Aryatara Investment & Securities,Market Securities & Exchange (PVT) Ltd.,50,540.0,27000.0,2025-08-03T12:35:43.339938
2025-08-03,90897,2025080303009819,BFC,Naasa Securities Co. Ltd.,Market Securities & Exchange (PVT) Ltd.,50,540.0,27000.0,2025-08-03T12:35:43.339994
2025-08-03,90095,2025080303009976,BFC,ABC Securities Private Limited,Market Securities & Exchange (PVT) Ltd.,300,540.0,162000.0,2025-08-03T12:37:18.5539
2025-08-03,89874,2025080303010026,BFC,Naasa Securities Co. Ltd.,Market Securities & Exchange (PVT) Ltd.,30,540.0,16200.0,2025-08-03T12:37:45.883685
2025-08-03,89401,2025080303010089,BFC,Naasa Securities Co. Ltd.,Market Securities & Exchange (PVT) Ltd.,41,540.0,22140.0,2025-08-03T12:38:33.576153
2025-08-03,88845,2025080303010159,BFC,ABC Securities Private Limited,Property Wiard Limited,100,539.4,53940.0,2025-08-03T12:39:38.341189
2025-08-03,88844,2025080303010160,BFC,Naasa Securities Co. Ltd.,Property Wiard Limited,13,539.3,7010.9,2025-08-03T12:39:38.341316
2025-08-03,86336,2025080303010480,BFC,Naasa Securities Co. Ltd.,Asian Securities Private Ltd.,37,539.3,19954.1,2025-08-03T12:44:10.457707
2025-08-03,86335,2025080303010481,BFC,Nepal Stock House (PVT) Ltd.,Asian Securities Private Ltd.,200,539.2,107840.0,2025-08-03T12:44:10.457964
2025-08-03,86334,2025080303010482,BFC,Sewa Securities Pvt. Ltd.,Asian Securities Private Ltd.,215,539.0,115885.0,2025-08-03T12:44:10.458135
2025-08-03,85532,2025080303010634,BFC,Sumeru Securities Pvt. Ltd.,Nepal Stock House (PVT) Ltd.,100,538.6,53860.0,2025-08-03T12:45:30.950288
2025-08-03,85159,2025080303010684,BFC,Sumeru Securities Pvt. Ltd.,Asian Securities Private Ltd.,107,538.6,57630.2,2025-08-03T12:46:03.592638
2025-08-03,83630,2025080303010992,BFC,Sumeru Securities Pvt. Ltd.,Sani Securities Company Ltd.,105,538.6,56553.0,2025-08-03T12:48:34.194363
2025-08-03,83313,2025080303011085,BFC,Sumeru Securities Pvt. Ltd.,Capital Max Securities Ltd,100,538.6,53860.0,2025-08-03T12:48:56.16058
2025-08-03,82791,2025080303011178,BFC,Naasa Securities Co. Ltd.,Nepal Investment And Securities Trading Private Limited,90,541.9,48771.0,2025-08-03T12:49:41.159911
2025-08-03,82748,2025080303011197,BFC,Sumeru Securities Pvt. Ltd.,Linch Stock Market Ltd.,25,538.6,13465.0,2025-08-03T12:49:46.07887
2025-08-03,76852,2025080303012222,BFC,Sumeru Securities Pvt. Ltd.,Asian Securities Private Ltd.,63,538.6,33931.8,2025-08-03T12:58:28.68449
2025-08-03,76486,2025080303012290,BFC,Naasa Securities Co. Ltd.,Dynamic Money Managers Securities Pvt. Ltd.,50,538.1,26905.0,2025-08-03T12:59:00.274621
2025-08-03,75943,2025080303012388,BFC,Opal Securities Investment (PVT) Ltd.,Asian Securities Private Ltd.,18,538.0,9684.0,2025-08-03T12:59:53.362291
2025-08-03,75926,2025080303012392,BFC,Opal Securities Investment (PVT) Ltd.,Nepal Stock House (PVT) Ltd.,22,538.0,11836.0,2025-08-03T12:59:55.385068
2025-08-03,75925,2025080303012393,BFC,Vision Securities Pvt. Ltd,Nepal Stock House (PVT) Ltd.,60,538.0,32280.0,2025-08-03T12:59:55.385247
2025-08-03,75924,2025080303012394,BFC,Oxford Securities Pvt. Ltd.,Nepal Stock House (PVT) Ltd.,18,538.0,9684.0,2025-08-03T12:59:55.385316
2025-08-03,75904,2025080303012400,BFC,Dipshikha Dhitopatra Karobar Co. Pvt Ltd.,Dynamic Money Managers Securities Pvt. Ltd.,100,538.1,53810.0,2025-08-03T12:59:57.164977
2025-08-03,75604,2025080303012446,BFC,Oxford Securities Pvt. Ltd.,Imperial Securities Company Pvt. Ltd.,50,538.0,26900.0,2025-08-03T13:00:22.141068
2025-08-03,75011,2025080303012564,BFC,Vision Securities Pvt. Ltd,Dynamic Money Managers Securities Pvt. Ltd.,38,538.1,20447.8,2025-08-03T13:01:14.310974
2025-08-03,74713,2025080303012597,BFC,Oxford Securities Pvt. Ltd.,Neev Securities Pvt. Ltd.,432,538.0,232416.0,2025-08-03T13:01:41.687622
2025-08-03,74712,2025080303012598,BFC,Kumari Securities Private Limited,Neev Securities Pvt. Ltd.,50,538.0,26900.0,2025-08-03T13:01:41.687771
2025-08-03,74711,2025080303012599,BFC,Naasa Securities Co. Ltd.,Neev Securities Pvt. Ltd.,200,538.0,107600.0,2025-08-03T13:01:41.687828
2025-08-03,74710,2025080303012600,BFC,ABC Securities Private Limited,Neev Securities Pvt. Ltd.,100,538.0,53800.0,2025-08-03T13:01:41.687881
2025-08-03,74709,2025080303012601,BFC,ABC Securities Private Limited,Neev Securities Pvt. Ltd.,218,538.0,117284.0,2025-08-03T13:01:41.687935
2025-08-03,73376,2025080303012814,BFC,ABC Securities Private Limited,Online Securities Pvt. Ltd.,82,538.0,44116.0,2025-08-03T13:03:39.544402
2025-08-03,72102,2025080303013055,BFC,Vision Securities Pvt. Ltd,Online Securities Pvt. Ltd.,10,538.0,5380.0,2025-08-03T13:06:11.771806
2025-08-03,71960,2025080303013081,BFC,Imperial Securities Company Pvt. Ltd.,Sani Securities Company Ltd.,10,537.0,5370.0,2025-08-03T13:06:37.693599
2025-08-03,71959,2025080303013082,BFC,Premier Securities Company Ltd.,Sani Securities Company Ltd.,61,537.0,32757.0,2025-08-03T13:06:37.693739
2025-08-03,71958,2025080303013083,BFC,ABC Securities Private Limited,Sani Securities Company Ltd.,29,537.0,15573.0,2025-08-03T13:06:37.693804
2025-08-03,71878,2025080303013100,BFC,Bhrikuti Stock Broking Co. Pvt. Ltd.,Dynamic Money Managers Securities Pvt. Ltd.,512,538.1,275507.2,2025-08-03T13:06:48.62472
2025-08-03,71416,2025080303013185,BFC,ABC Securities Private Limited,J.F. Securites (PVT) Ltd.,500,537.0,268500.0,2025-08-03T13:07:49.966215
2025-08-03,70829,2025080303013281,BFC,ABC Securities Private Limited,Market Securities & Exchange (PVT) Ltd.,221,537.0,118677.0,2025-08-03T13:09:23.091332
2025-08-03,70828,2025080303013282,BFC,Nepal Stock House (PVT) Ltd.,Market Securities & Exchange (PVT) Ltd.,79,536.0,42344.0,2025-08-03T13:09:23.091426
2025-08-03,70379,2025080303013358,BFC,Nepal Stock House (PVT) Ltd.,Naasa Securities Co. Ltd.,101,536.0,54136.0,2025-08-03T13:10:32.392352
2025-08-03,70378,2025080303013359,BFC,Bhrikuti Stock Broking Co. Pvt. Ltd.,Naasa Securities Co. Ltd.,488,536.0,261568.0,2025-08-03T13:10:32.392496
2025-08-03,70377,2025080303013360,BFC,Aryatara Investment & Securities,Naasa Securities Co. Ltd.,411,535.1,219926.1,2025-08-03T13:10:32.392557
2025-08-03,68473,2025080303013649,BFC,Nepal Investment And Securities Trading Private Limited,Sani Securities Company Ltd.,50,536.0,26800.0,2025-08-03T13:14:36.94347
2025-08-03,68472,2025080303013650,BFC,Trisul Securities & Invt. Ltd.,Sani Securities Company Ltd.,20,535.3,10706.0,2025-08-03T13:14:36.943524
2025-08-03,68032,2025080303013738,BFC,Trisul Securities & Invt. Ltd.,South Asian Bulls Pvt. Ltd.,80,535.3,42824.0,2025-08-03T13:15:32.23545
2025-08-03,67885,2025080303013770,BFC,Online Securities Pvt. Ltd.,South Asian Bulls Pvt. Ltd.,307,535.3,164337.1,2025-08-03T13:15:52.940516
2025-08-03,67360,2025080303013885,BFC,Vision Securities Pvt. Ltd,Opal Securities Investment (PVT) Ltd.,10,538.0,5380.0,2025-08-03T13:16:55.815424
2025-08-03,66828,2025080303013983,BFC,Naasa Securities Co. Ltd.,Market Securities & Exchange (PVT) Ltd.,100,535.4,53540.0,2025-08-03T13:17:55.064412
2025-08-03,66419,2025080303014064,BFC,Online Securities Pvt. Ltd.,Market Securities & Exchange (PVT) Ltd.,100,535.4,53540.0,2025-08-03T13:19:00.524669
2025-08-03,64802,2025080303014353,BFC,Online Securities Pvt. Ltd.,Primo Securities (PVT) Ltd.,20,535.3,10706.0,2025-08-03T13:21:57.149148
2025-08-03,63182,2025080303014663,BFC,Naasa Securities Co. Ltd.,Sani Securities Company Ltd.,32,535.4,17132.8,2025-08-03T13:24:47.686393
2025-08-03,60147,2025080303015184,BFC,Online Securities Pvt. Ltd.,Kumari Securities Private Limited,100,535.5,53550.0,2025-08-03T13:30:39.048602
2025-08-03,59517,2025080303015296,BFC,Naasa Securities Co. Ltd.,ABC Securities Private Limited,10,536.0,5360.0,2025-08-03T13:31:51.199894
2025-08-03,59466,2025080303015307,BFC,Vision Securities Pvt. Ltd,ABC Securities Private Limited,50,536.0,26800.0,2025-08-03T13:31:58.957134
2025-08-03,59465,2025080303015308,BFC,Vision Securities Pvt. Ltd,Kohinoor Investment & Securities Pvt. Ltd.,10,537.0,5370.0,2025-08-03T13:31:58.957232
2025-08-03,59238,2025080303015328,BFC,Online Securities Pvt. Ltd.,Neev Securities Pvt. Ltd.,473,535.5,253291.5,2025-08-03T13:32:17.966467
2025-08-03,59237,2025080303015329,BFC,Naasa Securities Co. Ltd.,Neev Securities Pvt. Ltd.,18,535.4,9637.2,2025-08-03T13:32:17.966666
2025-08-03,59236,2025080303015330,BFC,Himalayan Brokerage Company Limited,Neev Securities Pvt. Ltd.,100,535.4,53540.0,2025-08-03T13:32:17.966731
2025-08-03,59235,2025080303015331,BFC,Imperial Securities Company Pvt. Ltd.,Neev Securities Pvt. Ltd.,100,535.2,53520.0,2025-08-03T13:32:17.966788
2025-08-03,59234,2025080303015332,BFC,Sri Hari Securities Pvt. Ltd.,Neev Securities Pvt. Ltd.,500,535.2,267600.0,2025-08-03T13:32:17.966855
2025-08-03,59233,2025080303015333,BFC,Aryatara Investment & Securities,Neev Securities Pvt. Ltd.,89,535.1,47623.9,2025-08-03T13:32:17.966913
2025-08-03,59232,2025080303015334,BFC,Sri Hari Securities Pvt. Ltd.,Neev Securities Pvt. Ltd.,1000,535.1,535100.0,2025-08-03T13:32:17.966967
2025-08-03,59231,2025080303015335,BFC,Swarna Laxmi Securities Pvt. Ltd.,Neev Securities Pvt. Ltd.,100,535.0,53500.0,2025-08-03T13:32:17.967029
2025-08-03,59230,2025080303015336,BFC,Trishakti Securities Public Limited,Neev Securities Pvt. Ltd.,100,535.0,53500.0,2025-08-03T13:32:17.967081
2025-08-03,59229,2025080303015337,BFC,Sani Securities Company Ltd.,Neev Securities Pvt. Ltd.,500,535.0,267500.0,2025-08-03T13:32:17.967138
2025-08-03,59228,2025080303015338,BFC,Online Securities Pvt. Ltd.,Neev Securities Pvt. Ltd.,26,535.0,13910.0,2025-08-03T13:32:17.967193
2025-08-03,59227,2025080303015339,BFC,Naasa Securities Co. Ltd.,Neev Securities Pvt. Ltd.,650,535.0,347750.0,2025-08-03T13:32:17.967269
2025-08-03,59226,2025080303015340,BFC,Kalika Securities Pvt. Ltd.,Neev Securities Pvt. Ltd.,100,535.0,53500.0,2025-08-03T13:32:17.96733
2025-08-03,59225,2025080303015341,BFC,ABC Securities Private Limited,Neev Securities Pvt. Ltd.,200,535.0,107000.0,2025-08-03T13:32:17.967394
2025-08-03,58994,2025080303015388,BFC,Vision Securities Pvt. Ltd,Neev Securities Pvt. Ltd.,44,534.0,23496.0,2025-08-03T13:32:49.131159
2025-08-03,58152,2025080303015518,BFC,Vision Securities Pvt. Ltd,Dipshikha Dhitopatra Karobar Co. Pvt Ltd.,156,534.0,83304.0,2025-08-03T13:34:21.79786
2025-08-03,57636,2025080303015591,BFC,J.F. Securites (PVT) Ltd.,Sani Securities Company Ltd.,83,533.0,44239.0,2025-08-03T13:35:19.399654
2025-08-03,57589,2025080303015599,BFC,J.F. Securites (PVT) Ltd.,Investment Management Nepal Pvt. Ltd.,17,533.0,9061.0,2025-08-03T13:35:25.822513
2025-08-03,57112,2025080303015687,BFC,Infinity Securities Limited,Naasa Securities Co. Ltd.,18,532.0,9576.0,2025-08-03T13:36:13.208637
2025-08-03,57111,2025080303015688,BFC,Oxford Securities Pvt. Ltd.,Naasa Securities Co. Ltd.,12,532.0,6384.0,2025-08-03T13:36:13.208703
2025-08-03,57110,2025080303015689,BFC,Naasa Securities Co. Ltd.,Naasa Securities Co. Ltd.,100,531.3,53130.0,2025-08-03T13:36:13.208732
2025-08-03,57109,2025080303015690,BFC,Aryatara Investment & Securities,Naasa Securities Co. Ltd.,870,531.2,462144.0,2025-08-03T13:36:13.20876
2025-08-03,56717,2025080303015776,BFC,Vision Securities Pvt. Ltd,Online Securities Pvt. Ltd.,50,531.3,26565.0,2025-08-03T13:36:57.907389
2025-08-03,56716,2025080303015777,BFC,Dakshinkali Investment & Securities Pvt. Ltd.,Online Securities Pvt. Ltd.,50,531.3,26565.0,2025-08-03T13:36:57.907551
2025-08-03,55986,2025080303015904,BFC,Malla & Malla Stock Broking Company Pvt. Limited,Kohinoor Investment & Securities Pvt. Ltd.,50,532.0,26600.0,2025-08-03T13:38:17.305485
2025-08-03,55774,2025080303015941,BFC,Aryatara Investment & Securities,Kohinoor Investment & Securities Pvt. Ltd.,400,532.0,212800.0,2025-08-03T13:38:42.035058
2025-08-03,55672,2025080303015970,BFC,Bhrikuti Stock Broking Co. Pvt. Ltd.,Kohinoor Investment & Securities Pvt. Ltd.,50,532.0,26600.0,2025-08-03T13:38:55.306368
2025-08-03,53127,2025080303016448,BFC,Nepal Stock House (PVT) Ltd.,Dipshikha Dhitopatra Karobar Co. Pvt Ltd.,69,532.1,36714.9,2025-08-03T13:43:16.002677
2025-08-03,52506,2025080303016604,BFC,Kalika Securities Pvt. Ltd.,Investment Management Nepal Pvt. Ltd.,40,533.0,21320.0,2025-08-03T13:44:22.465205
2025-08-03,52361,2025080303016627,BFC,Capital Max Securities Ltd,Investment Management Nepal Pvt. Ltd.,33,533.0,17589.0,2025-08-03T13:44:34.541346
2025-08-03,48320,2025080303017580,BFC,Trisul Securities & Invt. Ltd.,Naasa Securities Co. Ltd.,100,535.0,53500.0,2025-08-03T13:51:42.433078
2025-08-03,45354,2025080303018129,BFC,Sani Securities Company Ltd.,Linch Stock Market Ltd.,16,535.1,8561.6,2025-08-03T13:57:38.741211
2025-08-03,45353,2025080303018130,BFC,Malla & Malla Stock Broking Company Pvt. Limited,Linch Stock Market Ltd.,50,533.3,26665.0,2025-08-03T13:57:38.741406
2025-08-03,45352,2025080303018131,BFC,Siprabi Securities Pvt. Ltd.,Linch Stock Market Ltd.,40,533.2,21328.0,2025-08-03T13:57:38.74148
2025-08-03,45351,2025080303018132,BFC,Trisul Securities & Invt. Ltd.,Linch Stock Market Ltd.,230,533.1,122613.0,2025-08-03T13:57:38.741565
2025-08-03,45350,2025080303018133,BFC,Dakshinkali Investment & Securities Pvt. Ltd.,Linch Stock Market Ltd.,10,533.0,5330.0,2025-08-03T13:57:38.741678
2025-08-03,45349,2025080303018134,BFC,Aryatara Investment & Securities,Linch Stock Market Ltd.,250,533.0,133250.0,2025-08-03T13:57:38.74178
2025-08-03,45348,2025080303018135,BFC,KALASH STOCK MARKET PVT. LTD.,Linch Stock Market Ltd.,1000,533.0,533000.0,2025-08-03T13:57:38.741863
2025-08-03,45347,2025080303018136,BFC,Sani Securities Company Ltd.,Linch Stock Market Ltd.,404,533.0,215332.0,2025-08-03T13:57:38.74197
2025-08-03,43433,2025080303018441,BFC,Sani Securities Company Ltd.,Capital Max Securities Ltd,256,533.0,136448.0,2025-08-03T14:01:31.241073
2025-08-03,42185,2025080303018705,BFC,Sani Securities Company Ltd.,Sri Hari Securities Pvt. Ltd.,90,533.0,47970.0,2025-08-03T14:04:07.333287
2025-08-03,42055,2025080303018719,BFC,Nepal Stock House (PVT) Ltd.,Sri Hari Securities Pvt. Ltd.,10,532.1,5321.0,2025-08-03T14:04:29.547349
2025-08-03,41547,2025080303018798,BFC,Nepal Stock House (PVT) Ltd.,Sri Hari Securities Pvt. Ltd.,21,532.1,11174.1,2025-08-03T14:05:58.447883
2025-08-03,41546,2025080303018799,BFC,Dakshinkali Investment & Securities Pvt. Ltd.,Sri Hari Securities Pvt. Ltd.,49,532.1,26072.9,2025-08-03T14:05:58.448061
2025-08-03,41149,2025080303018882,BFC,Sri Hari Securities Pvt. Ltd.,Sri Hari Securities Pvt. Ltd.,30,532.2,15966.0,2025-08-03T14:07:03.362304
2025-08-03,40093,2025080303019114,BFC,Sewa Securities Pvt. Ltd.,Kohinoor Investment & Securities Pvt. Ltd.,68,535.0,36380.0,2025-08-03T14:09:52.413517
2025-08-03,40092,2025080303019115,BFC,Sewa Securities Pvt. Ltd.,Deevyaa Securities & Stock House Pvt. Ltd,160,535.0,85600.0,2025-08-03T14:09:52.413708
2025-08-03,39987,2025080303019131,BFC,Opal Securities Investment (PVT) Ltd.,Asian Securities Private Ltd.,300,533.0,159900.0,2025-08-03T14:09:57.398434
2025-08-03,39986,2025080303019132,BFC,Sani Securities Company Ltd.,Asian Securities Private Ltd.,50,532.3,26615.0,2025-08-03T14:09:57.398657
2025-08-03,39985,2025080303019133,BFC,Sri Hari Securities Pvt. Ltd.,Asian Securities Private Ltd.,150,532.2,79830.0,2025-08-03T14:09:57.398717
2025-08-03,38870,2025080303019350,BFC,Sri Hari Securities Pvt. Ltd.,Cristal Kanchanjanga Securites Pvt. Ltd.,90,532.2,47898.0,2025-08-03T14:12:42.774667
2025-08-03,38869,2025080303019351,BFC,Bhrikuti Stock Broking Co. Pvt. Ltd.,Cristal Kanchanjanga Securites Pvt. Ltd.,410,532.0,218120.0,2025-08-03T14:12:42.774965
2025-08-03,38233,2025080303019457,BFC,Bhrikuti Stock Broking Co. Pvt. Ltd.,Sri Hari Securities Pvt. Ltd.,40,532.0,21280.0,2025-08-03T14:14:08.354818
2025-08-03,38232,2025080303019458,BFC,Dynamic Money Managers Securities Pvt. Ltd.,Sri Hari Securities Pvt. Ltd.,20,532.0,10640.0,2025-08-03T14:14:08.35504
2025-08-03,38231,2025080303019459,BFC,J.F. Securites (PVT) Ltd.,Sri Hari Securities Pvt. Ltd.,20,532.0,10640.0,2025-08-03T14:14:08.355104
2025-08-03,38230,2025080303019460,BFC,Neev Securities Pvt. Ltd.,Sri Hari Securities Pvt. Ltd.,605,532.0,321860.0,2025-08-03T14:14:08.355157
2025-08-03,38229,2025080303019461,BFC,Vision Securities Pvt. Ltd,Sri Hari Securities Pvt. Ltd.,15,532.0,7980.0,2025-08-03T14:14:08.355214
2025-08-03,37582,2025080303019629,BFC,Vision Securities Pvt. Ltd,Sri Hari Securities Pvt. Ltd.,35,532.0,18620.0,2025-08-03T14:15:41.620959
2025-08-03,37581,2025080303019630,BFC,Sewa Securities Pvt. Ltd.,Sri Hari Securities Pvt. Ltd.,10,532.0,5320.0,2025-08-03T14:15:41.621157
2025-08-03,37580,2025080303019631,BFC,Aryatara Investment & Securities,Sri Hari Securities Pvt. Ltd.,55,532.0,29260.0,2025-08-03T14:15:41.62122
2025-08-03,37374,2025080303019674,BFC,Aryatara Investment & Securities,Nepal Stock House (PVT) Ltd.,195,532.0,103740.0,2025-08-03T14:16:14.156862
2025-08-03,37255,2025080303019715,BFC,Blue Chip Securities Ltd,Nepal Stock House (PVT) Ltd.,10,532.0,5320.0,2025-08-03T14:16:26.314523
2025-08-03,36889,2025080303019792,BFC,Pragyan Securities (PVT) Ltd.,Nepal Stock House (PVT) Ltd.,12,532.0,6384.0,2025-08-03T14:17:09.752813
2025-08-03,36876,2025080303019796,BFC,Kumari Securities Private Limited,Nepal Stock House (PVT) Ltd.,15,532.0,7980.0,2025-08-03T14:17:11.711657
2025-08-03,36278,2025080303019909,BFC,Vision Securities Pvt. Ltd,Nepal Stock House (PVT) Ltd.,30,532.0,15960.0,2025-08-03T14:18:27.547763
2025-08-03,34154,2025080303020395,BFC,J.F. Securites (PVT) Ltd.,Capital Max Securities Ltd,20,532.0,10640.0,2025-08-03T14:22:35.428197
2025-08-03,33692,2025080303020518,BFC,Blue Chip Securities Ltd,Imperial Securities Company Pvt. Ltd.,10,534.9,5349.0,2025-08-03T14:23:23.999454
2025-08-03,31874,2025080303020894,BFC,Sani Securities Company Ltd.,Imperial Securities Company Pvt. Ltd.,10,534.9,5349.0,2025-08-03T14:26:17.211189
2025-08-03,30552,2025080303021198,BFC,J.F. Securites (PVT) Ltd.,Naasa Securities Co. Ltd.,20,531.4,10628.0,2025-08-03T14:28:29.751422
2025-08-03,30036,2025080303021286,BFC,Dakshinkali Investment & Securities Pvt. Ltd.,Deevyaa Securities & Stock House Pvt. Ltd,50,531.4,26570.0,2025-08-03T14:29:17.11885
2025-08-03,29946,2025080303021304,BFC,Dakshinkali Investment & Securities Pvt. Ltd.,Naasa Securities Co. Ltd.,20,531.4,10628.0,2025-08-03T14:29:27.430925
2025-08-03,29945,2025080303021305,BFC,Naasa Securities Co. Ltd.,Naasa Securities Co. Ltd.,50,531.2,26560.0,2025-08-03T14:29:27.430976
2025-08-03,29944,2025080303021306,BFC,Sharepro Securities Private Limited,Naasa Securities Co. Ltd.,50,531.2,26560.0,2025-08-03T14:29:27.431009
2025-08-03,29943,2025080303021307,BFC,Naasa Securities Co. Ltd.,Naasa Securities Co. Ltd.,50,531.1,26555.0,2025-08-03T14:29:27.431069
2025-08-03,29942,2025080303021308,BFC,J.F. Securites (PVT) Ltd.,Naasa Securities Co. Ltd.,50,531.1,26555.0,2025-08-03T14:29:27.431092
2025-08-03,29941,2025080303021309,BFC,Premier Securities Company Ltd.,Naasa Securities Co. Ltd.,780,531.1,414258.0,2025-08-03T14:29:27.431116
2025-08-03,28612,2025080303021702,BFC,Naasa Securities Co. Ltd.,Imperial Securities Company Pvt. Ltd.,30,534.9,16047.0,2025-08-03T14:31:21.464518
2025-08-03,27630,2025080303021931,BFC,Blue Chip Securities Ltd,Naasa Securities Co. Ltd.,10,534.0,5340.0,2025-08-03T14:32:40.508594
2025-08-03,26602,2025080303022166,BFC,Siprabi Securities Pvt. Ltd.,Midas Stock Broking Company Private Limited,100,531.5,53150.0,2025-08-03T14:34:10.920113
2025-08-03,26601,2025080303022167,BFC,Premier Securities Company Ltd.,Midas Stock Broking Company Private Limited,160,531.1,84976.0,2025-08-03T14:34:10.920419
2025-08-03,26600,2025080303022168,BFC,Dakshinkali Investment & Securities Pvt. Ltd.,Midas Stock Broking Company Private Limited,100,531.1,53110.0,2025-08-03T14:34:10.920594
2025-08-03,26599,2025080303022169,BFC,Naasa Securities Co. Ltd.,Midas Stock Broking Company Private Limited,20,531.1,10622.0,2025-08-03T14:34:10.92077
2025-08-03,25653,2025080303022338,BFC,Naasa Securities Co. Ltd.,Ashutosh Brokerage & Securities (PVT) Ltd.,30,531.1,15933.0,2025-08-03T14:35:18.847575
2025-08-03,25652,2025080303022339,BFC,Trisul Securities & Invt. Ltd.,Ashutosh Brokerage & Securities (PVT) Ltd.,500,531.1,265550.0,2025-08-03T14:35:18.84777
2025-08-03,25651,2025080303022340,BFC,Dynamic Money Managers Securities Pvt. Ltd.,Ashutosh Brokerage & Securities (PVT) Ltd.,20,531.1,10622.0,2025-08-03T14:35:18.847833
2025-08-03,25650,2025080303022341,BFC,Aryatara Investment & Securities,Ashutosh Brokerage & Securities (PVT) Ltd.,340,531.0,180540.0,2025-08-03T14:35:18.847892
2025-08-03,25649,2025080303022342,BFC,Imperial Securities Company Pvt. Ltd.,Ashutosh Brokerage & Securities (PVT) Ltd.,100,531.0,53100.0,2025-08-03T14:35:18.847951
2025-08-03,25648,2025080303022343,BFC,Dynamic Money Managers Securities Pvt. Ltd.,Ashutosh Brokerage & Securities (PVT) Ltd.,100,531.0,53100.0,2025-08-03T14:35:18.848008
2025-08-03,25647,2025080303022344,BFC,Premier Securities Company Ltd.,Ashutosh Brokerage & Securities (PVT) Ltd.,30,531.0,15930.0,2025-08-03T14:35:18.848075
2025-08-03,25646,2025080303022345,BFC,Imperial Securities Company Pvt. Ltd.,Ashutosh Brokerage & Securities (PVT) Ltd.,1000,531.0,531000.0,2025-08-03T14:35:18.848132
2025-08-03,25483,2025080303022380,BFC,Secured Securities Ltd.,Ashutosh Brokerage & Securities (PVT) Ltd.,30,531.0,15930.0,2025-08-03T14:35:32.894471
2025-08-03,23456,2025080303022805,BFC,Sweta Securities Private Limited,Stoxkarts Securities Limited,70,530.3,37121.0,2025-08-03T14:38:19.305239
2025-08-03,23363,2025080303022831,BFC,Sweta Securities Private Limited,Capital Max Securities Ltd,127,530.3,67348.1,2025-08-03T14:38:28.701157
2025-08-03,23160,2025080303022860,BFC,Bhrikuti Stock Broking Co. Pvt. Ltd.,Capital Max Securities Ltd,50,530.2,26510.0,2025-08-03T14:38:46.8077
2025-08-03,23159,2025080303022861,BFC,Sharepro Securities Private Limited,Capital Max Securities Ltd,50,530.2,26510.0,2025-08-03T14:38:46.807874
2025-08-03,23158,2025080303022862,BFC,Dakshinkali Investment & Securities Pvt. Ltd.,Capital Max Securities Ltd,100,530.2,53020.0,2025-08-03T14:38:46.807936
2025-08-03,22761,2025080303022957,BFC,Linch Stock Market Ltd.,Capital Max Securities Ltd,588,530.1,311698.8,2025-08-03T14:39:23.010163
2025-08-03,22437,2025080303023005,BFC,Linch Stock Market Ltd.,Sani Securities Company Ltd.,412,530.1,218401.2,2025-08-03T14:39:54.41627
2025-08-03,22436,2025080303023006,BFC,Nepal Investment And Securities Trading Private Limited,Sani Securities Company Ltd.,20,530.0,10600.0,2025-08-03T14:39:54.41643
2025-08-03,22435,2025080303023007,BFC,Kumari Securities Private Limited,Sani Securities Company Ltd.,300,530.0,159000.0,2025-08-03T14:39:54.416499
2025-08-03,22434,2025080303023008,BFC,Sundhara Securities Limited,Sani Securities Company Ltd.,43,530.0,22790.0,2025-08-03T14:39:54.416556
2025-08-03,22265,2025080303023037,BFC,Sundhara Securities Limited,Sani Securities Company Ltd.,257,530.0,136210.0,2025-08-03T14:40:04.666634
2025-08-03,22264,2025080303023038,BFC,Sundhara Securities Limited,Sani Securities Company Ltd.,100,530.0,53000.0,2025-08-03T14:40:04.666798
2025-08-03,22263,2025080303023039,BFC,Nepal Investment And Securities Trading Private Limited,Sani Securities Company Ltd.,300,530.0,159000.0,2025-08-03T14:40:04.666879
2025-08-03,22262,2025080303023040,BFC,Premier Securities Company Ltd.,Sani Securities Company Ltd.,100,530.0,53000.0,2025-08-03T14:40:04.666944
2025-08-03,22261,2025080303023041,BFC,Malla & Malla Stock Broking Company Pvt. Limited,Sani Securities Company Ltd.,43,530.0,22790.0,2025-08-03T14:40:04.667007
2025-08-03,22197,2025080303023053,BFC,Malla & Malla Stock Broking Company Pvt. Limited,South Asian Bulls Pvt. Ltd.,57,530.0,30210.0,2025-08-03T14:40:10.790757
2025-08-03,22196,2025080303023054,BFC,Aryatara Investment & Securities,South Asian Bulls Pvt. Ltd.,1000,530.0,530000.0,2025-08-03T14:40:10.790913
2025-08-03,22195,2025080303023055,BFC,Bhrikuti Stock Broking Co. Pvt. Ltd.,South Asian Bulls Pvt. Ltd.,500,530.0,265000.0,2025-08-03T14:40:10.790982
2025-08-03,22194,2025080303023056,BFC,Imperial Securities Company Pvt. Ltd.,South Asian Bulls Pvt. Ltd.,200,530.0,106000.0,2025-08-03T14:40:10.791077
2025-08-03,22193,2025080303023057,BFC,Kohinoor Investment & Securities Pvt. Ltd.,South Asian Bulls Pvt. Ltd.,50,530.0,26500.0,2025-08-03T14:40:10.791159
2025-08-03,22192,2025080303023058,BFC,Pragyan Securities (PVT) Ltd.,South Asian Bulls Pvt. Ltd.,100,530.0,53000.0,2025-08-03T14:40:10.791241
2025-08-03,22191,2025080303023059,BFC,Aryatara Investment & Securities,South Asian Bulls Pvt. Ltd.,193,530.0,102290.0,2025-08-03T14:40:10.791316
2025-08-03,22063,2025080303023081,BFC,Aryatara Investment & Securities,Sani Securities Company Ltd.,112,530.0,59360.0,2025-08-03T14:40:21.985825
2025-08-03,22062,2025080303023082,BFC,Sani Securities Company Ltd.,Sani Securities Company Ltd.,500,530.0,265000.0,2025-08-03T14:40:21.986019
2025-08-03,22061,2025080303023083,BFC,Midas Stock Broking Company Private Limited,Sani Securities Company Ltd.,100,530.0,53000.0,2025-08-03T14:40:21.986117
2025-08-03,22060,2025080303023084,BFC,Sewa Securities Pvt. Ltd.,Sani Securities Company Ltd.,88,530.0,46640.0,2025-08-03T14:40:21.986194
2025-08-03,22056,2025080303023085,BFC,Sewa Securities Pvt. Ltd.,South Asian Bulls Pvt. Ltd.,10,530.0,5300.0,2025-08-03T14:40:22.873514
2025-08-03,22015,2025080303023092,BFC,Indira securities pvt. ltd,Asian Securities Private Ltd.,100,530.0,53000.0,2025-08-03T14:40:27.887215
2025-08-03,22014,2025080303023093,BFC,J.F. Securites (PVT) Ltd.,Asian Securities Private Ltd.,20,530.0,10600.0,2025-08-03T14:40:27.887367
2025-08-03,22013,2025080303023094,BFC,Imperial Securities Company Pvt. Ltd.,Asian Securities Private Ltd.,10,530.0,5300.0,2025-08-03T14:40:27.887427
2025-08-03,21556,2025080303023179,BFC,Blue Chip Securities Ltd,Sweta Securities Private Limited,10,530.1,5301.0,2025-08-03T14:41:07.457193
2025-08-03,21555,2025080303023180,BFC,Imperial Securities Company Pvt. Ltd.,Sweta Securities Private Limited,50,530.0,26500.0,2025-08-03T14:41:07.457321
2025-08-03,21528,2025080303023197,BFC,Imperial Securities Company Pvt. Ltd.,Sani Securities Company Ltd.,40,530.0,21200.0,2025-08-03T14:41:08.858345
2025-08-03,21527,2025080303023198,BFC,Naasa Securities Co. Ltd.,Sani Securities Company Ltd.,500,530.0,265000.0,2025-08-03T14:41:08.858494
2025-08-03,21521,2025080303023201,BFC,Citizens Share Broker Limited,Sani Securities Company Ltd.,50,530.0,26500.0,2025-08-03T14:41:09.409523
2025-08-03,20387,2025080303023401,BFC,J.F. Securites (PVT) Ltd.,Premier Securities Company Ltd.,10,529.2,5292.0,2025-08-03T14:42:24.477039
2025-08-03,20091,2025080303023464,BFC,Shree Krishna Securities Ltd.,Imperial Securities Company Pvt. Ltd.,100,529.0,52900.0,2025-08-03T14:42:46.105789
2025-08-03,19483,2025080303023565,BFC,Blue Chip Securities Ltd,Kumari Securities Private Limited,10,528.1,5281.0,2025-08-03T14:43:34.009257
2025-08-03,19482,2025080303023566,BFC,Premier Securities Company Ltd.,Kumari Securities Private Limited,100,528.0,52800.0,2025-08-03T14:43:34.009414
2025-08-03,19481,2025080303023567,BFC,Vision Securities Pvt. Ltd,Kumari Securities Private Limited,60,528.0,31680.0,2025-08-03T14:43:34.009473
2025-08-03,19480,2025080303023568,BFC,Shree Krishna Securities Ltd.,Kumari Securities Private Limited,46,528.0,24288.0,2025-08-03T14:43:34.009528
2025-08-03,19472,2025080303023573,BFC,Shree Krishna Securities Ltd.,Trishakti Securities Public Limited,100,528.0,52800.0,2025-08-03T14:43:35.186076
2025-08-03,19269,2025080303023632,BFC,Naasa Securities Co. Ltd.,Imperial Securities Company Pvt. Ltd.,181,529.0,95749.0,2025-08-03T14:43:49.171573
2025-08-03,19268,2025080303023633,BFC,Naasa Securities Co. Ltd.,Dipshikha Dhitopatra Karobar Co. Pvt Ltd.,330,529.0,174570.0,2025-08-03T14:43:49.171748
2025-08-03,19267,2025080303023634,BFC,Naasa Securities Co. Ltd.,Dynamic Money Managers Securities Pvt. Ltd.,489,529.2,258778.8,2025-08-03T14:43:49.171816
2025-08-03,19073,2025080303023670,BFC,Shree Krishna Securities Ltd.,Dynamic Money Managers Securities Pvt. Ltd.,129,528.0,68112.0,2025-08-03T14:44:07.126012
2025-08-03,19072,2025080303023671,BFC,Trisul Securities & Invt. Ltd.,Dynamic Money Managers Securities Pvt. Ltd.,200,528.0,105600.0,2025-08-03T14:44:07.126161
2025-08-03,18427,2025080303023830,BFC,Naasa Securities Co. Ltd.,Dynamic Money Managers Securities Pvt. Ltd.,151,528.0,79728.0,2025-08-03T14:44:49.99332
2025-08-03,18426,2025080303023831,BFC,Naasa Securities Co. Ltd.,Asian Securities Private Ltd.,349,528.0,184272.0,2025-08-03T14:44:49.993496
2025-08-03,18148,2025080303023896,BFC,Online Securities Pvt. Ltd.,Midas Stock Broking Company Private Limited,50,528.0,26400.0,2025-08-03T14:45:06.868553
2025-08-03,17909,2025080303023970,BFC,Online Securities Pvt. Ltd.,Online Securities Pvt. Ltd.,230,528.0,121440.0,2025-08-03T14:45:21.544416
2025-08-03,17288,2025080303024086,BFC,Midas Stock Broking Company Private Limited,Dynamic Money Managers Securities Pvt. Ltd.,11,529.2,5821.2,2025-08-03T14:46:14.619469
2025-08-03,16023,2025080303024338,BFC,Midas Stock Broking Company Private Limited,Kumari Securities Private Limited,60,529.0,31740.0,2025-08-03T14:47:38.370816
2025-08-03,15511,2025080303024452,BFC,Blue Chip Securities Ltd,Aryatara Investment & Securities,10,528.1,5281.0,2025-08-03T14:48:16.177567
2025-08-03,15510,2025080303024453,BFC,Sri Hari Securities Pvt. Ltd.,Aryatara Investment & Securities,190,528.0,100320.0,2025-08-03T14:48:16.177829
2025-08-03,15361,2025080303024474,BFC,Dipshikha Dhitopatra Karobar Co. Pvt Ltd.,Deevyaa Securities & Stock House Pvt. Ltd,300,529.0,158700.0,2025-08-03T14:48:26.58913
2025-08-03,14171,2025080303024748,BFC,Naasa Securities Co. Ltd.,Capital Max Securities Ltd,138,529.0,73002.0,2025-08-03T14:49:54.236955
2025-08-03,14170,2025080303024749,BFC,Naasa Securities Co. Ltd.,Sani Securities Company Ltd.,210,530.0,111300.0,2025-08-03T14:49:54.237145
2025-08-03,14169,2025080303024750,BFC,Naasa Securities Co. Ltd.,Ashutosh Brokerage & Securities (PVT) Ltd.,4858,530.0,2574740.0,2025-08-03T14:49:54.237201
2025-08-03,14168,2025080303024751,BFC,Naasa Securities Co. Ltd.,Naasa Securities Co. Ltd.,82,530.0,43460.0,2025-08-03T14:49:54.237252
2025-08-03,14152,2025080303024757,BFC,Vision Securities Pvt. Ltd,Naasa Securities Co. Ltd.,11,530.0,5830.0,2025-08-03T14:49:56.208981
2025-08-03,13950,2025080303024790,BFC,Capital Max Securities Ltd,Naasa Securities Co. Ltd.,57,530.0,30210.0,2025-08-03T14:50:12.152376
2025-08-03,13949,2025080303024791,BFC,Capital Max Securities Ltd,Bhrikuti Stock Broking Co. Pvt. Ltd.,50,530.0,26500.0,2025-08-03T14:50:12.152532
2025-08-03,13948,2025080303024792,BFC,Capital Max Securities Ltd,Imperial Securities Company Pvt. Ltd.,20,530.0,10600.0,2025-08-03T14:50:12.152586
2025-08-03,13731,2025080303024837,BFC,J.F. Securites (PVT) Ltd.,Creative Securities Pvt Ltd,5,522.0,2610.0,2025-08-03T14:50:26.092368
2025-08-03,12572,2025080303025095,BFC,Vision Securities Pvt. Ltd,Naasa Securities Co. Ltd.,13,532.0,6916.0,2025-08-03T14:51:32.220907
2025-08-03,11585,2025080303025273,BFC,J.F. Securites (PVT) Ltd.,Premier Securities Company Ltd.,20,529.1,10582.0,2025-08-03T14:52:29.384713
2025-08-03,11332,2025080303025337,BFC,KALASH STOCK MARKET PVT. LTD.,Premier Securities Company Ltd.,500,529.0,264500.0,2025-08-03T14:52:46.566218
2025-08-03,11331,2025080303025338,BFC,Linch Stock Market Ltd.,Premier Securities Company Ltd.,300,529.0,158700.0,2025-08-03T14:52:46.56638
2025-08-03,10494,2025080303025501,BFC,Citizens Share Broker Limited,Imperial Securities Company Pvt. Ltd.,100,530.0,53000.0,2025-08-03T14:53:41.538764
2025-08-03,8643,2025080303025860,BFC,KALASH STOCK MARKET PVT. LTD.,Premier Securities Company Ltd.,319,531.0,169389.0,2025-08-03T14:55:16.581908
2025-08-03,8642,2025080303025861,BFC,Citizens Share Broker Limited,Naasa Securities Co. Ltd.,10,532.0,5320.0,2025-08-03T14:55:16.691854
2025-08-03,8641,2025080303025862,BFC,Citizens Share Broker Limited,Online Securities Pvt. Ltd.,50,532.0,26600.0,2025-08-03T14:55:16.691965
2025-08-03,8640,2025080303025863,BFC,Citizens Share Broker Limited,Opal Securities Investment (PVT) Ltd.,100,532.0,53200.0,2025-08-03T14:55:16.692018
2025-08-03,8639,2025080303025864,BFC,Citizens Share Broker Limited,Aryatara Investment & Securities,100,533.0,53300.0,2025-08-03T14:55:16.69208
2025-08-03,8638,2025080303025865,BFC,Citizens Share Broker Limited,Sewa Securities Pvt. Ltd.,100,533.0,53300.0,2025-08-03T14:55:16.692133
2025-08-03,8637,2025080303025866,BFC,Citizens Share Broker Limited,Imperial Securities Company Pvt. Ltd.,40,533.0,21320.0,2025-08-03T14:55:16.692186
2025-08-03,8008,2025080303025986,BFC,Citizens Share Broker Limited,Trishakti Securities Public Limited,98,533.0,52234.0,2025-08-03T14:55:44.505943
2025-08-03,7861,2025080303026030,BFC,Citizens Share Broker Limited,Online Securities Pvt. Ltd.,100,533.0,53300.0,2025-08-03T14:55:54.917387
2025-08-03,7515,2025080303026110,BFC,Blue Chip Securities Ltd,Naasa Securities Co. Ltd.,10,534.0,5340.0,2025-08-03T14:56:11.011708
2025-08-03,7153,2025080303026204,BFC,Aryatara Investment & Securities,Naasa Securities Co. Ltd.,50,534.0,26700.0,2025-08-03T14:56:30.270196
2025-08-03,6044,2025080303026356,BFC,Citizens Share Broker Limited,Kumari Securities Private Limited,270,533.1,143937.0,2025-08-03T14:57:04.72225
2025-08-03,5696,2025080303026425,BFC,Dipshikha Dhitopatra Karobar Co. Pvt Ltd.,Naasa Securities Co. Ltd.,25,534.0,13350.0,2025-08-03T14:57:19.547372
2025-08-03,5695,2025080303026426,BFC,Dipshikha Dhitopatra Karobar Co. Pvt Ltd.,Imperial Securities Company Pvt. Ltd.,75,534.0,40050.0,2025-08-03T14:57:19.547493
2025-08-03,5050,2025080303026567,BFC,Investment Management Nepal Pvt. Ltd.,Imperial Securities Company Pvt. Ltd.,25,534.0,13350.0,2025-08-03T14:57:43.428894
2025-08-03,4673,2025080303026643,BFC,Investment Management Nepal Pvt. Ltd.,Premier Securities Company Ltd.,75,534.0,40050.0,2025-08-03T14:57:57.771629
2025-08-03,4544,2025080303026676,BFC,Naasa Securities Co. Ltd.,Premier Securities Company Ltd.,10,534.0,5340.0,2025-08-03T14:58:03.264069
2025-08-03,4059,2025080303026763,BFC,Citizens Share Broker Limited,Premier Securities Company Ltd.,15,534.0,8010.0,2025-08-03T14:58:22.378772
2025-08-03,4058,2025080303026764,BFC,Citizens Share Broker Limited,Imperial Securities Company Pvt. Ltd.,30,535.0,16050.0,2025-08-03T14:58:22.3789
2025-08-03,4057,2025080303026765,BFC,Citizens Share Broker Limited,Cristal Kanchanjanga Securites Pvt. Ltd.,194,535.0,103790.0,2025-08-03T14:58:22.378957
2025-08-03,4056,2025080303026766,BFC,Citizens Share Broker Limited,Trishakti Securities Public Limited,250,535.8,133950.0,2025-08-03T14:58:22.379012
2025-08-03,4055,2025080303026767,BFC,Citizens Share Broker Limited,Opal Securities Investment (PVT) Ltd.,490,538.0,263620.0,2025-08-03T14:58:22.379093
2025-08-03,3623,2025080303026876,BFC,Citizens Share Broker Limited,Online Securities Pvt. Ltd.,150,538.0,80700.0,2025-08-03T14:58:38.198655
2025-08-03,3574,2025080303026880,BFC,Citizens Share Broker Limited,Naasa Securities Co. Ltd.,49,538.0,26362.0,2025-08-03T14:58:39.366868
2025-08-03,3321,2025080303026926,BFC,Citizens Share Broker Limited,Aryatara Investment & Securities,410,539.9,221359.0,2025-08-03T14:58:47.474914
2025-08-03,3320,2025080303026927,BFC,Citizens Share Broker Limited,Opal Securities Investment (PVT) Ltd.,500,540.0,270000.0,2025-08-03T14:58:47.475064
2025-08-03,3319,2025080303026928,BFC,Citizens Share Broker Limited,ABC Securities Private Limited,50,540.0,27000.0,2025-08-03T14:58:47.475118
2025-08-03,3318,2025080303026929,BFC,Citizens Share Broker Limited,Ashutosh Brokerage & Securities (PVT) Ltd.,50,540.0,27000.0,2025-08-03T14:58:47.475172
2025-08-03,3317,2025080303026930,BFC,Citizens Share Broker Limited,Aryatara Investment & Securities,20,540.0,10800.0,2025-08-03T14:58:47.475223
2025-08-03,3316,2025080303026931,BFC,Citizens Share Broker Limited,Dipshikha Dhitopatra Karobar Co. Pvt Ltd.,160,540.0,86400.0,2025-08-03T14:58:47.475276
2025-08-03,3315,2025080303026932,BFC,Citizens Share Broker Limited,Sweta Securities Private Limited,250,540.0,135000.0,2025-08-03T14:58:47.47533
2025-08-03,2633,2025080303027060,BFC,Citizens Share Broker Limited,Nepal Investment And Securities Trading Private Limited,150,540.0,81000.0,2025-08-03T14:59:04.539703
2025-08-03,2378,2025080303027103,BFC,Citizens Share Broker Limited,Online Securities Pvt. Ltd.,100,540.0,54000.0,2025-08-03T14:59:12.322828
2025-08-03,2314,2025080303027115,BFC,Citizens Share Broker Limited,Imperial Securities Company Pvt. Ltd.,100,540.5,54050.0,2025-08-03T14:59:13.647389
2025-08-03,2313,2025080303027116,BFC,Citizens Share Broker Limited,Sewa Securities Pvt. Ltd.,50,540.9,27045.0,2025-08-03T14:59:13.64751
2025-08-03,2312,2025080303027117,BFC,Citizens Share Broker Limited,Naasa Securities Co. Ltd.,20,540.9,10818.0,2025-08-03T14:59:13.64756
2025-08-03,2311,2025080303027118,BFC,Citizens Share Broker Limited,Primo Securities (PVT) Ltd.,400,541.0,216400.0,2025-08-03T14:59:13.647618
2025-08-03,1636,2025080303027239,BFC,Citizens Share Broker Limited,Nepal Investment And Securities Trading Private Limited,10,542.0,5420.0,2025-08-03T14:59:29.725468
2025-08-03,1635,2025080303027240,BFC,Citizens Share Broker Limited,Dipshikha Dhitopatra Karobar Co. Pvt Ltd.,50,542.0,27100.0,2025-08-03T14:59:29.725591
2025-08-03,1634,2025080303027241,BFC,Citizens Share Broker Limited,Nepal Investment And Securities Trading Private Limited,152,542.0,82384.0,2025-08-03T14:59:29.725644
2025-08-03,1560,2025080303027258,BFC,Citizens Share Broker Limited,Online Securities Pvt. Ltd.,200,541.0,108200.0,2025-08-03T14:59:32.071444
2025-08-03,1036,2025080303027356,BFC,Citizens Share Broker Limited,Nepal Investment And Securities Trading Private Limited,19,542.0,10298.0,2025-08-03T14:59:42.816337
2025-08-03,1035,2025080303027357,BFC,Citizens Share Broker Limited,Sani Securities Company Ltd.,663,542.0,359346.0,2025-08-03T14:59:42.816445
