Date,S.N.,Contract ID,Symbol,Buyer Broker,Seller Broker,volume,rate,amount,transaction_time
2025-08-03,152282,2025080304000022,CGH,Naasa Securities Co. Ltd.,NIMB Stock Markets Limited,33,1038.0,34254.0,2025-08-03T11:00:23.070091
2025-08-03,151273,2025080304000109,CGH,S.P.S.A. Securities Limited,NIMB Stock Markets Limited,27,1038.0,28026.0,2025-08-03T11:02:17.84634
2025-08-03,151213,2025080304000112,CGH,S.P.S.A. Securities Limited,Siprabi Securities Pvt. Ltd.,73,1038.0,75774.0,2025-08-03T11:02:23.036284
2025-08-03,150519,2025080304000156,CGH,Nepal Stock House (PVT) Ltd.,Siprabi Securities Pvt. Ltd.,67,1038.0,69546.0,2025-08-03T11:03:24.277495
2025-08-03,150481,2025080304000162,CGH,Nepal Stock House (PVT) Ltd.,Midas Stock Broking Company Private Limited,33,1038.0,34254.0,2025-08-03T11:03:27.822726
2025-08-03,149893,2025080304000236,CGH,Aryatara Investment & Securities,Midas Stock Broking Company Private Limited,200,1038.0,207600.0,2025-08-03T11:04:17.865244
2025-08-03,148247,2025080304000444,CGH,Sani Securities Company Ltd.,Siprabi Securities Pvt. Ltd.,140,1040.0,145600.0,2025-08-03T11:06:58.335289
2025-08-03,147991,2025080304000482,CGH,Nepal Stock House (PVT) Ltd.,Midas Stock Broking Company Private Limited,80,1038.0,83040.0,2025-08-03T11:07:27.758781
2025-08-03,146535,2025080304000652,CGH,Nepal Stock House (PVT) Ltd.,Midas Stock Broking Company Private Limited,20,1038.0,20760.0,2025-08-03T11:09:28.36126
2025-08-03,146253,2025080304000688,CGH,Dakshinkali Investment & Securities Pvt. Ltd.,Secured Securities Ltd.,25,1035.2,25880.0,2025-08-03T11:09:52.077733
2025-08-03,145869,2025080304000752,CGH,Capital Max Securities Ltd,Midas Stock Broking Company Private Limited,67,1035.3,69365.1,2025-08-03T11:10:24.80777
2025-08-03,144995,2025080304000870,CGH,Asian Securities Private Ltd.,Siprabi Securities Pvt. Ltd.,20,1040.0,20800.0,2025-08-03T11:11:29.947341
2025-08-03,144994,2025080304000871,CGH,Asian Securities Private Ltd.,South Asian Bulls Pvt. Ltd.,10,1040.0,10400.0,2025-08-03T11:11:29.947514
2025-08-03,144993,2025080304000872,CGH,Asian Securities Private Ltd.,Thrive Brokerage House Pvt. Ltd,200,1040.0,208000.0,2025-08-03T11:11:29.94763
2025-08-03,144992,2025080304000873,CGH,Asian Securities Private Ltd.,Sani Securities Company Ltd.,145,1040.0,150800.0,2025-08-03T11:11:29.947736
2025-08-03,144874,2025080304000892,CGH,Nepal Stock House (PVT) Ltd.,Vision Securities Pvt. Ltd,10,1045.0,10450.0,2025-08-03T11:11:37.865431
2025-08-03,144873,2025080304000893,CGH,Nepal Stock House (PVT) Ltd.,Dynamic Money Managers Securities Pvt. Ltd.,90,1049.9,94491.0,2025-08-03T11:11:37.865511
2025-08-03,144761,2025080304000903,CGH,Nepal Stock House (PVT) Ltd.,Dynamic Money Managers Securities Pvt. Ltd.,10,1049.9,10499.0,2025-08-03T11:11:45.351382
2025-08-03,144671,2025080304000919,CGH,Asian Securities Private Ltd.,Online Securities Pvt. Ltd.,50,1040.0,52000.0,2025-08-03T11:11:53.07082
2025-08-03,144562,2025080304000930,CGH,Cristal Kanchanjanga Securites Pvt. Ltd.,Creative Securities Pvt Ltd,200,1050.0,210000.0,2025-08-03T11:12:01.265875
2025-08-03,143868,2025080304001024,CGH,Nepal Stock House (PVT) Ltd.,South Asian Bulls Pvt. Ltd.,100,1049.9,104990.0,2025-08-03T11:12:39.286576
2025-08-03,143639,2025080304001057,CGH,Nepal Stock House (PVT) Ltd.,Sundhara Securities Limited,56,1049.9,58794.4,2025-08-03T11:12:57.750502
2025-08-03,140559,2025080304001564,CGH,Cristal Kanchanjanga Securites Pvt. Ltd.,Nepal Investment And Securities Trading Private Limited,100,1049.0,104900.0,2025-08-03T11:17:08.135393
2025-08-03,140440,2025080304001593,CGH,Siprabi Securities Pvt. Ltd.,Oxford Securities Pvt. Ltd.,40,1044.1,41764.0,2025-08-03T11:17:19.428342
2025-08-03,140439,2025080304001594,CGH,Nepal Stock House (PVT) Ltd.,Oxford Securities Pvt. Ltd.,100,1044.0,104400.0,2025-08-03T11:17:19.428452
2025-08-03,140438,2025080304001595,CGH,Trisul Securities & Invt. Ltd.,Oxford Securities Pvt. Ltd.,10,1043.0,10430.0,2025-08-03T11:17:19.428504
2025-08-03,140437,2025080304001596,CGH,ABC Securities Private Limited,Oxford Securities Pvt. Ltd.,300,1043.0,312900.0,2025-08-03T11:17:19.428549
2025-08-03,140436,2025080304001597,CGH,Sani Securities Company Ltd.,Oxford Securities Pvt. Ltd.,40,1042.0,41680.0,2025-08-03T11:17:19.428596
2025-08-03,140435,2025080304001598,CGH,Bhrikuti Stock Broking Co. Pvt. Ltd.,Oxford Securities Pvt. Ltd.,10,1042.0,10420.0,2025-08-03T11:17:19.428639
2025-08-03,139647,2025080304001716,CGH,Trisul Securities & Invt. Ltd.,Vision Securities Pvt. Ltd,10,1045.0,10450.0,2025-08-03T11:18:22.879478
2025-08-03,139474,2025080304001750,CGH,Online Securities Pvt. Ltd.,Swarna Laxmi Securities Pvt. Ltd.,500,1045.0,522500.0,2025-08-03T11:18:37.199063
2025-08-03,138566,2025080304001884,CGH,Bhrikuti Stock Broking Co. Pvt. Ltd.,Nepal Investment And Securities Trading Private Limited,20,1042.0,20840.0,2025-08-03T11:19:47.333341
2025-08-03,138181,2025080304001938,CGH,Bhrikuti Stock Broking Co. Pvt. Ltd.,Vision Securities Pvt. Ltd,20,1042.0,20840.0,2025-08-03T11:20:17.572393
2025-08-03,138180,2025080304001939,CGH,Online Securities Pvt. Ltd.,Vision Securities Pvt. Ltd,198,1042.0,206316.0,2025-08-03T11:20:17.572628
2025-08-03,137293,2025080304002064,CGH,Online Securities Pvt. Ltd.,Dynamic Money Managers Securities Pvt. Ltd.,302,1042.0,314684.0,2025-08-03T11:21:10.512308
2025-08-03,137292,2025080304002065,CGH,ABC Securities Private Limited,Dynamic Money Managers Securities Pvt. Ltd.,198,1041.3,206177.4,2025-08-03T11:21:10.512443
2025-08-03,136988,2025080304002104,CGH,Nepal Stock House (PVT) Ltd.,Dynamic Money Managers Securities Pvt. Ltd.,20,1042.0,20840.0,2025-08-03T11:21:30.317557
2025-08-03,136921,2025080304002112,CGH,Premier Securities Company Ltd.,Dynamic Money Managers Securities Pvt. Ltd.,60,1042.0,62520.0,2025-08-03T11:21:36.237635
2025-08-03,136874,2025080304002119,CGH,Premier Securities Company Ltd.,Sweta Securities Private Limited,140,1042.0,145880.0,2025-08-03T11:21:39.894508
2025-08-03,136873,2025080304002120,CGH,Nepal Stock House (PVT) Ltd.,Sweta Securities Private Limited,20,1042.0,20840.0,2025-08-03T11:21:39.89476
2025-08-03,136872,2025080304002121,CGH,Sundhara Securities Limited,Sweta Securities Private Limited,190,1041.2,197828.0,2025-08-03T11:21:39.894922
2025-08-03,136383,2025080304002201,CGH,Imperial Securities Company Pvt. Ltd.,Vision Securities Pvt. Ltd,50,1042.0,52100.0,2025-08-03T11:22:08.550924
2025-08-03,136024,2025080304002257,CGH,Sundhara Securities Limited,Sani Securities Company Ltd.,10,1041.2,10412.0,2025-08-03T11:22:37.036842
2025-08-03,136023,2025080304002258,CGH,Asian Securities Private Ltd.,Sani Securities Company Ltd.,75,1040.0,78000.0,2025-08-03T11:22:37.037016
2025-08-03,136022,2025080304002259,CGH,Cristal Kanchanjanga Securites Pvt. Ltd.,Sani Securities Company Ltd.,100,1040.0,104000.0,2025-08-03T11:22:37.037073
2025-08-03,136021,2025080304002260,CGH,Himalayan Brokerage Company Limited,Sani Securities Company Ltd.,100,1040.0,104000.0,2025-08-03T11:22:37.037137
2025-08-03,136020,2025080304002261,CGH,Asian Securities Private Ltd.,Sani Securities Company Ltd.,83,1040.0,86320.0,2025-08-03T11:22:37.03719
2025-08-03,135919,2025080304002285,CGH,Opal Securities Investment (PVT) Ltd.,Vision Securities Pvt. Ltd,250,1042.0,260500.0,2025-08-03T11:22:43.460585
2025-08-03,135826,2025080304002316,CGH,ABC Securities Private Limited,Imperial Securities Company Pvt. Ltd.,100,1043.9,104390.0,2025-08-03T11:22:48.884948
2025-08-03,135205,2025080304002401,CGH,Nepal Stock House (PVT) Ltd.,Trishakti Securities Public Limited,47,1042.0,48974.0,2025-08-03T11:23:22.378072
2025-08-03,135126,2025080304002411,CGH,Nepal Stock House (PVT) Ltd.,Online Securities Pvt. Ltd.,22,1042.0,22924.0,2025-08-03T11:23:24.030936
2025-08-03,135125,2025080304002412,CGH,Vision Securities Pvt. Ltd,Imperial Securities Company Pvt. Ltd.,50,1043.9,52195.0,2025-08-03T11:23:24.060481
2025-08-03,134509,2025080304002537,CGH,Opal Securities Investment (PVT) Ltd.,Imperial Securities Company Pvt. Ltd.,170,1043.9,177463.0,2025-08-03T11:24:12.26811
2025-08-03,134508,2025080304002538,CGH,Opal Securities Investment (PVT) Ltd.,Naasa Securities Co. Ltd.,51,1043.9,53238.9,2025-08-03T11:24:12.268259
2025-08-03,134469,2025080304002546,CGH,Malla & Malla Stock Broking Company Pvt. Limited,Naasa Securities Co. Ltd.,49,1043.9,51151.1,2025-08-03T11:24:16.351386
2025-08-03,134468,2025080304002547,CGH,Malla & Malla Stock Broking Company Pvt. Limited,Imperial Securities Company Pvt. Ltd.,51,1044.0,53244.0,2025-08-03T11:24:16.351516
2025-08-03,134319,2025080304002576,CGH,Indira securities pvt. ltd,Oxford Securities Pvt. Ltd.,50,1043.8,52190.0,2025-08-03T11:24:26.436299
2025-08-03,134318,2025080304002577,CGH,Indira securities pvt. ltd,Imperial Securities Company Pvt. Ltd.,49,1044.0,51156.0,2025-08-03T11:24:26.436549
2025-08-03,134020,2025080304002629,CGH,Cristal Kanchanjanga Securites Pvt. Ltd.,Aryatara Investment & Securities,20,1044.0,20880.0,2025-08-03T11:24:49.979358
2025-08-03,134019,2025080304002630,CGH,Cristal Kanchanjanga Securites Pvt. Ltd.,Thrive Brokerage House Pvt. Ltd,30,1045.0,31350.0,2025-08-03T11:24:49.979625
2025-08-03,133764,2025080304002674,CGH,Premier Securities Company Ltd.,Thrive Brokerage House Pvt. Ltd,50,1045.0,52250.0,2025-08-03T11:25:11.216425
2025-08-03,133668,2025080304002688,CGH,Arun Securities (PVT) Ltd.,Thrive Brokerage House Pvt. Ltd,105,1045.0,109725.0,2025-08-03T11:25:17.988457
2025-08-03,133442,2025080304002727,CGH,Kalika Securities Pvt. Ltd.,Opal Securities Investment (PVT) Ltd.,14,1043.0,14602.0,2025-08-03T11:25:35.969626
2025-08-03,132872,2025080304002828,CGH,Kalika Securities Pvt. Ltd.,Vision Securities Pvt. Ltd,36,1043.0,37548.0,2025-08-03T11:26:10.976472
2025-08-03,132871,2025080304002829,CGH,Online Securities Pvt. Ltd.,Vision Securities Pvt. Ltd,10,1042.1,10421.0,2025-08-03T11:26:10.976734
2025-08-03,132870,2025080304002830,CGH,Nepal Stock House (PVT) Ltd.,Vision Securities Pvt. Ltd,54,1042.0,56268.0,2025-08-03T11:26:10.976891
2025-08-03,132013,2025080304002952,CGH,Nepal Stock House (PVT) Ltd.,Trishakti Securities Public Limited,27,1043.0,28161.0,2025-08-03T11:27:07.717846
2025-08-03,131326,2025080304003049,CGH,Nepal Stock House (PVT) Ltd.,Aryatara Investment & Securities,10,1043.0,10430.0,2025-08-03T11:28:03.963332
2025-08-03,131063,2025080304003088,CGH,Trisul Securities & Invt. Ltd.,Thrive Brokerage House Pvt. Ltd,15,1045.0,15675.0,2025-08-03T11:28:28.377577
2025-08-03,131062,2025080304003089,CGH,Trisul Securities & Invt. Ltd.,Swarna Laxmi Securities Pvt. Ltd.,200,1045.0,209000.0,2025-08-03T11:28:28.377746
2025-08-03,131061,2025080304003090,CGH,Trisul Securities & Invt. Ltd.,Creative Securities Pvt Ltd,85,1045.0,88825.0,2025-08-03T11:28:28.377805
2025-08-03,130924,2025080304003102,CGH,Nepal Stock House (PVT) Ltd.,Nepal Investment And Securities Trading Private Limited,50,1043.0,52150.0,2025-08-03T11:28:41.868501
2025-08-03,130750,2025080304003133,CGH,Nepal Stock House (PVT) Ltd.,Asian Securities Private Ltd.,10,1043.0,10430.0,2025-08-03T11:28:57.920942
2025-08-03,130741,2025080304003134,CGH,Online Securities Pvt. Ltd.,Creative Securities Pvt Ltd,33,1045.0,34485.0,2025-08-03T11:28:58.976694
2025-08-03,130735,2025080304003135,CGH,Nagarik Stock Dealer ,Creative Securities Pvt Ltd,500,1045.0,522500.0,2025-08-03T11:28:59.551309
2025-08-03,130548,2025080304003164,CGH,Sani Securities Company Ltd.,Aryatara Investment & Securities,20,1044.9,20898.0,2025-08-03T11:29:15.218796
2025-08-03,130547,2025080304003165,CGH,Sani Securities Company Ltd.,Creative Securities Pvt Ltd,682,1045.0,712690.0,2025-08-03T11:29:15.218926
2025-08-03,130546,2025080304003166,CGH,Sani Securities Company Ltd.,Vision Securities Pvt. Ltd,10,1045.0,10450.0,2025-08-03T11:29:15.218986
2025-08-03,129745,2025080304003290,CGH,Sani Securities Company Ltd.,Aryatara Investment & Securities,10,1045.0,10450.0,2025-08-03T11:30:41.358553
2025-08-03,129343,2025080304003377,CGH,Sani Securities Company Ltd.,Dynamic Money Managers Securities Pvt. Ltd.,713,1045.0,745085.0,2025-08-03T11:31:28.241607
2025-08-03,129235,2025080304003395,CGH,Siprabi Securities Pvt. Ltd.,Dynamic Money Managers Securities Pvt. Ltd.,20,1045.0,20900.0,2025-08-03T11:31:41.122017
2025-08-03,127933,2025080304003608,CGH,Nepal Stock House (PVT) Ltd.,Agrawal Securities (PVT) Ltd.,50,1043.1,52155.0,2025-08-03T11:33:37.513301
2025-08-03,127822,2025080304003628,CGH,Nepal Stock House (PVT) Ltd.,Aryatara Investment & Securities,20,1043.1,20862.0,2025-08-03T11:33:45.318223
2025-08-03,127628,2025080304003661,CGH,Nepal Stock House (PVT) Ltd.,Kalika Securities Pvt. Ltd.,30,1043.1,31293.0,2025-08-03T11:33:58.267966
2025-08-03,127426,2025080304003706,CGH,Nepal Stock House (PVT) Ltd.,Aryatara Investment & Securities,20,1043.0,20860.0,2025-08-03T11:34:10.704527
2025-08-03,127421,2025080304003708,CGH,Nepal Stock House (PVT) Ltd.,Deevyaa Securities & Stock House Pvt. Ltd,70,1043.0,73010.0,2025-08-03T11:34:11.024148
2025-08-03,127393,2025080304003721,CGH,Nepal Stock House (PVT) Ltd.,Dynamic Money Managers Securities Pvt. Ltd.,267,1043.0,278481.0,2025-08-03T11:34:13.480285
2025-08-03,127352,2025080304003723,CGH,Nepal Stock House (PVT) Ltd.,Kalika Securities Pvt. Ltd.,10,1043.1,10431.0,2025-08-03T11:34:15.970058
2025-08-03,127059,2025080304003817,CGH,Nepal Stock House (PVT) Ltd.,Agrawal Securities (PVT) Ltd.,46,1043.0,47978.0,2025-08-03T11:34:33.348668
2025-08-03,127058,2025080304003818,CGH,Nepal Stock House (PVT) Ltd.,Agrawal Securities (PVT) Ltd.,27,1043.0,28161.0,2025-08-03T11:34:33.348897
2025-08-03,126672,2025080304003860,CGH,Nepal Stock House (PVT) Ltd.,Aryatara Investment & Securities,20,1042.0,20840.0,2025-08-03T11:34:51.236716
2025-08-03,126280,2025080304003925,CGH,Nepal Stock House (PVT) Ltd.,Aryatara Investment & Securities,20,1042.0,20840.0,2025-08-03T11:35:16.820898
2025-08-03,126117,2025080304003972,CGH,Nepal Stock House (PVT) Ltd.,Dynamic Money Managers Securities Pvt. Ltd.,87,1042.0,90654.0,2025-08-03T11:35:26.536452
2025-08-03,125092,2025080304004170,CGH,Sani Securities Company Ltd.,SHUBHAKAMANA SECURITIES PVT. LTD,20,1041.2,20824.0,2025-08-03T11:36:41.45341
2025-08-03,124872,2025080304004194,CGH,Sani Securities Company Ltd.,Aryatara Investment & Securities,20,1041.2,20824.0,2025-08-03T11:36:59.249031
2025-08-03,124593,2025080304004246,CGH,Sani Securities Company Ltd.,Kohinoor Investment & Securities Pvt. Ltd.,200,1041.2,208240.0,2025-08-03T11:37:21.58882
2025-08-03,123908,2025080304004347,CGH,Sani Securities Company Ltd.,Naasa Securities Co. Ltd.,40,1041.2,41648.0,2025-08-03T11:38:25.735856
2025-08-03,123907,2025080304004348,CGH,Imperial Securities Company Pvt. Ltd.,Naasa Securities Co. Ltd.,10,1041.1,10411.0,2025-08-03T11:38:25.736016
2025-08-03,123906,2025080304004349,CGH,ABC Securities Private Limited,Naasa Securities Co. Ltd.,30,1041.0,31230.0,2025-08-03T11:38:25.736091
2025-08-03,123825,2025080304004361,CGH,ABC Securities Private Limited,Sharepro Securities Private Limited,20,1041.0,20820.0,2025-08-03T11:38:33.102421
2025-08-03,123706,2025080304004376,CGH,ABC Securities Private Limited,Naasa Securities Co. Ltd.,100,1041.0,104100.0,2025-08-03T11:38:42.218268
2025-08-03,123410,2025080304004411,CGH,Nepal Stock House (PVT) Ltd.,Asian Securities Private Ltd.,40,1041.5,41660.0,2025-08-03T11:39:11.336619
2025-08-03,123409,2025080304004412,CGH,Nepal Stock House (PVT) Ltd.,Aryatara Investment & Securities,20,1041.6,20832.0,2025-08-03T11:39:11.336773
2025-08-03,123216,2025080304004433,CGH,Nepal Stock House (PVT) Ltd.,Dynamic Money Managers Securities Pvt. Ltd.,13,1042.0,13546.0,2025-08-03T11:39:26.990183
2025-08-03,123215,2025080304004434,CGH,Nepal Stock House (PVT) Ltd.,Aryatara Investment & Securities,100,1042.0,104200.0,2025-08-03T11:39:26.990569
2025-08-03,123214,2025080304004435,CGH,Nepal Stock House (PVT) Ltd.,Arun Securities (PVT) Ltd.,100,1042.0,104200.0,2025-08-03T11:39:26.990817
2025-08-03,123213,2025080304004436,CGH,Nepal Stock House (PVT) Ltd.,Malla & Malla Stock Broking Company Pvt. Limited,100,1042.0,104200.0,2025-08-03T11:39:26.991046
2025-08-03,122409,2025080304004541,CGH,ABC Securities Private Limited,Vision Securities Pvt. Ltd,50,1041.0,52050.0,2025-08-03T11:40:31.802033
2025-08-03,122408,2025080304004542,CGH,Asian Securities Private Ltd.,Vision Securities Pvt. Ltd,17,1040.0,17680.0,2025-08-03T11:40:31.802205
2025-08-03,122407,2025080304004543,CGH,Imperial Securities Company Pvt. Ltd.,Vision Securities Pvt. Ltd,100,1040.0,104000.0,2025-08-03T11:40:31.802265
2025-08-03,122406,2025080304004544,CGH,Global IME Securities Limited,Vision Securities Pvt. Ltd,50,1037.0,51850.0,2025-08-03T11:40:31.80236
2025-08-03,122405,2025080304004545,CGH,Global IME Securities Limited,Vision Securities Pvt. Ltd,80,1036.0,82880.0,2025-08-03T11:40:31.802415
2025-08-03,122404,2025080304004546,CGH,Siprabi Securities Pvt. Ltd.,Vision Securities Pvt. Ltd,30,1036.0,31080.0,2025-08-03T11:40:31.802476
2025-08-03,122403,2025080304004547,CGH,Sani Securities Company Ltd.,Vision Securities Pvt. Ltd,100,1035.4,103540.0,2025-08-03T11:40:31.80253
2025-08-03,122402,2025080304004548,CGH,Capital Max Securities Ltd,Vision Securities Pvt. Ltd,33,1035.3,34164.9,2025-08-03T11:40:31.802586
2025-08-03,122401,2025080304004549,CGH,Dakshinkali Investment & Securities Pvt. Ltd.,Vision Securities Pvt. Ltd,25,1035.2,25880.0,2025-08-03T11:40:31.802641
2025-08-03,122400,2025080304004550,CGH,Capital Hub P. Ltd,Vision Securities Pvt. Ltd,15,1035.1,15526.5,2025-08-03T11:40:31.8027
2025-08-03,120348,2025080304004826,CGH,Nepal Stock House (PVT) Ltd.,Aryatara Investment & Securities,50,1035.2,51760.0,2025-08-03T11:43:35.186908
2025-08-03,120347,2025080304004827,CGH,Capital Hub P. Ltd,Aryatara Investment & Securities,35,1035.1,36228.5,2025-08-03T11:43:35.187057
2025-08-03,120346,2025080304004828,CGH,Creative Securities Pvt Ltd,Aryatara Investment & Securities,200,1035.1,207020.0,2025-08-03T11:43:35.187136
2025-08-03,119359,2025080304004934,CGH,Online Securities Pvt. Ltd.,Sundhara Securities Limited,10,1035.2,10352.0,2025-08-03T11:45:15.680277
2025-08-03,119358,2025080304004935,CGH,Creative Securities Pvt Ltd,Sundhara Securities Limited,300,1035.1,310530.0,2025-08-03T11:45:15.680617
2025-08-03,119357,2025080304004936,CGH,Deevyaa Securities & Stock House Pvt. Ltd,Sundhara Securities Limited,90,1035.1,93159.0,2025-08-03T11:45:15.680796
2025-08-03,118975,2025080304004982,CGH,Deevyaa Securities & Stock House Pvt. Ltd,Sundhara Securities Limited,10,1035.1,10351.0,2025-08-03T11:45:53.907533
2025-08-03,118974,2025080304004983,CGH,Trisul Securities & Invt. Ltd.,Sundhara Securities Limited,10,1035.0,10350.0,2025-08-03T11:45:53.907679
2025-08-03,118973,2025080304004984,CGH,Agrawal Securities (PVT) Ltd.,Sundhara Securities Limited,100,1035.0,103500.0,2025-08-03T11:45:53.907739
2025-08-03,118702,2025080304005034,CGH,Agrawal Securities (PVT) Ltd.,Imperial Securities Company Pvt. Ltd.,10,1035.0,10350.0,2025-08-03T11:46:18.259208
2025-08-03,117844,2025080304005119,CGH,Agrawal Securities (PVT) Ltd.,Sani Securities Company Ltd.,290,1035.0,300150.0,2025-08-03T11:47:34.157261
2025-08-03,117843,2025080304005120,CGH,Aryatara Investment & Securities,Sani Securities Company Ltd.,110,1035.0,113850.0,2025-08-03T11:47:34.157582
2025-08-03,116834,2025080304005248,CGH,Aryatara Investment & Securities,Asian Securities Private Ltd.,90,1035.0,93150.0,2025-08-03T11:49:08.184446
2025-08-03,115659,2025080304005432,CGH,Nepal Stock House (PVT) Ltd.,Premier Securities Company Ltd.,10,1033.5,10335.0,2025-08-03T11:50:54.606865
2025-08-03,115266,2025080304005488,CGH,Nagarik Stock Dealer ,Asian Securities Private Ltd.,10,1035.0,10350.0,2025-08-03T11:51:31.178225
2025-08-03,115265,2025080304005489,CGH,Nagarik Stock Dealer ,Sani Securities Company Ltd.,118,1035.0,122130.0,2025-08-03T11:51:31.178381
2025-08-03,115264,2025080304005490,CGH,Nagarik Stock Dealer ,Asian Securities Private Ltd.,12,1035.0,12420.0,2025-08-03T11:51:31.178447
2025-08-03,114832,2025080304005561,CGH,Nepal Stock House (PVT) Ltd.,Global IME Securities Limited,10,1034.0,10340.0,2025-08-03T11:52:17.147182
2025-08-03,114831,2025080304005562,CGH,Nepal Stock House (PVT) Ltd.,Deevyaa Securities & Stock House Pvt. Ltd,10,1037.0,10370.0,2025-08-03T11:52:17.147425
2025-08-03,113304,2025080304005808,CGH,Imperial Securities Company Pvt. Ltd.,Asian Securities Private Ltd.,100,1035.0,103500.0,2025-08-03T11:54:29.383689
2025-08-03,113303,2025080304005809,CGH,Market Securities & Exchange (PVT) Ltd.,Asian Securities Private Ltd.,100,1035.0,103500.0,2025-08-03T11:54:29.383995
2025-08-03,113113,2025080304005859,CGH,BHOLE GANESH SECURITIES LTD,Asian Securities Private Ltd.,20,1035.0,20700.0,2025-08-03T11:54:45.912985
2025-08-03,111093,2025080304006160,CGH,Nepal Stock House (PVT) Ltd.,Sharepro Securities Private Limited,20,1035.0,20700.0,2025-08-03T11:57:53.055295
2025-08-03,110760,2025080304006244,CGH,Nepal Stock House (PVT) Ltd.,Citizens Share Broker Limited,100,1039.0,103900.0,2025-08-03T11:58:30.849909
2025-08-03,110657,2025080304006256,CGH,Nepal Stock House (PVT) Ltd.,Stoxkarts Securities Limited,10,1035.0,10350.0,2025-08-03T11:58:41.956165
2025-08-03,110050,2025080304006333,CGH,Nepal Investment And Securities Trading Private Limited,Imperial Securities Company Pvt. Ltd.,10,1036.0,10360.0,2025-08-03T11:59:38.869373
2025-08-03,110045,2025080304006334,CGH,Nepal Investment And Securities Trading Private Limited,Aryatara Investment & Securities,20,1036.0,20720.0,2025-08-03T11:59:39.360596
2025-08-03,109236,2025080304006448,CGH,Nepal Investment And Securities Trading Private Limited,Vision Securities Pvt. Ltd,10,1036.0,10360.0,2025-08-03T12:00:55.676729
2025-08-03,109235,2025080304006449,CGH,Nepal Investment And Securities Trading Private Limited,Vision Securities Pvt. Ltd,40,1036.0,41440.0,2025-08-03T12:00:55.677038
2025-08-03,109234,2025080304006450,CGH,Kalika Securities Pvt. Ltd.,Vision Securities Pvt. Ltd,50,1036.0,51800.0,2025-08-03T12:00:55.677234
2025-08-03,109233,2025080304006451,CGH,Nepal Stock House (PVT) Ltd.,Vision Securities Pvt. Ltd,70,1035.0,72450.0,2025-08-03T12:00:55.67745
2025-08-03,109232,2025080304006452,CGH,Sumeru Securities Pvt. Ltd.,Vision Securities Pvt. Ltd,100,1035.0,103500.0,2025-08-03T12:00:55.677627
2025-08-03,109231,2025080304006453,CGH,Dipshikha Dhitopatra Karobar Co. Pvt Ltd.,Vision Securities Pvt. Ltd,10,1035.0,10350.0,2025-08-03T12:00:55.677806
2025-08-03,109230,2025080304006454,CGH,Nepal Stock House (PVT) Ltd.,Vision Securities Pvt. Ltd,20,1035.0,20700.0,2025-08-03T12:00:55.677992
2025-08-03,108915,2025080304006507,CGH,Nepal Stock House (PVT) Ltd.,Imperial Securities Company Pvt. Ltd.,10,1035.0,10350.0,2025-08-03T12:01:27.531363
2025-08-03,108884,2025080304006508,CGH,Nepal Stock House (PVT) Ltd.,Sweta Securities Private Limited,20,1035.0,20700.0,2025-08-03T12:01:29.265742
2025-08-03,108883,2025080304006509,CGH,Nepal Stock House (PVT) Ltd.,Sweta Securities Private Limited,100,1035.0,103500.0,2025-08-03T12:01:29.26592
2025-08-03,108882,2025080304006510,CGH,Nepal Stock House (PVT) Ltd.,Sweta Securities Private Limited,50,1035.0,51750.0,2025-08-03T12:01:29.265994
2025-08-03,108737,2025080304006522,CGH,Aryatara Investment & Securities,Sweta Securities Private Limited,200,1034.0,206800.0,2025-08-03T12:01:42.372976
2025-08-03,108629,2025080304006536,CGH,Arun Securities (PVT) Ltd.,Secured Securities Ltd.,10,1033.6,10336.0,2025-08-03T12:01:53.659816
2025-08-03,107377,2025080304006740,CGH,Nagarik Stock Dealer ,Sweta Securities Private Limited,200,1034.0,206800.0,2025-08-03T12:03:51.786648
2025-08-03,107271,2025080304006757,CGH,Nepal Stock House (PVT) Ltd.,Sweta Securities Private Limited,100,1034.0,103400.0,2025-08-03T12:03:59.983454
2025-08-03,106994,2025080304006806,CGH,Cristal Kanchanjanga Securites Pvt. Ltd.,Sweta Securities Private Limited,50,1034.0,51700.0,2025-08-03T12:04:25.20634
2025-08-03,106989,2025080304006808,CGH,ABC Securities Private Limited,Sweta Securities Private Limited,30,1034.0,31020.0,2025-08-03T12:04:25.916696
2025-08-03,106988,2025080304006809,CGH,ABC Securities Private Limited,Vision Securities Pvt. Ltd,170,1035.0,175950.0,2025-08-03T12:04:25.916868
2025-08-03,106823,2025080304006837,CGH,Nepal Stock House (PVT) Ltd.,Secured Securities Ltd.,20,1033.5,20670.0,2025-08-03T12:04:42.912289
2025-08-03,106822,2025080304006838,CGH,Sani Securities Company Ltd.,Secured Securities Ltd.,380,1033.5,392730.0,2025-08-03T12:04:42.912509
2025-08-03,106785,2025080304006854,CGH,Cristal Kanchanjanga Securites Pvt. Ltd.,Vision Securities Pvt. Ltd,30,1035.0,31050.0,2025-08-03T12:04:46.340192
2025-08-03,105730,2025080304007074,CGH,Cristal Kanchanjanga Securites Pvt. Ltd.,Aryatara Investment & Securities,15,1035.0,15525.0,2025-08-03T12:06:47.315892
2025-08-03,105666,2025080304007076,CGH,Online Securities Pvt. Ltd.,Siprabi Securities Pvt. Ltd.,100,1036.0,103600.0,2025-08-03T12:06:54.78714
2025-08-03,105665,2025080304007077,CGH,Online Securities Pvt. Ltd.,Citizens Share Broker Limited,300,1039.0,311700.0,2025-08-03T12:06:54.78737
2025-08-03,105664,2025080304007078,CGH,Online Securities Pvt. Ltd.,Hatemalo Financial Services Private Limited,100,1039.0,103900.0,2025-08-03T12:06:54.787438
2025-08-03,104638,2025080304007328,CGH,Secured Securities Ltd.,Sagarmatha Securities Private Limited,50,1038.0,51900.0,2025-08-03T12:08:51.530665
2025-08-03,104120,2025080304007386,CGH,Sani Securities Company Ltd.,Sagarmatha Securities Private Limited,320,1038.0,332160.0,2025-08-03T12:09:43.477334
2025-08-03,104119,2025080304007387,CGH,Sani Securities Company Ltd.,Imperial Securities Company Pvt. Ltd.,60,1038.0,62280.0,2025-08-03T12:09:43.477669
2025-08-03,104118,2025080304007388,CGH,Sani Securities Company Ltd.,Hatemalo Financial Services Private Limited,250,1039.0,259750.0,2025-08-03T12:09:43.477926
2025-08-03,104117,2025080304007389,CGH,Sani Securities Company Ltd.,Trishakti Securities Public Limited,10,1040.0,10400.0,2025-08-03T12:09:43.478179
2025-08-03,104116,2025080304007390,CGH,Sani Securities Company Ltd.,ABC Securities Private Limited,10,1040.0,10400.0,2025-08-03T12:09:43.478436
2025-08-03,104115,2025080304007391,CGH,Sani Securities Company Ltd.,Oxford Securities Pvt. Ltd.,10,1040.0,10400.0,2025-08-03T12:09:43.478665
2025-08-03,104114,2025080304007392,CGH,Sani Securities Company Ltd.,Sani Securities Company Ltd.,100,1040.0,104000.0,2025-08-03T12:09:43.47881
2025-08-03,103626,2025080304007468,CGH,Sani Securities Company Ltd.,Dipshikha Dhitopatra Karobar Co. Pvt Ltd.,10,1040.0,10400.0,2025-08-03T12:10:47.822866
2025-08-03,103461,2025080304007481,CGH,Sani Securities Company Ltd.,Aryatara Investment & Securities,20,1040.0,20800.0,2025-08-03T12:10:57.696909
2025-08-03,102941,2025080304007601,CGH,Sani Securities Company Ltd.,Imperial Securities Company Pvt. Ltd.,210,1040.0,218400.0,2025-08-03T12:12:02.072325
2025-08-03,99474,2025080304008235,CGH,Vision Securities Pvt. Ltd,Naasa Securities Co. Ltd.,10,1035.2,10352.0,2025-08-03T12:19:32.259847
2025-08-03,99469,2025080304008236,CGH,Sumeru Securities Pvt. Ltd.,Primo Securities (PVT) Ltd.,26,1040.0,27040.0,2025-08-03T12:19:32.831691
2025-08-03,99419,2025080304008246,CGH,Vision Securities Pvt. Ltd,Midas Stock Broking Company Private Limited,10,1035.2,10352.0,2025-08-03T12:19:41.931456
2025-08-03,97568,2025080304008543,CGH,SHUBHAKAMANA SECURITIES PVT. LTD,Aryatara Investment & Securities,20,1036.0,20720.0,2025-08-03T12:22:57.522247
2025-08-03,97312,2025080304008593,CGH,SHUBHAKAMANA SECURITIES PVT. LTD,Premier Securities Company Ltd.,50,1036.0,51800.0,2025-08-03T12:23:33.440087
2025-08-03,96527,2025080304008680,CGH,Vision Securities Pvt. Ltd,Sweta Securities Private Limited,40,1036.1,41444.0,2025-08-03T12:25:01.649262
2025-08-03,96154,2025080304008759,CGH,Vision Securities Pvt. Ltd,Aryatara Investment & Securities,20,1036.1,20722.0,2025-08-03T12:25:38.518942
2025-08-03,95889,2025080304008810,CGH,Vision Securities Pvt. Ltd,Trisul Securities & Invt. Ltd.,10,1036.1,10361.0,2025-08-03T12:26:06.941097
2025-08-03,95882,2025080304008811,CGH,Vision Securities Pvt. Ltd,Imperial Securities Company Pvt. Ltd.,10,1036.1,10361.0,2025-08-03T12:26:07.366044
2025-08-03,95123,2025080304008931,CGH,Vision Securities Pvt. Ltd,Sri Hari Securities Pvt. Ltd.,300,1036.1,310830.0,2025-08-03T12:27:36.07338
2025-08-03,94843,2025080304008979,CGH,Vision Securities Pvt. Ltd,Sri Hari Securities Pvt. Ltd.,100,1036.1,103610.0,2025-08-03T12:28:07.337185
2025-08-03,94842,2025080304008980,CGH,Sundhara Securities Limited,Sri Hari Securities Pvt. Ltd.,300,1036.1,310830.0,2025-08-03T12:28:07.337413
2025-08-03,93841,2025080304009101,CGH,SHUBHAKAMANA SECURITIES PVT. LTD,Oxford Securities Pvt. Ltd.,70,1036.0,72520.0,2025-08-03T12:30:08.350945
2025-08-03,93638,2025080304009128,CGH,SHUBHAKAMANA SECURITIES PVT. LTD,Siprabi Securities Pvt. Ltd.,60,1036.0,62160.0,2025-08-03T12:30:29.010477
2025-08-03,93637,2025080304009129,CGH,Citizens Share Broker Limited,Siprabi Securities Pvt. Ltd.,140,1036.0,145040.0,2025-08-03T12:30:29.010716
2025-08-03,92117,2025080304009363,CGH,Citizens Share Broker Limited,Dipshikha Dhitopatra Karobar Co. Pvt Ltd.,10,1036.0,10360.0,2025-08-03T12:33:33.729046
2025-08-03,91607,2025080304009434,CGH,Naasa Securities Co. Ltd.,Naasa Securities Co. Ltd.,20,1039.9,20798.0,2025-08-03T12:34:26.366925
2025-08-03,91277,2025080304009472,CGH,Naasa Securities Co. Ltd.,Primo Securities (PVT) Ltd.,44,1040.0,45760.0,2025-08-03T12:34:58.873945
2025-08-03,91276,2025080304009473,CGH,Naasa Securities Co. Ltd.,S.P.S.A. Securities Limited,20,1040.0,20800.0,2025-08-03T12:34:58.874134
2025-08-03,91275,2025080304009474,CGH,Naasa Securities Co. Ltd.,Dipshikha Dhitopatra Karobar Co. Pvt Ltd.,16,1040.0,16640.0,2025-08-03T12:34:58.874213
2025-08-03,90962,2025080304009500,CGH,Primo Securities (PVT) Ltd.,Dipshikha Dhitopatra Karobar Co. Pvt Ltd.,84,1040.0,87360.0,2025-08-03T12:35:37.1209
2025-08-03,90961,2025080304009501,CGH,Primo Securities (PVT) Ltd.,Aryatara Investment & Securities,20,1040.0,20800.0,2025-08-03T12:35:37.121264
2025-08-03,90960,2025080304009502,CGH,Primo Securities (PVT) Ltd.,Sweta Securities Private Limited,20,1040.0,20800.0,2025-08-03T12:35:37.121517
2025-08-03,90959,2025080304009503,CGH,Primo Securities (PVT) Ltd.,Naasa Securities Co. Ltd.,10,1040.0,10400.0,2025-08-03T12:35:37.121752
2025-08-03,90958,2025080304009504,CGH,Primo Securities (PVT) Ltd.,Oxford Securities Pvt. Ltd.,66,1040.0,68640.0,2025-08-03T12:35:37.121989
2025-08-03,90488,2025080304009563,CGH,Asian Securities Private Ltd.,Vision Securities Pvt. Ltd,40,1036.1,41444.0,2025-08-03T12:36:32.89164
2025-08-03,90228,2025080304009594,CGH,Asian Securities Private Ltd.,Ashutosh Brokerage & Securities (PVT) Ltd.,100,1036.1,103610.0,2025-08-03T12:37:01.382763
2025-08-03,90225,2025080304009595,CGH,Kohinoor Investment & Securities Pvt. Ltd.,Sundhara Securities Limited,20,1039.9,20798.0,2025-08-03T12:37:01.690098
2025-08-03,90172,2025080304009603,CGH,Asian Securities Private Ltd.,Vision Securities Pvt. Ltd,60,1036.1,62166.0,2025-08-03T12:37:09.343527
2025-08-03,90171,2025080304009604,CGH,Citizens Share Broker Limited,Vision Securities Pvt. Ltd,140,1036.0,145040.0,2025-08-03T12:37:09.343776
2025-08-03,89990,2025080304009621,CGH,Aryatara Investment & Securities,Dipshikha Dhitopatra Karobar Co. Pvt Ltd.,10,1037.0,10370.0,2025-08-03T12:37:29.371829
2025-08-03,89949,2025080304009628,CGH,Aryatara Investment & Securities,Bhrikuti Stock Broking Co. Pvt. Ltd.,90,1037.0,93330.0,2025-08-03T12:37:36.903333
2025-08-03,89948,2025080304009629,CGH,Citizens Share Broker Limited,Bhrikuti Stock Broking Co. Pvt. Ltd.,10,1036.0,10360.0,2025-08-03T12:37:36.903369
2025-08-03,89947,2025080304009630,CGH,Dipshikha Dhitopatra Karobar Co. Pvt Ltd.,Bhrikuti Stock Broking Co. Pvt. Ltd.,10,1035.3,10353.0,2025-08-03T12:37:36.903395
2025-08-03,89946,2025080304009631,CGH,South Asian Bulls Pvt. Ltd.,Bhrikuti Stock Broking Co. Pvt. Ltd.,30,1035.2,31056.0,2025-08-03T12:37:36.90342
2025-08-03,89945,2025080304009632,CGH,Capital Max Securities Ltd,Bhrikuti Stock Broking Co. Pvt. Ltd.,360,1035.1,372636.0,2025-08-03T12:37:36.903446
2025-08-03,88750,2025080304009799,CGH,Sani Securities Company Ltd.,Premier Securities Company Ltd.,10,1035.5,10355.0,2025-08-03T12:39:46.706666
2025-08-03,87807,2025080304009995,CGH,Global IME Securities Limited,Dipshikha Dhitopatra Karobar Co. Pvt Ltd.,20,1035.6,20712.0,2025-08-03T12:41:38.864432
2025-08-03,87426,2025080304010061,CGH,Neev Securities Pvt. Ltd.,Naasa Securities Co. Ltd.,500,1036.0,518000.0,2025-08-03T12:42:24.427772
2025-08-03,87098,2025080304010134,CGH,Global IME Securities Limited,Sani Securities Company Ltd.,80,1035.6,82848.0,2025-08-03T12:42:56.93201
2025-08-03,86932,2025080304010148,CGH,Sani Securities Company Ltd.,Sani Securities Company Ltd.,20,1035.5,20710.0,2025-08-03T12:43:11.178616
2025-08-03,86754,2025080304010172,CGH,Sani Securities Company Ltd.,Oxford Securities Pvt. Ltd.,290,1035.5,300295.0,2025-08-03T12:43:31.566296
2025-08-03,86753,2025080304010173,CGH,Capital Max Securities Ltd,Oxford Securities Pvt. Ltd.,10,1035.1,10351.0,2025-08-03T12:43:31.566505
2025-08-03,86715,2025080304010177,CGH,Capital Max Securities Ltd,Sani Securities Company Ltd.,1130,1035.1,1169663.0,2025-08-03T12:43:35.665345
2025-08-03,86714,2025080304010178,CGH,Online Securities Pvt. Ltd.,Sani Securities Company Ltd.,440,1035.0,455400.0,2025-08-03T12:43:35.665546
2025-08-03,86648,2025080304010192,CGH,Online Securities Pvt. Ltd.,Ashutosh Brokerage & Securities (PVT) Ltd.,100,1035.0,103500.0,2025-08-03T12:43:40.911388
2025-08-03,86397,2025080304010233,CGH,Online Securities Pvt. Ltd.,Oxford Securities Pvt. Ltd.,300,1035.6,310680.0,2025-08-03T12:44:03.787949
2025-08-03,86340,2025080304010238,CGH,Online Securities Pvt. Ltd.,ABC Securities Private Limited,110,1035.6,113916.0,2025-08-03T12:44:09.520155
2025-08-03,86259,2025080304010250,CGH,Dynamic Money Managers Securities Pvt. Ltd.,Naasa Securities Co. Ltd.,20,1036.0,20720.0,2025-08-03T12:44:18.553789
2025-08-03,85730,2025080304010319,CGH,Dynamic Money Managers Securities Pvt. Ltd.,Oxford Securities Pvt. Ltd.,30,1036.0,31080.0,2025-08-03T12:45:12.46553
2025-08-03,85729,2025080304010320,CGH,Online Securities Pvt. Ltd.,Oxford Securities Pvt. Ltd.,90,1035.6,93204.0,2025-08-03T12:45:12.465758
2025-08-03,85728,2025080304010321,CGH,Online Securities Pvt. Ltd.,Oxford Securities Pvt. Ltd.,180,1035.0,186300.0,2025-08-03T12:45:12.46583
2025-08-03,84222,2025080304010553,CGH,Online Securities Pvt. Ltd.,Oxford Securities Pvt. Ltd.,100,1035.0,103500.0,2025-08-03T12:47:37.846166
2025-08-03,83195,2025080304010692,CGH,Online Securities Pvt. Ltd.,Sani Securities Company Ltd.,45,1035.0,46575.0,2025-08-03T12:49:05.619513
2025-08-03,82447,2025080304010841,CGH,Sani Securities Company Ltd.,Dakshinkali Investment & Securities Pvt. Ltd.,18,1035.1,18631.8,2025-08-03T12:50:08.262863
2025-08-03,82332,2025080304010854,CGH,Sani Securities Company Ltd.,Citizens Share Broker Limited,32,1035.1,33123.2,2025-08-03T12:50:18.79789
2025-08-03,82331,2025080304010855,CGH,Online Securities Pvt. Ltd.,Citizens Share Broker Limited,135,1035.0,139725.0,2025-08-03T12:50:18.798071
2025-08-03,82330,2025080304010856,CGH,Sani Securities Company Ltd.,Citizens Share Broker Limited,19,1035.0,19665.0,2025-08-03T12:50:18.798146
2025-08-03,82329,2025080304010857,CGH,Dipshikha Dhitopatra Karobar Co. Pvt Ltd.,Citizens Share Broker Limited,18,1035.0,18630.0,2025-08-03T12:50:18.798217
2025-08-03,81499,2025080304011044,CGH,Dipshikha Dhitopatra Karobar Co. Pvt Ltd.,Online Securities Pvt. Ltd.,50,1035.0,51750.0,2025-08-03T12:51:23.14883
2025-08-03,80625,2025080304011193,CGH,Nepal Investment And Securities Trading Private Limited,Roadshow securities limited,20,1037.0,20740.0,2025-08-03T12:52:49.579022
2025-08-03,80142,2025080304011315,CGH,Global IME Securities Limited,Sani Securities Company Ltd.,38,1036.0,39368.0,2025-08-03T12:53:24.857955
2025-08-03,79900,2025080304011372,CGH,Global IME Securities Limited,Asian Securities Private Ltd.,50,1036.0,51800.0,2025-08-03T12:53:42.466337
2025-08-03,79803,2025080304011399,CGH,Global IME Securities Limited,Vision Securities Pvt. Ltd,25,1036.0,25900.0,2025-08-03T12:53:50.462638
2025-08-03,79734,2025080304011405,CGH,Global IME Securities Limited,Agrawal Securities (PVT) Ltd.,37,1036.0,38332.0,2025-08-03T12:53:55.824972
2025-08-03,79733,2025080304011406,CGH,Global IME Securities Limited,Agrawal Securities (PVT) Ltd.,33,1036.0,34188.0,2025-08-03T12:53:55.825226
2025-08-03,79543,2025080304011444,CGH,Global IME Securities Limited,Linch Stock Market Ltd.,17,1036.0,17612.0,2025-08-03T12:54:13.832275
2025-08-03,79542,2025080304011445,CGH,Dipshikha Dhitopatra Karobar Co. Pvt Ltd.,Linch Stock Market Ltd.,32,1035.0,33120.0,2025-08-03T12:54:13.832484
2025-08-03,79320,2025080304011465,CGH,Nepal Stock House (PVT) Ltd.,Trishakti Securities Public Limited,20,1033.5,20670.0,2025-08-03T12:54:39.49002
2025-08-03,79319,2025080304011466,CGH,Online Securities Pvt. Ltd.,Trishakti Securities Public Limited,10,1033.1,10331.0,2025-08-03T12:54:39.490134
2025-08-03,79318,2025080304011467,CGH,Agrawal Securities (PVT) Ltd.,Trishakti Securities Public Limited,270,1033.1,278937.0,2025-08-03T12:54:39.490214
2025-08-03,78698,2025080304011582,CGH,Agrawal Securities (PVT) Ltd.,Trisul Securities & Invt. Ltd.,130,1033.1,134303.0,2025-08-03T12:55:40.645823
2025-08-03,78697,2025080304011583,CGH,Sani Securities Company Ltd.,Trisul Securities & Invt. Ltd.,70,1033.1,72317.0,2025-08-03T12:55:40.646016
2025-08-03,78526,2025080304011613,CGH,Sani Securities Company Ltd.,Arun Securities (PVT) Ltd.,30,1033.1,30993.0,2025-08-03T12:56:00.029417
2025-08-03,78267,2025080304011669,CGH,Sani Securities Company Ltd.,Arun Securities (PVT) Ltd.,70,1033.1,72317.0,2025-08-03T12:56:20.357845
2025-08-03,78224,2025080304011680,CGH,Sani Securities Company Ltd.,Dynamic Money Managers Securities Pvt. Ltd.,35,1033.2,36162.0,2025-08-03T12:56:25.242875
2025-08-03,77890,2025080304011738,CGH,Sani Securities Company Ltd.,Online Securities Pvt. Ltd.,80,1033.2,82656.0,2025-08-03T12:56:50.368063
2025-08-03,77673,2025080304011771,CGH,Sani Securities Company Ltd.,ABC Securities Private Limited,200,1033.1,206620.0,2025-08-03T12:57:12.713612
2025-08-03,77672,2025080304011772,CGH,Aryatara Investment & Securities,ABC Securities Private Limited,200,1033.0,206600.0,2025-08-03T12:57:12.713784
2025-08-03,77550,2025080304011797,CGH,Trisul Securities & Invt. Ltd.,Sri Hari Securities Pvt. Ltd.,10,1033.0,10330.0,2025-08-03T12:57:28.96635
2025-08-03,77549,2025080304011798,CGH,Sani Securities Company Ltd.,Sri Hari Securities Pvt. Ltd.,390,1033.0,402870.0,2025-08-03T12:57:28.966551
2025-08-03,77492,2025080304011811,CGH,Sani Securities Company Ltd.,Arun Securities (PVT) Ltd.,10,1033.0,10330.0,2025-08-03T12:57:36
2025-08-03,77194,2025080304011864,CGH,Sani Securities Company Ltd.,Prabhu Stock Market Limited,100,1033.0,103300.0,2025-08-03T12:58:03.182451
2025-08-03,77193,2025080304011865,CGH,Sani Securities Company Ltd.,Prabhu Stock Market Limited,100,1033.0,103300.0,2025-08-03T12:58:03.182686
2025-08-03,77192,2025080304011866,CGH,ABC Securities Private Limited,Prabhu Stock Market Limited,800,1033.0,826400.0,2025-08-03T12:58:03.182777
2025-08-03,77149,2025080304011892,CGH,ABC Securities Private Limited,Hatemalo Financial Services Private Limited,200,1033.0,206600.0,2025-08-03T12:58:05.105821
2025-08-03,77148,2025080304011893,CGH,Sani Securities Company Ltd.,Hatemalo Financial Services Private Limited,15,1033.0,15495.0,2025-08-03T12:58:05.106032
2025-08-03,76799,2025080304011938,CGH,Sagarmatha Securities Private Limited,Linch Stock Market Ltd.,100,1031.1,103110.0,2025-08-03T12:58:33.003797
2025-08-03,76509,2025080304012017,CGH,Dynamic Money Managers Securities Pvt. Ltd.,Naasa Securities Co. Ltd.,20,1032.0,20640.0,2025-08-03T12:58:57.847598
2025-08-03,76443,2025080304012033,CGH,Sagarmatha Securities Private Limited,Online Securities Pvt. Ltd.,50,1031.1,51555.0,2025-08-03T12:59:04.435655
2025-08-03,75753,2025080304012170,CGH,ABC Securities Private Limited,Hatemalo Financial Services Private Limited,135,1033.0,139455.0,2025-08-03T13:00:11.064684
2025-08-03,75752,2025080304012171,CGH,ABC Securities Private Limited,Linch Stock Market Ltd.,100,1033.0,103300.0,2025-08-03T13:00:11.065066
2025-08-03,75751,2025080304012172,CGH,ABC Securities Private Limited,Ashutosh Brokerage & Securities (PVT) Ltd.,500,1033.0,516500.0,2025-08-03T13:00:11.065285
2025-08-03,75237,2025080304012314,CGH,ABC Securities Private Limited,Sani Securities Company Ltd.,265,1033.0,273745.0,2025-08-03T13:00:54.47797
2025-08-03,75101,2025080304012343,CGH,Dynamic Money Managers Securities Pvt. Ltd.,Sani Securities Company Ltd.,50,1033.0,51650.0,2025-08-03T13:01:07.126541
2025-08-03,74402,2025080304012458,CGH,Sri Hari Securities Pvt. Ltd.,Sani Securities Company Ltd.,20,1033.0,20660.0,2025-08-03T13:02:11.011041
2025-08-03,74031,2025080304012516,CGH,Premier Securities Company Ltd.,Sani Securities Company Ltd.,100,1033.0,103300.0,2025-08-03T13:02:45.281199
2025-08-03,73144,2025080304012654,CGH,Prabhu Stock Market Limited,Sani Securities Company Ltd.,200,1033.0,206600.0,2025-08-03T13:04:03.596368
2025-08-03,72747,2025080304012718,CGH,Nepal Stock House (PVT) Ltd.,Roadshow securities limited,50,1032.0,51600.0,2025-08-03T13:04:49.521281
2025-08-03,71481,2025080304012915,CGH,Nepal Stock House (PVT) Ltd.,Himalayan Brokerage Company Limited,2000,1033.0,2066000.0,2025-08-03T13:07:37.703741
2025-08-03,70724,2025080304013101,CGH,Sani Securities Company Ltd.,Himalayan Brokerage Company Limited,1000,1033.0,1033000.0,2025-08-03T13:09:39.117617
2025-08-03,70662,2025080304013111,CGH,Dynamic Money Managers Securities Pvt. Ltd.,Dipshikha Dhitopatra Karobar Co. Pvt Ltd.,50,1033.0,51650.0,2025-08-03T13:09:49.029672
2025-08-03,70592,2025080304013140,CGH,Sri Hari Securities Pvt. Ltd.,Dipshikha Dhitopatra Karobar Co. Pvt Ltd.,20,1033.0,20660.0,2025-08-03T13:09:56.628905
2025-08-03,70114,2025080304013223,CGH,Sri Hari Securities Pvt. Ltd.,Pragyan Securities (PVT) Ltd.,20,1033.0,20660.0,2025-08-03T13:11:13.744536
2025-08-03,69299,2025080304013348,CGH,Sri Hari Securities Pvt. Ltd.,Naasa Securities Co. Ltd.,30,1033.0,30990.0,2025-08-03T13:12:54.412849
2025-08-03,69298,2025080304013349,CGH,Sani Securities Company Ltd.,Naasa Securities Co. Ltd.,70,1033.0,72310.0,2025-08-03T13:12:54.41306
2025-08-03,68639,2025080304013460,CGH,Opal Securities Investment (PVT) Ltd.,South Asian Bulls Pvt. Ltd.,20,1034.0,20680.0,2025-08-03T13:14:15.388168
2025-08-03,68435,2025080304013489,CGH,Sani Securities Company Ltd.,Dynamic Money Managers Securities Pvt. Ltd.,430,1033.0,444190.0,2025-08-03T13:14:43.738954
2025-08-03,68434,2025080304013490,CGH,Siprabi Securities Pvt. Ltd.,Dynamic Money Managers Securities Pvt. Ltd.,170,1033.0,175610.0,2025-08-03T13:14:43.739407
2025-08-03,67312,2025080304013684,CGH,Siprabi Securities Pvt. Ltd.,Cristal Kanchanjanga Securites Pvt. Ltd.,130,1033.0,134290.0,2025-08-03T13:17:00.248864
2025-08-03,67204,2025080304013698,CGH,Siprabi Securities Pvt. Ltd.,Citizens Share Broker Limited,200,1032.1,206420.0,2025-08-03T13:17:13.492077
2025-08-03,67203,2025080304013699,CGH,Nepal Stock House (PVT) Ltd.,Citizens Share Broker Limited,150,1032.0,154800.0,2025-08-03T13:17:13.492151
2025-08-03,67202,2025080304013700,CGH,Sri Hari Securities Pvt. Ltd.,Citizens Share Broker Limited,140,1031.3,144382.0,2025-08-03T13:17:13.492207
2025-08-03,67201,2025080304013701,CGH,Deevyaa Securities & Stock House Pvt. Ltd,Citizens Share Broker Limited,100,1031.2,103120.0,2025-08-03T13:17:13.492255
2025-08-03,67200,2025080304013702,CGH,Sagarmatha Securities Private Limited,Citizens Share Broker Limited,111,1031.1,114452.1,2025-08-03T13:17:13.492304
2025-08-03,66788,2025080304013782,CGH,Kohinoor Investment & Securities Pvt. Ltd.,Thrive Brokerage House Pvt. Ltd,100,1032.0,103200.0,2025-08-03T13:18:02.602254
2025-08-03,66573,2025080304013834,CGH,Kohinoor Investment & Securities Pvt. Ltd.,Linch Stock Market Ltd.,100,1032.0,103200.0,2025-08-03T13:18:35.884351
2025-08-03,66447,2025080304013848,CGH,Global IME Securities Limited,Sundhara Securities Limited,100,1032.0,103200.0,2025-08-03T13:18:54.94211
2025-08-03,65939,2025080304013940,CGH,Sagarmatha Securities Private Limited,Linch Stock Market Ltd.,31,1031.1,31964.1,2025-08-03T13:19:58.484831
2025-08-03,65532,2025080304014015,CGH,Sundhara Securities Limited,Linch Stock Market Ltd.,55,1031.1,56710.5,2025-08-03T13:20:44.904083
2025-08-03,65346,2025080304014065,CGH,Sundhara Securities Limited,Cristal Kanchanjanga Securites Pvt. Ltd.,170,1031.1,175287.0,2025-08-03T13:21:02.485273
2025-08-03,65041,2025080304014125,CGH,Sundhara Securities Limited,Sundhara Securities Limited,275,1031.1,283552.5,2025-08-03T13:21:32.998908
2025-08-03,65040,2025080304014126,CGH,ABC Securities Private Limited,Sundhara Securities Limited,35,1031.0,36085.0,2025-08-03T13:21:32.999147
2025-08-03,65039,2025080304014127,CGH,ABC Securities Private Limited,Sumeru Securities Pvt. Ltd.,465,1031.0,479415.0,2025-08-03T13:21:33.075298
2025-08-03,65038,2025080304014128,CGH,Trisul Securities & Invt. Ltd.,Sumeru Securities Pvt. Ltd.,10,1030.0,10300.0,2025-08-03T13:21:33.075483
2025-08-03,65037,2025080304014129,CGH,Property Wiard Limited,Sumeru Securities Pvt. Ltd.,525,1030.0,540750.0,2025-08-03T13:21:33.075571
2025-08-03,64492,2025080304014230,CGH,Siprabi Securities Pvt. Ltd.,KALASH STOCK MARKET PVT. LTD.,108,1030.1,111250.8,2025-08-03T13:22:25.951661
2025-08-03,64350,2025080304014261,CGH,Siprabi Securities Pvt. Ltd.,Sani Securities Company Ltd.,92,1030.1,94769.2,2025-08-03T13:22:42.395283
2025-08-03,64349,2025080304014262,CGH,Property Wiard Limited,Sani Securities Company Ltd.,908,1030.0,935240.0,2025-08-03T13:22:42.395605
2025-08-03,64311,2025080304014265,CGH,Property Wiard Limited,Naasa Securities Co. Ltd.,70,1030.0,72100.0,2025-08-03T13:22:46.74644
2025-08-03,64305,2025080304014266,CGH,Property Wiard Limited,Imperial Securities Company Pvt. Ltd.,23,1030.0,23690.0,2025-08-03T13:22:47.755091
2025-08-03,64086,2025080304014291,CGH,Property Wiard Limited,Trishakti Securities Public Limited,10,1030.0,10300.0,2025-08-03T13:23:13.310806
2025-08-03,63992,2025080304014310,CGH,Property Wiard Limited,Dipshikha Dhitopatra Karobar Co. Pvt Ltd.,42,1030.0,43260.0,2025-08-03T13:23:23.463496
2025-08-03,63737,2025080304014376,CGH,Property Wiard Limited,Naasa Securities Co. Ltd.,25,1030.0,25750.0,2025-08-03T13:23:51.159236
2025-08-03,63508,2025080304014424,CGH,Property Wiard Limited,Naasa Securities Co. Ltd.,50,1030.0,51500.0,2025-08-03T13:24:17.320803
2025-08-03,63396,2025080304014438,CGH,Property Wiard Limited,Online Securities Pvt. Ltd.,30,1030.0,30900.0,2025-08-03T13:24:24.768103
2025-08-03,63367,2025080304014441,CGH,Property Wiard Limited,Linch Stock Market Ltd.,122,1030.0,125660.0,2025-08-03T13:24:26.917301
2025-08-03,63328,2025080304014451,CGH,Imperial Securities Company Pvt. Ltd.,Thrive Brokerage House Pvt. Ltd,10,1030.0,10300.0,2025-08-03T13:24:32.626248
2025-08-03,63327,2025080304014452,CGH,Pragyan Securities (PVT) Ltd.,Thrive Brokerage House Pvt. Ltd,60,1030.0,61800.0,2025-08-03T13:24:32.626712
2025-08-03,63266,2025080304014474,CGH,Pragyan Securities (PVT) Ltd.,Secured Securities Ltd.,40,1030.0,41200.0,2025-08-03T13:24:39.60138
2025-08-03,63265,2025080304014475,CGH,Siprabi Securities Pvt. Ltd.,Secured Securities Ltd.,160,1030.0,164800.0,2025-08-03T13:24:39.601614
2025-08-03,63065,2025080304014511,CGH,South Asian Bulls Pvt. Ltd.,Aryatara Investment & Securities,20,1030.1,20602.0,2025-08-03T13:25:02.89759
2025-08-03,62780,2025080304014553,CGH,Siprabi Securities Pvt. Ltd.,Online Securities Pvt. Ltd.,50,1030.0,51500.0,2025-08-03T13:25:28.780701
2025-08-03,62753,2025080304014555,CGH,Siprabi Securities Pvt. Ltd.,Creative Securities Pvt Ltd,90,1030.0,92700.0,2025-08-03T13:25:31.486809
2025-08-03,62489,2025080304014581,CGH,Thrive Brokerage House Pvt. Ltd,Nepal Stock House (PVT) Ltd.,200,1029.0,205800.0,2025-08-03T13:26:02.763538
2025-08-03,62488,2025080304014582,CGH,Aryatara Investment & Securities,Nepal Stock House (PVT) Ltd.,200,1028.0,205600.0,2025-08-03T13:26:02.763954
2025-08-03,62274,2025080304014621,CGH,Naasa Securities Co. Ltd.,Naasa Securities Co. Ltd.,10,1028.0,10280.0,2025-08-03T13:26:28.815552
2025-08-03,61845,2025080304014706,CGH,Naasa Securities Co. Ltd.,Oxford Securities Pvt. Ltd.,90,1028.0,92520.0,2025-08-03T13:27:12.247136
2025-08-03,61688,2025080304014734,CGH,Deevyaa Securities & Stock House Pvt. Ltd,Siprabi Securities Pvt. Ltd.,100,1025.1,102510.0,2025-08-03T13:27:29.981482
2025-08-03,61687,2025080304014735,CGH,Agrawal Securities (PVT) Ltd.,Siprabi Securities Pvt. Ltd.,85,1025.0,87125.0,2025-08-03T13:27:29.981694
2025-08-03,61276,2025080304014796,CGH,Deevyaa Securities & Stock House Pvt. Ltd,Creative Securities Pvt Ltd,10,1025.1,10251.0,2025-08-03T13:28:16.381073
2025-08-03,61127,2025080304014824,CGH,BHOLE GANESH SECURITIES LTD,Nepal Investment And Securities Trading Private Limited,1,1014.5,1014.5,2025-08-03T13:28:30.413186
2025-08-03,59497,2025080304015144,CGH,Nepal Stock House (PVT) Ltd.,Premier Securities Company Ltd.,300,1027.0,308100.0,2025-08-03T13:31:52.680946
2025-08-03,59496,2025080304015145,CGH,Nepal Stock House (PVT) Ltd.,Premier Securities Company Ltd.,100,1026.1,102610.0,2025-08-03T13:31:52.681163
2025-08-03,59414,2025080304015152,CGH,Deevyaa Securities & Stock House Pvt. Ltd,Imperial Securities Company Pvt. Ltd.,100,1026.1,102610.0,2025-08-03T13:32:04.684456
2025-08-03,59413,2025080304015153,CGH,ABC Securities Private Limited,Imperial Securities Company Pvt. Ltd.,500,1026.0,513000.0,2025-08-03T13:32:04.684659
2025-08-03,59412,2025080304015154,CGH,Nepal Stock House (PVT) Ltd.,Imperial Securities Company Pvt. Ltd.,200,1025.2,205040.0,2025-08-03T13:32:04.684745
2025-08-03,59411,2025080304015155,CGH,Deevyaa Securities & Stock House Pvt. Ltd,Imperial Securities Company Pvt. Ltd.,90,1025.1,92259.0,2025-08-03T13:32:04.684829
2025-08-03,59410,2025080304015156,CGH,Sundhara Securities Limited,Imperial Securities Company Pvt. Ltd.,500,1025.1,512550.0,2025-08-03T13:32:04.684923
2025-08-03,59409,2025080304015157,CGH,Agrawal Securities (PVT) Ltd.,Imperial Securities Company Pvt. Ltd.,215,1025.0,220375.0,2025-08-03T13:32:04.685031
2025-08-03,59408,2025080304015158,CGH,Deevyaa Securities & Stock House Pvt. Ltd,Imperial Securities Company Pvt. Ltd.,50,1025.0,51250.0,2025-08-03T13:32:04.68513
2025-08-03,59407,2025080304015159,CGH,Himalayan Brokerage Company Limited,Imperial Securities Company Pvt. Ltd.,56,1025.0,57400.0,2025-08-03T13:32:04.68523
2025-08-03,59406,2025080304015160,CGH,Sani Securities Company Ltd.,Imperial Securities Company Pvt. Ltd.,1000,1025.0,1025000.0,2025-08-03T13:32:04.685331
2025-08-03,59405,2025080304015161,CGH,Shree Krishna Securities Ltd.,Imperial Securities Company Pvt. Ltd.,10,1024.0,10240.0,2025-08-03T13:32:04.685412
2025-08-03,59404,2025080304015162,CGH,Thrive Brokerage House Pvt. Ltd,Imperial Securities Company Pvt. Ltd.,200,1022.7,204540.0,2025-08-03T13:32:04.685489
2025-08-03,59403,2025080304015163,CGH,Neev Securities Pvt. Ltd.,Imperial Securities Company Pvt. Ltd.,1000,1022.6,1022600.0,2025-08-03T13:32:04.685588
2025-08-03,59402,2025080304015164,CGH,Vision Securities Pvt. Ltd,Imperial Securities Company Pvt. Ltd.,1000,1021.3,1021300.0,2025-08-03T13:32:04.685664
2025-08-03,59401,2025080304015165,CGH,Market Securities & Exchange (PVT) Ltd.,Imperial Securities Company Pvt. Ltd.,200,1021.0,204200.0,2025-08-03T13:32:04.685741
2025-08-03,59400,2025080304015166,CGH,Primo Securities (PVT) Ltd.,Imperial Securities Company Pvt. Ltd.,100,1020.5,102050.0,2025-08-03T13:32:04.685822
2025-08-03,59399,2025080304015167,CGH,ABC Securities Private Limited,Imperial Securities Company Pvt. Ltd.,500,1020.0,510000.0,2025-08-03T13:32:04.685901
2025-08-03,59398,2025080304015168,CGH,Kohinoor Investment & Securities Pvt. Ltd.,Imperial Securities Company Pvt. Ltd.,100,1020.0,102000.0,2025-08-03T13:32:04.685979
2025-08-03,59397,2025080304015169,CGH,Vision Securities Pvt. Ltd,Imperial Securities Company Pvt. Ltd.,200,1020.0,204000.0,2025-08-03T13:32:04.686052
2025-08-03,59396,2025080304015170,CGH,Cristal Kanchanjanga Securites Pvt. Ltd.,Imperial Securities Company Pvt. Ltd.,50,1020.0,51000.0,2025-08-03T13:32:04.686124
2025-08-03,59395,2025080304015171,CGH,Nepal Stock House (PVT) Ltd.,Imperial Securities Company Pvt. Ltd.,1000,1020.0,1020000.0,2025-08-03T13:32:04.686202
2025-08-03,59394,2025080304015172,CGH,Nepal Investment And Securities Trading Private Limited,Imperial Securities Company Pvt. Ltd.,20,1020.0,20400.0,2025-08-03T13:32:04.686277
2025-08-03,59393,2025080304015173,CGH,Sagarmatha Securities Private Limited,Imperial Securities Company Pvt. Ltd.,100,1020.0,102000.0,2025-08-03T13:32:04.686365
2025-08-03,59392,2025080304015174,CGH,Nepal Stock House (PVT) Ltd.,Imperial Securities Company Pvt. Ltd.,100,1020.0,102000.0,2025-08-03T13:32:04.686442
2025-08-03,59391,2025080304015175,CGH,Cristal Kanchanjanga Securites Pvt. Ltd.,Imperial Securities Company Pvt. Ltd.,20,1020.0,20400.0,2025-08-03T13:32:04.686513
2025-08-03,59390,2025080304015176,CGH,Himalayan Brokerage Company Limited,Imperial Securities Company Pvt. Ltd.,500,1020.0,510000.0,2025-08-03T13:32:04.686584
2025-08-03,59389,2025080304015177,CGH,Naasa Securities Co. Ltd.,Imperial Securities Company Pvt. Ltd.,12,1020.0,12240.0,2025-08-03T13:32:04.686685
2025-08-03,59388,2025080304015178,CGH,Neev Securities Pvt. Ltd.,Imperial Securities Company Pvt. Ltd.,200,1019.0,203800.0,2025-08-03T13:32:04.686804
2025-08-03,59387,2025080304015179,CGH,Imperial Securities Company Pvt. Ltd.,Imperial Securities Company Pvt. Ltd.,36,1018.5,36666.0,2025-08-03T13:32:04.686917
2025-08-03,59386,2025080304015180,CGH,Agrawal Securities (PVT) Ltd.,Imperial Securities Company Pvt. Ltd.,300,1017.3,305190.0,2025-08-03T13:32:04.687005
2025-08-03,59385,2025080304015181,CGH,Nepal Investment And Securities Trading Private Limited,Imperial Securities Company Pvt. Ltd.,60,1017.0,61020.0,2025-08-03T13:32:04.687086
2025-08-03,59384,2025080304015182,CGH,Deevyaa Securities & Stock House Pvt. Ltd,Imperial Securities Company Pvt. Ltd.,10,1016.0,10160.0,2025-08-03T13:32:04.687186
2025-08-03,59383,2025080304015183,CGH,SUN SECURITIES PVT LTD,Imperial Securities Company Pvt. Ltd.,10,1016.0,10160.0,2025-08-03T13:32:04.687264
2025-08-03,59382,2025080304015184,CGH,Neev Securities Pvt. Ltd.,Imperial Securities Company Pvt. Ltd.,1000,1015.8,1015800.0,2025-08-03T13:32:04.687348
2025-08-03,59381,2025080304015185,CGH,Vision Securities Pvt. Ltd,Imperial Securities Company Pvt. Ltd.,500,1015.3,507650.0,2025-08-03T13:32:04.687428
2025-08-03,59380,2025080304015186,CGH,South Asian Bulls Pvt. Ltd.,Imperial Securities Company Pvt. Ltd.,100,1015.0,101500.0,2025-08-03T13:32:04.687532
2025-08-03,59379,2025080304015187,CGH,Linch Stock Market Ltd.,Imperial Securities Company Pvt. Ltd.,450,1015.0,456750.0,2025-08-03T13:32:04.687639
2025-08-03,59378,2025080304015188,CGH,Pragyan Securities (PVT) Ltd.,Imperial Securities Company Pvt. Ltd.,100,1015.0,101500.0,2025-08-03T13:32:04.687744
2025-08-03,59377,2025080304015189,CGH,Linch Stock Market Ltd.,Imperial Securities Company Pvt. Ltd.,50,1015.0,50750.0,2025-08-03T13:32:04.687843
2025-08-03,59376,2025080304015190,CGH,Online Securities Pvt. Ltd.,Imperial Securities Company Pvt. Ltd.,4361,1015.0,4426415.0,2025-08-03T13:32:04.687949
2025-08-03,59257,2025080304015229,CGH,Online Securities Pvt. Ltd.,Imperial Securities Company Pvt. Ltd.,639,1015.0,648585.0,2025-08-03T13:32:17.927887
2025-08-03,59256,2025080304015230,CGH,SHUBHAKAMANA SECURITIES PVT. LTD,Imperial Securities Company Pvt. Ltd.,200,1015.0,203000.0,2025-08-03T13:32:17.928244
2025-08-03,59255,2025080304015231,CGH,Premier Securities Company Ltd.,Imperial Securities Company Pvt. Ltd.,50,1015.0,50750.0,2025-08-03T13:32:17.928493
2025-08-03,59254,2025080304015232,CGH,Cristal Kanchanjanga Securites Pvt. Ltd.,Imperial Securities Company Pvt. Ltd.,50,1015.0,50750.0,2025-08-03T13:32:17.928726
2025-08-03,59253,2025080304015233,CGH,Creative Securities Pvt Ltd,Imperial Securities Company Pvt. Ltd.,300,1015.0,304500.0,2025-08-03T13:32:17.92897
2025-08-03,59252,2025080304015234,CGH,Naasa Securities Co. Ltd.,Imperial Securities Company Pvt. Ltd.,10,1014.7,10147.0,2025-08-03T13:32:17.92919
2025-08-03,59251,2025080304015235,CGH,ABC Securities Private Limited,Imperial Securities Company Pvt. Ltd.,100,1014.6,101460.0,2025-08-03T13:32:17.929424
2025-08-03,59250,2025080304015236,CGH,ABC Securities Private Limited,Imperial Securities Company Pvt. Ltd.,100,1014.4,101440.0,2025-08-03T13:32:17.929633
2025-08-03,59249,2025080304015237,CGH,Capital Max Securities Ltd,Imperial Securities Company Pvt. Ltd.,1000,1014.4,1014400.0,2025-08-03T13:32:17.929846
2025-08-03,59248,2025080304015238,CGH,Nepal Stock House (PVT) Ltd.,Imperial Securities Company Pvt. Ltd.,50,1014.3,50715.0,2025-08-03T13:32:17.930068
2025-08-03,59247,2025080304015239,CGH,Kohinoor Investment & Securities Pvt. Ltd.,Imperial Securities Company Pvt. Ltd.,1000,1014.3,1014300.0,2025-08-03T13:32:17.930277
2025-08-03,59246,2025080304015240,CGH,Trisul Securities & Invt. Ltd.,Imperial Securities Company Pvt. Ltd.,50,1014.3,50715.0,2025-08-03T13:32:17.9305
2025-08-03,59245,2025080304015241,CGH,Opal Securities Investment (PVT) Ltd.,Imperial Securities Company Pvt. Ltd.,380,1013.0,384940.0,2025-08-03T13:32:17.930733
2025-08-03,59244,2025080304015242,CGH,Naasa Securities Co. Ltd.,Imperial Securities Company Pvt. Ltd.,10,1013.0,10130.0,2025-08-03T13:32:17.930943
2025-08-03,59243,2025080304015243,CGH,Citizens Share Broker Limited,Imperial Securities Company Pvt. Ltd.,200,1012.5,202500.0,2025-08-03T13:32:17.931143
2025-08-03,59242,2025080304015244,CGH,ABC Securities Private Limited,Imperial Securities Company Pvt. Ltd.,50,1012.5,50625.0,2025-08-03T13:32:17.931368
2025-08-03,59241,2025080304015245,CGH,Prabhu Stock Market Limited,Imperial Securities Company Pvt. Ltd.,500,1012.0,506000.0,2025-08-03T13:32:17.931574
2025-08-03,59240,2025080304015246,CGH,Sweta Securities Private Limited,Imperial Securities Company Pvt. Ltd.,100,1011.4,101140.0,2025-08-03T13:32:17.931791
2025-08-03,59239,2025080304015247,CGH,Sani Securities Company Ltd.,Imperial Securities Company Pvt. Ltd.,10211,1010.0,10313110.0,2025-08-03T13:32:17.932003
2025-08-03,59149,2025080304015256,CGH,Sani Securities Company Ltd.,Imperial Securities Company Pvt. Ltd.,14789,1010.0,14936890.0,2025-08-03T13:32:29.052392
2025-08-03,59148,2025080304015257,CGH,Linch Stock Market Ltd.,Imperial Securities Company Pvt. Ltd.,200,1010.0,202000.0,2025-08-03T13:32:29.052744
2025-08-03,59147,2025080304015258,CGH,Dipshikha Dhitopatra Karobar Co. Pvt Ltd.,Imperial Securities Company Pvt. Ltd.,11,1009.4,11103.4,2025-08-03T13:32:29.05297
2025-08-03,58963,2025080304015283,CGH,Trademow Securities Private Limited,Imperial Securities Company Pvt. Ltd.,1300,1026.0,1333800.0,2025-08-03T13:32:51.482357
2025-08-03,58884,2025080304015292,CGH,Trademow Securities Private Limited,Imperial Securities Company Pvt. Ltd.,1000,1026.0,1026000.0,2025-08-03T13:33:01.637376
2025-08-03,58445,2025080304015362,CGH,Imperial Securities Company Pvt. Ltd.,Naasa Securities Co. Ltd.,10,1026.0,10260.0,2025-08-03T13:33:47.395564
2025-08-03,57582,2025080304015550,CGH,Property Wiard Limited,Kumari Securities Private Limited,200,1016.0,203200.0,2025-08-03T13:35:26.827691
2025-08-03,55931,2025080304015872,CGH,Premier Securities Company Ltd.,Sewa Securities Pvt. Ltd.,10,1018.0,10180.0,2025-08-03T13:38:23.640895
2025-08-03,55897,2025080304015880,CGH,Premier Securities Company Ltd.,Online Securities Pvt. Ltd.,90,1018.0,91620.0,2025-08-03T13:38:26.34011
2025-08-03,55896,2025080304015881,CGH,Nepal Stock House (PVT) Ltd.,Online Securities Pvt. Ltd.,10,1017.1,10171.0,2025-08-03T13:38:26.340319
2025-08-03,55823,2025080304015891,CGH,Sundhara Securities Limited,Nepal Stock House (PVT) Ltd.,10,1019.0,10190.0,2025-08-03T13:38:34.842933
2025-08-03,54627,2025080304016109,CGH,Sundhara Securities Limited,Imperial Securities Company Pvt. Ltd.,10,1017.2,10172.0,2025-08-03T13:40:49.575691
2025-08-03,54626,2025080304016110,CGH,BHOLE GANESH SECURITIES LTD,Imperial Securities Company Pvt. Ltd.,19,1017.2,19326.8,2025-08-03T13:40:49.575995
2025-08-03,54625,2025080304016111,CGH,Nepal Stock House (PVT) Ltd.,Imperial Securities Company Pvt. Ltd.,40,1017.1,40684.0,2025-08-03T13:40:49.57608
2025-08-03,54624,2025080304016112,CGH,Nepal Stock House (PVT) Ltd.,Imperial Securities Company Pvt. Ltd.,190,1017.1,193249.0,2025-08-03T13:40:49.576179
2025-08-03,54623,2025080304016113,CGH,Imperial Securities Company Pvt. Ltd.,Imperial Securities Company Pvt. Ltd.,20,1017.1,20342.0,2025-08-03T13:40:49.576257
2025-08-03,54622,2025080304016114,CGH,Nepal Stock House (PVT) Ltd.,Imperial Securities Company Pvt. Ltd.,300,1017.0,305100.0,2025-08-03T13:40:49.576343
2025-08-03,54621,2025080304016115,CGH,Citizens Share Broker Limited,Imperial Securities Company Pvt. Ltd.,20,1017.0,20340.0,2025-08-03T13:40:49.576419
2025-08-03,54620,2025080304016116,CGH,Premier Securities Company Ltd.,Imperial Securities Company Pvt. Ltd.,100,1017.0,101700.0,2025-08-03T13:40:49.576493
2025-08-03,54619,2025080304016117,CGH,Property Wiard Limited,Imperial Securities Company Pvt. Ltd.,300,1016.0,304800.0,2025-08-03T13:40:49.576568
2025-08-03,54618,2025080304016118,CGH,Nepal Stock House (PVT) Ltd.,Imperial Securities Company Pvt. Ltd.,50,1016.0,50800.0,2025-08-03T13:40:49.576641
2025-08-03,54617,2025080304016119,CGH,Imperial Securities Company Pvt. Ltd.,Imperial Securities Company Pvt. Ltd.,300,1016.0,304800.0,2025-08-03T13:40:49.576715
2025-08-03,54616,2025080304016120,CGH,Linch Stock Market Ltd.,Imperial Securities Company Pvt. Ltd.,500,1015.8,507900.0,2025-08-03T13:40:49.576787
2025-08-03,54615,2025080304016121,CGH,South Asian Bulls Pvt. Ltd.,Imperial Securities Company Pvt. Ltd.,150,1015.0,152250.0,2025-08-03T13:40:49.576874
2025-08-03,54614,2025080304016122,CGH,Creative Securities Pvt Ltd,Imperial Securities Company Pvt. Ltd.,50,1010.1,50505.0,2025-08-03T13:40:49.576957
2025-08-03,54613,2025080304016123,CGH,Naasa Securities Co. Ltd.,Imperial Securities Company Pvt. Ltd.,200,1010.1,202020.0,2025-08-03T13:40:49.577031
2025-08-03,54612,2025080304016124,CGH,Dynamic Money Managers Securities Pvt. Ltd.,Imperial Securities Company Pvt. Ltd.,20,1010.0,20200.0,2025-08-03T13:40:49.577105
2025-08-03,54611,2025080304016125,CGH,Deevyaa Securities & Stock House Pvt. Ltd,Imperial Securities Company Pvt. Ltd.,200,1010.0,202000.0,2025-08-03T13:40:49.577178
2025-08-03,54610,2025080304016126,CGH,Deevyaa Securities & Stock House Pvt. Ltd,Imperial Securities Company Pvt. Ltd.,100,1010.0,101000.0,2025-08-03T13:40:49.577383
2025-08-03,54609,2025080304016127,CGH,Sani Securities Company Ltd.,Imperial Securities Company Pvt. Ltd.,1000,1010.0,1010000.0,2025-08-03T13:40:49.577621
2025-08-03,54608,2025080304016128,CGH,Agrawal Securities (PVT) Ltd.,Imperial Securities Company Pvt. Ltd.,10,1009.4,10094.0,2025-08-03T13:40:49.577843
2025-08-03,54607,2025080304016129,CGH,Agrawal Securities (PVT) Ltd.,Imperial Securities Company Pvt. Ltd.,50,1006.0,50300.0,2025-08-03T13:40:49.578065
2025-08-03,54606,2025080304016130,CGH,SUN SECURITIES PVT LTD,Imperial Securities Company Pvt. Ltd.,15,1006.0,15090.0,2025-08-03T13:40:49.578275
2025-08-03,54605,2025080304016131,CGH,Dipshikha Dhitopatra Karobar Co. Pvt Ltd.,Imperial Securities Company Pvt. Ltd.,500,1006.0,503000.0,2025-08-03T13:40:49.578538
2025-08-03,54604,2025080304016132,CGH,Miyo Securities Pvt Ltd,Imperial Securities Company Pvt. Ltd.,100,1006.0,100600.0,2025-08-03T13:40:49.57875
2025-08-03,54603,2025080304016133,CGH,Asian Securities Private Ltd.,Imperial Securities Company Pvt. Ltd.,200,1006.0,201200.0,2025-08-03T13:40:49.578974
2025-08-03,54602,2025080304016134,CGH,Kohinoor Investment & Securities Pvt. Ltd.,Imperial Securities Company Pvt. Ltd.,50,1005.0,50250.0,2025-08-03T13:40:49.57923
2025-08-03,54601,2025080304016135,CGH,Deevyaa Securities & Stock House Pvt. Ltd,Imperial Securities Company Pvt. Ltd.,10,1005.0,10050.0,2025-08-03T13:40:49.579415
2025-08-03,54600,2025080304016136,CGH,Linch Stock Market Ltd.,Imperial Securities Company Pvt. Ltd.,20,1005.0,20100.0,2025-08-03T13:40:49.579567
2025-08-03,54599,2025080304016137,CGH,Premier Securities Company Ltd.,Imperial Securities Company Pvt. Ltd.,15,1005.0,15075.0,2025-08-03T13:40:49.579737
2025-08-03,54598,2025080304016138,CGH,Oxford Securities Pvt. Ltd.,Imperial Securities Company Pvt. Ltd.,20,1004.6,20092.0,2025-08-03T13:40:49.579885
2025-08-03,54597,2025080304016139,CGH,Vision Securities Pvt. Ltd,Imperial Securities Company Pvt. Ltd.,50,1000.0,50000.0,2025-08-03T13:40:49.580045
2025-08-03,54596,2025080304016140,CGH,Sumeru Securities Pvt. Ltd.,Imperial Securities Company Pvt. Ltd.,100,1000.0,100000.0,2025-08-03T13:40:49.580195
2025-08-03,54595,2025080304016141,CGH,Deevyaa Securities & Stock House Pvt. Ltd,Imperial Securities Company Pvt. Ltd.,300,1000.0,300000.0,2025-08-03T13:40:49.580374
2025-08-03,54594,2025080304016142,CGH,Oxford Securities Pvt. Ltd.,Imperial Securities Company Pvt. Ltd.,200,1000.0,200000.0,2025-08-03T13:40:49.580524
2025-08-03,54593,2025080304016143,CGH,Malla & Malla Stock Broking Company Pvt. Limited,Imperial Securities Company Pvt. Ltd.,200,1000.0,200000.0,2025-08-03T13:40:49.58067
2025-08-03,53680,2025080304016352,CGH,Kohinoor Investment & Securities Pvt. Ltd.,Online Securities Pvt. Ltd.,10,1019.0,10190.0,2025-08-03T13:42:21.682931
2025-08-03,53124,2025080304016474,CGH,Sani Securities Company Ltd.,Online Securities Pvt. Ltd.,58,1019.0,59102.0,2025-08-03T13:43:16.976755
2025-08-03,53081,2025080304016490,CGH,Nepal Stock House (PVT) Ltd.,Oxford Securities Pvt. Ltd.,20,1015.0,20300.0,2025-08-03T13:43:19.770949
2025-08-03,53080,2025080304016491,CGH,Nepal Stock House (PVT) Ltd.,Online Securities Pvt. Ltd.,30,1019.0,30570.0,2025-08-03T13:43:19.771404
2025-08-03,52557,2025080304016593,CGH,Vision Securities Pvt. Ltd,Dynamic Money Managers Securities Pvt. Ltd.,50,1018.0,50900.0,2025-08-03T13:44:18.207258
2025-08-03,50937,2025080304016839,CGH,Aryatara Investment & Securities,J.F. Securites (PVT) Ltd.,35,1007.0,35245.0,2025-08-03T13:46:44.431283
2025-08-03,50750,2025080304016872,CGH,Sani Securities Company Ltd.,Swarna Laxmi Securities Pvt. Ltd.,10,1010.0,10100.0,2025-08-03T13:47:09.93701
2025-08-03,50749,2025080304016873,CGH,Sani Securities Company Ltd.,Kalika Securities Pvt. Ltd.,25,1018.0,25450.0,2025-08-03T13:47:09.937467
2025-08-03,50580,2025080304016898,CGH,Dynamic Money Managers Securities Pvt. Ltd.,Kalika Securities Pvt. Ltd.,20,1018.0,20360.0,2025-08-03T13:47:27.716426
2025-08-03,50337,2025080304016947,CGH,Online Securities Pvt. Ltd.,Sani Securities Company Ltd.,10,1010.0,10100.0,2025-08-03T13:47:54.760997
2025-08-03,49911,2025080304017051,CGH,Aryatara Investment & Securities,Imperial Securities Company Pvt. Ltd.,165,1011.0,166815.0,2025-08-03T13:48:39.974685
2025-08-03,49910,2025080304017052,CGH,Opal Securities Investment (PVT) Ltd.,Imperial Securities Company Pvt. Ltd.,400,1011.0,404400.0,2025-08-03T13:48:39.974946
2025-08-03,49909,2025080304017053,CGH,Neev Securities Pvt. Ltd.,Imperial Securities Company Pvt. Ltd.,450,1011.0,454950.0,2025-08-03T13:48:39.975038
2025-08-03,49908,2025080304017054,CGH,Dynamic Money Managers Securities Pvt. Ltd.,Imperial Securities Company Pvt. Ltd.,20,1010.1,20202.0,2025-08-03T13:48:39.975124
2025-08-03,49907,2025080304017055,CGH,Online Securities Pvt. Ltd.,Imperial Securities Company Pvt. Ltd.,490,1010.0,494900.0,2025-08-03T13:48:39.97521
2025-08-03,49906,2025080304017056,CGH,Opal Securities Investment (PVT) Ltd.,Imperial Securities Company Pvt. Ltd.,70,1008.0,70560.0,2025-08-03T13:48:39.975297
2025-08-03,49905,2025080304017057,CGH,Siprabi Securities Pvt. Ltd.,Imperial Securities Company Pvt. Ltd.,100,1008.0,100800.0,2025-08-03T13:48:39.975397
2025-08-03,49904,2025080304017058,CGH,Linch Stock Market Ltd.,Imperial Securities Company Pvt. Ltd.,50,1008.0,50400.0,2025-08-03T13:48:39.975487
2025-08-03,49903,2025080304017059,CGH,South Asian Bulls Pvt. Ltd.,Imperial Securities Company Pvt. Ltd.,100,1007.2,100720.0,2025-08-03T13:48:39.975601
2025-08-03,49902,2025080304017060,CGH,Online Securities Pvt. Ltd.,Imperial Securities Company Pvt. Ltd.,50,1007.1,50355.0,2025-08-03T13:48:39.975709
2025-08-03,49901,2025080304017061,CGH,Secured Securities Ltd.,Imperial Securities Company Pvt. Ltd.,30,1007.0,30210.0,2025-08-03T13:48:39.975805
2025-08-03,49900,2025080304017062,CGH,Dipshikha Dhitopatra Karobar Co. Pvt Ltd.,Imperial Securities Company Pvt. Ltd.,10,1006.1,10061.0,2025-08-03T13:48:39.975929
2025-08-03,49899,2025080304017063,CGH,Dipshikha Dhitopatra Karobar Co. Pvt Ltd.,Imperial Securities Company Pvt. Ltd.,10,1006.1,10061.0,2025-08-03T13:48:39.976044
2025-08-03,49898,2025080304017064,CGH,Creative Securities Pvt Ltd,Imperial Securities Company Pvt. Ltd.,500,1006.1,503050.0,2025-08-03T13:48:39.976146
2025-08-03,49897,2025080304017065,CGH,Deevyaa Securities & Stock House Pvt. Ltd,Imperial Securities Company Pvt. Ltd.,200,1006.1,201220.0,2025-08-03T13:48:39.97624
2025-08-03,49896,2025080304017066,CGH,Kalika Securities Pvt. Ltd.,Imperial Securities Company Pvt. Ltd.,50,1006.0,50300.0,2025-08-03T13:48:39.976378
2025-08-03,49895,2025080304017067,CGH,Online Securities Pvt. Ltd.,Imperial Securities Company Pvt. Ltd.,500,1006.0,503000.0,2025-08-03T13:48:39.976529
2025-08-03,49894,2025080304017068,CGH,Siprabi Securities Pvt. Ltd.,Imperial Securities Company Pvt. Ltd.,200,1006.0,201200.0,2025-08-03T13:48:39.97666
2025-08-03,49893,2025080304017069,CGH,Naasa Securities Co. Ltd.,Imperial Securities Company Pvt. Ltd.,13,1005.0,13065.0,2025-08-03T13:48:39.976789
2025-08-03,49892,2025080304017070,CGH,Thrive Brokerage House Pvt. Ltd,Imperial Securities Company Pvt. Ltd.,100,1004.2,100420.0,2025-08-03T13:48:39.976907
2025-08-03,49891,2025080304017071,CGH,Sani Securities Company Ltd.,Imperial Securities Company Pvt. Ltd.,20,1004.2,20084.0,2025-08-03T13:48:39.977013
2025-08-03,49890,2025080304017072,CGH,Online Securities Pvt. Ltd.,Imperial Securities Company Pvt. Ltd.,200,1004.0,200800.0,2025-08-03T13:48:39.97712
2025-08-03,49889,2025080304017073,CGH,Asian Securities Private Ltd.,Imperial Securities Company Pvt. Ltd.,100,1003.0,100300.0,2025-08-03T13:48:39.977219
2025-08-03,49888,2025080304017074,CGH,Trademow Securities Private Limited,Imperial Securities Company Pvt. Ltd.,450,1003.0,451350.0,2025-08-03T13:48:39.97732
2025-08-03,49887,2025080304017075,CGH,Online Securities Pvt. Ltd.,Imperial Securities Company Pvt. Ltd.,50,1002.5,50125.0,2025-08-03T13:48:39.977411
2025-08-03,49886,2025080304017076,CGH,Neev Securities Pvt. Ltd.,Imperial Securities Company Pvt. Ltd.,500,1002.1,501050.0,2025-08-03T13:48:39.977498
2025-08-03,49885,2025080304017077,CGH,Dynamic Money Managers Securities Pvt. Ltd.,Imperial Securities Company Pvt. Ltd.,50,1002.0,50100.0,2025-08-03T13:48:39.977601
2025-08-03,49884,2025080304017078,CGH,Online Securities Pvt. Ltd.,Imperial Securities Company Pvt. Ltd.,500,1002.0,501000.0,2025-08-03T13:48:39.977728
2025-08-03,49883,2025080304017079,CGH,Aryatara Investment & Securities,Imperial Securities Company Pvt. Ltd.,100,1001.5,100150.0,2025-08-03T13:48:39.97785
2025-08-03,49882,2025080304017080,CGH,Sani Securities Company Ltd.,Imperial Securities Company Pvt. Ltd.,100,1001.1,100110.0,2025-08-03T13:48:39.97797
2025-08-03,49881,2025080304017081,CGH,Dakshinkali Investment & Securities Pvt. Ltd.,Imperial Securities Company Pvt. Ltd.,50,1001.0,50050.0,2025-08-03T13:48:39.978092
2025-08-03,49880,2025080304017082,CGH,ABC Securities Private Limited,Imperial Securities Company Pvt. Ltd.,1000,1001.0,1001000.0,2025-08-03T13:48:39.978212
2025-08-03,49879,2025080304017083,CGH,Sani Securities Company Ltd.,Imperial Securities Company Pvt. Ltd.,50,1001.0,50050.0,2025-08-03T13:48:39.978326
2025-08-03,49878,2025080304017084,CGH,Dynamic Money Managers Securities Pvt. Ltd.,Imperial Securities Company Pvt. Ltd.,50,1000.2,50010.0,2025-08-03T13:48:39.978424
2025-08-03,49877,2025080304017085,CGH,BHOLE GANESH SECURITIES LTD,Imperial Securities Company Pvt. Ltd.,20,1000.1,20002.0,2025-08-03T13:48:39.978533
2025-08-03,49876,2025080304017086,CGH,Sundhara Securities Limited,Imperial Securities Company Pvt. Ltd.,10,1000.1,10001.0,2025-08-03T13:48:39.978617
2025-08-03,49875,2025080304017087,CGH,South Asian Bulls Pvt. Ltd.,Imperial Securities Company Pvt. Ltd.,300,1000.1,300030.0,2025-08-03T13:48:39.978695
2025-08-03,49874,2025080304017088,CGH,Sani Securities Company Ltd.,Imperial Securities Company Pvt. Ltd.,100,1000.0,100000.0,2025-08-03T13:48:39.978787
2025-08-03,49873,2025080304017089,CGH,ABC Securities Private Limited,Imperial Securities Company Pvt. Ltd.,1000,1000.0,1000000.0,2025-08-03T13:48:39.978891
2025-08-03,49872,2025080304017090,CGH,Asian Securities Private Ltd.,Imperial Securities Company Pvt. Ltd.,100,1000.0,100000.0,2025-08-03T13:48:39.979007
2025-08-03,49871,2025080304017091,CGH,Sweta Securities Private Limited,Imperial Securities Company Pvt. Ltd.,200,1000.0,200000.0,2025-08-03T13:48:39.979118
2025-08-03,49870,2025080304017092,CGH,Nepal Investment And Securities Trading Private Limited,Imperial Securities Company Pvt. Ltd.,200,1000.0,200000.0,2025-08-03T13:48:39.979228
2025-08-03,49869,2025080304017093,CGH,Prabhu Stock Market Limited,Imperial Securities Company Pvt. Ltd.,100,1000.0,100000.0,2025-08-03T13:48:39.979335
2025-08-03,49868,2025080304017094,CGH,Midas Stock Broking Company Private Limited,Imperial Securities Company Pvt. Ltd.,200,1000.0,200000.0,2025-08-03T13:48:39.979421
2025-08-03,49848,2025080304017097,CGH,Opal Securities Investment (PVT) Ltd.,Imperial Securities Company Pvt. Ltd.,400,1000.0,400000.0,2025-08-03T13:48:42.304689
2025-08-03,49813,2025080304017099,CGH,Neev Securities Pvt. Ltd.,Imperial Securities Company Pvt. Ltd.,450,1000.0,450000.0,2025-08-03T13:48:45.432307
2025-08-03,49656,2025080304017140,CGH,Opal Securities Investment (PVT) Ltd.,Imperial Securities Company Pvt. Ltd.,400,1011.0,404400.0,2025-08-03T13:49:01.313756
2025-08-03,49554,2025080304017149,CGH,Opal Securities Investment (PVT) Ltd.,Imperial Securities Company Pvt. Ltd.,300,1011.0,303300.0,2025-08-03T13:49:12.523246
2025-08-03,49121,2025080304017223,CGH,Opal Securities Investment (PVT) Ltd.,Kumari Securities Private Limited,100,1011.0,101100.0,2025-08-03T13:50:06.063041
2025-08-03,48977,2025080304017244,CGH,Dipshikha Dhitopatra Karobar Co. Pvt Ltd.,Ashutosh Brokerage & Securities (PVT) Ltd.,10,1011.0,10110.0,2025-08-03T13:50:22.740804
2025-08-03,48879,2025080304017263,CGH,Dynamic Money Managers Securities Pvt. Ltd.,Online Securities Pvt. Ltd.,10,1017.0,10170.0,2025-08-03T13:50:34.374564
2025-08-03,48758,2025080304017293,CGH,Opal Securities Investment (PVT) Ltd.,Online Securities Pvt. Ltd.,20,1011.0,20220.0,2025-08-03T13:50:45.71538
2025-08-03,48596,2025080304017330,CGH,Opal Securities Investment (PVT) Ltd.,Imperial Securities Company Pvt. Ltd.,300,1011.0,303300.0,2025-08-03T13:51:05.628254
2025-08-03,48448,2025080304017378,CGH,South Asian Bulls Pvt. Ltd.,Nepal Stock House (PVT) Ltd.,30,1011.1,30333.0,2025-08-03T13:51:24.487845
2025-08-03,48447,2025080304017379,CGH,Opal Securities Investment (PVT) Ltd.,Nepal Stock House (PVT) Ltd.,50,1011.0,50550.0,2025-08-03T13:51:24.488241
2025-08-03,48356,2025080304017393,CGH,Capital Max Securities Ltd,Nepal Stock House (PVT) Ltd.,30,1011.1,30333.0,2025-08-03T13:51:37.700164
2025-08-03,48172,2025080304017425,CGH,Opal Securities Investment (PVT) Ltd.,Nepal Stock House (PVT) Ltd.,30,1011.0,30330.0,2025-08-03T13:52:04.722896
2025-08-03,48171,2025080304017426,CGH,Naasa Securities Co. Ltd.,Nepal Stock House (PVT) Ltd.,28,1011.0,28308.0,2025-08-03T13:52:04.723372
2025-08-03,48057,2025080304017451,CGH,Neev Securities Pvt. Ltd.,Sani Securities Company Ltd.,100,1003.0,100300.0,2025-08-03T13:52:17.42481
2025-08-03,48056,2025080304017452,CGH,Sundhara Securities Limited,Sani Securities Company Ltd.,900,1002.0,901800.0,2025-08-03T13:52:17.42502
2025-08-03,47894,2025080304017474,CGH,Sundhara Securities Limited,Sani Securities Company Ltd.,100,1002.0,100200.0,2025-08-03T13:52:33.7474
2025-08-03,47728,2025080304017508,CGH,Opal Securities Investment (PVT) Ltd.,Sani Securities Company Ltd.,100,1002.0,100200.0,2025-08-03T13:52:56.21784
2025-08-03,46668,2025080304017750,CGH,ABC Securities Private Limited,Deevyaa Securities & Stock House Pvt. Ltd,400,1007.0,402800.0,2025-08-03T13:55:08.067637
2025-08-03,46115,2025080304017837,CGH,Neev Securities Pvt. Ltd.,Naasa Securities Co. Ltd.,188,1009.0,189692.0,2025-08-03T13:56:03.568881
2025-08-03,46044,2025080304017858,CGH,Deevyaa Securities & Stock House Pvt. Ltd,Agrawal Securities (PVT) Ltd.,10,1010.0,10100.0,2025-08-03T13:56:13.476429
2025-08-03,46038,2025080304017861,CGH,Deevyaa Securities & Stock House Pvt. Ltd,Online Securities Pvt. Ltd.,90,1010.0,90900.0,2025-08-03T13:56:15.581571
2025-08-03,46037,2025080304017862,CGH,Dakshinkali Investment & Securities Pvt. Ltd.,Online Securities Pvt. Ltd.,20,1009.1,20182.0,2025-08-03T13:56:15.581829
2025-08-03,46036,2025080304017863,CGH,Neev Securities Pvt. Ltd.,Online Securities Pvt. Ltd.,812,1009.0,819308.0,2025-08-03T13:56:15.582032
2025-08-03,45922,2025080304017886,CGH,Siprabi Securities Pvt. Ltd.,Online Securities Pvt. Ltd.,78,1009.0,78702.0,2025-08-03T13:56:26.247639
2025-08-03,45921,2025080304017887,CGH,Siprabi Securities Pvt. Ltd.,Ashutosh Brokerage & Securities (PVT) Ltd.,22,1009.0,22198.0,2025-08-03T13:56:26.247882
2025-08-03,45556,2025080304017965,CGH,Siprabi Securities Pvt. Ltd.,Online Securities Pvt. Ltd.,100,1014.0,101400.0,2025-08-03T13:57:16.790107
2025-08-03,45529,2025080304017985,CGH,Naasa Securities Co. Ltd.,Deevyaa Securities & Stock House Pvt. Ltd,47,1010.0,47470.0,2025-08-03T13:57:17.988764
2025-08-03,45296,2025080304018043,CGH,Nepal Stock House (PVT) Ltd.,Imperial Securities Company Pvt. Ltd.,100,1009.0,100900.0,2025-08-03T13:57:46.955606
2025-08-03,45295,2025080304018044,CGH,ABC Securities Private Limited,Imperial Securities Company Pvt. Ltd.,100,1007.0,100700.0,2025-08-03T13:57:46.955862
2025-08-03,45294,2025080304018045,CGH,Vision Securities Pvt. Ltd,Imperial Securities Company Pvt. Ltd.,100,1007.0,100700.0,2025-08-03T13:57:46.955959
2025-08-03,45293,2025080304018046,CGH,Dipshikha Dhitopatra Karobar Co. Pvt Ltd.,Imperial Securities Company Pvt. Ltd.,200,1006.5,201300.0,2025-08-03T13:57:46.956055
2025-08-03,45292,2025080304018047,CGH,Capital Max Securities Ltd,Imperial Securities Company Pvt. Ltd.,100,1006.3,100630.0,2025-08-03T13:57:46.95615
2025-08-03,45291,2025080304018048,CGH,Sani Securities Company Ltd.,Imperial Securities Company Pvt. Ltd.,50,1006.2,50310.0,2025-08-03T13:57:46.956243
2025-08-03,45290,2025080304018049,CGH,Linch Stock Market Ltd.,Imperial Securities Company Pvt. Ltd.,50,1006.0,50300.0,2025-08-03T13:57:46.956375
2025-08-03,45289,2025080304018050,CGH,Kohinoor Investment & Securities Pvt. Ltd.,Imperial Securities Company Pvt. Ltd.,200,1006.0,201200.0,2025-08-03T13:57:46.956482
2025-08-03,45288,2025080304018051,CGH,Nepal Stock House (PVT) Ltd.,Imperial Securities Company Pvt. Ltd.,50,1005.1,50255.0,2025-08-03T13:57:46.956575
2025-08-03,45287,2025080304018052,CGH,Neev Securities Pvt. Ltd.,Imperial Securities Company Pvt. Ltd.,500,1005.1,502550.0,2025-08-03T13:57:46.956665
2025-08-03,45286,2025080304018053,CGH,Opal Securities Investment (PVT) Ltd.,Imperial Securities Company Pvt. Ltd.,490,1005.0,492450.0,2025-08-03T13:57:46.956755
2025-08-03,45285,2025080304018054,CGH,Premier Securities Company Ltd.,Imperial Securities Company Pvt. Ltd.,100,1005.0,100500.0,2025-08-03T13:57:46.956863
2025-08-03,45284,2025080304018055,CGH,Bhrikuti Stock Broking Co. Pvt. Ltd.,Imperial Securities Company Pvt. Ltd.,500,1005.0,502500.0,2025-08-03T13:57:46.956953
2025-08-03,45283,2025080304018056,CGH,Indira securities pvt. ltd,Imperial Securities Company Pvt. Ltd.,300,1004.1,301230.0,2025-08-03T13:57:46.957084
2025-08-03,45282,2025080304018057,CGH,Opal Securities Investment (PVT) Ltd.,Imperial Securities Company Pvt. Ltd.,400,1004.0,401600.0,2025-08-03T13:57:46.957175
2025-08-03,45281,2025080304018058,CGH,Opal Securities Investment (PVT) Ltd.,Imperial Securities Company Pvt. Ltd.,400,1004.0,401600.0,2025-08-03T13:57:46.957262
2025-08-03,45280,2025080304018059,CGH,Opal Securities Investment (PVT) Ltd.,Imperial Securities Company Pvt. Ltd.,400,1004.0,401600.0,2025-08-03T13:57:46.957356
2025-08-03,45279,2025080304018060,CGH,Opal Securities Investment (PVT) Ltd.,Imperial Securities Company Pvt. Ltd.,400,1004.0,401600.0,2025-08-03T13:57:46.957446
2025-08-03,45278,2025080304018061,CGH,Opal Securities Investment (PVT) Ltd.,Imperial Securities Company Pvt. Ltd.,490,1003.0,491470.0,2025-08-03T13:57:46.957532
2025-08-03,45277,2025080304018062,CGH,Nagarik Stock Dealer ,Imperial Securities Company Pvt. Ltd.,1000,1002.2,1002200.0,2025-08-03T13:57:46.957646
2025-08-03,45276,2025080304018063,CGH,Opal Securities Investment (PVT) Ltd.,Imperial Securities Company Pvt. Ltd.,390,1002.0,390780.0,2025-08-03T13:57:46.957732
2025-08-03,45275,2025080304018064,CGH,Naasa Securities Co. Ltd.,Imperial Securities Company Pvt. Ltd.,160,1001.2,160192.0,2025-08-03T13:57:46.957819
2025-08-03,45274,2025080304018065,CGH,Asian Securities Private Ltd.,Imperial Securities Company Pvt. Ltd.,200,1001.1,200220.0,2025-08-03T13:57:46.957904
2025-08-03,45273,2025080304018066,CGH,Neev Securities Pvt. Ltd.,Imperial Securities Company Pvt. Ltd.,450,1001.0,450450.0,2025-08-03T13:57:46.957993
2025-08-03,45272,2025080304018067,CGH,Neev Securities Pvt. Ltd.,Imperial Securities Company Pvt. Ltd.,1000,1001.0,1001000.0,2025-08-03T13:57:46.958077
2025-08-03,45271,2025080304018068,CGH,Naasa Securities Co. Ltd.,Imperial Securities Company Pvt. Ltd.,20,1001.0,20020.0,2025-08-03T13:57:46.958162
2025-08-03,45270,2025080304018069,CGH,Creative Securities Pvt Ltd,Imperial Securities Company Pvt. Ltd.,500,1000.0,500000.0,2025-08-03T13:57:46.958251
2025-08-03,45269,2025080304018070,CGH,Neev Securities Pvt. Ltd.,Imperial Securities Company Pvt. Ltd.,450,1000.0,450000.0,2025-08-03T13:57:46.95834
2025-08-03,45268,2025080304018071,CGH,Sani Securities Company Ltd.,Imperial Securities Company Pvt. Ltd.,200,1000.0,200000.0,2025-08-03T13:57:46.958423
2025-08-03,45267,2025080304018072,CGH,Sani Securities Company Ltd.,Imperial Securities Company Pvt. Ltd.,500,1000.0,500000.0,2025-08-03T13:57:46.958508
2025-08-03,45266,2025080304018073,CGH,Opal Securities Investment (PVT) Ltd.,Imperial Securities Company Pvt. Ltd.,250,1000.0,250000.0,2025-08-03T13:57:46.958589
2025-08-03,45265,2025080304018074,CGH,Linch Stock Market Ltd.,Imperial Securities Company Pvt. Ltd.,300,1000.0,300000.0,2025-08-03T13:57:46.95867
2025-08-03,45264,2025080304018075,CGH,Kohinoor Investment & Securities Pvt. Ltd.,Imperial Securities Company Pvt. Ltd.,200,1000.0,200000.0,2025-08-03T13:57:46.958751
2025-08-03,45263,2025080304018076,CGH,Himalayan Brokerage Company Limited,Imperial Securities Company Pvt. Ltd.,300,1000.0,300000.0,2025-08-03T13:57:46.95883
2025-08-03,45262,2025080304018077,CGH,Malla & Malla Stock Broking Company Pvt. Limited,Imperial Securities Company Pvt. Ltd.,100,1000.0,100000.0,2025-08-03T13:57:46.958916
2025-08-03,45261,2025080304018078,CGH,Nepal Stock House (PVT) Ltd.,Imperial Securities Company Pvt. Ltd.,300,1000.0,300000.0,2025-08-03T13:57:46.958996
2025-08-03,45260,2025080304018079,CGH,Sumeru Securities Pvt. Ltd.,Imperial Securities Company Pvt. Ltd.,50,1000.0,50000.0,2025-08-03T13:57:46.959078
2025-08-03,45217,2025080304018100,CGH,Online Securities Pvt. Ltd.,Imperial Securities Company Pvt. Ltd.,100,1000.0,100000.0,2025-08-03T13:57:52.344096
2025-08-03,45188,2025080304018110,CGH,Siprabi Securities Pvt. Ltd.,Imperial Securities Company Pvt. Ltd.,30,1000.0,30000.0,2025-08-03T13:57:54.268154
2025-08-03,44964,2025080304018159,CGH,Siprabi Securities Pvt. Ltd.,Deevyaa Securities & Stock House Pvt. Ltd,300,1000.0,300000.0,2025-08-03T13:58:27.458174
2025-08-03,44963,2025080304018160,CGH,Neev Securities Pvt. Ltd.,Deevyaa Securities & Stock House Pvt. Ltd,100,1000.0,100000.0,2025-08-03T13:58:27.458652
2025-08-03,44724,2025080304018215,CGH,Neev Securities Pvt. Ltd.,Naasa Securities Co. Ltd.,10,1000.0,10000.0,2025-08-03T13:58:57.955278
2025-08-03,44010,2025080304018375,CGH,Neev Securities Pvt. Ltd.,Deevyaa Securities & Stock House Pvt. Ltd,400,1003.0,401200.0,2025-08-03T14:00:20.365659
2025-08-03,43889,2025080304018404,CGH,ABC Securities Private Limited,Vision Securities Pvt. Ltd,20,1005.0,20100.0,2025-08-03T14:00:34.643593
2025-08-03,43771,2025080304018426,CGH,ABC Securities Private Limited,Nepal Stock House (PVT) Ltd.,20,1005.0,20100.0,2025-08-03T14:00:49.727017
2025-08-03,43770,2025080304018427,CGH,Opal Securities Investment (PVT) Ltd.,Nepal Stock House (PVT) Ltd.,430,1003.1,431333.0,2025-08-03T14:00:49.727291
2025-08-03,43530,2025080304018467,CGH,Thrive Brokerage House Pvt. Ltd,Nepal Stock House (PVT) Ltd.,200,1003.2,200640.0,2025-08-03T14:01:20.140139
2025-08-03,43529,2025080304018468,CGH,Opal Securities Investment (PVT) Ltd.,Nepal Stock House (PVT) Ltd.,60,1003.1,60186.0,2025-08-03T14:01:20.140469
2025-08-03,43528,2025080304018469,CGH,Neev Securities Pvt. Ltd.,Nepal Stock House (PVT) Ltd.,190,1003.0,190570.0,2025-08-03T14:01:20.140603
2025-08-03,43434,2025080304018486,CGH,Neev Securities Pvt. Ltd.,Deevyaa Securities & Stock House Pvt. Ltd,253,1003.0,253759.0,2025-08-03T14:01:31.050133
2025-08-03,42882,2025080304018564,CGH,BHOLE GANESH SECURITIES LTD,Naasa Securities Co. Ltd.,2,989.8,1979.6,2025-08-03T14:02:44.008423
2025-08-03,42871,2025080304018565,CGH,Kohinoor Investment & Securities Pvt. Ltd.,Asian Securities Private Ltd.,200,1003.1,200620.0,2025-08-03T14:02:45.732306
2025-08-03,42870,2025080304018566,CGH,Neev Securities Pvt. Ltd.,Asian Securities Private Ltd.,47,1003.0,47141.0,2025-08-03T14:02:45.732566
2025-08-03,42869,2025080304018567,CGH,Sani Securities Company Ltd.,Asian Securities Private Ltd.,45,1003.0,45135.0,2025-08-03T14:02:45.732664
2025-08-03,42868,2025080304018568,CGH,Online Securities Pvt. Ltd.,Asian Securities Private Ltd.,20,1002.0,20040.0,2025-08-03T14:02:45.732756
2025-08-03,42867,2025080304018569,CGH,Opal Securities Investment (PVT) Ltd.,Asian Securities Private Ltd.,193,1002.0,193386.0,2025-08-03T14:02:45.732846
2025-08-03,42570,2025080304018615,CGH,Market Securities & Exchange (PVT) Ltd.,Nepal Stock House (PVT) Ltd.,100,1002.1,100210.0,2025-08-03T14:03:14.925963
2025-08-03,42337,2025080304018660,CGH,Neev Securities Pvt. Ltd.,Ashutosh Brokerage & Securities (PVT) Ltd.,10,1002.5,10025.0,2025-08-03T14:03:44.06219
2025-08-03,42332,2025080304018661,CGH,Oxford Securities Pvt. Ltd.,Nepal Investment And Securities Trading Private Limited,50,1010.0,50500.0,2025-08-03T14:03:46.003641
2025-08-03,42331,2025080304018662,CGH,Oxford Securities Pvt. Ltd.,Sri Hari Securities Pvt. Ltd.,100,1010.0,101000.0,2025-08-03T14:03:46.004144
2025-08-03,42330,2025080304018663,CGH,Oxford Securities Pvt. Ltd.,Sani Securities Company Ltd.,130,1010.0,131300.0,2025-08-03T14:03:46.00444
2025-08-03,42329,2025080304018664,CGH,Oxford Securities Pvt. Ltd.,Sweta Securities Private Limited,120,1010.0,121200.0,2025-08-03T14:03:46.004712
2025-08-03,42063,2025080304018723,CGH,Opal Securities Investment (PVT) Ltd.,Dynamic Money Managers Securities Pvt. Ltd.,10,1010.0,10100.0,2025-08-03T14:04:28.452945
2025-08-03,42062,2025080304018724,CGH,Opal Securities Investment (PVT) Ltd.,Online Securities Pvt. Ltd.,292,1014.0,296088.0,2025-08-03T14:04:28.45327
2025-08-03,42061,2025080304018725,CGH,Opal Securities Investment (PVT) Ltd.,Online Securities Pvt. Ltd.,215,1016.0,218440.0,2025-08-03T14:04:28.4534
2025-08-03,42060,2025080304018726,CGH,Opal Securities Investment (PVT) Ltd.,Sagarmatha Securities Private Limited,10,1016.0,10160.0,2025-08-03T14:04:28.453494
2025-08-03,42059,2025080304018727,CGH,Opal Securities Investment (PVT) Ltd.,Sani Securities Company Ltd.,15000,1016.0,15240000.0,2025-08-03T14:04:28.453586
2025-08-03,42058,2025080304018728,CGH,Opal Securities Investment (PVT) Ltd.,Kohinoor Investment & Securities Pvt. Ltd.,15000,1016.0,15240000.0,2025-08-03T14:04:28.453675
2025-08-03,42005,2025080304018740,CGH,Opal Securities Investment (PVT) Ltd.,Trisul Securities & Invt. Ltd.,473,1016.0,480568.0,2025-08-03T14:04:38.607914
2025-08-03,42004,2025080304018741,CGH,Dynamic Money Managers Securities Pvt. Ltd.,Trisul Securities & Invt. Ltd.,10,1004.0,10040.0,2025-08-03T14:04:38.608163
2025-08-03,42003,2025080304018742,CGH,Premier Securities Company Ltd.,Trisul Securities & Invt. Ltd.,50,1003.9,50195.0,2025-08-03T14:04:38.608268
2025-08-03,42002,2025080304018743,CGH,Kohinoor Investment & Securities Pvt. Ltd.,Trisul Securities & Invt. Ltd.,79,1003.8,79300.2,2025-08-03T14:04:38.608369
2025-08-03,42001,2025080304018744,CGH,Nepal Stock House (PVT) Ltd.,Trisul Securities & Invt. Ltd.,100,1003.0,100300.0,2025-08-03T14:04:38.608462
2025-08-03,42000,2025080304018745,CGH,Neev Securities Pvt. Ltd.,Trisul Securities & Invt. Ltd.,90,1002.5,90225.0,2025-08-03T14:04:38.608561
2025-08-03,41999,2025080304018746,CGH,Market Securities & Exchange (PVT) Ltd.,Trisul Securities & Invt. Ltd.,198,1002.1,198415.8,2025-08-03T14:04:38.608657
2025-08-03,39834,2025080304019302,CGH,Market Securities & Exchange (PVT) Ltd.,Hatemalo Financial Services Private Limited,100,1007.1,100710.0,2025-08-03T14:10:20.988497
2025-08-03,39777,2025080304019316,CGH,Market Securities & Exchange (PVT) Ltd.,Kohinoor Investment & Securities Pvt. Ltd.,50,1007.1,50355.0,2025-08-03T14:10:32.39324
2025-08-03,39416,2025080304019415,CGH,Dynamic Money Managers Securities Pvt. Ltd.,Primo Securities (PVT) Ltd.,10,1015.0,10150.0,2025-08-03T14:11:24.542308
2025-08-03,39415,2025080304019416,CGH,Dynamic Money Managers Securities Pvt. Ltd.,Sundhara Securities Limited,90,1015.0,91350.0,2025-08-03T14:11:24.542593
2025-08-03,39387,2025080304019420,CGH,Dakshinkali Investment & Securities Pvt. Ltd.,Sani Securities Company Ltd.,50,1010.0,50500.0,2025-08-03T14:11:32.472653
2025-08-03,39386,2025080304019421,CGH,Asian Securities Private Ltd.,Sani Securities Company Ltd.,100,1010.0,101000.0,2025-08-03T14:11:32.472963
2025-08-03,39201,2025080304019483,CGH,Naasa Securities Co. Ltd.,Online Securities Pvt. Ltd.,200,1014.9,202980.0,2025-08-03T14:12:02.130204
2025-08-03,38859,2025080304019570,CGH,Swarna Laxmi Securities Pvt. Ltd.,Shree Krishna Securities Ltd.,200,1010.0,202000.0,2025-08-03T14:12:44.903552
2025-08-03,38722,2025080304019620,CGH,Asian Securities Private Ltd.,Sani Securities Company Ltd.,200,1011.0,202200.0,2025-08-03T14:13:02.443337
2025-08-03,38721,2025080304019621,CGH,Swarna Laxmi Securities Pvt. Ltd.,Sani Securities Company Ltd.,300,1010.0,303000.0,2025-08-03T14:13:02.443858
2025-08-03,38145,2025080304019773,CGH,Cristal Kanchanjanga Securites Pvt. Ltd.,Vision Securities Pvt. Ltd,200,1013.0,202600.0,2025-08-03T14:14:23.370494
2025-08-03,37912,2025080304019810,CGH,Aryatara Investment & Securities,Oxford Securities Pvt. Ltd.,50,1010.1,50505.0,2025-08-03T14:15:00.533797
2025-08-03,37911,2025080304019811,CGH,Citizens Share Broker Limited,Oxford Securities Pvt. Ltd.,40,1010.0,40400.0,2025-08-03T14:15:00.534067
2025-08-03,37910,2025080304019812,CGH,Imperial Securities Company Pvt. Ltd.,Oxford Securities Pvt. Ltd.,10,1010.0,10100.0,2025-08-03T14:15:00.534176
2025-08-03,37678,2025080304019892,CGH,Imperial Securities Company Pvt. Ltd.,Imperial Securities Company Pvt. Ltd.,10,1010.0,10100.0,2025-08-03T14:15:32.229063
2025-08-03,37353,2025080304019976,CGH,Imperial Securities Company Pvt. Ltd.,Naasa Securities Co. Ltd.,15,1010.0,15150.0,2025-08-03T14:16:15.978856
2025-08-03,36771,2025080304020141,CGH,Online Securities Pvt. Ltd.,Online Securities Pvt. Ltd.,50,1011.0,50550.0,2025-08-03T14:17:28.846357
2025-08-03,36770,2025080304020142,CGH,Imperial Securities Company Pvt. Ltd.,Online Securities Pvt. Ltd.,165,1010.0,166650.0,2025-08-03T14:17:28.846885
2025-08-03,36769,2025080304020143,CGH,Vision Securities Pvt. Ltd,Online Securities Pvt. Ltd.,250,1010.0,252500.0,2025-08-03T14:17:28.847209
2025-08-03,36768,2025080304020144,CGH,Pragyan Securities (PVT) Ltd.,Online Securities Pvt. Ltd.,35,1010.0,35350.0,2025-08-03T14:17:28.847557
2025-08-03,35914,2025080304020418,CGH,Pragyan Securities (PVT) Ltd.,Online Securities Pvt. Ltd.,15,1010.0,15150.0,2025-08-03T14:19:12.716051
2025-08-03,35913,2025080304020419,CGH,Dipshikha Dhitopatra Karobar Co. Pvt Ltd.,Online Securities Pvt. Ltd.,50,1010.0,50500.0,2025-08-03T14:19:12.716376
2025-08-03,35912,2025080304020420,CGH,Siprabi Securities Pvt. Ltd.,Online Securities Pvt. Ltd.,35,1010.0,35350.0,2025-08-03T14:19:12.716494
2025-08-03,35658,2025080304020489,CGH,Nepal Stock House (PVT) Ltd.,Sundhara Securities Limited,155,1012.0,156860.0,2025-08-03T14:19:42.408891
2025-08-03,35648,2025080304020490,CGH,Naasa Securities Co. Ltd.,Vision Securities Pvt. Ltd,100,1013.0,101300.0,2025-08-03T14:19:43.427635
2025-08-03,35496,2025080304020551,CGH,Naasa Securities Co. Ltd.,Opal Securities Investment (PVT) Ltd.,50,1013.0,50650.0,2025-08-03T14:20:02.486154
2025-08-03,35260,2025080304020630,CGH,Nepal Stock House (PVT) Ltd.,Sundhara Securities Limited,10,1015.0,10150.0,2025-08-03T14:20:31.251343
2025-08-03,35259,2025080304020631,CGH,Nepal Stock House (PVT) Ltd.,Aryatara Investment & Securities,250,1015.0,253750.0,2025-08-03T14:20:31.251627
2025-08-03,35258,2025080304020632,CGH,Nepal Stock House (PVT) Ltd.,Kumari Securities Private Limited,40,1015.0,40600.0,2025-08-03T14:20:31.251738
2025-08-03,34973,2025080304020671,CGH,Siprabi Securities Pvt. Ltd.,Kumari Securities Private Limited,240,1015.0,243600.0,2025-08-03T14:20:58.018588
2025-08-03,34972,2025080304020672,CGH,Siprabi Securities Pvt. Ltd.,Sani Securities Company Ltd.,260,1015.0,263900.0,2025-08-03T14:20:58.018885
2025-08-03,34832,2025080304020708,CGH,Nepal Stock House (PVT) Ltd.,Sani Securities Company Ltd.,240,1015.0,243600.0,2025-08-03T14:21:21.882886
2025-08-03,34831,2025080304020709,CGH,Nepal Stock House (PVT) Ltd.,Dipshikha Dhitopatra Karobar Co. Pvt Ltd.,60,1015.0,60900.0,2025-08-03T14:21:21.883162
2025-08-03,34722,2025080304020737,CGH,Naasa Securities Co. Ltd.,Oxford Securities Pvt. Ltd.,50,1013.0,50650.0,2025-08-03T14:21:35.327862
2025-08-03,34721,2025080304020738,CGH,Sagarmatha Securities Private Limited,Oxford Securities Pvt. Ltd.,150,1013.0,151950.0,2025-08-03T14:21:35.328138
2025-08-03,34720,2025080304020739,CGH,Nepal Stock House (PVT) Ltd.,Oxford Securities Pvt. Ltd.,10,1012.0,10120.0,2025-08-03T14:21:35.328264
2025-08-03,34719,2025080304020740,CGH,Siprabi Securities Pvt. Ltd.,Oxford Securities Pvt. Ltd.,290,1010.0,292900.0,2025-08-03T14:21:35.32838
2025-08-03,34152,2025080304020880,CGH,Sweta Securities Private Limited,Siprabi Securities Pvt. Ltd.,30,1013.0,30390.0,2025-08-03T14:22:35.607692
2025-08-03,34151,2025080304020881,CGH,Sweta Securities Private Limited,Naasa Securities Co. Ltd.,70,1014.0,70980.0,2025-08-03T14:22:35.608054
2025-08-03,34150,2025080304020882,CGH,Sweta Securities Private Limited,Dipshikha Dhitopatra Karobar Co. Pvt Ltd.,40,1015.0,40600.0,2025-08-03T14:22:35.608161
2025-08-03,34149,2025080304020883,CGH,Sweta Securities Private Limited,KALASH STOCK MARKET PVT. LTD.,100,1015.0,101500.0,2025-08-03T14:22:35.608268
2025-08-03,33835,2025080304020969,CGH,Pragyan Securities (PVT) Ltd.,Trisul Securities & Invt. Ltd.,180,1016.5,182970.0,2025-08-03T14:23:04.394693
2025-08-03,33779,2025080304020980,CGH,Sweta Securities Private Limited,Sundhara Securities Limited,120,1015.0,121800.0,2025-08-03T14:23:12.849686
2025-08-03,33678,2025080304021011,CGH,Nepal Stock House (PVT) Ltd.,Imperial Securities Company Pvt. Ltd.,200,1016.0,203200.0,2025-08-03T14:23:27.169994
2025-08-03,33238,2025080304021104,CGH,Sweta Securities Private Limited,R.B.B. Securities Company Ltd,80,1015.0,81200.0,2025-08-03T14:24:04.181535
2025-08-03,33237,2025080304021105,CGH,Sweta Securities Private Limited,R.B.B. Securities Company Ltd,220,1015.0,223300.0,2025-08-03T14:24:04.18188
2025-08-03,32196,2025080304021271,CGH,Sweta Securities Private Limited,Nepal Stock House (PVT) Ltd.,30,1015.0,30450.0,2025-08-03T14:25:41.775554
2025-08-03,32195,2025080304021272,CGH,Neev Securities Pvt. Ltd.,Nepal Stock House (PVT) Ltd.,100,1011.0,101100.0,2025-08-03T14:25:41.775868
2025-08-03,32194,2025080304021273,CGH,Miyo Securities Pvt Ltd,Nepal Stock House (PVT) Ltd.,870,1010.4,879048.0,2025-08-03T14:25:41.775981
2025-08-03,31116,2025080304021519,CGH,Premier Securities Company Ltd.,Naasa Securities Co. Ltd.,100,1011.0,101100.0,2025-08-03T14:27:36.566
2025-08-03,31115,2025080304021520,CGH,Neev Securities Pvt. Ltd.,Naasa Securities Co. Ltd.,37,1011.0,37407.0,2025-08-03T14:27:36.566387
2025-08-03,30830,2025080304021599,CGH,Neev Securities Pvt. Ltd.,Agrawal Securities (PVT) Ltd.,200,1011.0,202200.0,2025-08-03T14:28:06.494304
2025-08-03,30266,2025080304021748,CGH,ABC Securities Private Limited,Agrawal Securities (PVT) Ltd.,100,1012.0,101200.0,2025-08-03T14:28:57.251954
2025-08-03,29761,2025080304021852,CGH,Neev Securities Pvt. Ltd.,Agrawal Securities (PVT) Ltd.,200,1011.0,202200.0,2025-08-03T14:29:46.876093
2025-08-03,29701,2025080304021870,CGH,Dipshikha Dhitopatra Karobar Co. Pvt Ltd.,Online Securities Pvt. Ltd.,50,1012.0,50600.0,2025-08-03T14:29:52.259347
2025-08-03,29594,2025080304021908,CGH,Online Securities Pvt. Ltd.,Online Securities Pvt. Ltd.,50,1012.0,50600.0,2025-08-03T14:29:58.365978
2025-08-03,29336,2025080304021933,CGH,Aryatara Investment & Securities,Naasa Securities Co. Ltd.,50,1015.0,50750.0,2025-08-03T14:30:17.313206
2025-08-03,29143,2025080304021964,CGH,Dakshinkali Investment & Securities Pvt. Ltd.,Sumeru Securities Pvt. Ltd.,20,1012.1,20242.0,2025-08-03T14:30:40.326741
2025-08-03,29142,2025080304021965,CGH,Online Securities Pvt. Ltd.,Sumeru Securities Pvt. Ltd.,30,1012.0,30360.0,2025-08-03T14:30:40.327278
2025-08-03,28899,2025080304021993,CGH,Online Securities Pvt. Ltd.,Online Securities Pvt. Ltd.,20,1013.0,20260.0,2025-08-03T14:30:59.416736
2025-08-03,28247,2025080304022086,CGH,Online Securities Pvt. Ltd.,Sewa Securities Pvt. Ltd.,10,1012.0,10120.0,2025-08-03T14:31:47.872111
2025-08-03,27422,2025080304022300,CGH,Online Securities Pvt. Ltd.,MILKY WAY SHARE BROKER COMPANY LTD ,10,1012.0,10120.0,2025-08-03T14:33:03.066966
2025-08-03,27421,2025080304022301,CGH,Neev Securities Pvt. Ltd.,MILKY WAY SHARE BROKER COMPANY LTD ,40,1011.0,40440.0,2025-08-03T14:33:03.067297
2025-08-03,27299,2025080304022332,CGH,Neev Securities Pvt. Ltd.,Naasa Securities Co. Ltd.,23,1011.0,23253.0,2025-08-03T14:33:13.328089
2025-08-03,27298,2025080304022333,CGH,Miyo Securities Pvt Ltd,Naasa Securities Co. Ltd.,130,1010.4,131352.0,2025-08-03T14:33:13.328452
2025-08-03,27297,2025080304022334,CGH,Kohinoor Investment & Securities Pvt. Ltd.,Naasa Securities Co. Ltd.,537,1010.3,542531.1,2025-08-03T14:33:13.328578
2025-08-03,27003,2025080304022418,CGH,Kohinoor Investment & Securities Pvt. Ltd.,Imperial Securities Company Pvt. Ltd.,120,1010.3,121236.0,2025-08-03T14:33:35.3438
2025-08-03,26904,2025080304022438,CGH,Kohinoor Investment & Securities Pvt. Ltd.,Imperial Securities Company Pvt. Ltd.,343,1010.3,346532.9,2025-08-03T14:33:47.637371
2025-08-03,26903,2025080304022439,CGH,Aryatara Investment & Securities,Imperial Securities Company Pvt. Ltd.,500,1010.2,505100.0,2025-08-03T14:33:47.637955
2025-08-03,26902,2025080304022440,CGH,Siprabi Securities Pvt. Ltd.,Imperial Securities Company Pvt. Ltd.,675,1010.0,681750.0,2025-08-03T14:33:47.638306
2025-08-03,26901,2025080304022441,CGH,Dipshikha Dhitopatra Karobar Co. Pvt Ltd.,Imperial Securities Company Pvt. Ltd.,20,1010.0,20200.0,2025-08-03T14:33:47.638662
2025-08-03,26900,2025080304022442,CGH,Nepal Stock House (PVT) Ltd.,Imperial Securities Company Pvt. Ltd.,83,1010.0,83830.0,2025-08-03T14:33:47.639021
2025-08-03,26899,2025080304022443,CGH,Kohinoor Investment & Securities Pvt. Ltd.,Imperial Securities Company Pvt. Ltd.,60,1010.0,60600.0,2025-08-03T14:33:47.639403
2025-08-03,26898,2025080304022444,CGH,Online Securities Pvt. Ltd.,Imperial Securities Company Pvt. Ltd.,50,1010.0,50500.0,2025-08-03T14:33:47.639763
