Date,S.N.,contract_id,symbol,buyer_broker,seller_broker,volume,price,amount,transaction_time
2025-08-03,148806,2025080304000365,GLH,Sani Securities Company Ltd.,Asian Securities Private Ltd.,10,282.0,2820.0,2025-08-03T11:06:04.274263
2025-08-03,148760,2025080304000370,GLH,Sani Securities Company Ltd.,Vision Securities Pvt. Ltd,90,282.0,25380.0,2025-08-03T11:06:10.151896
2025-08-03,148759,2025080304000371,GLH,Siprabi Securities Pvt. Ltd.,Vision Securities Pvt. Ltd,100,278.4,27840.0,2025-08-03T11:06:10.151968
2025-08-03,148758,2025080304000372,GLH,Midas Stock Broking Company Private Limited,Vision Securities Pvt. Ltd,200,278.3,55660.0,2025-08-03T11:06:10.152073
2025-08-03,148512,2025080304000403,GLH,Trishakti Securities Public Limited,Vision Securities Pvt. Ltd,810,278.3,225423.0,2025-08-03T11:06:37.053006
2025-08-03,148452,2025080304000411,GLH,Naasa Securities Co. Ltd.,ABC Securities Private Limited,20,278.29,5565.8,2025-08-03T11:06:42.068535
2025-08-03,148347,2025080304000437,GLH,Naasa Securities Co. Ltd.,Nepal Stock House (PVT) Ltd.,280,278.29,77921.2,2025-08-03T11:06:51.209574
2025-08-03,148346,2025080304000438,GLH,Midas Stock Broking Company Private Limited,Nepal Stock House (PVT) Ltd.,20,278.0,5560.0,2025-08-03T11:06:51.20964
2025-08-03,148255,2025080304000442,GLH,Midas Stock Broking Company Private Limited,Nepal Stock House (PVT) Ltd.,30,278.0,8340.0,2025-08-03T11:06:57.562452
2025-08-03,146867,2025080304000615,GLH,Asian Securities Private Ltd.,Nepal Stock House (PVT) Ltd.,50,278.0,13900.0,2025-08-03T11:08:58.844977
2025-08-03,146498,2025080304000656,GLH,Siprabi Securities Pvt. Ltd.,Primo Securities (PVT) Ltd.,10,276.1,2761.0,2025-08-03T11:09:32.206909
2025-08-03,145039,2025080304000855,GLH,Midas Stock Broking Company Private Limited,Aryatara Investment & Securities,10,276.2,2762.0,2025-08-03T11:11:25.374965
2025-08-03,145031,2025080304000857,GLH,Midas Stock Broking Company Private Limited,Nepal Stock House (PVT) Ltd.,90,276.2,24858.0,2025-08-03T11:11:26.156907
2025-08-03,145030,2025080304000858,GLH,Siprabi Securities Pvt. Ltd.,Nepal Stock House (PVT) Ltd.,40,276.1,11044.0,2025-08-03T11:11:26.156992
2025-08-03,145029,2025080304000859,GLH,Sewa Securities Pvt. Ltd.,Nepal Stock House (PVT) Ltd.,250,276.1,69025.0,2025-08-03T11:11:26.157031
2025-08-03,145028,2025080304000860,GLH,Sani Securities Company Ltd.,Nepal Stock House (PVT) Ltd.,50,276.1,13805.0,2025-08-03T11:11:26.15709
2025-08-03,144650,2025080304000920,GLH,Trisul Securities & Invt. Ltd.,Nepal Stock House (PVT) Ltd.,50,276.1,13805.0,2025-08-03T11:11:54.325525
2025-08-03,144538,2025080304000940,GLH,Sewa Securities Pvt. Ltd.,Nepal Stock House (PVT) Ltd.,20,276.1,5522.0,2025-08-03T11:12:03.400392
2025-08-03,144537,2025080304000941,GLH,Sewa Securities Pvt. Ltd.,Sweta Securities Private Limited,250,278.0,69500.0,2025-08-03T11:12:03.400532
2025-08-03,144536,2025080304000942,GLH,Sewa Securities Pvt. Ltd.,Sweta Securities Private Limited,230,279.0,64170.0,2025-08-03T11:12:03.400593
2025-08-03,143975,2025080304000997,GLH,Trisul Securities & Invt. Ltd.,Nepal Stock House (PVT) Ltd.,50,276.2,13810.0,2025-08-03T11:12:29.568237
2025-08-03,143974,2025080304000998,GLH,Aryatara Investment & Securities,Nepal Stock House (PVT) Ltd.,470,276.1,129767.0,2025-08-03T11:12:29.568348
2025-08-03,143240,2025080304001114,GLH,Kumari Securities Private Limited,Vision Securities Pvt. Ltd,10,277.1,2771.0,2025-08-03T11:13:24.079708
2025-08-03,142531,2025080304001220,GLH,Naasa Securities Co. Ltd.,Capital Max Securities Ltd,131,278.0,36418.0,2025-08-03T11:14:22.975838
2025-08-03,142148,2025080304001280,GLH,Kumari Securities Private Limited,Premier Securities Company Ltd.,50,278.1,13905.0,2025-08-03T11:14:54.531244
2025-08-03,142147,2025080304001281,GLH,Naasa Securities Co. Ltd.,Premier Securities Company Ltd.,119,278.0,33082.0,2025-08-03T11:14:54.531459
2025-08-03,142146,2025080304001282,GLH,Aryatara Investment & Securities,Premier Securities Company Ltd.,300,277.2,83160.0,2025-08-03T11:14:54.531593
2025-08-03,142145,2025080304001283,GLH,Kumari Securities Private Limited,Premier Securities Company Ltd.,90,277.1,24939.0,2025-08-03T11:14:54.531713
2025-08-03,142144,2025080304001284,GLH,Investment Management Nepal Pvt. Ltd.,Premier Securities Company Ltd.,700,277.1,193970.0,2025-08-03T11:14:54.531833
2025-08-03,142143,2025080304001285,GLH,Nepal Stock House (PVT) Ltd.,Premier Securities Company Ltd.,241,277.0,66757.0,2025-08-03T11:14:54.531959
2025-08-03,142098,2025080304001292,GLH,Trisul Securities & Invt. Ltd.,Kohinoor Investment & Securities Pvt. Ltd.,10,278.0,2780.0,2025-08-03T11:15:00.763016
2025-08-03,141524,2025080304001395,GLH,Trisul Securities & Invt. Ltd.,Sani Securities Company Ltd.,190,278.0,52820.0,2025-08-03T11:15:45.63633
2025-08-03,141094,2025080304001494,GLH,Investment Management Nepal Pvt. Ltd.,Nepal Stock House (PVT) Ltd.,500,277.1,138550.0,2025-08-03T11:16:22.242153
2025-08-03,140867,2025080304001528,GLH,Investment Management Nepal Pvt. Ltd.,Premier Securities Company Ltd.,500,277.1,138550.0,2025-08-03T11:16:41.647638
2025-08-03,140496,2025080304001581,GLH,Investment Management Nepal Pvt. Ltd.,Premier Securities Company Ltd.,500,277.1,138550.0,2025-08-03T11:17:13.986259
2025-08-03,139451,2025080304001754,GLH,Nepal Stock House (PVT) Ltd.,Midas Stock Broking Company Private Limited,10,277.0,2770.0,2025-08-03T11:18:38.517156
2025-08-03,139327,2025080304001776,GLH,Sri Hari Securities Pvt. Ltd.,Kalika Securities Pvt. Ltd.,10,277.5,2775.0,2025-08-03T11:18:46.211114
2025-08-03,138483,2025080304001899,GLH,Aryatara Investment & Securities,Sani Securities Company Ltd.,52,278.0,14456.0,2025-08-03T11:19:53.855032
2025-08-03,138482,2025080304001900,GLH,Aryatara Investment & Securities,Bhrikuti Stock Broking Co. Pvt. Ltd.,30,278.0,8340.0,2025-08-03T11:19:53.855149
2025-08-03,138481,2025080304001901,GLH,Aryatara Investment & Securities,Dipshikha Dhitopatra Karobar Co. Pvt Ltd.,168,278.0,46704.0,2025-08-03T11:19:53.855215
2025-08-03,137819,2025080304001981,GLH,Naasa Securities Co. Ltd.,Dipshikha Dhitopatra Karobar Co. Pvt Ltd.,32,278.0,8896.0,2025-08-03T11:20:39.064131
2025-08-03,137818,2025080304001982,GLH,Naasa Securities Co. Ltd.,Premier Securities Company Ltd.,68,278.0,18904.0,2025-08-03T11:20:39.064372
2025-08-03,137391,2025080304002043,GLH,Sewa Securities Pvt. Ltd.,Premier Securities Company Ltd.,500,278.0,139000.0,2025-08-03T11:21:02.540749
2025-08-03,136742,2025080304002145,GLH,Naasa Securities Co. Ltd.,Premier Securities Company Ltd.,200,278.0,55600.0,2025-08-03T11:21:49.098566
2025-08-03,136624,2025080304002172,GLH,Aryatara Investment & Securities,Premier Securities Company Ltd.,200,278.0,55600.0,2025-08-03T11:21:54.605268
2025-08-03,136498,2025080304002198,GLH,ABC Securities Private Limited,Premier Securities Company Ltd.,100,278.0,27800.0,2025-08-03T11:22:02.083292
2025-08-03,136388,2025080304002199,GLH,Capital Max Securities Ltd,Premier Securities Company Ltd.,432,278.0,120096.0,2025-08-03T11:22:08.226464
2025-08-03,136387,2025080304002200,GLH,Capital Max Securities Ltd,Premier Securities Company Ltd.,568,278.0,157904.0,2025-08-03T11:22:08.226579
2025-08-03,136186,2025080304002233,GLH,Naasa Securities Co. Ltd.,Premier Securities Company Ltd.,300,278.0,83400.0,2025-08-03T11:22:22.223237
2025-08-03,136045,2025080304002255,GLH,Nepal Stock House (PVT) Ltd.,Premier Securities Company Ltd.,132,278.0,36696.0,2025-08-03T11:22:33.870235
2025-08-03,135333,2025080304002388,GLH,Nepal Stock House (PVT) Ltd.,Asian Securities Private Ltd.,10,278.0,2780.0,2025-08-03T11:23:12.730247
2025-08-03,134749,2025080304002483,GLH,Dipshikha Dhitopatra Karobar Co. Pvt Ltd.,Siprabi Securities Pvt. Ltd.,50,278.4,13920.0,2025-08-03T11:23:56.041476
2025-08-03,134492,2025080304002542,GLH,Siprabi Securities Pvt. Ltd.,Siprabi Securities Pvt. Ltd.,200,278.4,55680.0,2025-08-03T11:24:12.735567
2025-08-03,134358,2025080304002571,GLH,Sani Securities Company Ltd.,Sweta Securities Private Limited,270,279.0,75330.0,2025-08-03T11:24:22.574322
2025-08-03,134357,2025080304002572,GLH,Sani Securities Company Ltd.,Kohinoor Investment & Securities Pvt. Ltd.,40,279.0,11160.0,2025-08-03T11:24:22.57447
2025-08-03,134356,2025080304002573,GLH,Sani Securities Company Ltd.,Thrive Brokerage House Pvt. Ltd,190,279.0,53010.0,2025-08-03T11:24:22.57452
2025-08-03,134001,2025080304002632,GLH,Imperial Securities Company Pvt. Ltd.,Thrive Brokerage House Pvt. Ltd,315,279.0,87885.0,2025-08-03T11:24:51.248897
2025-08-03,134000,2025080304002633,GLH,Imperial Securities Company Pvt. Ltd.,Primo Securities (PVT) Ltd.,685,279.9,191731.5,2025-08-03T11:24:51.248945
2025-08-03,133842,2025080304002662,GLH,Aryatara Investment & Securities,Primo Securities (PVT) Ltd.,300,279.9,83970.0,2025-08-03T11:25:03.273179
2025-08-03,133820,2025080304002667,GLH,Trishakti Securities Public Limited,Agrawal Securities (PVT) Ltd.,10,279.5,2795.0,2025-08-03T11:25:04.943754
2025-08-03,133482,2025080304002719,GLH,Trishakti Securities Public Limited,Primo Securities (PVT) Ltd.,15,279.9,4198.5,2025-08-03T11:25:32.610572
2025-08-03,133481,2025080304002720,GLH,Trishakti Securities Public Limited,Nepal Stock House (PVT) Ltd.,175,280.0,49000.0,2025-08-03T11:25:32.610688
2025-08-03,132791,2025080304002847,GLH,Pragyan Securities (PVT) Ltd.,Nepal Stock House (PVT) Ltd.,325,280.0,91000.0,2025-08-03T11:26:16.457775
2025-08-03,132790,2025080304002848,GLH,Pragyan Securities (PVT) Ltd.,Midas Stock Broking Company Private Limited,100,280.0,28000.0,2025-08-03T11:26:16.457891
2025-08-03,132789,2025080304002849,GLH,Pragyan Securities (PVT) Ltd.,Sani Securities Company Ltd.,15,280.0,4200.0,2025-08-03T11:26:16.457969
2025-08-03,132788,2025080304002850,GLH,Pragyan Securities (PVT) Ltd.,Online Securities Pvt. Ltd.,10,280.0,2800.0,2025-08-03T11:26:16.458031
2025-08-03,132787,2025080304002851,GLH,Pragyan Securities (PVT) Ltd.,Vision Securities Pvt. Ltd,10,280.0,2800.0,2025-08-03T11:26:16.458077
2025-08-03,132786,2025080304002852,GLH,Pragyan Securities (PVT) Ltd.,Naasa Securities Co. Ltd.,50,280.0,14000.0,2025-08-03T11:26:16.458122
2025-08-03,132785,2025080304002853,GLH,Pragyan Securities (PVT) Ltd.,Trishakti Securities Public Limited,100,280.0,28000.0,2025-08-03T11:26:16.458166
2025-08-03,132784,2025080304002854,GLH,Pragyan Securities (PVT) Ltd.,Neev Securities Pvt. Ltd.,200,280.0,56000.0,2025-08-03T11:26:16.458209
2025-08-03,132765,2025080304002856,GLH,Aryatara Investment & Securities,Primo Securities (PVT) Ltd.,1000,280.9,280900.0,2025-08-03T11:26:19.333901
2025-08-03,132446,2025080304002928,GLH,Aryatara Investment & Securities,Online Securities Pvt. Ltd.,10,280.9,2809.0,2025-08-03T11:26:49.105985
2025-08-03,131613,2025080304002987,GLH,Malla & Malla Stock Broking Company Pvt. Limited,Naasa Securities Co. Ltd.,30,281.0,8430.0,2025-08-03T11:27:40.200717
2025-08-03,131612,2025080304002988,GLH,Malla & Malla Stock Broking Company Pvt. Limited,J.F. Securites (PVT) Ltd.,50,281.0,14050.0,2025-08-03T11:27:40.200869
2025-08-03,131100,2025080304003082,GLH,Aryatara Investment & Securities,Oxford Securities Pvt. Ltd.,10,280.9,2809.0,2025-08-03T11:28:24.02057
2025-08-03,130856,2025080304003111,GLH,Aryatara Investment & Securities,Sani Securities Company Ltd.,10,280.9,2809.0,2025-08-03T11:28:48.72258
2025-08-03,130701,2025080304003145,GLH,Aryatara Investment & Securities,Dynamic Money Managers Securities Pvt. Ltd.,10,280.9,2809.0,2025-08-03T11:29:02.04948
2025-08-03,130669,2025080304003149,GLH,Aryatara Investment & Securities,Dynamic Money Managers Securities Pvt. Ltd.,10,280.9,2809.0,2025-08-03T11:29:05.517122
2025-08-03,130085,2025080304003234,GLH,Sani Securities Company Ltd.,Primo Securities (PVT) Ltd.,10,281.9,2819.0,2025-08-03T11:30:06.856289
2025-08-03,130031,2025080304003239,GLH,South Asian Bulls Pvt. Ltd.,Primo Securities (PVT) Ltd.,100,281.9,28190.0,2025-08-03T11:30:12.316152
2025-08-03,130022,2025080304003241,GLH,Vision Securities Pvt. Ltd,Nepal Stock House (PVT) Ltd.,100,281.0,28100.0,2025-08-03T11:30:13.347232
2025-08-03,129855,2025080304003267,GLH,Vision Securities Pvt. Ltd,Dynamic Money Managers Securities Pvt. Ltd.,10,281.0,2810.0,2025-08-03T11:30:29.173756
2025-08-03,128653,2025080304003476,GLH,Vision Securities Pvt. Ltd,Sri Hari Securities Pvt. Ltd.,340,281.0,95540.0,2025-08-03T11:32:39.254583
2025-08-03,128652,2025080304003477,GLH,Dipshikha Dhitopatra Karobar Co. Pvt Ltd.,Sri Hari Securities Pvt. Ltd.,160,281.0,44960.0,2025-08-03T11:32:39.254839
2025-08-03,128222,2025080304003558,GLH,Dipshikha Dhitopatra Karobar Co. Pvt Ltd.,Sri Hari Securities Pvt. Ltd.,310,281.0,87110.0,2025-08-03T11:33:15.556934
2025-08-03,127861,2025080304003622,GLH,Vision Securities Pvt. Ltd,Sri Hari Securities Pvt. Ltd.,190,281.0,53390.0,2025-08-03T11:33:42.549007
2025-08-03,127860,2025080304003623,GLH,Vision Securities Pvt. Ltd,Deevyaa Securities & Stock House Pvt. Ltd,10,281.2,2812.0,2025-08-03T11:33:42.549134
2025-08-03,127859,2025080304003624,GLH,Vision Securities Pvt. Ltd,Primo Securities (PVT) Ltd.,690,281.9,194511.0,2025-08-03T11:33:42.549186
2025-08-03,127559,2025080304003664,GLH,Creative Securities Pvt Ltd,Nepal Stock House (PVT) Ltd.,500,280.1,140050.0,2025-08-03T11:34:02.441449
2025-08-03,127277,2025080304003737,GLH,Pragyan Securities (PVT) Ltd.,Thrive Brokerage House Pvt. Ltd,800,280.0,224000.0,2025-08-03T11:34:21.820011
2025-08-03,127276,2025080304003738,GLH,Aryatara Investment & Securities,Thrive Brokerage House Pvt. Ltd,450,280.0,126000.0,2025-08-03T11:34:21.820121
2025-08-03,127275,2025080304003739,GLH,Sumeru Securities Pvt. Ltd.,Thrive Brokerage House Pvt. Ltd,50,280.0,14000.0,2025-08-03T11:34:21.820198
2025-08-03,127274,2025080304003740,GLH,Malla & Malla Stock Broking Company Pvt. Limited,Thrive Brokerage House Pvt. Ltd,220,280.0,61600.0,2025-08-03T11:34:21.820275
2025-08-03,127273,2025080304003741,GLH,Sewa Securities Pvt. Ltd.,Thrive Brokerage House Pvt. Ltd,100,279.0,27900.0,2025-08-03T11:34:21.820372
2025-08-03,127272,2025080304003742,GLH,Nepal Stock House (PVT) Ltd.,Thrive Brokerage House Pvt. Ltd,107,278.0,29746.0,2025-08-03T11:34:21.820458
2025-08-03,127271,2025080304003743,GLH,Dakshinkali Investment & Securities Pvt. Ltd.,Thrive Brokerage House Pvt. Ltd,100,278.0,27800.0,2025-08-03T11:34:21.820534
2025-08-03,127270,2025080304003744,GLH,Sri Hari Securities Pvt. Ltd.,Thrive Brokerage House Pvt. Ltd,24,277.5,6660.0,2025-08-03T11:34:21.820609
2025-08-03,127269,2025080304003745,GLH,Naasa Securities Co. Ltd.,Thrive Brokerage House Pvt. Ltd,120,277.5,33300.0,2025-08-03T11:34:21.820683
2025-08-03,127268,2025080304003746,GLH,Siprabi Securities Pvt. Ltd.,Thrive Brokerage House Pvt. Ltd,500,277.1,138550.0,2025-08-03T11:34:21.820761
2025-08-03,127267,2025080304003747,GLH,Imperial Securities Company Pvt. Ltd.,Thrive Brokerage House Pvt. Ltd,29,277.0,8033.0,2025-08-03T11:34:21.820835
2025-08-03,127060,2025080304003816,GLH,Online Securities Pvt. Ltd.,Online Securities Pvt. Ltd.,20,280.0,5600.0,2025-08-03T11:34:33.343249
2025-08-03,125409,2025080304004120,GLH,Sundhara Securities Limited,Aryatara Investment & Securities,10,279.0,2790.0,2025-08-03T11:36:20.758968
2025-08-03,124731,2025080304004220,GLH,Sundhara Securities Limited,Sundhara Securities Limited,10,279.0,2790.0,2025-08-03T11:37:10.403994
2025-08-03,124341,2025080304004274,GLH,Sundhara Securities Limited,Sumeru Securities Pvt. Ltd.,80,279.0,22320.0,2025-08-03T11:37:45.448046
2025-08-03,124340,2025080304004275,GLH,Siprabi Securities Pvt. Ltd.,Sumeru Securities Pvt. Ltd.,10,279.0,2790.0,2025-08-03T11:37:45.448142
2025-08-03,124339,2025080304004276,GLH,Linch Stock Market Ltd.,Sumeru Securities Pvt. Ltd.,100,277.1,27710.0,2025-08-03T11:37:45.448219
2025-08-03,124338,2025080304004277,GLH,Imperial Securities Company Pvt. Ltd.,Sumeru Securities Pvt. Ltd.,71,277.0,19667.0,2025-08-03T11:37:45.448303
2025-08-03,124337,2025080304004278,GLH,Sani Securities Company Ltd.,Sumeru Securities Pvt. Ltd.,400,277.0,110800.0,2025-08-03T11:37:45.448396
2025-08-03,124336,2025080304004279,GLH,Nepal Stock House (PVT) Ltd.,Sumeru Securities Pvt. Ltd.,70,276.5,19355.0,2025-08-03T11:37:45.448461
2025-08-03,124335,2025080304004280,GLH,Sewa Securities Pvt. Ltd.,Sumeru Securities Pvt. Ltd.,269,276.4,74351.6,2025-08-03T11:37:45.448529
2025-08-03,123444,2025080304004401,GLH,Dipshikha Dhitopatra Karobar Co. Pvt Ltd.,Imperial Securities Company Pvt. Ltd.,100,277.0,27700.0,2025-08-03T11:39:07.528908
2025-08-03,123443,2025080304004402,GLH,Siprabi Securities Pvt. Ltd.,Imperial Securities Company Pvt. Ltd.,20,277.0,5540.0,2025-08-03T11:39:07.52905
2025-08-03,123442,2025080304004403,GLH,Imperial Securities Company Pvt. Ltd.,Imperial Securities Company Pvt. Ltd.,80,276.4,22112.0,2025-08-03T11:39:07.529124
2025-08-03,122465,2025080304004532,GLH,Sharepro Securities Private Limited,Midas Stock Broking Company Private Limited,10,276.5,2765.0,2025-08-03T11:40:27.541693
2025-08-03,121811,2025080304004645,GLH,Trisul Securities & Invt. Ltd.,Midas Stock Broking Company Private Limited,100,276.7,27670.0,2025-08-03T11:41:31.086558
2025-08-03,121810,2025080304004646,GLH,Sani Securities Company Ltd.,Midas Stock Broking Company Private Limited,90,276.7,24903.0,2025-08-03T11:41:31.086701
2025-08-03,121809,2025080304004647,GLH,Aryatara Investment & Securities,Midas Stock Broking Company Private Limited,100,276.6,27660.0,2025-08-03T11:41:31.086752
2025-08-03,121808,2025080304004648,GLH,Sharepro Securities Private Limited,Midas Stock Broking Company Private Limited,710,276.5,196315.0,2025-08-03T11:41:31.086803
2025-08-03,120318,2025080304004831,GLH,Imperial Securities Company Pvt. Ltd.,Trishakti Securities Public Limited,320,276.7,88544.0,2025-08-03T11:43:38.936846
2025-08-03,120317,2025080304004832,GLH,Sewa Securities Pvt. Ltd.,Trishakti Securities Public Limited,130,276.6,35958.0,2025-08-03T11:43:38.936918
2025-08-03,120006,2025080304004860,GLH,ABC Securities Private Limited,Aryatara Investment & Securities,10,278.0,2780.0,2025-08-03T11:44:12.71323
2025-08-03,120005,2025080304004861,GLH,ABC Securities Private Limited,Siprabi Securities Pvt. Ltd.,10,278.0,2780.0,2025-08-03T11:44:12.713568
2025-08-03,120004,2025080304004862,GLH,ABC Securities Private Limited,Agrawal Securities (PVT) Ltd.,50,278.9,13945.0,2025-08-03T11:44:12.713747
2025-08-03,119453,2025080304004928,GLH,Imperial Securities Company Pvt. Ltd.,S.P.S.A. Securities Limited,12,278.0,3336.0,2025-08-03T11:45:08.136063
2025-08-03,119264,2025080304004952,GLH,Naasa Securities Co. Ltd.,Agrawal Securities (PVT) Ltd.,100,278.9,27890.0,2025-08-03T11:45:25.299942
2025-08-03,119138,2025080304004968,GLH,Imperial Securities Company Pvt. Ltd.,Premier Securities Company Ltd.,138,278.0,38364.0,2025-08-03T11:45:38.613615
2025-08-03,118996,2025080304004981,GLH,Vision Securities Pvt. Ltd,Sewa Securities Pvt. Ltd.,500,277.0,138500.0,2025-08-03T11:45:52.492846
2025-08-03,117071,2025080304005217,GLH,Shree Krishna Securities Ltd.,Sri Hari Securities Pvt. Ltd.,210,277.0,58170.0,2025-08-03T11:48:40.281122
2025-08-03,116556,2025080304005290,GLH,Shree Krishna Securities Ltd.,Sani Securities Company Ltd.,1590,277.0,440430.0,2025-08-03T11:49:37.899973
2025-08-03,116555,2025080304005291,GLH,Sani Securities Company Ltd.,Sani Securities Company Ltd.,500,277.0,138500.0,2025-08-03T11:49:37.900204
2025-08-03,116554,2025080304005292,GLH,Sewa Securities Pvt. Ltd.,Sani Securities Company Ltd.,120,276.6,33192.0,2025-08-03T11:49:37.900396
2025-08-03,116553,2025080304005293,GLH,Sharepro Securities Private Limited,Sani Securities Company Ltd.,280,276.5,77420.0,2025-08-03T11:49:37.900562
2025-08-03,116552,2025080304005294,GLH,Dipshikha Dhitopatra Karobar Co. Pvt Ltd.,Sani Securities Company Ltd.,200,276.5,55300.0,2025-08-03T11:49:37.900722
2025-08-03,116551,2025080304005295,GLH,Sewa Securities Pvt. Ltd.,Sani Securities Company Ltd.,240,276.4,66336.0,2025-08-03T11:49:37.900888
2025-08-03,116550,2025080304005296,GLH,Neev Securities Pvt. Ltd.,Sani Securities Company Ltd.,500,276.3,138150.0,2025-08-03T11:49:37.901045
2025-08-03,116549,2025080304005297,GLH,Kumari Securities Private Limited,Sani Securities Company Ltd.,500,276.3,138150.0,2025-08-03T11:49:37.901244
2025-08-03,116489,2025080304005305,GLH,Sharepro Securities Private Limited,Sani Securities Company Ltd.,100,276.3,27630.0,2025-08-03T11:49:43.384676
2025-08-03,116226,2025080304005332,GLH,Siprabi Securities Pvt. Ltd.,Sani Securities Company Ltd.,970,276.2,267914.0,2025-08-03T11:50:06.297055
2025-08-03,115509,2025080304005445,GLH,INDEX SECURITIES LIMITED,Secured Securities Ltd.,10,276.5,2765.0,2025-08-03T11:51:06.910882
2025-08-03,115488,2025080304005450,GLH,INDEX SECURITIES LIMITED,Sani Securities Company Ltd.,990,276.5,273735.0,2025-08-03T11:51:09.499195
2025-08-03,115487,2025080304005451,GLH,Sewa Securities Pvt. Ltd.,Sani Securities Company Ltd.,300,276.4,82920.0,2025-08-03T11:51:09.499378
2025-08-03,115486,2025080304005452,GLH,Deevyaa Securities & Stock House Pvt. Ltd,Sani Securities Company Ltd.,970,276.3,268011.0,2025-08-03T11:51:09.499444
2025-08-03,115485,2025080304005453,GLH,Siprabi Securities Pvt. Ltd.,Sani Securities Company Ltd.,1030,276.2,284486.0,2025-08-03T11:51:09.499499
2025-08-03,115305,2025080304005481,GLH,Sewa Securities Pvt. Ltd.,Sani Securities Company Ltd.,300,276.2,82860.0,2025-08-03T11:51:27.522431
2025-08-03,115169,2025080304005508,GLH,Aryatara Investment & Securities,Sri Hari Securities Pvt. Ltd.,10,276.1,2761.0,2025-08-03T11:51:41.35814
2025-08-03,115141,2025080304005513,GLH,INDEX SECURITIES LIMITED,Sani Securities Company Ltd.,410,276.2,113242.0,2025-08-03T11:51:45.311534
2025-08-03,114978,2025080304005557,GLH,INDEX SECURITIES LIMITED,Sundhara Securities Limited,10,276.2,2762.0,2025-08-03T11:52:04.6339
2025-08-03,114742,2025080304005573,GLH,INDEX SECURITIES LIMITED,Thrive Brokerage House Pvt. Ltd,10,276.2,2762.0,2025-08-03T11:52:25.077454
2025-08-03,112832,2025080304005900,GLH,Imperial Securities Company Pvt. Ltd.,Premier Securities Company Ltd.,10,277.0,2770.0,2025-08-03T11:55:12.892387
2025-08-03,111275,2025080304006133,GLH,Siprabi Securities Pvt. Ltd.,Premier Securities Company Ltd.,20,278.0,5560.0,2025-08-03T11:57:34.98865
2025-08-03,111206,2025080304006144,GLH,Malla & Malla Stock Broking Company Pvt. Limited,Trisul Securities & Invt. Ltd.,500,277.1,138550.0,2025-08-03T11:57:39.873538
2025-08-03,110958,2025080304006192,GLH,Deevyaa Securities & Stock House Pvt. Ltd,Thrive Brokerage House Pvt. Ltd,10,277.0,2770.0,2025-08-03T11:58:08.074255
2025-08-03,110954,2025080304006193,GLH,Sundhara Securities Limited,Premier Securities Company Ltd.,400,278.0,111200.0,2025-08-03T11:58:09.443259
2025-08-03,110054,2025080304006332,GLH,Deevyaa Securities & Stock House Pvt. Ltd,Miyo Securities Pvt Ltd,10,277.0,2770.0,2025-08-03T11:59:37.861669
2025-08-03,109630,2025080304006406,GLH,ABC Securities Private Limited,Premier Securities Company Ltd.,70,278.0,19460.0,2025-08-03T12:00:18.650205
2025-08-03,108782,2025080304006521,GLH,Deevyaa Securities & Stock House Pvt. Ltd,Premier Securities Company Ltd.,980,278.0,272440.0,2025-08-03T12:01:38.977804
2025-08-03,108617,2025080304006537,GLH,Shree Krishna Securities Ltd.,Premier Securities Company Ltd.,392,278.0,108976.0,2025-08-03T12:01:55.588517
2025-08-03,108616,2025080304006538,GLH,Shree Krishna Securities Ltd.,Vision Securities Pvt. Ltd,100,278.0,27800.0,2025-08-03T12:01:55.588716
2025-08-03,108615,2025080304006539,GLH,Shree Krishna Securities Ltd.,Sri Hari Securities Pvt. Ltd.,10,278.0,2780.0,2025-08-03T12:01:55.588779
2025-08-03,108093,2025080304006646,GLH,Himalayan Brokerage Company Limited,Sharepro Securities Private Limited,200,278.9,55780.0,2025-08-03T12:02:42.721435
2025-08-03,107449,2025080304006731,GLH,Shree Krishna Securities Ltd.,Kohinoor Investment & Securities Pvt. Ltd.,10,278.0,2780.0,2025-08-03T12:03:42.500722
2025-08-03,107405,2025080304006734,GLH,Dakshinkali Investment & Securities Pvt. Ltd.,Sharepro Securities Private Limited,500,278.9,139450.0,2025-08-03T12:03:48.125748
2025-08-03,106829,2025080304006836,GLH,Aryatara Investment & Securities,Sharepro Securities Private Limited,300,278.9,83670.0,2025-08-03T12:04:41.339062
2025-08-03,106613,2025080304006894,GLH,Linch Stock Market Ltd.,Sri Hari Securities Pvt. Ltd.,10,278.1,2781.0,2025-08-03T12:05:08.36069
2025-08-03,106176,2025080304006978,GLH,Midas Stock Broking Company Private Limited,Thrive Brokerage House Pvt. Ltd,10,279.0,2790.0,2025-08-03T12:05:57.119328
2025-08-03,105952,2025080304007024,GLH,Midas Stock Broking Company Private Limited,ABC Securities Private Limited,100,280.0,28000.0,2025-08-03T12:06:21.297826
2025-08-03,105951,2025080304007025,GLH,Midas Stock Broking Company Private Limited,Sewa Securities Pvt. Ltd.,10,280.0,2800.0,2025-08-03T12:06:21.298149
2025-08-03,105950,2025080304007026,GLH,Midas Stock Broking Company Private Limited,Deevyaa Securities & Stock House Pvt. Ltd,118,280.0,33040.0,2025-08-03T12:06:21.298361
2025-08-03,105949,2025080304007027,GLH,Midas Stock Broking Company Private Limited,Dipshikha Dhitopatra Karobar Co. Pvt Ltd.,62,280.0,17360.0,2025-08-03T12:06:21.298546
2025-08-03,105507,2025080304007117,GLH,Midas Stock Broking Company Private Limited,Dipshikha Dhitopatra Karobar Co. Pvt Ltd.,88,280.0,24640.0,2025-08-03T12:07:12.57145
2025-08-03,104615,2025080304007331,GLH,Dakshinkali Investment & Securities Pvt. Ltd.,Aryatara Investment & Securities,10,278.4,2784.0,2025-08-03T12:08:54.496768
2025-08-03,103676,2025080304007460,GLH,Sani Securities Company Ltd.,Nepal Stock House (PVT) Ltd.,10,280.8,2808.0,2025-08-03T12:10:38.60447
2025-08-03,103330,2025080304007493,GLH,Sagarmatha Securities Private Limited,Nepal Stock House (PVT) Ltd.,540,280.8,151632.0,2025-08-03T12:11:15.09689
2025-08-03,102927,2025080304007606,GLH,Sagarmatha Securities Private Limited,Nepal Stock House (PVT) Ltd.,460,280.8,129168.0,2025-08-03T12:12:03.643917
2025-08-03,102647,2025080304007666,GLH,Online Securities Pvt. Ltd.,Aryatara Investment & Securities,100,280.0,28000.0,2025-08-03T12:12:46.137525
2025-08-03,102292,2025080304007756,GLH,Online Securities Pvt. Ltd.,SUN SECURITIES PVT LTD,500,280.0,140000.0,2025-08-03T12:13:29.902371
2025-08-03,101798,2025080304007835,GLH,Online Securities Pvt. Ltd.,Sharepro Securities Private Limited,400,280.0,112000.0,2025-08-03T12:14:33.371644
2025-08-03,101325,2025080304007918,GLH,Shree Krishna Securities Ltd.,Sharepro Securities Private Limited,100,280.0,28000.0,2025-08-03T12:15:33.929951
2025-08-03,100913,2025080304008006,GLH,Dakshinkali Investment & Securities Pvt. Ltd.,Sundhara Securities Limited,500,279.1,139550.0,2025-08-03T12:16:36.106522
2025-08-03,100912,2025080304008007,GLH,Naasa Securities Co. Ltd.,Sundhara Securities Limited,250,279.0,69750.0,2025-08-03T12:16:36.106719
2025-08-03,100911,2025080304008008,GLH,Pragyan Securities (PVT) Ltd.,Sundhara Securities Limited,150,279.0,41850.0,2025-08-03T12:16:36.106793
2025-08-03,100336,2025080304008097,GLH,Aryatara Investment & Securities,Sundhara Securities Limited,100,279.0,27900.0,2025-08-03T12:17:45.043573
2025-08-03,99982,2025080304008151,GLH,Aryatara Investment & Securities,Sumeru Securities Pvt. Ltd.,10,279.1,2791.0,2025-08-03T12:18:28.648777
2025-08-03,99981,2025080304008152,GLH,Aryatara Investment & Securities,Naasa Securities Co. Ltd.,10,280.0,2800.0,2025-08-03T12:18:28.648978
2025-08-03,99980,2025080304008153,GLH,Aryatara Investment & Securities,Ashutosh Brokerage & Securities (PVT) Ltd.,80,280.0,22400.0,2025-08-03T12:18:28.64908
2025-08-03,97655,2025080304008525,GLH,Sewa Securities Pvt. Ltd.,Ashutosh Brokerage & Securities (PVT) Ltd.,20,280.0,5600.0,2025-08-03T12:22:39.867577
2025-08-03,97654,2025080304008526,GLH,Sewa Securities Pvt. Ltd.,Online Securities Pvt. Ltd.,510,280.0,142800.0,2025-08-03T12:22:39.867907
2025-08-03,97653,2025080304008527,GLH,Sewa Securities Pvt. Ltd.,Infinity Securities Limited,470,280.0,131600.0,2025-08-03T12:22:39.868116
2025-08-03,97585,2025080304008539,GLH,Deevyaa Securities & Stock House Pvt. Ltd,Sani Securities Company Ltd.,276,279.0,77004.0,2025-08-03T12:22:52.600454
2025-08-03,97521,2025080304008547,GLH,Deevyaa Securities & Stock House Pvt. Ltd,Bhrikuti Stock Broking Co. Pvt. Ltd.,10,279.0,2790.0,2025-08-03T12:23:02.128951
2025-08-03,97333,2025080304008586,GLH,Deevyaa Securities & Stock House Pvt. Ltd,Aryatara Investment & Securities,10,279.0,2790.0,2025-08-03T12:23:31.012671
2025-08-03,96604,2025080304008659,GLH,Deevyaa Securities & Stock House Pvt. Ltd,Sumeru Securities Pvt. Ltd.,64,279.0,17856.0,2025-08-03T12:24:50.077544
2025-08-03,96603,2025080304008660,GLH,ABC Securities Private Limited,Sumeru Securities Pvt. Ltd.,100,278.5,27850.0,2025-08-03T12:24:50.077598
2025-08-03,96602,2025080304008661,GLH,Dakshinkali Investment & Securities Pvt. Ltd.,Sumeru Securities Pvt. Ltd.,40,278.4,11136.0,2025-08-03T12:24:50.077626
2025-08-03,96601,2025080304008662,GLH,Swarna Laxmi Securities Pvt. Ltd.,Sumeru Securities Pvt. Ltd.,300,278.3,83490.0,2025-08-03T12:24:50.077657
2025-08-03,96600,2025080304008663,GLH,Naasa Securities Co. Ltd.,Sumeru Securities Pvt. Ltd.,32,278.3,8905.6,2025-08-03T12:24:50.077683
2025-08-03,96599,2025080304008664,GLH,Kohinoor Investment & Securities Pvt. Ltd.,Sumeru Securities Pvt. Ltd.,464,278.2,129084.8,2025-08-03T12:24:50.077709
2025-08-03,96198,2025080304008741,GLH,Kohinoor Investment & Securities Pvt. Ltd.,Sani Securities Company Ltd.,536,278.2,149115.2,2025-08-03T12:25:34.744123
2025-08-03,96197,2025080304008742,GLH,Linch Stock Market Ltd.,Sani Securities Company Ltd.,990,278.1,275319.0,2025-08-03T12:25:34.744298
2025-08-03,96196,2025080304008743,GLH,Shree Krishna Securities Ltd.,Sani Securities Company Ltd.,1188,278.0,330264.0,2025-08-03T12:25:34.7444
2025-08-03,96195,2025080304008744,GLH,Ashutosh Brokerage & Securities (PVT) Ltd.,Sani Securities Company Ltd.,1000,278.0,278000.0,2025-08-03T12:25:34.744479
2025-08-03,96194,2025080304008745,GLH,J.F. Securites (PVT) Ltd.,Sani Securities Company Ltd.,180,278.0,50040.0,2025-08-03T12:25:34.744545
2025-08-03,96193,2025080304008746,GLH,Naasa Securities Co. Ltd.,Sani Securities Company Ltd.,40,278.0,11120.0,2025-08-03T12:25:34.744611
2025-08-03,96192,2025080304008747,GLH,Nabil Stock Dealer Ltd.,Sani Securities Company Ltd.,1000,278.0,278000.0,2025-08-03T12:25:34.744685
2025-08-03,96191,2025080304008748,GLH,Oxford Securities Pvt. Ltd.,Sani Securities Company Ltd.,800,277.1,221680.0,2025-08-03T12:25:34.744776
2025-08-03,96190,2025080304008749,GLH,Capital Max Securities Ltd,Sani Securities Company Ltd.,50,277.0,13850.0,2025-08-03T12:25:34.744848
2025-08-03,96189,2025080304008750,GLH,Dakshinkali Investment & Securities Pvt. Ltd.,Sani Securities Company Ltd.,1500,277.0,415500.0,2025-08-03T12:25:34.744921
2025-08-03,96188,2025080304008751,GLH,Sundhara Securities Limited,Sani Securities Company Ltd.,500,277.0,138500.0,2025-08-03T12:25:34.744984
2025-08-03,96187,2025080304008752,GLH,Naasa Securities Co. Ltd.,Sani Securities Company Ltd.,50,277.0,13850.0,2025-08-03T12:25:34.745041
2025-08-03,96186,2025080304008753,GLH,Nepal Investment And Securities Trading Private Limited,Sani Securities Company Ltd.,504,277.0,139608.0,2025-08-03T12:25:34.745111
2025-08-03,96185,2025080304008754,GLH,Sharepro Securities Private Limited,Sani Securities Company Ltd.,25,277.0,6925.0,2025-08-03T12:25:34.745169
2025-08-03,96184,2025080304008755,GLH,Sharepro Securities Private Limited,Sani Securities Company Ltd.,1000,276.5,276500.0,2025-08-03T12:25:34.745232
2025-08-03,96183,2025080304008756,GLH,Malla & Malla Stock Broking Company Pvt. Limited,Sani Securities Company Ltd.,137,276.5,37880.5,2025-08-03T12:25:34.745295
2025-08-03,95917,2025080304008806,GLH,Market Securities & Exchange (PVT) Ltd.,Oxford Securities Pvt. Ltd.,10,279.0,2790.0,2025-08-03T12:26:02.397351
2025-08-03,95817,2025080304008829,GLH,Market Securities & Exchange (PVT) Ltd.,Thrive Brokerage House Pvt. Ltd,10,279.0,2790.0,2025-08-03T12:26:15.485744
2025-08-03,95816,2025080304008830,GLH,Sri Hari Securities Pvt. Ltd.,Thrive Brokerage House Pvt. Ltd,510,278.2,141882.0,2025-08-03T12:26:15.485934
2025-08-03,95250,2025080304008904,GLH,Sri Hari Securities Pvt. Ltd.,Sani Securities Company Ltd.,10,278.2,2782.0,2025-08-03T12:27:21.495999
2025-08-03,95053,2025080304008942,GLH,Malla & Malla Stock Broking Company Pvt. Limited,Sani Securities Company Ltd.,35,276.5,9677.5,2025-08-03T12:27:45.186015
2025-08-03,93564,2025080304009142,GLH,Neev Securities Pvt. Ltd.,Kumari Securities Private Limited,10,276.6,2766.0,2025-08-03T12:30:35.895548
2025-08-03,93398,2025080304009181,GLH,Neev Securities Pvt. Ltd.,Sani Securities Company Ltd.,14,276.6,3872.4,2025-08-03T12:30:54.081702
2025-08-03,92601,2025080304009276,GLH,Shree Krishna Securities Ltd.,Nepal Stock House (PVT) Ltd.,10,276.7,2767.0,2025-08-03T12:32:34.406947
2025-08-03,92200,2025080304009341,GLH,Shree Krishna Securities Ltd.,Sewa Securities Pvt. Ltd.,30,276.7,8301.0,2025-08-03T12:33:23.028268
2025-08-03,91274,2025080304009475,GLH,Naasa Securities Co. Ltd.,Aryatara Investment & Securities,10,276.8,2768.0,2025-08-03T12:34:58.964478
2025-08-03,90129,2025080304009611,GLH,Shree Krishna Securities Ltd.,Secured Securities Ltd.,10,276.7,2767.0,2025-08-03T12:37:15.499153
2025-08-03,89704,2025080304009662,GLH,Vision Securities Pvt. Ltd,Malla & Malla Stock Broking Company Pvt. Limited,10,278.0,2780.0,2025-08-03T12:37:59.969279
2025-08-03,89591,2025080304009683,GLH,Vision Securities Pvt. Ltd,Capital Max Securities Ltd,990,278.0,275220.0,2025-08-03T12:38:13.721603
2025-08-03,89285,2025080304009721,GLH,Shree Krishna Securities Ltd.,Capital Max Securities Ltd,150,276.7,41505.0,2025-08-03T12:38:49.881963
2025-08-03,89284,2025080304009722,GLH,Neev Securities Pvt. Ltd.,Capital Max Securities Ltd,72,276.6,19915.2,2025-08-03T12:38:49.882382
2025-08-03,88684,2025080304009816,GLH,Neev Securities Pvt. Ltd.,Vision Securities Pvt. Ltd,10,276.6,2766.0,2025-08-03T12:39:55.257018
2025-08-03,88650,2025080304009823,GLH,Neev Securities Pvt. Ltd.,Midas Stock Broking Company Private Limited,94,276.6,26000.4,2025-08-03T12:39:59.692663
2025-08-03,88649,2025080304009824,GLH,Malla & Malla Stock Broking Company Pvt. Limited,Midas Stock Broking Company Private Limited,118,276.5,32627.0,2025-08-03T12:39:59.693026
2025-08-03,88648,2025080304009825,GLH,Kohinoor Investment & Securities Pvt. Ltd.,Midas Stock Broking Company Private Limited,50,276.5,13825.0,2025-08-03T12:39:59.693303
2025-08-03,88647,2025080304009826,GLH,Naasa Securities Co. Ltd.,Midas Stock Broking Company Private Limited,150,276.5,41475.0,2025-08-03T12:39:59.693635
2025-08-03,88646,2025080304009827,GLH,Dipshikha Dhitopatra Karobar Co. Pvt Ltd.,Midas Stock Broking Company Private Limited,100,276.5,27650.0,2025-08-03T12:39:59.693913
2025-08-03,88645,2025080304009828,GLH,Neev Securities Pvt. Ltd.,Midas Stock Broking Company Private Limited,188,276.4,51963.2,2025-08-03T12:39:59.694166
2025-08-03,88075,2025080304009923,GLH,Agrawal Securities (PVT) Ltd.,Neev Securities Pvt. Ltd.,10,279.0,2790.0,2025-08-03T12:41:02.595456
2025-08-03,84890,2025080304010436,GLH,Naasa Securities Co. Ltd.,Sharepro Securities Private Limited,41,278.0,11398.0,2025-08-03T12:46:35.006492
2025-08-03,84417,2025080304010530,GLH,Primo Securities (PVT) Ltd.,Naasa Securities Co. Ltd.,170,277.0,47090.0,2025-08-03T12:47:19.568341
2025-08-03,84351,2025080304010532,GLH,Primo Securities (PVT) Ltd.,Nepal Stock House (PVT) Ltd.,10,277.0,2770.0,2025-08-03T12:47:26.271753
2025-08-03,83868,2025080304010616,GLH,Opal Securities Investment (PVT) Ltd.,Sharepro Securities Private Limited,59,278.0,16402.0,2025-08-03T12:48:11.654185
2025-08-03,83867,2025080304010617,GLH,Opal Securities Investment (PVT) Ltd.,Dipshikha Dhitopatra Karobar Co. Pvt Ltd.,10,278.0,2780.0,2025-08-03T12:48:11.654611
2025-08-03,83695,2025080304010634,GLH,Opal Securities Investment (PVT) Ltd.,Sweta Securities Private Limited,10,278.0,2780.0,2025-08-03T12:48:28.16096
2025-08-03,83612,2025080304010650,GLH,Opal Securities Investment (PVT) Ltd.,Online Securities Pvt. Ltd.,421,278.0,117038.0,2025-08-03T12:48:36.439365
2025-08-03,82708,2025080304010792,GLH,Dipshikha Dhitopatra Karobar Co. Pvt Ltd.,Online Securities Pvt. Ltd.,20,277.1,5542.0,2025-08-03T12:49:48.737621
2025-08-03,82707,2025080304010793,GLH,Primo Securities (PVT) Ltd.,Online Securities Pvt. Ltd.,120,277.0,33240.0,2025-08-03T12:49:48.737826
2025-08-03,81753,2025080304010992,GLH,Sharepro Securities Private Limited,Nepal Stock House (PVT) Ltd.,1000,276.7,276700.0,2025-08-03T12:51:04.717838
2025-08-03,81752,2025080304010993,GLH,Linch Stock Market Ltd.,Nepal Stock House (PVT) Ltd.,500,276.7,138350.0,2025-08-03T12:51:04.718129
2025-08-03,81631,2025080304011013,GLH,Kohinoor Investment & Securities Pvt. Ltd.,Himalayan Brokerage Company Limited,10,276.6,2766.0,2025-08-03T12:51:15.923623
2025-08-03,81496,2025080304011045,GLH,Naasa Securities Co. Ltd.,Online Securities Pvt. Ltd.,88,276.8,24358.4,2025-08-03T12:51:23.44085
2025-08-03,81228,2025080304011096,GLH,Kohinoor Investment & Securities Pvt. Ltd.,Online Securities Pvt. Ltd.,82,276.6,22681.2,2025-08-03T12:51:49.543648
2025-08-03,81170,2025080304011103,GLH,Kohinoor Investment & Securities Pvt. Ltd.,Online Securities Pvt. Ltd.,338,276.6,93490.8,2025-08-03T12:51:54.665496
2025-08-03,81169,2025080304011104,GLH,Naasa Securities Co. Ltd.,Online Securities Pvt. Ltd.,100,276.4,27640.0,2025-08-03T12:51:54.665705
2025-08-03,81168,2025080304011105,GLH,Sewa Securities Pvt. Ltd.,Online Securities Pvt. Ltd.,300,276.3,82890.0,2025-08-03T12:51:54.665788
2025-08-03,81167,2025080304011106,GLH,Primo Securities (PVT) Ltd.,Online Securities Pvt. Ltd.,500,276.3,138150.0,2025-08-03T12:51:54.66587
2025-08-03,81166,2025080304011107,GLH,Naasa Securities Co. Ltd.,Online Securities Pvt. Ltd.,100,276.3,27630.0,2025-08-03T12:51:54.665947
2025-08-03,81078,2025080304011115,GLH,Naasa Securities Co. Ltd.,Online Securities Pvt. Ltd.,25,276.3,6907.5,2025-08-03T12:52:01.407782
2025-08-03,80696,2025080304011175,GLH,INDEX SECURITIES LIMITED,Online Securities Pvt. Ltd.,70,276.2,19334.0,2025-08-03T12:52:38.29128
2025-08-03,80695,2025080304011176,GLH,Midas Stock Broking Company Private Limited,Online Securities Pvt. Ltd.,75,276.2,20715.0,2025-08-03T12:52:38.291565
2025-08-03,80209,2025080304011305,GLH,Siprabi Securities Pvt. Ltd.,Miyo Securities Pvt Ltd,263,276.3,72666.9,2025-08-03T12:53:18.499362
2025-08-03,79011,2025080304011526,GLH,Online Securities Pvt. Ltd.,Sharepro Securities Private Limited,1000,276.4,276400.0,2025-08-03T12:55:11.322784
2025-08-03,78592,2025080304011596,GLH,ABC Securities Private Limited,Nagarik Stock Dealer ,50,277.0,13850.0,2025-08-03T12:55:54.541413
2025-08-03,77848,2025080304011742,GLH,Siprabi Securities Pvt. Ltd.,Nepal Stock House (PVT) Ltd.,237,276.3,65483.1,2025-08-03T12:56:54.663458
2025-08-03,77847,2025080304011743,GLH,Midas Stock Broking Company Private Limited,Nepal Stock House (PVT) Ltd.,725,276.2,200245.0,2025-08-03T12:56:54.663705
2025-08-03,77703,2025080304011763,GLH,Aryatara Investment & Securities,Nepal Stock House (PVT) Ltd.,50,276.2,13810.0,2025-08-03T12:57:09.03684
2025-08-03,77658,2025080304011773,GLH,Aryatara Investment & Securities,Agrawal Securities (PVT) Ltd.,450,276.1,124245.0,2025-08-03T12:57:15.169497
2025-08-03,77633,2025080304011777,GLH,Aryatara Investment & Securities,Sagarmatha Securities Private Limited,100,276.1,27610.0,2025-08-03T12:57:18.936139
2025-08-03,77571,2025080304011793,GLH,Naasa Securities Co. Ltd.,Nepal Stock House (PVT) Ltd.,60,276.2,16572.0,2025-08-03T12:57:25.785138
2025-08-03,77556,2025080304011795,GLH,Aryatara Investment & Securities,Sundhara Securities Limited,500,276.1,138050.0,2025-08-03T12:57:27.45762
2025-08-03,77137,2025080304011895,GLH,Online Securities Pvt. Ltd.,Nepal Stock House (PVT) Ltd.,400,276.2,110480.0,2025-08-03T12:58:06.51604
2025-08-03,77124,2025080304011898,GLH,Aryatara Investment & Securities,Sharepro Securities Private Limited,470,276.1,129767.0,2025-08-03T12:58:08.436155
2025-08-03,77123,2025080304011899,GLH,Creative Securities Pvt Ltd,Sharepro Securities Private Limited,20,276.0,5520.0,2025-08-03T12:58:08.436409
2025-08-03,77122,2025080304011900,GLH,Kohinoor Investment & Securities Pvt. Ltd.,Sharepro Securities Private Limited,119,276.0,32844.0,2025-08-03T12:58:08.43649
2025-08-03,77121,2025080304011901,GLH,Trishakti Securities Public Limited,Sharepro Securities Private Limited,500,276.0,138000.0,2025-08-03T12:58:08.436574
2025-08-03,77120,2025080304011902,GLH,Premier Securities Company Ltd.,Sharepro Securities Private Limited,1000,276.0,276000.0,2025-08-03T12:58:08.436656
2025-08-03,77119,2025080304011903,GLH,Naasa Securities Co. Ltd.,Sharepro Securities Private Limited,213,276.0,58788.0,2025-08-03T12:58:08.436733
2025-08-03,77118,2025080304011904,GLH,Online Securities Pvt. Ltd.,Sharepro Securities Private Limited,100,276.0,27600.0,2025-08-03T12:58:08.436825
2025-08-03,77117,2025080304011905,GLH,Naasa Securities Co. Ltd.,Sharepro Securities Private Limited,90,276.0,24840.0,2025-08-03T12:58:08.436902
2025-08-03,77116,2025080304011906,GLH,Thrive Brokerage House Pvt. Ltd,Sharepro Securities Private Limited,50,276.0,13800.0,2025-08-03T12:58:08.436977
2025-08-03,77115,2025080304011907,GLH,Ashutosh Brokerage & Securities (PVT) Ltd.,Sharepro Securities Private Limited,25,275.7,6892.5,2025-08-03T12:58:08.437052
2025-08-03,77114,2025080304011908,GLH,Siprabi Securities Pvt. Ltd.,Sharepro Securities Private Limited,2000,275.7,551400.0,2025-08-03T12:58:08.437129
2025-08-03,76935,2025080304011920,GLH,Linch Stock Market Ltd.,Sharepro Securities Private Limited,150,275.7,41355.0,2025-08-03T12:58:20.932907
2025-08-03,76001,2025080304012146,GLH,Trademow Securities Private Limited,Sharepro Securities Private Limited,263,275.7,72509.1,2025-08-03T12:59:46.093792
2025-08-03,75361,2025080304012264,GLH,Trishakti Securities Public Limited,Sharepro Securities Private Limited,500,275.5,137750.0,2025-08-03T13:00:44.668207
2025-08-03,75360,2025080304012265,GLH,Kumari Securities Private Limited,Sharepro Securities Private Limited,100,275.2,27520.0,2025-08-03T13:00:44.668618
2025-08-03,75359,2025080304012266,GLH,Naasa Securities Co. Ltd.,Sharepro Securities Private Limited,1000,275.1,275100.0,2025-08-03T13:00:44.66897
2025-08-03,75358,2025080304012267,GLH,Asian Securities Private Ltd.,Sharepro Securities Private Limited,50,275.1,13755.0,2025-08-03T13:00:44.669304
2025-08-03,75357,2025080304012268,GLH,Primo Securities (PVT) Ltd.,Sharepro Securities Private Limited,200,275.1,55020.0,2025-08-03T13:00:44.669683
2025-08-03,75356,2025080304012269,GLH,Nepal Investment And Securities Trading Private Limited,Sharepro Securities Private Limited,50,275.0,13750.0,2025-08-03T13:00:44.670057
2025-08-03,75355,2025080304012270,GLH,Bhrikuti Stock Broking Co. Pvt. Ltd.,Sharepro Securities Private Limited,50,275.0,13750.0,2025-08-03T13:00:44.67045
2025-08-03,75354,2025080304012271,GLH,Primo Securities (PVT) Ltd.,Sharepro Securities Private Limited,200,275.0,55000.0,2025-08-03T13:00:44.670793
2025-08-03,75353,2025080304012272,GLH,Kumari Securities Private Limited,Sharepro Securities Private Limited,350,275.0,96250.0,2025-08-03T13:00:44.671128
2025-08-03,75352,2025080304012273,GLH,Dipshikha Dhitopatra Karobar Co. Pvt Ltd.,Sharepro Securities Private Limited,222,275.0,61050.0,2025-08-03T13:00:44.671471
2025-08-03,75351,2025080304012274,GLH,Deevyaa Securities & Stock House Pvt. Ltd,Sharepro Securities Private Limited,600,275.0,165000.0,2025-08-03T13:00:44.671767
2025-08-03,75350,2025080304012275,GLH,Miyo Securities Pvt Ltd,Sharepro Securities Private Limited,1000,275.0,275000.0,2025-08-03T13:00:44.67208
2025-08-03,75349,2025080304012276,GLH,Swarna Laxmi Securities Pvt. Ltd.,Sharepro Securities Private Limited,500,275.0,137500.0,2025-08-03T13:00:44.6724
2025-08-03,75348,2025080304012277,GLH,Sani Securities Company Ltd.,Sharepro Securities Private Limited,50,275.0,13750.0,2025-08-03T13:00:44.672739
2025-08-03,75347,2025080304012278,GLH,Premier Securities Company Ltd.,Sharepro Securities Private Limited,1000,275.0,275000.0,2025-08-03T13:00:44.673045
2025-08-03,75346,2025080304012279,GLH,Trisul Securities & Invt. Ltd.,Sharepro Securities Private Limited,200,275.0,55000.0,2025-08-03T13:00:44.673358
2025-08-03,75345,2025080304012280,GLH,Dipshikha Dhitopatra Karobar Co. Pvt Ltd.,Sharepro Securities Private Limited,1000,275.0,275000.0,2025-08-03T13:00:44.673665
2025-08-03,75344,2025080304012281,GLH,Sani Securities Company Ltd.,Sharepro Securities Private Limited,1800,275.0,495000.0,2025-08-03T13:00:44.673896
2025-08-03,75343,2025080304012282,GLH,Sumeru Securities Pvt. Ltd.,Sharepro Securities Private Limited,500,275.0,137500.0,2025-08-03T13:00:44.674178
2025-08-03,75342,2025080304012283,GLH,Sri Hari Securities Pvt. Ltd.,Sharepro Securities Private Limited,30,275.0,8250.0,2025-08-03T13:00:44.674427
2025-08-03,75341,2025080304012284,GLH,Vision Securities Pvt. Ltd,Sharepro Securities Private Limited,50,275.0,13750.0,2025-08-03T13:00:44.674634
2025-08-03,75340,2025080304012285,GLH,Naasa Securities Co. Ltd.,Sharepro Securities Private Limited,10,275.0,2750.0,2025-08-03T13:00:44.674933
2025-08-03,75339,2025080304012286,GLH,Online Securities Pvt. Ltd.,Sharepro Securities Private Limited,50,275.0,13750.0,2025-08-03T13:00:44.675245
2025-08-03,75338,2025080304012287,GLH,Dipshikha Dhitopatra Karobar Co. Pvt Ltd.,Sharepro Securities Private Limited,10,275.0,2750.0,2025-08-03T13:00:44.675542
2025-08-03,75337,2025080304012288,GLH,Siprabi Securities Pvt. Ltd.,Sharepro Securities Private Limited,500,275.0,137500.0,2025-08-03T13:00:44.67581
2025-08-03,75336,2025080304012289,GLH,Opal Securities Investment (PVT) Ltd.,Sharepro Securities Private Limited,500,275.0,137500.0,2025-08-03T13:00:44.676087
2025-08-03,75335,2025080304012290,GLH,Naasa Securities Co. Ltd.,Sharepro Securities Private Limited,20,275.0,5500.0,2025-08-03T13:00:44.676384
2025-08-03,75334,2025080304012291,GLH,Linch Stock Market Ltd.,Sharepro Securities Private Limited,100,275.0,27500.0,2025-08-03T13:00:44.676693
2025-08-03,75168,2025080304012327,GLH,Naasa Securities Co. Ltd.,Sharepro Securities Private Limited,100,275.0,27500.0,2025-08-03T13:01:00.44121
2025-08-03,75048,2025080304012345,GLH,Vision Securities Pvt. Ltd,Sharepro Securities Private Limited,10,275.0,2750.0,2025-08-03T13:01:10.245548
2025-08-03,74800,2025080304012390,GLH,Vision Securities Pvt. Ltd,Sharepro Securities Private Limited,248,275.0,68200.0,2025-08-03T13:01:31.593083
2025-08-03,74799,2025080304012391,GLH,Vision Securities Pvt. Ltd,Siprabi Securities Pvt. Ltd.,10,275.0,2750.0,2025-08-03T13:01:31.593465
2025-08-03,74792,2025080304012394,GLH,Sri Hari Securities Pvt. Ltd.,Imperial Securities Company Pvt. Ltd.,200,276.0,55200.0,2025-08-03T13:01:32.53905
2025-08-03,74584,2025080304012426,GLH,Sri Hari Securities Pvt. Ltd.,Sharepro Securities Private Limited,250,276.0,69000.0,2025-08-03T13:01:55.118632
2025-08-03,74256,2025080304012476,GLH,Vision Securities Pvt. Ltd,Vision Securities Pvt. Ltd,10,275.0,2750.0,2025-08-03T13:02:22.628481
2025-08-03,74227,2025080304012479,GLH,South Asian Bulls Pvt. Ltd.,Thrive Brokerage House Pvt. Ltd,200,276.0,55200.0,2025-08-03T13:02:25.588945
2025-08-03,73158,2025080304012649,GLH,Vision Securities Pvt. Ltd,Thrive Brokerage House Pvt. Ltd,232,275.0,63800.0,2025-08-03T13:04:01.635376
2025-08-03,72745,2025080304012719,GLH,Naasa Securities Co. Ltd.,Linch Stock Market Ltd.,500,275.2,137600.0,2025-08-03T13:04:50.121175
2025-08-03,72647,2025080304012737,GLH,Naasa Securities Co. Ltd.,Nepal Stock House (PVT) Ltd.,300,275.2,82560.0,2025-08-03T13:05:01.562489
2025-08-03,72606,2025080304012746,GLH,Sharepro Securities Private Limited,Dakshinkali Investment & Securities Pvt. Ltd.,10,275.1,2751.0,2025-08-03T13:05:05.427
2025-08-03,72508,2025080304012764,GLH,Sharepro Securities Private Limited,Nepal Stock House (PVT) Ltd.,990,275.1,272349.0,2025-08-03T13:05:17.805634
2025-08-03,72492,2025080304012768,GLH,Siprabi Securities Pvt. Ltd.,Nepal Stock House (PVT) Ltd.,10,275.1,2751.0,2025-08-03T13:05:20.355031
2025-08-03,72491,2025080304012769,GLH,Siprabi Securities Pvt. Ltd.,Nepal Stock House (PVT) Ltd.,65,275.2,17888.0,2025-08-03T13:05:20.355279
2025-08-03,72160,2025080304012813,GLH,Sharepro Securities Private Limited,Linch Stock Market Ltd.,1000,275.1,275100.0,2025-08-03T13:06:05.41876
2025-08-03,70729,2025080304013100,GLH,Dynamic Money Managers Securities Pvt. Ltd.,Primo Securities (PVT) Ltd.,10,275.0,2750.0,2025-08-03T13:09:37.05875
2025-08-03,70629,2025080304013120,GLH,Dynamic Money Managers Securities Pvt. Ltd.,Roadshow securities limited,10,275.0,2750.0,2025-08-03T13:09:53.325286
2025-08-03,70215,2025080304013199,GLH,Sweta Securities Private Limited,Sweta Securities Private Limited,340,275.5,93670.0,2025-08-03T13:10:57.52837
2025-08-03,69976,2025080304013246,GLH,Dynamic Money Managers Securities Pvt. Ltd.,Thrive Brokerage House Pvt. Ltd,50,276.0,13800.0,2025-08-03T13:11:34.136617
2025-08-03,69975,2025080304013247,GLH,Dynamic Money Managers Securities Pvt. Ltd.,ABC Securities Private Limited,25,276.0,6900.0,2025-08-03T13:11:34.13701
2025-08-03,69974,2025080304013248,GLH,Dynamic Money Managers Securities Pvt. Ltd.,Kalika Securities Pvt. Ltd.,200,276.0,55200.0,2025-08-03T13:11:34.13725
2025-08-03,69719,2025080304013311,GLH,Dynamic Money Managers Securities Pvt. Ltd.,Global IME Securities Limited,10,276.0,2760.0,2025-08-03T13:12:08.036019
2025-08-03,67827,2025080304013577,GLH,Dynamic Money Managers Securities Pvt. Ltd.,Linch Stock Market Ltd.,100,276.0,27600.0,2025-08-03T13:16:00.405797
2025-08-03,66689,2025080304013804,GLH,Sweta Securities Private Limited,Oxford Securities Pvt. Ltd.,160,276.1,44176.0,2025-08-03T13:18:19.281773
2025-08-03,66688,2025080304013805,GLH,Dynamic Money Managers Securities Pvt. Ltd.,Oxford Securities Pvt. Ltd.,95,276.0,26220.0,2025-08-03T13:18:19.282011
2025-08-03,66687,2025080304013806,GLH,Trisul Securities & Invt. Ltd.,Oxford Securities Pvt. Ltd.,100,276.0,27600.0,2025-08-03T13:18:19.282096
2025-08-03,66164,2025080304013897,GLH,South Asian Bulls Pvt. Ltd.,Opal Securities Investment (PVT) Ltd.,10,275.5,2755.0,2025-08-03T13:19:33.869114
2025-08-03,66034,2025080304013928,GLH,South Asian Bulls Pvt. Ltd.,Oxford Securities Pvt. Ltd.,405,275.5,111577.5,2025-08-03T13:19:50.076365
2025-08-03,63161,2025080304014498,GLH,Sri Hari Securities Pvt. Ltd.,Sani Securities Company Ltd.,70,275.6,19292.0,2025-08-03T13:24:50.727754
2025-08-03,63084,2025080304014510,GLH,Sri Hari Securities Pvt. Ltd.,Thrive Brokerage House Pvt. Ltd,208,275.6,57324.8,2025-08-03T13:25:01.766144
2025-08-03,61900,2025080304014695,GLH,Sri Hari Securities Pvt. Ltd.,Linch Stock Market Ltd.,50,275.6,13780.0,2025-08-03T13:27:05.390737
2025-08-03,61605,2025080304014745,GLH,Sri Hari Securities Pvt. Ltd.,Ashutosh Brokerage & Securities (PVT) Ltd.,10,275.6,2756.0,2025-08-03T13:27:39.773563
2025-08-03,61604,2025080304014746,GLH,Sri Hari Securities Pvt. Ltd.,Elite Stock House Limited,12,275.6,3307.2,2025-08-03T13:27:39.940309
2025-08-03,61595,2025080304014748,GLH,Secured Securities Ltd.,Elite Stock House Limited,20,275.6,5512.0,2025-08-03T13:27:40.601083
2025-08-03,61376,2025080304014775,GLH,South Asian Bulls Pvt. Ltd.,Elite Stock House Limited,85,275.5,23417.5,2025-08-03T13:28:04.070881
2025-08-03,61375,2025080304014776,GLH,Sri Hari Securities Pvt. Ltd.,Elite Stock House Limited,13,275.5,3581.5,2025-08-03T13:28:04.071131
2025-08-03,60927,2025080304014850,GLH,Sri Hari Securities Pvt. Ltd.,J.F. Securites (PVT) Ltd.,87,275.5,23968.5,2025-08-03T13:28:50.048333
2025-08-03,60926,2025080304014851,GLH,Sweta Securities Private Limited,J.F. Securites (PVT) Ltd.,400,275.4,110160.0,2025-08-03T13:28:50.048648
2025-08-03,60911,2025080304014854,GLH,INDEX SECURITIES LIMITED,J.F. Securites (PVT) Ltd.,13,275.4,3580.2,2025-08-03T13:28:52.111171
2025-08-03,60910,2025080304014855,GLH,INDEX SECURITIES LIMITED,Sani Securities Company Ltd.,10,276.0,2760.0,2025-08-03T13:28:52.111411
2025-08-03,60077,2025080304015016,GLH,INDEX SECURITIES LIMITED,Dakshinkali Investment & Securities Pvt. Ltd.,10,276.0,2760.0,2025-08-03T13:30:46.710651
2025-08-03,59903,2025080304015061,GLH,INDEX SECURITIES LIMITED,Bhrikuti Stock Broking Co. Pvt. Ltd.,10,276.0,2760.0,2025-08-03T13:31:03.167748
2025-08-03,59719,2025080304015082,GLH,INDEX SECURITIES LIMITED,Neev Securities Pvt. Ltd.,10,276.0,2760.0,2025-08-03T13:31:22.664759
2025-08-03,59660,2025080304015091,GLH,INDEX SECURITIES LIMITED,Nabil Stock Dealer Ltd.,10,276.0,2760.0,2025-08-03T13:31:32.147157
2025-08-03,58783,2025080304015303,GLH,INDEX SECURITIES LIMITED,Naasa Securities Co. Ltd.,10,276.0,2760.0,2025-08-03T13:33:13.215523
2025-08-03,57725,2025080304015519,GLH,INDEX SECURITIES LIMITED,Nepal Investment And Securities Trading Private Limited,927,276.0,255852.0,2025-08-03T13:35:10.586063
2025-08-03,57724,2025080304015520,GLH,Dipshikha Dhitopatra Karobar Co. Pvt Ltd.,Nepal Investment And Securities Trading Private Limited,500,276.0,138000.0,2025-08-03T13:35:10.586293
2025-08-03,57397,2025080304015581,GLH,Siprabi Securities Pvt. Ltd.,Oxford Securities Pvt. Ltd.,50,275.3,13765.0,2025-08-03T13:35:45.213054
2025-08-03,56595,2025080304015742,GLH,Naasa Securities Co. Ltd.,Linch Stock Market Ltd.,150,275.2,41280.0,2025-08-03T13:37:09.570848
2025-08-03,55578,2025080304015930,GLH,Naasa Securities Co. Ltd.,Naasa Securities Co. Ltd.,10,275.2,2752.0,2025-08-03T13:39:02.694713
2025-08-03,54675,2025080304016086,GLH,Sundhara Securities Limited,Nepal Stock House (PVT) Ltd.,100,275.3,27530.0,2025-08-03T13:40:45.236773
2025-08-03,54669,2025080304016088,GLH,Naasa Securities Co. Ltd.,Naasa Securities Co. Ltd.,40,275.2,11008.0,2025-08-03T13:40:46.347233
2025-08-03,54668,2025080304016089,GLH,Naasa Securities Co. Ltd.,Naasa Securities Co. Ltd.,200,275.2,55040.0,2025-08-03T13:40:46.347651
2025-08-03,54667,2025080304016090,GLH,Sewa Securities Pvt. Ltd.,Naasa Securities Co. Ltd.,215,275.1,59146.5,2025-08-03T13:40:46.347926
2025-08-03,54666,2025080304016091,GLH,Sani Securities Company Ltd.,Naasa Securities Co. Ltd.,450,275.1,123795.0,2025-08-03T13:40:46.348174
2025-08-03,54665,2025080304016092,GLH,Primo Securities (PVT) Ltd.,Naasa Securities Co. Ltd.,95,275.1,26134.5,2025-08-03T13:40:46.34847
2025-08-03,54505,2025080304016153,GLH,Primo Securities (PVT) Ltd.,Nepal Stock House (PVT) Ltd.,155,275.1,42640.5,2025-08-03T13:40:59.83545
2025-08-03,54504,2025080304016154,GLH,Sewa Securities Pvt. Ltd.,Nepal Stock House (PVT) Ltd.,45,275.1,12379.5,2025-08-03T13:40:59.835667
2025-08-03,54437,2025080304016167,GLH,Sewa Securities Pvt. Ltd.,Sundhara Securities Limited,10,275.1,2751.0,2025-08-03T13:41:07.867919
2025-08-03,54317,2025080304016197,GLH,Sewa Securities Pvt. Ltd.,Nepal Stock House (PVT) Ltd.,445,275.1,122419.5,2025-08-03T13:41:19.919143
2025-08-03,53931,2025080304016285,GLH,Sani Securities Company Ltd.,Nepal Stock House (PVT) Ltd.,40,275.0,11000.0,2025-08-03T13:41:57.76311
2025-08-03,53930,2025080304016286,GLH,Nagarik Stock Dealer ,Nepal Stock House (PVT) Ltd.,100,275.0,27500.0,2025-08-03T13:41:57.763354
2025-08-03,53929,2025080304016287,GLH,Sani Securities Company Ltd.,Nepal Stock House (PVT) Ltd.,39,275.0,10725.0,2025-08-03T13:41:57.763452
2025-08-03,53835,2025080304016315,GLH,Sani Securities Company Ltd.,Nepal Investment And Securities Trading Private Limited,573,275.0,157575.0,2025-08-03T13:42:06.416869
2025-08-03,53762,2025080304016329,GLH,Sani Securities Company Ltd.,Nepal Stock House (PVT) Ltd.,1188,275.0,326700.0,2025-08-03T13:42:15.681228
2025-08-03,53761,2025080304016330,GLH,Online Securities Pvt. Ltd.,Nepal Stock House (PVT) Ltd.,100,275.0,27500.0,2025-08-03T13:42:15.681541
2025-08-03,53760,2025080304016331,GLH,Capital Max Securities Ltd,Nepal Stock House (PVT) Ltd.,20,275.0,5500.0,2025-08-03T13:42:15.681623
2025-08-03,53759,2025080304016332,GLH,Online Securities Pvt. Ltd.,Nepal Stock House (PVT) Ltd.,1000,275.0,275000.0,2025-08-03T13:42:15.681704
2025-08-03,53758,2025080304016333,GLH,Swarna Laxmi Securities Pvt. Ltd.,Nepal Stock House (PVT) Ltd.,200,275.0,55000.0,2025-08-03T13:42:15.681787
2025-08-03,53757,2025080304016334,GLH,Siprabi Securities Pvt. Ltd.,Nepal Stock House (PVT) Ltd.,492,275.0,135300.0,2025-08-03T13:42:15.681867
2025-08-03,53515,2025080304016407,GLH,Linch Stock Market Ltd.,Nepal Stock House (PVT) Ltd.,3000,275.1,825300.0,2025-08-03T13:42:34.642984
2025-08-03,53259,2025080304016454,GLH,Online Securities Pvt. Ltd.,J.F. Securites (PVT) Ltd.,150,275.0,41250.0,2025-08-03T13:43:01.998123
2025-08-03,52956,2025080304016520,GLH,Online Securities Pvt. Ltd.,Kumari Securities Private Limited,220,275.0,60500.0,2025-08-03T13:43:35.504673
2025-08-03,52815,2025080304016545,GLH,Linch Stock Market Ltd.,Nepal Stock House (PVT) Ltd.,555,275.1,152680.5,2025-08-03T13:43:45.483743
2025-08-03,52814,2025080304016546,GLH,Linch Stock Market Ltd.,Naasa Securities Co. Ltd.,400,275.1,110040.0,2025-08-03T13:43:45.483971
2025-08-03,52813,2025080304016547,GLH,Linch Stock Market Ltd.,Investment Management Nepal Pvt. Ltd.,10,276.0,2760.0,2025-08-03T13:43:45.484065
2025-08-03,52792,2025080304016549,GLH,Online Securities Pvt. Ltd.,Linch Stock Market Ltd.,130,275.0,35750.0,2025-08-03T13:43:47.535234
2025-08-03,52791,2025080304016550,GLH,Thrive Brokerage House Pvt. Ltd,Linch Stock Market Ltd.,50,275.0,13750.0,2025-08-03T13:43:47.535473
2025-08-03,52790,2025080304016551,GLH,Aryatara Investment & Securities,Linch Stock Market Ltd.,70,275.0,19250.0,2025-08-03T13:43:47.53556
2025-08-03,51250,2025080304016800,GLH,Siprabi Securities Pvt. Ltd.,Sharepro Securities Private Limited,30,275.2,8256.0,2025-08-03T13:46:16.602398
2025-08-03,51249,2025080304016801,GLH,Online Securities Pvt. Ltd.,Sharepro Securities Private Limited,970,275.2,266944.0,2025-08-03T13:46:16.602629
2025-08-03,51018,2025080304016831,GLH,Dynamic Money Managers Securities Pvt. Ltd.,Nepal Stock House (PVT) Ltd.,500,275.9,137950.0,2025-08-03T13:46:36.458532
2025-08-03,50865,2025080304016853,GLH,Sani Securities Company Ltd.,Investment Management Nepal Pvt. Ltd.,10,276.0,2760.0,2025-08-03T13:46:52.592816
2025-08-03,50861,2025080304016854,GLH,Dynamic Money Managers Securities Pvt. Ltd.,Vision Securities Pvt. Ltd,10,275.9,2759.0,2025-08-03T13:46:53.402962
2025-08-03,50469,2025080304016927,GLH,Dynamic Money Managers Securities Pvt. Ltd.,Naasa Securities Co. Ltd.,490,275.9,135191.0,2025-08-03T13:47:41.088705
2025-08-03,50468,2025080304016928,GLH,Online Securities Pvt. Ltd.,Naasa Securities Co. Ltd.,30,275.2,8256.0,2025-08-03T13:47:41.088924
2025-08-03,50467,2025080304016929,GLH,Oxford Securities Pvt. Ltd.,Naasa Securities Co. Ltd.,280,275.1,77028.0,2025-08-03T13:47:41.089026
2025-08-03,50280,2025080304016955,GLH,Oxford Securities Pvt. Ltd.,Dynamic Money Managers Securities Pvt. Ltd.,10,275.1,2751.0,2025-08-03T13:48:03.531267
2025-08-03,49838,2025080304017098,GLH,Midas Stock Broking Company Private Limited,Investment Management Nepal Pvt. Ltd.,40,276.0,11040.0,2025-08-03T13:48:42.946569
2025-08-03,49738,2025080304017116,GLH,Oxford Securities Pvt. Ltd.,Agrawal Securities (PVT) Ltd.,10,275.1,2751.0,2025-08-03T13:48:52.563771
2025-08-03,48780,2025080304017288,GLH,Sani Securities Company Ltd.,Imperial Securities Company Pvt. Ltd.,30,275.2,8256.0,2025-08-03T13:50:40.226658
2025-08-03,47539,2025080304017543,GLH,Sani Securities Company Ltd.,Dakshinkali Investment & Securities Pvt. Ltd.,170,275.5,46835.0,2025-08-03T13:53:24.987729
2025-08-03,47480,2025080304017552,GLH,Sundhara Securities Limited,Neev Securities Pvt. Ltd.,10,275.3,2753.0,2025-08-03T13:53:34.567404
2025-08-03,47297,2025080304017594,GLH,Sundhara Securities Limited,Dynamic Money Managers Securities Pvt. Ltd.,10,275.3,2753.0,2025-08-03T13:54:02.122587
2025-08-03,46243,2025080304017810,GLH,Sundhara Securities Limited,Online Securities Pvt. Ltd.,30,275.3,8259.0,2025-08-03T13:55:50.029209
2025-08-03,46242,2025080304017811,GLH,ABC Securities Private Limited,Online Securities Pvt. Ltd.,100,275.3,27530.0,2025-08-03T13:55:50.029444
2025-08-03,46241,2025080304017812,GLH,Sani Securities Company Ltd.,Online Securities Pvt. Ltd.,50,275.2,13760.0,2025-08-03T13:55:50.029527
2025-08-03,46240,2025080304017813,GLH,Oxford Securities Pvt. Ltd.,Online Securities Pvt. Ltd.,200,275.1,55020.0,2025-08-03T13:55:50.029613
2025-08-03,46239,2025080304017814,GLH,Aryatara Investment & Securities,Online Securities Pvt. Ltd.,110,275.1,30261.0,2025-08-03T13:55:50.029693
2025-08-03,46238,2025080304017815,GLH,Vision Securities Pvt. Ltd,Online Securities Pvt. Ltd.,500,275.1,137550.0,2025-08-03T13:55:50.029774
2025-08-03,46237,2025080304017816,GLH,Aryatara Investment & Securities,Online Securities Pvt. Ltd.,30,275.0,8250.0,2025-08-03T13:55:50.029884
2025-08-03,46236,2025080304017817,GLH,Aryatara Investment & Securities,Online Securities Pvt. Ltd.,200,275.0,55000.0,2025-08-03T13:55:50.029992
2025-08-03,46235,2025080304017818,GLH,South Asian Bulls Pvt. Ltd.,Online Securities Pvt. Ltd.,500,275.0,137500.0,2025-08-03T13:55:50.030086
2025-08-03,46234,2025080304017819,GLH,Dipshikha Dhitopatra Karobar Co. Pvt Ltd.,Online Securities Pvt. Ltd.,300,275.0,82500.0,2025-08-03T13:55:50.030188
2025-08-03,46101,2025080304017838,GLH,INDEX SECURITIES LIMITED,Investment Management Nepal Pvt. Ltd.,140,276.0,38640.0,2025-08-03T13:56:05.471174
2025-08-03,46100,2025080304017839,GLH,INDEX SECURITIES LIMITED,Aryatara Investment & Securities,25,276.0,6900.0,2025-08-03T13:56:05.47148
2025-08-03,46099,2025080304017840,GLH,INDEX SECURITIES LIMITED,Online Securities Pvt. Ltd.,140,276.0,38640.0,2025-08-03T13:56:05.471566
2025-08-03,46098,2025080304017841,GLH,INDEX SECURITIES LIMITED,Naasa Securities Co. Ltd.,20,276.0,5520.0,2025-08-03T13:56:05.471644
2025-08-03,46097,2025080304017842,GLH,INDEX SECURITIES LIMITED,Imperial Securities Company Pvt. Ltd.,675,276.0,186300.0,2025-08-03T13:56:05.471721
2025-08-03,46057,2025080304017857,GLH,Shree Krishna Securities Ltd.,J.F. Securites (PVT) Ltd.,100,275.5,27550.0,2025-08-03T13:56:10.8234
2025-08-03,44511,2025080304018267,GLH,Shree Krishna Securities Ltd.,Dynamic Money Managers Securities Pvt. Ltd.,10,275.5,2755.0,2025-08-03T13:59:19.784177
2025-08-03,44177,2025080304018352,GLH,Shree Krishna Securities Ltd.,Aryatara Investment & Securities,251,275.5,69150.5,2025-08-03T13:59:57.459882
2025-08-03,44176,2025080304018353,GLH,Primo Securities (PVT) Ltd.,Aryatara Investment & Securities,139,275.5,38294.5,2025-08-03T13:59:57.46011
2025-08-03,43749,2025080304018430,GLH,Primo Securities (PVT) Ltd.,Naasa Securities Co. Ltd.,10,275.5,2755.0,2025-08-03T14:00:53.867844
2025-08-03,43327,2025080304018506,GLH,Primo Securities (PVT) Ltd.,Dipshikha Dhitopatra Karobar Co. Pvt Ltd.,151,275.5,41600.5,2025-08-03T14:01:47.773945
2025-08-03,42481,2025080304018631,GLH,Vision Securities Pvt. Ltd,Imperial Securities Company Pvt. Ltd.,500,275.2,137600.0,2025-08-03T14:03:27.382389
2025-08-03,42480,2025080304018632,GLH,Nepal Stock House (PVT) Ltd.,Imperial Securities Company Pvt. Ltd.,500,275.1,137550.0,2025-08-03T14:03:27.382455
2025-08-03,41025,2025080304019011,GLH,Nepal Stock House (PVT) Ltd.,Blue Chip Securities Ltd,50,275.1,13755.0,2025-08-03T14:07:22.817408
2025-08-03,40979,2025080304019023,GLH,Nepal Stock House (PVT) Ltd.,Nepal Stock House (PVT) Ltd.,450,275.1,123795.0,2025-08-03T14:07:28.61862
2025-08-03,40978,2025080304019024,GLH,Linch Stock Market Ltd.,Nepal Stock House (PVT) Ltd.,250,275.1,68775.0,2025-08-03T14:07:28.618891
2025-08-03,40977,2025080304019025,GLH,Sani Securities Company Ltd.,Nepal Stock House (PVT) Ltd.,10,275.1,2751.0,2025-08-03T14:07:28.619008
2025-08-03,40976,2025080304019026,GLH,South Asian Bulls Pvt. Ltd.,Nepal Stock House (PVT) Ltd.,300,275.1,82530.0,2025-08-03T14:07:28.619104
2025-08-03,40975,2025080304019027,GLH,Dipshikha Dhitopatra Karobar Co. Pvt Ltd.,Nepal Stock House (PVT) Ltd.,700,275.0,192500.0,2025-08-03T14:07:28.619189
2025-08-03,40974,2025080304019028,GLH,Online Securities Pvt. Ltd.,Nepal Stock House (PVT) Ltd.,443,275.0,121825.0,2025-08-03T14:07:28.619278
2025-08-03,40873,2025080304019047,GLH,Online Securities Pvt. Ltd.,Naasa Securities Co. Ltd.,210,275.0,57750.0,2025-08-03T14:07:46.555621
2025-08-03,40597,2025080304019108,GLH,Online Securities Pvt. Ltd.,Aryatara Investment & Securities,180,275.0,49500.0,2025-08-03T14:08:29.519897
2025-08-03,40501,2025080304019141,GLH,Opal Securities Investment (PVT) Ltd.,Sani Securities Company Ltd.,1000,275.1,275100.0,2025-08-03T14:08:48.100919
2025-08-03,40500,2025080304019142,GLH,Online Securities Pvt. Ltd.,Sani Securities Company Ltd.,100,275.0,27500.0,2025-08-03T14:08:48.101416
2025-08-03,39594,2025080304019350,GLH,Ashutosh Brokerage & Securities (PVT) Ltd.,Dipshikha Dhitopatra Karobar Co. Pvt Ltd.,149,275.9,41109.1,2025-08-03T14:10:57.973708
2025-08-03,39545,2025080304019358,GLH,Ashutosh Brokerage & Securities (PVT) Ltd.,Imperial Securities Company Pvt. Ltd.,10,275.9,2759.0,2025-08-03T14:11:02.45442
2025-08-03,39430,2025080304019407,GLH,Linch Stock Market Ltd.,Imperial Securities Company Pvt. Ltd.,10,276.0,2760.0,2025-08-03T14:11:21.635581
2025-08-03,39420,2025080304019412,GLH,Ashutosh Brokerage & Securities (PVT) Ltd.,Imperial Securities Company Pvt. Ltd.,15,276.0,4140.0,2025-08-03T14:11:24.166078
2025-08-03,39419,2025080304019413,GLH,Ashutosh Brokerage & Securities (PVT) Ltd.,Siprabi Securities Pvt. Ltd.,26,276.0,7176.0,2025-08-03T14:11:24.166333
2025-08-03,39139,2025080304019509,GLH,Creative Securities Pvt Ltd,Siprabi Securities Pvt. Ltd.,30,276.0,8280.0,2025-08-03T14:12:13.210002
2025-08-03,38711,2025080304019624,GLH,Trishakti Securities Public Limited,Sharepro Securities Private Limited,240,275.2,66048.0,2025-08-03T14:13:03.9655
2025-08-03,38710,2025080304019625,GLH,Agrawal Securities (PVT) Ltd.,Sharepro Securities Private Limited,300,275.1,82530.0,2025-08-03T14:13:03.965734
2025-08-03,38709,2025080304019626,GLH,Aryatara Investment & Securities,Sharepro Securities Private Limited,200,275.1,55020.0,2025-08-03T14:13:03.965819
2025-08-03,38708,2025080304019627,GLH,J.F. Securites (PVT) Ltd.,Sharepro Securities Private Limited,40,275.1,11004.0,2025-08-03T14:13:03.965906
2025-08-03,38707,2025080304019628,GLH,Vision Securities Pvt. Ltd,Sharepro Securities Private Limited,100,275.1,27510.0,2025-08-03T14:13:03.965989
2025-08-03,38706,2025080304019629,GLH,Online Securities Pvt. Ltd.,Sharepro Securities Private Limited,67,275.0,18425.0,2025-08-03T14:13:03.966077
2025-08-03,38705,2025080304019630,GLH,Elite Stock House Limited,Sharepro Securities Private Limited,200,275.0,55000.0,2025-08-03T14:13:03.966163
2025-08-03,38704,2025080304019631,GLH,Dipshikha Dhitopatra Karobar Co. Pvt Ltd.,Sharepro Securities Private Limited,2000,275.0,550000.0,2025-08-03T14:13:03.966248
2025-08-03,38703,2025080304019632,GLH,Premier Securities Company Ltd.,Sharepro Securities Private Limited,500,275.0,137500.0,2025-08-03T14:13:03.966337
2025-08-03,38702,2025080304019633,GLH,Dipshikha Dhitopatra Karobar Co. Pvt Ltd.,Sharepro Securities Private Limited,1000,275.0,275000.0,2025-08-03T14:13:03.966418
2025-08-03,38701,2025080304019634,GLH,Linch Stock Market Ltd.,Sharepro Securities Private Limited,1000,275.0,275000.0,2025-08-03T14:13:03.966496
2025-08-03,38700,2025080304019635,GLH,Online Securities Pvt. Ltd.,Sharepro Securities Private Limited,10,275.0,2750.0,2025-08-03T14:13:03.966575
2025-08-03,38699,2025080304019636,GLH,Dipshikha Dhitopatra Karobar Co. Pvt Ltd.,Sharepro Securities Private Limited,300,275.0,82500.0,2025-08-03T14:13:03.966653
2025-08-03,38698,2025080304019637,GLH,Naasa Securities Co. Ltd.,Sharepro Securities Private Limited,21,275.0,5775.0,2025-08-03T14:13:03.96673
2025-08-03,38697,2025080304019638,GLH,Naasa Securities Co. Ltd.,Sharepro Securities Private Limited,22,275.0,6050.0,2025-08-03T14:13:03.966807
2025-08-03,38586,2025080304019670,GLH,Linch Stock Market Ltd.,K.B.L. Securities Limited ,10,275.5,2755.0,2025-08-03T14:13:23.400538
2025-08-03,37539,2025080304019934,GLH,Linch Stock Market Ltd.,Malla & Malla Stock Broking Company Pvt. Limited,50,275.0,13750.0,2025-08-03T14:15:48.072731
2025-08-03,37538,2025080304019935,GLH,Linch Stock Market Ltd.,K.B.L. Securities Limited ,10,275.5,2755.0,2025-08-03T14:15:48.073048
2025-08-03,37117,2025080304020009,GLH,South Asian Bulls Pvt. Ltd.,Dipshikha Dhitopatra Karobar Co. Pvt Ltd.,50,275.0,13750.0,2025-08-03T14:16:46.229665
2025-08-03,37116,2025080304020010,GLH,Online Securities Pvt. Ltd.,Dipshikha Dhitopatra Karobar Co. Pvt Ltd.,10,275.0,2750.0,2025-08-03T14:16:46.229975
2025-08-03,37115,2025080304020011,GLH,Ashutosh Brokerage & Securities (PVT) Ltd.,Dipshikha Dhitopatra Karobar Co. Pvt Ltd.,200,275.0,55000.0,2025-08-03T14:16:46.230067
2025-08-03,37114,2025080304020012,GLH,Naasa Securities Co. Ltd.,Dipshikha Dhitopatra Karobar Co. Pvt Ltd.,210,274.9,57729.0,2025-08-03T14:16:46.230148
2025-08-03,37036,2025080304020025,GLH,Naasa Securities Co. Ltd.,Premier Securities Company Ltd.,260,274.9,71474.0,2025-08-03T14:16:56.607853
2025-08-03,37035,2025080304020026,GLH,Sharepro Securities Private Limited,Premier Securities Company Ltd.,1000,274.8,274800.0,2025-08-03T14:16:56.607901
2025-08-03,37034,2025080304020027,GLH,Sewa Securities Pvt. Ltd.,Premier Securities Company Ltd.,250,274.7,68675.0,2025-08-03T14:16:56.607934
2025-08-03,37033,2025080304020028,GLH,Aryatara Investment & Securities,Premier Securities Company Ltd.,150,274.6,41190.0,2025-08-03T14:16:56.607962
2025-08-03,37032,2025080304020029,GLH,Sharepro Securities Private Limited,Premier Securities Company Ltd.,140,274.5,38430.0,2025-08-03T14:16:56.607991
2025-08-03,36383,2025080304020317,GLH,Linch Stock Market Ltd.,Linch Stock Market Ltd.,10,275.4,2754.0,2025-08-03T14:18:09.435077
2025-08-03,36226,2025080304020364,GLH,Premier Securities Company Ltd.,Linch Stock Market Ltd.,40,275.0,11000.0,2025-08-03T14:18:35.645427
2025-08-03,36184,2025080304020370,GLH,Premier Securities Company Ltd.,Siprabi Securities Pvt. Ltd.,751,275.0,206525.0,2025-08-03T14:18:41.922241
2025-08-03,35908,2025080304020421,GLH,Linch Stock Market Ltd.,K.B.L. Securities Limited ,10,275.5,2755.0,2025-08-03T14:19:13.01041
2025-08-03,35758,2025080304020469,GLH,Premier Securities Company Ltd.,Asian Securities Private Ltd.,209,275.0,57475.0,2025-08-03T14:19:31.651959
2025-08-03,35757,2025080304020470,GLH,Sharepro Securities Private Limited,Asian Securities Private Ltd.,1860,274.5,510570.0,2025-08-03T14:19:31.652243
2025-08-03,35756,2025080304020471,GLH,Trisul Securities & Invt. Ltd.,Asian Securities Private Ltd.,100,274.5,27450.0,2025-08-03T14:19:31.652356
2025-08-03,35755,2025080304020472,GLH,Aryatara Investment & Securities,Asian Securities Private Ltd.,500,274.5,137250.0,2025-08-03T14:19:31.652439
2025-08-03,35754,2025080304020473,GLH,Nepal Stock House (PVT) Ltd.,Asian Securities Private Ltd.,1000,274.5,274500.0,2025-08-03T14:19:31.65252
2025-08-03,35753,2025080304020474,GLH,J.F. Securites (PVT) Ltd.,Asian Securities Private Ltd.,40,274.4,10976.0,2025-08-03T14:19:31.652601
2025-08-03,35752,2025080304020475,GLH,Dakshinkali Investment & Securities Pvt. Ltd.,Asian Securities Private Ltd.,200,274.4,54880.0,2025-08-03T14:19:31.652705
2025-08-03,35751,2025080304020476,GLH,Siprabi Securities Pvt. Ltd.,Asian Securities Private Ltd.,2000,274.1,548200.0,2025-08-03T14:19:31.652795
2025-08-03,35750,2025080304020477,GLH,ABC Securities Private Limited,Asian Securities Private Ltd.,10,274.0,2740.0,2025-08-03T14:19:31.652879
2025-08-03,35749,2025080304020478,GLH,Dakshinkali Investment & Securities Pvt. Ltd.,Asian Securities Private Ltd.,100,274.0,27400.0,2025-08-03T14:19:31.65296
2025-08-03,35748,2025080304020479,GLH,Vision Securities Pvt. Ltd,Asian Securities Private Ltd.,100,274.0,27400.0,2025-08-03T14:19:31.653054
2025-08-03,35747,2025080304020480,GLH,Sewa Securities Pvt. Ltd.,Asian Securities Private Ltd.,100,274.0,27400.0,2025-08-03T14:19:31.653135
2025-08-03,35746,2025080304020481,GLH,Secured Securities Ltd.,Asian Securities Private Ltd.,281,274.0,76994.0,2025-08-03T14:19:31.653212
2025-08-03,35487,2025080304020552,GLH,Siprabi Securities Pvt. Ltd.,Secured Securities Ltd.,200,274.5,54900.0,2025-08-03T14:20:04.387901
2025-08-03,34810,2025080304020713,GLH,Siprabi Securities Pvt. Ltd.,Imperial Securities Company Pvt. Ltd.,263,274.5,72193.5,2025-08-03T14:21:25.167138
2025-08-03,34809,2025080304020714,GLH,Siprabi Securities Pvt. Ltd.,Imperial Securities Company Pvt. Ltd.,737,274.1,202011.7,2025-08-03T14:21:25.167374
2025-08-03,34703,2025080304020746,GLH,Siprabi Securities Pvt. Ltd.,Sharepro Securities Private Limited,263,274.1,72088.3,2025-08-03T14:21:36.528925
2025-08-03,34702,2025080304020747,GLH,Secured Securities Ltd.,Sharepro Securities Private Limited,719,274.0,197006.0,2025-08-03T14:21:36.529191
2025-08-03,34701,2025080304020748,GLH,Shree Krishna Securities Ltd.,Sharepro Securities Private Limited,10,274.0,2740.0,2025-08-03T14:21:36.529293
2025-08-03,34700,2025080304020749,GLH,Naasa Securities Co. Ltd.,Sharepro Securities Private Limited,78,274.0,21372.0,2025-08-03T14:21:36.529385
2025-08-03,34244,2025080304020871,GLH,Dipshikha Dhitopatra Karobar Co. Pvt Ltd.,Sharepro Securities Private Limited,50,274.0,13700.0,2025-08-03T14:22:26.625749
2025-08-03,33617,2025080304021024,GLH,ABC Securities Private Limited,Premier Securities Company Ltd.,10,273.5,2735.0,2025-08-03T14:23:31.929864
2025-08-03,33419,2025080304021077,GLH,INDEX SECURITIES LIMITED,Sharepro Securities Private Limited,880,274.0,241120.0,2025-08-03T14:23:45.095088
2025-08-03,33418,2025080304021078,GLH,INDEX SECURITIES LIMITED,J.F. Securites (PVT) Ltd.,10,274.0,2740.0,2025-08-03T14:23:45.09554
2025-08-03,33417,2025080304021079,GLH,INDEX SECURITIES LIMITED,Premier Securities Company Ltd.,110,274.0,30140.0,2025-08-03T14:23:45.095791
2025-08-03,32453,2025080304021212,GLH,J.F. Securites (PVT) Ltd.,Arun Securities (PVT) Ltd.,20,273.4,5468.0,2025-08-03T14:25:12.538831
2025-08-03,31550,2025080304021418,GLH,Sewa Securities Pvt. Ltd.,Premier Securities Company Ltd.,10,273.5,2735.0,2025-08-03T14:26:53.783923
2025-08-03,31475,2025080304021435,GLH,Sewa Securities Pvt. Ltd.,Trisul Securities & Invt. Ltd.,10,273.5,2735.0,2025-08-03T14:27:02.370271
2025-08-03,31314,2025080304021489,GLH,Sewa Securities Pvt. Ltd.,Capital Max Securities Ltd,230,273.5,62905.0,2025-08-03T14:27:18.474893
2025-08-03,31040,2025080304021559,GLH,J.F. Securites (PVT) Ltd.,Trishakti Securities Public Limited,80,273.4,21872.0,2025-08-03T14:27:46.798599
2025-08-03,31039,2025080304021560,GLH,Asian Securities Private Ltd.,Trishakti Securities Public Limited,920,273.3,251436.0,2025-08-03T14:27:46.798857
2025-08-03,30815,2025080304021602,GLH,Asian Securities Private Ltd.,Trishakti Securities Public Limited,80,273.3,21864.0,2025-08-03T14:28:07.957463
2025-08-03,30814,2025080304021603,GLH,Aryatara Investment & Securities,Trishakti Securities Public Limited,1550,273.2,423460.0,2025-08-03T14:28:07.957723
2025-08-03,30813,2025080304021604,GLH,Vision Securities Pvt. Ltd,Trishakti Securities Public Limited,370,273.2,101084.0,2025-08-03T14:28:07.957808
2025-08-03,30555,2025080304021652,GLH,Ashutosh Brokerage & Securities (PVT) Ltd.,Capital Max Securities Ltd,100,273.3,27330.0,2025-08-03T14:28:28.838874
2025-08-03,30306,2025080304021737,GLH,Vision Securities Pvt. Ltd,Capital Max Securities Ltd,130,273.2,35516.0,2025-08-03T14:28:53.994206
2025-08-03,30216,2025080304021769,GLH,Aryatara Investment & Securities,Trishakti Securities Public Limited,570,273.1,155667.0,2025-08-03T14:29:03.529581
2025-08-03,30167,2025080304021783,GLH,Aryatara Investment & Securities,Online Securities Pvt. Ltd.,1180,273.1,322258.0,2025-08-03T14:29:10.665256
2025-08-03,30166,2025080304021784,GLH,Sundhara Securities Limited,Online Securities Pvt. Ltd.,100,273.0,27300.0,2025-08-03T14:29:10.665866
2025-08-03,30165,2025080304021785,GLH,Dipshikha Dhitopatra Karobar Co. Pvt Ltd.,Online Securities Pvt. Ltd.,100,273.0,27300.0,2025-08-03T14:29:10.66621
2025-08-03,30164,2025080304021786,GLH,ABC Securities Private Limited,Online Securities Pvt. Ltd.,20,273.0,5460.0,2025-08-03T14:29:10.66668
2025-08-03,30163,2025080304021787,GLH,Imperial Securities Company Pvt. Ltd.,Online Securities Pvt. Ltd.,300,273.0,81900.0,2025-08-03T14:29:10.667066
2025-08-03,30162,2025080304021788,GLH,Siprabi Securities Pvt. Ltd.,Online Securities Pvt. Ltd.,70,273.0,19110.0,2025-08-03T14:29:10.667384
2025-08-03,30161,2025080304021789,GLH,Sani Securities Company Ltd.,Online Securities Pvt. Ltd.,230,273.0,62790.0,2025-08-03T14:29:10.667708
2025-08-03,30028,2025080304021807,GLH,Sani Securities Company Ltd.,Capital Max Securities Ltd,40,273.0,10920.0,2025-08-03T14:29:19.153816
2025-08-03,29910,2025080304021822,GLH,Sewa Securities Pvt. Ltd.,Sani Securities Company Ltd.,20,273.2,5464.0,2025-08-03T14:29:30.681168
2025-08-03,29695,2025080304021871,GLH,Sani Securities Company Ltd.,Investment Management Nepal Pvt. Ltd.,200,273.0,54600.0,2025-08-03T14:29:53.132266
2025-08-03,29438,2025080304021917,GLH,Siprabi Securities Pvt. Ltd.,Sani Securities Company Ltd.,40,273.2,10928.0,2025-08-03T14:30:09.398103
2025-08-03,29299,2025080304021938,GLH,Sani Securities Company Ltd.,Naasa Securities Co. Ltd.,10,273.0,2730.0,2025-08-03T14:30:21.847807
2025-08-03,28395,2025080304022058,GLH,Capital Max Securities Ltd,Kumari Securities Private Limited,10,273.1,2731.0,2025-08-03T14:31:35.238011
2025-08-03,28332,2025080304022071,GLH,Capital Max Securities Ltd,Trisul Securities & Invt. Ltd.,70,273.1,19117.0,2025-08-03T14:31:40.634984
2025-08-03,27550,2025080304022265,GLH,Capital Max Securities Ltd,Naasa Securities Co. Ltd.,300,273.1,81930.0,2025-08-03T14:32:49.36957
2025-08-03,27405,2025080304022302,GLH,Siprabi Securities Pvt. Ltd.,Sani Securities Company Ltd.,20,273.2,5464.0,2025-08-03T14:33:03.800934
2025-08-03,27092,2025080304022392,GLH,Sumeru Securities Pvt. Ltd.,Sani Securities Company Ltd.,10,273.2,2732.0,2025-08-03T14:33:28.426871
2025-08-03,26924,2025080304022434,GLH,Kohinoor Investment & Securities Pvt. Ltd.,Sani Securities Company Ltd.,10,273.2,2732.0,2025-08-03T14:33:45.202621
2025-08-03,26767,2025080304022490,GLH,Capital Max Securities Ltd,Kumari Securities Private Limited,120,273.1,32772.0,2025-08-03T14:33:53.92563
2025-08-03,26766,2025080304022491,GLH,Dynamic Money Managers Securities Pvt. Ltd.,Kumari Securities Private Limited,80,273.1,21848.0,2025-08-03T14:33:53.926044
2025-08-03,26670,2025080304022514,GLH,Dynamic Money Managers Securities Pvt. Ltd.,Dakshinkali Investment & Securities Pvt. Ltd.,1000,273.1,273100.0,2025-08-03T14:34:03.315146
2025-08-03,26536,2025080304022538,GLH,Dynamic Money Managers Securities Pvt. Ltd.,Kohinoor Investment & Securities Pvt. Ltd.,800,273.1,218480.0,2025-08-03T14:34:15.475812
2025-08-03,26297,2025080304022601,GLH,Dynamic Money Managers Securities Pvt. Ltd.,Kohinoor Investment & Securities Pvt. Ltd.,120,273.1,32772.0,2025-08-03T14:34:31.838803
2025-08-03,26296,2025080304022602,GLH,Sani Securities Company Ltd.,Kohinoor Investment & Securities Pvt. Ltd.,680,273.0,185640.0,2025-08-03T14:34:31.839252
2025-08-03,25986,2025080304022689,GLH,Siprabi Securities Pvt. Ltd.,Sani Securities Company Ltd.,75,273.2,20490.0,2025-08-03T14:34:54.298791
2025-08-03,25885,2025080304022746,GLH,Nepal Stock House (PVT) Ltd.,Sani Securities Company Ltd.,182,273.2,49722.4,2025-08-03T14:35:00.39449
2025-08-03,25884,2025080304022747,GLH,Nepal Stock House (PVT) Ltd.,Kalika Securities Pvt. Ltd.,10,273.2,2732.0,2025-08-03T14:35:00.394909
2025-08-03,25194,2025080304022944,GLH,Aryatara Investment & Securities,Bhrikuti Stock Broking Co. Pvt. Ltd.,50,273.2,13660.0,2025-08-03T14:35:56.385059
2025-08-03,25133,2025080304022955,GLH,Nepal Stock House (PVT) Ltd.,Sajilo Broker Limited,18,273.9,4930.2,2025-08-03T14:36:00.703546
2025-08-03,24996,2025080304023017,GLH,Aryatara Investment & Securities,Deevyaa Securities & Stock House Pvt. Ltd,250,273.2,68300.0,2025-08-03T14:36:11.103031
2025-08-03,24910,2025080304023032,GLH,Siprabi Securities Pvt. Ltd.,Naasa Securities Co. Ltd.,10,273.1,2731.0,2025-08-03T14:36:18.087565
2025-08-03,24817,2025080304023061,GLH,Siprabi Securities Pvt. Ltd.,Vision Securities Pvt. Ltd,10,273.1,2731.0,2025-08-03T14:36:25.154969
2025-08-03,24436,2025080304023153,GLH,Siprabi Securities Pvt. Ltd.,Deevyaa Securities & Stock House Pvt. Ltd,10,273.1,2731.0,2025-08-03T14:36:56.460678
2025-08-03,24435,2025080304023154,GLH,Vision Securities Pvt. Ltd,Deevyaa Securities & Stock House Pvt. Ltd,40,273.1,10924.0,2025-08-03T14:36:56.460883
2025-08-03,24429,2025080304023155,GLH,Vision Securities Pvt. Ltd,Kumari Securities Private Limited,500,273.1,136550.0,2025-08-03T14:36:56.967845
2025-08-03,24204,2025080304023227,GLH,Vision Securities Pvt. Ltd,Dakshinkali Investment & Securities Pvt. Ltd.,950,273.1,259445.0,2025-08-03T14:37:15.237191
2025-08-03,23867,2025080304023345,GLH,Vision Securities Pvt. Ltd,INDEX SECURITIES LIMITED,1010,273.1,275831.0,2025-08-03T14:37:42.31675
2025-08-03,23866,2025080304023346,GLH,Sani Securities Company Ltd.,INDEX SECURITIES LIMITED,290,273.0,79170.0,2025-08-03T14:37:42.31679
2025-08-03,23653,2025080304023382,GLH,Sani Securities Company Ltd.,Kumari Securities Private Limited,350,273.0,95550.0,2025-08-03T14:38:01.67337
2025-08-03,23652,2025080304023383,GLH,Aryatara Investment & Securities,Kumari Securities Private Limited,200,273.0,54600.0,2025-08-03T14:38:01.673576
2025-08-03,23651,2025080304023384,GLH,Dipshikha Dhitopatra Karobar Co. Pvt Ltd.,Kumari Securities Private Limited,10,273.0,2730.0,2025-08-03T14:38:01.673702
2025-08-03,23650,2025080304023385,GLH,Opal Securities Investment (PVT) Ltd.,Kumari Securities Private Limited,100,273.0,27300.0,2025-08-03T14:38:01.673781
2025-08-03,23649,2025080304023386,GLH,Dipshikha Dhitopatra Karobar Co. Pvt Ltd.,Kumari Securities Private Limited,40,273.0,10920.0,2025-08-03T14:38:01.673859
2025-08-03,23229,2025080304023482,GLH,ABC Securities Private Limited,Sani Securities Company Ltd.,10,273.1,2731.0,2025-08-03T14:38:43.245512
2025-08-03,22860,2025080304023555,GLH,Deevyaa Securities & Stock House Pvt. Ltd,Sajilo Broker Limited,20,273.9,5478.0,2025-08-03T14:39:13.220908
2025-08-03,22720,2025080304023602,GLH,ABC Securities Private Limited,Sumeru Securities Pvt. Ltd.,290,273.1,79199.0,2025-08-03T14:39:26.356785
2025-08-03,21936,2025080304023807,GLH,Dipshikha Dhitopatra Karobar Co. Pvt Ltd.,Sumeru Securities Pvt. Ltd.,10,273.0,2730.0,2025-08-03T14:40:37.943957
2025-08-03,21935,2025080304023808,GLH,Dipshikha Dhitopatra Karobar Co. Pvt Ltd.,Sumeru Securities Pvt. Ltd.,300,273.0,81900.0,2025-08-03T14:40:37.944195
2025-08-03,21934,2025080304023809,GLH,Dipshikha Dhitopatra Karobar Co. Pvt Ltd.,Sumeru Securities Pvt. Ltd.,200,273.0,54600.0,2025-08-03T14:40:37.944273
2025-08-03,21933,2025080304023810,GLH,Siprabi Securities Pvt. Ltd.,Sumeru Securities Pvt. Ltd.,80,273.0,21840.0,2025-08-03T14:40:37.944364
2025-08-03,20941,2025080304024068,GLH,Linch Stock Market Ltd.,Sumeru Securities Pvt. Ltd.,10,273.0,2730.0,2025-08-03T14:41:49.722499
2025-08-03,20940,2025080304024069,GLH,Linch Stock Market Ltd.,Sumeru Securities Pvt. Ltd.,10,273.0,2730.0,2025-08-03T14:41:49.722911
2025-08-03,20824,2025080304024106,GLH,Linch Stock Market Ltd.,Capital Hub P. Ltd,180,273.0,49140.0,2025-08-03T14:41:56.698348
2025-08-03,20823,2025080304024107,GLH,Naasa Securities Co. Ltd.,Capital Hub P. Ltd,50,272.9,13645.0,2025-08-03T14:41:56.698558
2025-08-03,20822,2025080304024108,GLH,Siprabi Securities Pvt. Ltd.,Capital Hub P. Ltd,2000,272.8,545600.0,2025-08-03T14:41:56.69864
2025-08-03,20821,2025080304024109,GLH,Linch Stock Market Ltd.,Capital Hub P. Ltd,400,272.5,109000.0,2025-08-03T14:41:56.698719
2025-08-03,20820,2025080304024110,GLH,Siprabi Securities Pvt. Ltd.,Capital Hub P. Ltd,1500,272.1,408150.0,2025-08-03T14:41:56.698798
2025-08-03,20819,2025080304024111,GLH,Asian Securities Private Ltd.,Capital Hub P. Ltd,59,272.1,16053.9,2025-08-03T14:41:56.698873
2025-08-03,20540,2025080304024186,GLH,Asian Securities Private Ltd.,Siprabi Securities Pvt. Ltd.,941,272.1,256046.1,2025-08-03T14:42:13.912977
2025-08-03,20539,2025080304024187,GLH,Vision Securities Pvt. Ltd,Siprabi Securities Pvt. Ltd.,300,272.1,81630.0,2025-08-03T14:42:13.913205
2025-08-03,20538,2025080304024188,GLH,Imperial Securities Company Pvt. Ltd.,Siprabi Securities Pvt. Ltd.,100,272.0,27200.0,2025-08-03T14:42:13.913287
2025-08-03,20537,2025080304024189,GLH,Primo Securities (PVT) Ltd.,Siprabi Securities Pvt. Ltd.,59,272.0,16048.0,2025-08-03T14:42:13.913373
2025-08-03,20038,2025080304024308,GLH,Primo Securities (PVT) Ltd.,Naasa Securities Co. Ltd.,41,272.0,11152.0,2025-08-03T14:42:51.746804
2025-08-03,20037,2025080304024309,GLH,Indira securities pvt. ltd,Naasa Securities Co. Ltd.,200,272.0,54400.0,2025-08-03T14:42:51.747024
2025-08-03,20036,2025080304024310,GLH,Kumari Securities Private Limited,Naasa Securities Co. Ltd.,1000,272.0,272000.0,2025-08-03T14:42:51.747125
2025-08-03,20035,2025080304024311,GLH,Linch Stock Market Ltd.,Naasa Securities Co. Ltd.,100,272.0,27200.0,2025-08-03T14:42:51.747208
2025-08-03,20034,2025080304024312,GLH,Imperial Securities Company Pvt. Ltd.,Naasa Securities Co. Ltd.,287,272.0,78064.0,2025-08-03T14:42:51.747293
2025-08-03,18975,2025080304024551,GLH,Imperial Securities Company Pvt. Ltd.,Naasa Securities Co. Ltd.,213,272.0,57936.0,2025-08-03T14:44:14.610181
2025-08-03,18974,2025080304024552,GLH,Sani Securities Company Ltd.,Naasa Securities Co. Ltd.,287,272.0,78064.0,2025-08-03T14:44:14.610392
2025-08-03,18278,2025080304024715,GLH,Nepal Investment And Securities Trading Private Limited,Online Securities Pvt. Ltd.,10,273.7,2737.0,2025-08-03T14:44:59.532711
2025-08-03,17875,2025080304024784,GLH,Siprabi Securities Pvt. Ltd.,ABC Securities Private Limited,80,272.1,21768.0,2025-08-03T14:45:23.636284
2025-08-03,17871,2025080304024786,GLH,Sani Securities Company Ltd.,Bhrikuti Stock Broking Co. Pvt. Ltd.,10,272.0,2720.0,2025-08-03T14:45:24.023634
2025-08-03,17712,2025080304024810,GLH,Asian Securities Private Ltd.,Kohinoor Investment & Securities Pvt. Ltd.,20,273.5,5470.0,2025-08-03T14:45:35.331419
2025-08-03,17677,2025080304024816,GLH,Imperial Securities Company Pvt. Ltd.,Kohinoor Investment & Securities Pvt. Ltd.,100,273.5,27350.0,2025-08-03T14:45:38.43402
2025-08-03,17639,2025080304024829,GLH,Sewa Securities Pvt. Ltd.,Kohinoor Investment & Securities Pvt. Ltd.,100,273.5,27350.0,2025-08-03T14:45:41.53562
2025-08-03,17406,2025080304024872,GLH,Asian Securities Private Ltd.,Kohinoor Investment & Securities Pvt. Ltd.,35,273.5,9572.5,2025-08-03T14:46:04.69751
2025-08-03,17287,2025080304024916,GLH,Global IME Securities Limited,ABC Securities Private Limited,100,272.1,27210.0,2025-08-03T14:46:14.751494
2025-08-03,17150,2025080304024980,GLH,Asian Securities Private Ltd.,Kohinoor Investment & Securities Pvt. Ltd.,35,273.5,9572.5,2025-08-03T14:46:25.946615
2025-08-03,17141,2025080304024981,GLH,Sani Securities Company Ltd.,ABC Securities Private Limited,30,272.0,8160.0,2025-08-03T14:46:26.924498
2025-08-03,16543,2025080304025123,GLH,Asian Securities Private Ltd.,Kohinoor Investment & Securities Pvt. Ltd.,20,273.5,5470.0,2025-08-03T14:47:13.415263
2025-08-03,15976,2025080304025287,GLH,Asian Securities Private Ltd.,Capital Max Securities Ltd,20,272.4,5448.0,2025-08-03T14:47:41.118139
2025-08-03,15975,2025080304025288,GLH,INDEX SECURITIES LIMITED,Capital Max Securities Ltd,100,272.2,27220.0,2025-08-03T14:47:41.118359
2025-08-03,15974,2025080304025289,GLH,Siprabi Securities Pvt. Ltd.,Capital Max Securities Ltd,80,272.2,21776.0,2025-08-03T14:47:41.118452
2025-08-03,15629,2025080304025379,GLH,Asian Securities Private Ltd.,Kohinoor Investment & Securities Pvt. Ltd.,20,273.5,5470.0,2025-08-03T14:48:07.601857
2025-08-03,15232,2025080304025476,GLH,Asian Securities Private Ltd.,Sani Securities Company Ltd.,21,273.0,5733.0,2025-08-03T14:48:35.994849
2025-08-03,15231,2025080304025477,GLH,INDEX SECURITIES LIMITED,Sani Securities Company Ltd.,29,272.3,7896.7,2025-08-03T14:48:35.99506
2025-08-03,15118,2025080304025498,GLH,INDEX SECURITIES LIMITED,Sundhara Securities Limited,10,272.3,2723.0,2025-08-03T14:48:44.396159
2025-08-03,14912,2025080304025543,GLH,INDEX SECURITIES LIMITED,Naasa Securities Co. Ltd.,11,272.3,2995.3,2025-08-03T14:48:58.624005
2025-08-03,14911,2025080304025544,GLH,Kumari Securities Private Limited,Naasa Securities Co. Ltd.,100,272.3,27230.0,2025-08-03T14:48:58.624287
2025-08-03,14506,2025080304025632,GLH,Siprabi Securities Pvt. Ltd.,Naasa Securities Co. Ltd.,100,272.2,27220.0,2025-08-03T14:49:30.453602
2025-08-03,14290,2025080304025710,GLH,Siprabi Securities Pvt. Ltd.,Naasa Securities Co. Ltd.,710,272.2,193262.0,2025-08-03T14:49:47.911121
2025-08-03,14205,2025080304025736,GLH,Siprabi Securities Pvt. Ltd.,Naasa Securities Co. Ltd.,110,272.2,29942.0,2025-08-03T14:49:53.063038
2025-08-03,14091,2025080304025755,GLH,Himalayan Brokerage Company Limited,Naasa Securities Co. Ltd.,90,272.2,24498.0,2025-08-03T14:50:01.366842
2025-08-03,14090,2025080304025756,GLH,Himalayan Brokerage Company Limited,Vision Securities Pvt. Ltd,910,273.0,248430.0,2025-08-03T14:50:01.367086
2025-08-03,14024,2025080304025766,GLH,Asian Securities Private Ltd.,Vision Securities Pvt. Ltd,16,273.0,4368.0,2025-08-03T14:50:05.727691
2025-08-03,13925,2025080304025796,GLH,Imperial Securities Company Pvt. Ltd.,Vision Securities Pvt. Ltd,500,273.0,136500.0,2025-08-03T14:50:14.018956
2025-08-03,13831,2025080304025828,GLH,Himalayan Brokerage Company Limited,Vision Securities Pvt. Ltd,474,273.0,129402.0,2025-08-03T14:50:22.45113
2025-08-03,13430,2025080304025942,GLH,Kumari Securities Private Limited,Kohinoor Investment & Securities Pvt. Ltd.,50,273.5,13675.0,2025-08-03T14:50:39.393274
2025-08-03,13034,2025080304026033,GLH,Himalayan Brokerage Company Limited,Kohinoor Investment & Securities Pvt. Ltd.,62,273.5,16957.0,2025-08-03T14:51:03.624184
2025-08-03,12849,2025080304026076,GLH,Asian Securities Private Ltd.,Kohinoor Investment & Securities Pvt. Ltd.,20,273.5,5470.0,2025-08-03T14:51:16.403069
2025-08-03,12790,2025080304026082,GLH,Himalayan Brokerage Company Limited,Nepal Investment And Securities Trading Private Limited,500,273.0,136500.0,2025-08-03T14:51:19.974992
2025-08-03,12579,2025080304026108,GLH,Asian Securities Private Ltd.,Kohinoor Investment & Securities Pvt. Ltd.,20,273.5,5470.0,2025-08-03T14:51:31.519121
2025-08-03,12575,2025080304026109,GLH,Premier Securities Company Ltd.,Kohinoor Investment & Securities Pvt. Ltd.,168,273.5,45948.0,2025-08-03T14:51:31.715873
2025-08-03,12574,2025080304026110,GLH,Premier Securities Company Ltd.,Sagarmatha Securities Private Limited,332,273.5,90802.0,2025-08-03T14:51:31.716267
2025-08-03,12525,2025080304026127,GLH,Global IME Securities Limited,Online Securities Pvt. Ltd.,100,273.4,27340.0,2025-08-03T14:51:37.573043
2025-08-03,12059,2025080304026265,GLH,Himalayan Brokerage Company Limited,Kohinoor Investment & Securities Pvt. Ltd.,26,273.0,7098.0,2025-08-03T14:52:06.254985
2025-08-03,12058,2025080304026266,GLH,Kalika Securities Pvt. Ltd.,Kohinoor Investment & Securities Pvt. Ltd.,10,273.0,2730.0,2025-08-03T14:52:06.255204
2025-08-03,12057,2025080304026267,GLH,Kalika Securities Pvt. Ltd.,Kohinoor Investment & Securities Pvt. Ltd.,20,273.0,5460.0,2025-08-03T14:52:06.255283
2025-08-03,11602,2025080304026358,GLH,Asian Securities Private Ltd.,Kohinoor Investment & Securities Pvt. Ltd.,20,273.0,5460.0,2025-08-03T14:52:26.957829
2025-08-03,10926,2025080304026553,GLH,Bhrikuti Stock Broking Co. Pvt. Ltd.,Kohinoor Investment & Securities Pvt. Ltd.,944,273.0,257712.0,2025-08-03T14:53:16.906601
2025-08-03,10548,2025080304026633,GLH,Bhrikuti Stock Broking Co. Pvt. Ltd.,Dipshikha Dhitopatra Karobar Co. Pvt Ltd.,56,273.0,15288.0,2025-08-03T14:53:38.674659
2025-08-03,10402,2025080304026658,GLH,Trishakti Securities Public Limited,Dipshikha Dhitopatra Karobar Co. Pvt Ltd.,200,272.9,54580.0,2025-08-03T14:53:48.046848
2025-08-03,10114,2025080304026706,GLH,Asian Securities Private Ltd.,Dipshikha Dhitopatra Karobar Co. Pvt Ltd.,22,272.9,6003.8,2025-08-03T14:54:05.9896
2025-08-03,9917,2025080304026745,GLH,Asian Securities Private Ltd.,Kohinoor Investment & Securities Pvt. Ltd.,10,272.7,2727.0,2025-08-03T14:54:16.642802
2025-08-03,9907,2025080304026748,GLH,Asian Securities Private Ltd.,Online Securities Pvt. Ltd.,190,272.7,51813.0,2025-08-03T14:54:17.531376
2025-08-03,9261,2025080304026911,GLH,Nepal Stock House (PVT) Ltd.,Kumari Securities Private Limited,65,272.5,17712.5,2025-08-03T14:54:45.864089
2025-08-03,9260,2025080304026912,GLH,Naasa Securities Co. Ltd.,Kumari Securities Private Limited,100,272.5,27250.0,2025-08-03T14:54:45.86413
2025-08-03,9259,2025080304026913,GLH,Linch Stock Market Ltd.,Kumari Securities Private Limited,20,272.3,5446.0,2025-08-03T14:54:45.864157
2025-08-03,9258,2025080304026914,GLH,Kohinoor Investment & Securities Pvt. Ltd.,Kumari Securities Private Limited,10,272.2,2722.0,2025-08-03T14:54:45.864185
2025-08-03,9257,2025080304026915,GLH,Sani Securities Company Ltd.,Kumari Securities Private Limited,500,272.1,136050.0,2025-08-03T14:54:45.864228
2025-08-03,9256,2025080304026916,GLH,Sani Securities Company Ltd.,Kumari Securities Private Limited,173,272.0,47056.0,2025-08-03T14:54:45.864254
2025-08-03,9255,2025080304026917,GLH,Linch Stock Market Ltd.,Kumari Securities Private Limited,10,272.0,2720.0,2025-08-03T14:54:45.864279
2025-08-03,9254,2025080304026918,GLH,Midas Stock Broking Company Private Limited,Kumari Securities Private Limited,122,272.0,33184.0,2025-08-03T14:54:45.864308
2025-08-03,9007,2025080304026963,GLH,Vision Securities Pvt. Ltd,Sagarmatha Securities Private Limited,406,272.1,110472.6,2025-08-03T14:54:59.443676
2025-08-03,9006,2025080304026964,GLH,Midas Stock Broking Company Private Limited,Sagarmatha Securities Private Limited,262,272.0,71264.0,2025-08-03T14:54:59.443899
2025-08-03,8821,2025080304027027,GLH,Aryatara Investment & Securities,Primo Securities (PVT) Ltd.,100,272.1,27210.0,2025-08-03T14:55:07.164628
2025-08-03,8062,2025080304027173,GLH,Aryatara Investment & Securities,Oxford Securities Pvt. Ltd.,10,272.1,2721.0,2025-08-03T14:55:41.477228
2025-08-03,7827,2025080304027229,GLH,Aryatara Investment & Securities,Dakshinkali Investment & Securities Pvt. Ltd.,1390,272.1,378219.0,2025-08-03T14:55:55.456219
2025-08-03,7826,2025080304027230,GLH,Midas Stock Broking Company Private Limited,Dakshinkali Investment & Securities Pvt. Ltd.,16,272.0,4352.0,2025-08-03T14:55:55.456462
2025-08-03,7825,2025080304027231,GLH,Siprabi Securities Pvt. Ltd.,Dakshinkali Investment & Securities Pvt. Ltd.,50,272.0,13600.0,2025-08-03T14:55:55.456548
2025-08-03,7824,2025080304027232,GLH,Premier Securities Company Ltd.,Dakshinkali Investment & Securities Pvt. Ltd.,1000,272.0,272000.0,2025-08-03T14:55:55.456662
2025-08-03,7823,2025080304027233,GLH,Aryatara Investment & Securities,Dakshinkali Investment & Securities Pvt. Ltd.,44,272.0,11968.0,2025-08-03T14:55:55.456743
2025-08-03,7688,2025080304027270,GLH,Aryatara Investment & Securities,Linch Stock Market Ltd.,56,272.0,15232.0,2025-08-03T14:56:01.687763
2025-08-03,7687,2025080304027271,GLH,Naasa Securities Co. Ltd.,Linch Stock Market Ltd.,50,272.0,13600.0,2025-08-03T14:56:01.688024
2025-08-03,7686,2025080304027272,GLH,Thrive Brokerage House Pvt. Ltd,Linch Stock Market Ltd.,50,272.0,13600.0,2025-08-03T14:56:01.688112
2025-08-03,7685,2025080304027273,GLH,Midas Stock Broking Company Private Limited,Linch Stock Market Ltd.,44,272.0,11968.0,2025-08-03T14:56:01.68819
2025-08-03,7322,2025080304027339,GLH,Siprabi Securities Pvt. Ltd.,Online Securities Pvt. Ltd.,80,272.1,21768.0,2025-08-03T14:56:21.548818
2025-08-03,7244,2025080304027355,GLH,Pragyan Securities (PVT) Ltd.,Online Securities Pvt. Ltd.,120,272.1,32652.0,2025-08-03T14:56:24.751452
2025-08-03,6866,2025080304027466,GLH,J.F. Securites (PVT) Ltd.,Vision Securities Pvt. Ltd,10,272.2,2722.0,2025-08-03T14:56:42.878111
2025-08-03,6607,2025080304027517,GLH,J.F. Securites (PVT) Ltd.,Thrive Brokerage House Pvt. Ltd,70,272.2,19054.0,2025-08-03T14:56:51.557772
2025-08-03,6606,2025080304027518,GLH,Pragyan Securities (PVT) Ltd.,Thrive Brokerage House Pvt. Ltd,880,272.1,239448.0,2025-08-03T14:56:51.558
2025-08-03,5786,2025080304027625,GLH,Midas Stock Broking Company Private Limited,Imperial Securities Company Pvt. Ltd.,361,272.0,98192.0,2025-08-03T14:57:16.34751
2025-08-03,5731,2025080304027640,GLH,Midas Stock Broking Company Private Limited,Dynamic Money Managers Securities Pvt. Ltd.,95,272.0,25840.0,2025-08-03T14:57:18.285232
2025-08-03,5730,2025080304027641,GLH,Midas Stock Broking Company Private Limited,Dynamic Money Managers Securities Pvt. Ltd.,30,272.0,8160.0,2025-08-03T14:57:18.285582
2025-08-03,5729,2025080304027642,GLH,Vision Securities Pvt. Ltd,Dynamic Money Managers Securities Pvt. Ltd.,125,272.0,34000.0,2025-08-03T14:57:18.285827
2025-08-03,5042,2025080304027760,GLH,Vision Securities Pvt. Ltd,Trisul Securities & Invt. Ltd.,720,272.0,195840.0,2025-08-03T14:57:44.099159
2025-08-03,4958,2025080304027777,GLH,Ashutosh Brokerage & Securities (PVT) Ltd.,Thrive Brokerage House Pvt. Ltd,500,272.1,136050.0,2025-08-03T14:57:47.869275
2025-08-03,4659,2025080304027824,GLH,Vision Securities Pvt. Ltd,Dipshikha Dhitopatra Karobar Co. Pvt Ltd.,200,272.0,54400.0,2025-08-03T14:57:58.397407
2025-08-03,4655,2025080304027826,GLH,Vision Securities Pvt. Ltd,Sumeru Securities Pvt. Ltd.,100,272.0,27200.0,2025-08-03T14:57:58.757257
2025-08-03,4602,2025080304027841,GLH,Vision Securities Pvt. Ltd,Kumari Securities Private Limited,500,272.0,136000.0,2025-08-03T14:58:00.902627
2025-08-03,4535,2025080304027851,GLH,Vision Securities Pvt. Ltd,Dipshikha Dhitopatra Karobar Co. Pvt Ltd.,432,272.0,117504.0,2025-08-03T14:58:03.514023
2025-08-03,4411,2025080304027878,GLH,Vision Securities Pvt. Ltd,Naasa Securities Co. Ltd.,20,272.0,5440.0,2025-08-03T14:58:08.536536
2025-08-03,4389,2025080304027892,GLH,Vision Securities Pvt. Ltd,Dakshinkali Investment & Securities Pvt. Ltd.,403,272.0,109616.0,2025-08-03T14:58:09.160752
2025-08-03,4388,2025080304027893,GLH,Asian Securities Private Ltd.,Dakshinkali Investment & Securities Pvt. Ltd.,40,272.0,10880.0,2025-08-03T14:58:09.160963
2025-08-03,4387,2025080304027894,GLH,Naasa Securities Co. Ltd.,Dakshinkali Investment & Securities Pvt. Ltd.,50,272.0,13600.0,2025-08-03T14:58:09.161042
2025-08-03,4386,2025080304027895,GLH,Dipshikha Dhitopatra Karobar Co. Pvt Ltd.,Dakshinkali Investment & Securities Pvt. Ltd.,50,272.0,13600.0,2025-08-03T14:58:09.16112
2025-08-03,4385,2025080304027896,GLH,Sundhara Securities Limited,Dakshinkali Investment & Securities Pvt. Ltd.,100,272.0,27200.0,2025-08-03T14:58:09.161197
2025-08-03,3972,2025080304028005,GLH,Bhrikuti Stock Broking Co. Pvt. Ltd.,Dakshinkali Investment & Securities Pvt. Ltd.,357,272.0,97104.0,2025-08-03T14:58:25.192947
2025-08-03,3971,2025080304028006,GLH,Bhrikuti Stock Broking Co. Pvt. Ltd.,Kumari Securities Private Limited,143,272.0,38896.0,2025-08-03T14:58:25.193409
2025-08-03,3336,2025080304028185,GLH,Siprabi Securities Pvt. Ltd.,Kumari Securities Private Limited,12,272.0,3264.0,2025-08-03T14:58:46.427032
2025-08-03,1745,2025080304028522,GLH,INDEX SECURITIES LIMITED,Trisul Securities & Invt. Ltd.,11,271.6,2987.6,2025-08-03T14:59:27.284705
2025-08-03,1744,2025080304028523,GLH,INDEX SECURITIES LIMITED,Trisul Securities & Invt. Ltd.,10,271.5,2715.0,2025-08-03T14:59:27.284738
2025-08-03,1743,2025080304028524,GLH,INDEX SECURITIES LIMITED,Trisul Securities & Invt. Ltd.,10,271.4,2714.0,2025-08-03T14:59:27.284771
2025-08-03,1742,2025080304028525,GLH,Dipshikha Dhitopatra Karobar Co. Pvt Ltd.,Trisul Securities & Invt. Ltd.,10,271.4,2714.0,2025-08-03T14:59:27.2848
2025-08-03,1741,2025080304028526,GLH,Naasa Securities Co. Ltd.,Trisul Securities & Invt. Ltd.,300,271.4,81420.0,2025-08-03T14:59:27.284827
2025-08-03,1740,2025080304028527,GLH,Vision Securities Pvt. Ltd,Trisul Securities & Invt. Ltd.,200,271.3,54260.0,2025-08-03T14:59:27.284864
2025-08-03,1739,2025080304028528,GLH,Vision Securities Pvt. Ltd,Trisul Securities & Invt. Ltd.,300,271.2,81360.0,2025-08-03T14:59:27.284904
2025-08-03,1738,2025080304028529,GLH,Trisul Securities & Invt. Ltd.,Trisul Securities & Invt. Ltd.,159,271.1,43104.9,2025-08-03T14:59:27.284938
2025-08-03,1158,2025080304028672,GLH,Trisul Securities & Invt. Ltd.,Trisul Securities & Invt. Ltd.,41,271.1,11115.1,2025-08-03T14:59:39.427323
