Date,S.N.,Contract ID,Symbol,Buyer Broker,Seller Broker,volume,rate,amount,transaction_time
2025-08-03,152480,2025080301000006,KBL,Sani Securities Company Ltd.,Online Securities Pvt. Ltd.,10,221.0,2210.0,2025-08-03T10:46:00.036112
2025-08-03,152479,2025080301000007,KBL,Midas Stock Broking Company Private Limited,Online Securities Pvt. Ltd.,100,221.0,22100.0,2025-08-03T10:46:00.036187
2025-08-03,151404,2025080301000715,KBL,Linch Stock Market Ltd.,Linch Stock Market Ltd.,20,220.0,4400.0,2025-08-03T11:02:07.413792
2025-08-03,151403,2025080301000716,KBL,Online Securities Pvt. Ltd.,Linch Stock Market Ltd.,70,220.0,15400.0,2025-08-03T11:02:07.413857
2025-08-03,150849,2025080301001121,KBL,Dipshikha Dhitopatra Karobar Co. Pvt Ltd.,Opal Securities Investment (PVT) Ltd.,43,219.1,9421.3,2025-08-03T11:02:50.080527
2025-08-03,150744,2025080301001183,KBL,Sundhara Securities Limited,Linch Stock Market Ltd.,40,220.0,8800.0,2025-08-03T11:03:02.707562
2025-08-03,150733,2025080301001193,KBL,Sundhara Securities Limited,Kohinoor Investment & Securities Pvt. Ltd.,10,220.0,2200.0,2025-08-03T11:03:03.478655
2025-08-03,150219,2025080301001493,KBL,Dipshikha Dhitopatra Karobar Co. Pvt Ltd.,Creative Securities Pvt Ltd,500,219.1,109550.0,2025-08-03T11:03:50.101844
2025-08-03,150116,2025080301001556,KBL,Dipshikha Dhitopatra Karobar Co. Pvt Ltd.,Opal Securities Investment (PVT) Ltd.,400,219.1,87640.0,2025-08-03T11:03:58.596656
2025-08-03,148957,2025080301002275,KBL,Sewa Securities Pvt. Ltd.,Siprabi Securities Pvt. Ltd.,39,219.5,8560.5,2025-08-03T11:05:46.16392
2025-08-03,148835,2025080301002352,KBL,Opal Securities Investment (PVT) Ltd.,Siprabi Securities Pvt. Ltd.,100,219.5,21950.0,2025-08-03T11:06:01.521614
2025-08-03,148643,2025080301002444,KBL,Linch Stock Market Ltd.,Sani Securities Company Ltd.,30,219.2,6576.0,2025-08-03T11:06:22.777159
2025-08-03,148642,2025080301002445,KBL,Sumeru Securities Pvt. Ltd.,Sani Securities Company Ltd.,300,219.2,65760.0,2025-08-03T11:06:22.777355
2025-08-03,148641,2025080301002446,KBL,Dipshikha Dhitopatra Karobar Co. Pvt Ltd.,Sani Securities Company Ltd.,557,219.1,122038.7,2025-08-03T11:06:22.777491
2025-08-03,148438,2025080301002566,KBL,Kalika Securities Pvt. Ltd.,Sani Securities Company Ltd.,40,219.1,8764.0,2025-08-03T11:06:43.379802
2025-08-03,148259,2025080301002669,KBL,Aryatara Investment & Securities,Sani Securities Company Ltd.,100,219.1,21910.0,2025-08-03T11:06:57.075124
2025-08-03,147805,2025080301002943,KBL,INDEX SECURITIES LIMITED,Linch Stock Market Ltd.,100,219.0,21900.0,2025-08-03T11:07:38.375811
2025-08-03,147773,2025080301002964,KBL,Bhrikuti Stock Broking Co. Pvt. Ltd.,Sani Securities Company Ltd.,500,219.1,109550.0,2025-08-03T11:07:41.844941
2025-08-03,147679,2025080301003019,KBL,Nepal Investment And Securities Trading Private Limited,Sani Securities Company Ltd.,250,219.1,54775.0,2025-08-03T11:07:50.78369
2025-08-03,147510,2025080301003108,KBL,Trishakti Securities Public Limited,Sani Securities Company Ltd.,179,219.1,39218.9,2025-08-03T11:08:05.607293
2025-08-03,147509,2025080301003109,KBL,Trishakti Securities Public Limited,Siprabi Securities Pvt. Ltd.,321,219.5,70459.5,2025-08-03T11:08:05.607417
2025-08-03,147415,2025080301003158,KBL,INDEX SECURITIES LIMITED,Nepal Investment And Securities Trading Private Limited,106,219.0,23214.0,2025-08-03T11:08:13.969586
2025-08-03,147159,2025080301003304,KBL,Agrawal Securities (PVT) Ltd.,Sewa Securities Pvt. Ltd.,100,219.2,21920.0,2025-08-03T11:08:33.871
2025-08-03,147158,2025080301003305,KBL,INDEX SECURITIES LIMITED,Sewa Securities Pvt. Ltd.,400,219.0,87600.0,2025-08-03T11:08:33.871045
2025-08-03,147122,2025080301003327,KBL,Trishakti Securities Public Limited,Sewa Securities Pvt. Ltd.,1000,219.3,219300.0,2025-08-03T11:08:36.960997
2025-08-03,146852,2025080301003466,KBL,Imperial Securities Company Pvt. Ltd.,Nepal Stock House (PVT) Ltd.,200,219.1,43820.0,2025-08-03T11:09:00.070553
2025-08-03,146704,2025080301003540,KBL,Imperial Securities Company Pvt. Ltd.,Sani Securities Company Ltd.,100,219.1,21910.0,2025-08-03T11:09:14.255746
2025-08-03,146296,2025080301003748,KBL,Secured Securities Ltd.,Miyo Securities Pvt Ltd,2000,219.2,438400.0,2025-08-03T11:09:49.846379
2025-08-03,146295,2025080301003749,KBL,Imperial Securities Company Pvt. Ltd.,Miyo Securities Pvt Ltd,700,219.1,153370.0,2025-08-03T11:09:49.846424
2025-08-03,146294,2025080301003750,KBL,INDEX SECURITIES LIMITED,Miyo Securities Pvt Ltd,394,219.0,86286.0,2025-08-03T11:09:49.846455
2025-08-03,146293,2025080301003751,KBL,Sri Hari Securities Pvt. Ltd.,Miyo Securities Pvt Ltd,941,219.0,206079.0,2025-08-03T11:09:49.846483
2025-08-03,146152,2025080301003807,KBL,Sri Hari Securities Pvt. Ltd.,Kohinoor Investment & Securities Pvt. Ltd.,1000,219.0,219000.0,2025-08-03T11:10:01.182534
2025-08-03,145822,2025080301003978,KBL,Sri Hari Securities Pvt. Ltd.,Sani Securities Company Ltd.,59,219.0,12921.0,2025-08-03T11:10:27.616827
2025-08-03,145709,2025080301004030,KBL,Sweta Securities Private Limited,Sharepro Securities Private Limited,10,218.1,2181.0,2025-08-03T11:10:38.182811
2025-08-03,145708,2025080301004031,KBL,Sweta Securities Private Limited,Sharepro Securities Private Limited,100,218.1,21810.0,2025-08-03T11:10:38.182903
2025-08-03,145707,2025080301004032,KBL,Online Securities Pvt. Ltd.,Sharepro Securities Private Limited,11,218.0,2398.0,2025-08-03T11:10:38.182984
2025-08-03,145706,2025080301004033,KBL,INDEX SECURITIES LIMITED,Sharepro Securities Private Limited,2000,218.0,436000.0,2025-08-03T11:10:38.183076
2025-08-03,145705,2025080301004034,KBL,Trishakti Securities Public Limited,Sharepro Securities Private Limited,50,218.0,10900.0,2025-08-03T11:10:38.183147
2025-08-03,145704,2025080301004035,KBL,Infinity Securities Limited,Sharepro Securities Private Limited,5000,218.0,1090000.0,2025-08-03T11:10:38.183215
2025-08-03,145703,2025080301004036,KBL,Hatemalo Financial Services Private Limited,Sharepro Securities Private Limited,1679,218.0,366022.0,2025-08-03T11:10:38.183277
2025-08-03,145471,2025080301004171,KBL,Market Securities & Exchange (PVT) Ltd.,Kohinoor Investment & Securities Pvt. Ltd.,500,218.1,109050.0,2025-08-03T11:10:52.678356
2025-08-03,145470,2025080301004172,KBL,Hatemalo Financial Services Private Limited,Kohinoor Investment & Securities Pvt. Ltd.,250,218.0,54500.0,2025-08-03T11:10:52.678587
2025-08-03,144204,2025080301004898,KBL,Imperial Securities Company Pvt. Ltd.,Sundhara Securities Limited,200,218.2,43640.0,2025-08-03T11:12:16.907215
2025-08-03,144008,2025080301004998,KBL,Asian Securities Private Ltd.,Vision Securities Pvt. Ltd,501,218.3,109368.3,2025-08-03T11:12:28.187448
2025-08-03,143784,2025080301005104,KBL,South Asian Bulls Pvt. Ltd.,Sri Hari Securities Pvt. Ltd.,500,218.2,109100.0,2025-08-03T11:12:45.820216
2025-08-03,143783,2025080301005105,KBL,Primo Securities (PVT) Ltd.,Sri Hari Securities Pvt. Ltd.,500,218.2,109100.0,2025-08-03T11:12:45.820341
2025-08-03,143029,2025080301005515,KBL,Primo Securities (PVT) Ltd.,Bhrikuti Stock Broking Co. Pvt. Ltd.,10,218.2,2182.0,2025-08-03T11:13:41.694219
2025-08-03,143028,2025080301005516,KBL,Imperial Securities Company Pvt. Ltd.,Bhrikuti Stock Broking Co. Pvt. Ltd.,1000,218.2,218200.0,2025-08-03T11:13:41.694362
2025-08-03,143027,2025080301005517,KBL,Sri Hari Securities Pvt. Ltd.,Bhrikuti Stock Broking Co. Pvt. Ltd.,1689,218.1,368370.9,2025-08-03T11:13:41.694424
2025-08-03,143003,2025080301005524,KBL,Sewa Securities Pvt. Ltd.,Sani Securities Company Ltd.,300,219.0,65700.0,2025-08-03T11:13:43.628118
2025-08-03,141387,2025080301006308,KBL,Dipshikha Dhitopatra Karobar Co. Pvt Ltd.,Kohinoor Investment & Securities Pvt. Ltd.,490,218.9,107261.0,2025-08-03T11:15:58.144145
2025-08-03,141386,2025080301006309,KBL,Dipshikha Dhitopatra Karobar Co. Pvt Ltd.,Online Securities Pvt. Ltd.,300,218.9,65670.0,2025-08-03T11:15:58.144307
2025-08-03,141385,2025080301006310,KBL,Dipshikha Dhitopatra Karobar Co. Pvt Ltd.,Sani Securities Company Ltd.,210,219.0,45990.0,2025-08-03T11:15:58.144381
2025-08-03,140888,2025080301006535,KBL,Opal Securities Investment (PVT) Ltd.,Sani Securities Company Ltd.,230,219.0,50370.0,2025-08-03T11:16:39.84441
2025-08-03,140840,2025080301006556,KBL,Kalika Securities Pvt. Ltd.,Nepal Investment And Securities Trading Private Limited,74,218.6,16176.4,2025-08-03T11:16:45.896202
2025-08-03,140745,2025080301006582,KBL,Kalika Securities Pvt. Ltd.,Dipshikha Dhitopatra Karobar Co. Pvt Ltd.,26,218.6,5683.6,2025-08-03T11:16:55.731822
2025-08-03,140744,2025080301006583,KBL,Vision Securities Pvt. Ltd,Dipshikha Dhitopatra Karobar Co. Pvt Ltd.,474,218.5,103569.0,2025-08-03T11:16:55.731991
2025-08-03,140506,2025080301006687,KBL,INDEX SECURITIES LIMITED,Sani Securities Company Ltd.,1201,219.0,263019.0,2025-08-03T11:17:13.18986
2025-08-03,140505,2025080301006688,KBL,INDEX SECURITIES LIMITED,Midas Stock Broking Company Private Limited,1000,219.0,219000.0,2025-08-03T11:17:13.189946
2025-08-03,140504,2025080301006689,KBL,INDEX SECURITIES LIMITED,Sani Securities Company Ltd.,180,219.0,39420.0,2025-08-03T11:17:13.189976
2025-08-03,140503,2025080301006690,KBL,INDEX SECURITIES LIMITED,Sundhara Securities Limited,347,219.0,75993.0,2025-08-03T11:17:13.190007
2025-08-03,140502,2025080301006691,KBL,INDEX SECURITIES LIMITED,Kumari Securities Private Limited,272,219.0,59568.0,2025-08-03T11:17:13.190051
2025-08-03,140417,2025080301006728,KBL,Citizens Share Broker Limited,Kumari Securities Private Limited,54,219.0,11826.0,2025-08-03T11:17:21.80405
2025-08-03,140416,2025080301006729,KBL,Citizens Share Broker Limited,Shree Krishna Securities Ltd.,56,219.0,12264.0,2025-08-03T11:17:21.804402
2025-08-03,140272,2025080301006784,KBL,Nepal Stock House (PVT) Ltd.,Shree Krishna Securities Ltd.,103,219.0,22557.0,2025-08-03T11:17:33.452124
2025-08-03,140176,2025080301006831,KBL,Nepal Stock House (PVT) Ltd.,Bhrikuti Stock Broking Co. Pvt. Ltd.,30,219.0,6570.0,2025-08-03T11:17:42.952081
2025-08-03,140119,2025080301006855,KBL,Nepal Stock House (PVT) Ltd.,Ashutosh Brokerage & Securities (PVT) Ltd.,53,219.0,11607.0,2025-08-03T11:17:47.664488
2025-08-03,139506,2025080301007122,KBL,Linch Stock Market Ltd.,Miyo Securities Pvt Ltd,2500,219.1,547750.0,2025-08-03T11:18:34.14036
2025-08-03,139460,2025080301007139,KBL,Nepal Stock House (PVT) Ltd.,Opal Securities Investment (PVT) Ltd.,27,219.0,5913.0,2025-08-03T11:18:37.844561
2025-08-03,139459,2025080301007140,KBL,Linch Stock Market Ltd.,Opal Securities Investment (PVT) Ltd.,100,219.0,21900.0,2025-08-03T11:18:37.844613
2025-08-03,139458,2025080301007141,KBL,Dynamic Money Managers Securities Pvt. Ltd.,Opal Securities Investment (PVT) Ltd.,873,219.0,191187.0,2025-08-03T11:18:37.844639
2025-08-03,139137,2025080301007277,KBL,Kumari Securities Private Limited,Miyo Securities Pvt Ltd,39,219.1,8544.9,2025-08-03T11:18:59.230758
2025-08-03,139047,2025080301007325,KBL,Imperial Securities Company Pvt. Ltd.,Miyo Securities Pvt Ltd,1320,219.1,289212.0,2025-08-03T11:19:07.182213
2025-08-03,139026,2025080301007339,KBL,Online Securities Pvt. Ltd.,Miyo Securities Pvt Ltd,141,219.1,30893.1,2025-08-03T11:19:10.013533
2025-08-03,138765,2025080301007445,KBL,Naasa Securities Co. Ltd.,Siprabi Securities Pvt. Ltd.,40,219.5,8780.0,2025-08-03T11:19:32.187904
2025-08-03,138663,2025080301007487,KBL,Kohinoor Investment & Securities Pvt. Ltd.,Neev Securities Pvt. Ltd.,11,219.8,2417.8,2025-08-03T11:19:38.998901
2025-08-03,138230,2025080301007685,KBL,Dipshikha Dhitopatra Karobar Co. Pvt Ltd.,Neev Securities Pvt. Ltd.,150,219.8,32970.0,2025-08-03T11:20:13.715454
2025-08-03,137485,2025080301008066,KBL,Online Securities Pvt. Ltd.,Arun Securities (PVT) Ltd.,48,219.7,10545.6,2025-08-03T11:20:55.66786
2025-08-03,137444,2025080301008090,KBL,Online Securities Pvt. Ltd.,INDEX SECURITIES LIMITED,11,219.7,2416.7,2025-08-03T11:20:57.857946
2025-08-03,137443,2025080301008091,KBL,Naasa Securities Co. Ltd.,INDEX SECURITIES LIMITED,24,219.5,5268.0,2025-08-03T11:20:57.85816
2025-08-03,137193,2025080301008211,KBL,Sani Securities Company Ltd.,Neev Securities Pvt. Ltd.,10,219.8,2198.0,2025-08-03T11:21:17.537346
2025-08-03,136938,2025080301008347,KBL,Imperial Securities Company Pvt. Ltd.,S.P.S.A. Securities Limited,113,219.6,24814.8,2025-08-03T11:21:33.973196
2025-08-03,136845,2025080301008384,KBL,Aryatara Investment & Securities,Neev Securities Pvt. Ltd.,29,219.8,6374.2,2025-08-03T11:21:42.443449
2025-08-03,136844,2025080301008385,KBL,Aryatara Investment & Securities,Linch Stock Market Ltd.,1471,219.8,323325.8,2025-08-03T11:21:42.443626
2025-08-03,136836,2025080301008390,KBL,Imperial Securities Company Pvt. Ltd.,Linch Stock Market Ltd.,500,219.6,109800.0,2025-08-03T11:21:42.904101
2025-08-03,136789,2025080301008403,KBL,Linch Stock Market Ltd.,Linch Stock Market Ltd.,226,219.8,49674.8,2025-08-03T11:21:45.957161
2025-08-03,136787,2025080301008405,KBL,Linch Stock Market Ltd.,Linch Stock Market Ltd.,200,219.8,43960.0,2025-08-03T11:21:46.002327
2025-08-03,136575,2025080301008483,KBL,Stoxkarts Securities Limited,Linch Stock Market Ltd.,495,219.8,108801.0,2025-08-03T11:21:57.878647
2025-08-03,136566,2025080301008487,KBL,Aryatara Investment & Securities,Linch Stock Market Ltd.,2608,219.8,573238.4,2025-08-03T11:21:58.639725
2025-08-03,136565,2025080301008488,KBL,Aryatara Investment & Securities,Secured Securities Ltd.,27,219.8,5934.6,2025-08-03T11:21:58.639919
2025-08-03,136564,2025080301008489,KBL,Aryatara Investment & Securities,Linch Stock Market Ltd.,70,219.9,15393.0,2025-08-03T11:21:58.64001
2025-08-03,136563,2025080301008490,KBL,Aryatara Investment & Securities,Kohinoor Investment & Securities Pvt. Ltd.,1000,219.9,219900.0,2025-08-03T11:21:58.640116
2025-08-03,136562,2025080301008491,KBL,Aryatara Investment & Securities,KALASH STOCK MARKET PVT. LTD.,1000,219.9,219900.0,2025-08-03T11:21:58.640207
2025-08-03,136561,2025080301008492,KBL,Aryatara Investment & Securities,Swarna Laxmi Securities Pvt. Ltd.,110,220.0,24200.0,2025-08-03T11:21:58.64029
2025-08-03,136560,2025080301008493,KBL,Aryatara Investment & Securities,Naasa Securities Co. Ltd.,500,220.0,110000.0,2025-08-03T11:21:58.64038
2025-08-03,136559,2025080301008494,KBL,Aryatara Investment & Securities,Sumeru Securities Pvt. Ltd.,500,220.0,110000.0,2025-08-03T11:21:58.64047
2025-08-03,136558,2025080301008495,KBL,Aryatara Investment & Securities,Dipshikha Dhitopatra Karobar Co. Pvt Ltd.,1000,220.0,220000.0,2025-08-03T11:21:58.640572
2025-08-03,136557,2025080301008496,KBL,Aryatara Investment & Securities,Sani Securities Company Ltd.,30,220.0,6600.0,2025-08-03T11:21:58.640661
2025-08-03,136556,2025080301008497,KBL,Aryatara Investment & Securities,Sundhara Securities Limited,100,220.0,22000.0,2025-08-03T11:21:58.640748
2025-08-03,136555,2025080301008498,KBL,Aryatara Investment & Securities,Naasa Securities Co. Ltd.,500,220.0,110000.0,2025-08-03T11:21:58.640839
2025-08-03,136554,2025080301008499,KBL,Aryatara Investment & Securities,Naasa Securities Co. Ltd.,100,220.0,22000.0,2025-08-03T11:21:58.640918
2025-08-03,136553,2025080301008500,KBL,Aryatara Investment & Securities,Sani Securities Company Ltd.,300,220.0,66000.0,2025-08-03T11:21:58.640992
2025-08-03,136440,2025080301008547,KBL,Aryatara Investment & Securities,Sani Securities Company Ltd.,1155,220.0,254100.0,2025-08-03T11:22:06.636426
2025-08-03,136439,2025080301008548,KBL,Kalika Securities Pvt. Ltd.,Sani Securities Company Ltd.,100,219.8,21980.0,2025-08-03T11:22:06.63661
2025-08-03,136438,2025080301008549,KBL,Bhrikuti Stock Broking Co. Pvt. Ltd.,Sani Securities Company Ltd.,245,219.7,53826.5,2025-08-03T11:22:06.636688
2025-08-03,136166,2025080301008690,KBL,Bhrikuti Stock Broking Co. Pvt. Ltd.,Trisul Securities & Invt. Ltd.,255,219.7,56023.5,2025-08-03T11:22:24.785002
2025-08-03,136165,2025080301008691,KBL,Imperial Securities Company Pvt. Ltd.,Trisul Securities & Invt. Ltd.,26,219.6,5709.6,2025-08-03T11:22:24.785183
2025-08-03,135078,2025080301009256,KBL,Siprabi Securities Pvt. Ltd.,Sri Hari Securities Pvt. Ltd.,200,220.0,44000.0,2025-08-03T11:23:27.958553
2025-08-03,135077,2025080301009257,KBL,Naasa Securities Co. Ltd.,Sri Hari Securities Pvt. Ltd.,100,220.0,22000.0,2025-08-03T11:23:27.958946
2025-08-03,133812,2025080301009755,KBL,Trishakti Securities Public Limited,Trishakti Securities Public Limited,500,220.8,110400.0,2025-08-03T11:25:06.367611
2025-08-03,133405,2025080301009933,KBL,Opal Securities Investment (PVT) Ltd.,Nepal Investment And Securities Trading Private Limited,180,220.1,39618.0,2025-08-03T11:25:38.182281
2025-08-03,133286,2025080301010017,KBL,Opal Securities Investment (PVT) Ltd.,Trishakti Securities Public Limited,70,220.1,15407.0,2025-08-03T11:25:46.78714
2025-08-03,133052,2025080301010155,KBL,Opal Securities Investment (PVT) Ltd.,Aryatara Investment & Securities,10,220.1,2201.0,2025-08-03T11:25:56.987117
2025-08-03,131781,2025080301010838,KBL,ABC Securities Private Limited,Online Securities Pvt. Ltd.,20,220.5,4410.0,2025-08-03T11:27:25.551581
2025-08-03,131253,2025080301011086,KBL,Sundhara Securities Limited,Thrive Brokerage House Pvt. Ltd,446,220.9,98521.4,2025-08-03T11:28:07.093662
2025-08-03,131071,2025080301011163,KBL,Nepal Investment And Securities Trading Private Limited,Online Securities Pvt. Ltd.,50,221.0,11050.0,2025-08-03T11:28:26.741758
2025-08-03,130849,2025080301011279,KBL,ABC Securities Private Limited,Linch Stock Market Ltd.,80,220.5,17640.0,2025-08-03T11:28:49.546362
2025-08-03,130848,2025080301011280,KBL,Bhrikuti Stock Broking Co. Pvt. Ltd.,Linch Stock Market Ltd.,220,220.5,48510.0,2025-08-03T11:28:49.546575
2025-08-03,130847,2025080301011281,KBL,Sundhara Securities Limited,Linch Stock Market Ltd.,54,220.5,11907.0,2025-08-03T11:28:49.546667
2025-08-03,130543,2025080301011386,KBL,Opal Securities Investment (PVT) Ltd.,Linch Stock Market Ltd.,740,220.5,163170.0,2025-08-03T11:29:15.643402
2025-08-03,130462,2025080301011415,KBL,Primo Securities (PVT) Ltd.,Linch Stock Market Ltd.,10,220.5,2205.0,2025-08-03T11:29:24.335237
2025-08-03,130352,2025080301011471,KBL,Dipshikha Dhitopatra Karobar Co. Pvt Ltd.,Linch Stock Market Ltd.,20,220.5,4410.0,2025-08-03T11:29:36.922049
2025-08-03,130330,2025080301011476,KBL,Cristal Kanchanjanga Securites Pvt. Ltd.,Linch Stock Market Ltd.,80,220.5,17640.0,2025-08-03T11:29:38.630808
2025-08-03,130227,2025080301011521,KBL,Arun Securities (PVT) Ltd.,Asian Securities Private Ltd.,500,220.3,110150.0,2025-08-03T11:29:49.341363
2025-08-03,129915,2025080301011665,KBL,Naasa Securities Co. Ltd.,Linch Stock Market Ltd.,440,220.5,97020.0,2025-08-03T11:30:24.714306
2025-08-03,129622,2025080301011791,KBL,Kohinoor Investment & Securities Pvt. Ltd.,Linch Stock Market Ltd.,1700,220.5,374850.0,2025-08-03T11:30:56.197413
2025-08-03,129501,2025080301011847,KBL,Deevyaa Securities & Stock House Pvt. Ltd,Linch Stock Market Ltd.,10,220.5,2205.0,2025-08-03T11:31:08.948753
2025-08-03,129329,2025080301011932,KBL,Kohinoor Investment & Securities Pvt. Ltd.,Online Securities Pvt. Ltd.,1640,220.4,361456.0,2025-08-03T11:31:29.099684
2025-08-03,129294,2025080301011947,KBL,Ashutosh Brokerage & Securities (PVT) Ltd.,Linch Stock Market Ltd.,146,220.5,32193.0,2025-08-03T11:31:35.566783
2025-08-03,129142,2025080301012025,KBL,Aryatara Investment & Securities,Sani Securities Company Ltd.,10,220.5,2205.0,2025-08-03T11:31:51.278315
2025-08-03,128833,2025080301012192,KBL,Aryatara Investment & Securities,Online Securities Pvt. Ltd.,51,220.5,11245.5,2025-08-03T11:32:22.390275
2025-08-03,128463,2025080301012352,KBL,Aryatara Investment & Securities,SHUBHAKAMANA SECURITIES PVT. LTD,89,220.5,19624.5,2025-08-03T11:32:59.563051
2025-08-03,128462,2025080301012353,KBL,Aryatara Investment & Securities,SHUBHAKAMANA SECURITIES PVT. LTD,61,220.5,13450.5,2025-08-03T11:32:59.5631
2025-08-03,128178,2025080301012460,KBL,Aryatara Investment & Securities,Primo Securities (PVT) Ltd.,139,220.5,30649.5,2025-08-03T11:33:19.579046
2025-08-03,128177,2025080301012461,KBL,Market Securities & Exchange (PVT) Ltd.,Primo Securities (PVT) Ltd.,200,220.5,44100.0,2025-08-03T11:33:19.579278
2025-08-03,128176,2025080301012462,KBL,Kohinoor Investment & Securities Pvt. Ltd.,Primo Securities (PVT) Ltd.,134,220.5,29547.0,2025-08-03T11:33:19.579386
2025-08-03,127766,2025080301012626,KBL,Aakashbhairab Securities Ltd.,Naasa Securities Co. Ltd.,465,220.5,102532.5,2025-08-03T11:33:49.863771
2025-08-03,127765,2025080301012627,KBL,Aakashbhairab Securities Ltd.,Primo Securities (PVT) Ltd.,35,220.8,7728.0,2025-08-03T11:33:49.863994
2025-08-03,127761,2025080301012630,KBL,Dynamic Money Managers Securities Pvt. Ltd.,KALASH STOCK MARKET PVT. LTD.,1000,220.3,220300.0,2025-08-03T11:33:50.271116
2025-08-03,127735,2025080301012638,KBL,Naasa Securities Co. Ltd.,Oxford Securities Pvt. Ltd.,587,220.3,129316.1,2025-08-03T11:33:52.376914
2025-08-03,127734,2025080301012639,KBL,Imperial Securities Company Pvt. Ltd.,Oxford Securities Pvt. Ltd.,9413,220.2,2072742.6,2025-08-03T11:33:52.377153
2025-08-03,126691,2025080301013101,KBL,Imperial Securities Company Pvt. Ltd.,Primo Securities (PVT) Ltd.,165,220.2,36333.0,2025-08-03T11:34:49.197998
2025-08-03,126667,2025080301013113,KBL,Imperial Securities Company Pvt. Ltd.,Naasa Securities Co. Ltd.,150,220.2,33030.0,2025-08-03T11:34:52.162733
2025-08-03,126359,2025080301013204,KBL,Imperial Securities Company Pvt. Ltd.,Dynamic Money Managers Securities Pvt. Ltd.,272,220.2,59894.4,2025-08-03T11:35:11.989327
2025-08-03,126358,2025080301013205,KBL,Imperial Securities Company Pvt. Ltd.,Dynamic Money Managers Securities Pvt. Ltd.,500,220.2,110100.0,2025-08-03T11:35:11.989578
2025-08-03,126357,2025080301013206,KBL,Online Securities Pvt. Ltd.,Dynamic Money Managers Securities Pvt. Ltd.,1000,220.0,220000.0,2025-08-03T11:35:11.98968
2025-08-03,126356,2025080301013207,KBL,Sundhara Securities Limited,Dynamic Money Managers Securities Pvt. Ltd.,100,220.0,22000.0,2025-08-03T11:35:11.989782
2025-08-03,126355,2025080301013208,KBL,Sri Hari Securities Pvt. Ltd.,Dynamic Money Managers Securities Pvt. Ltd.,24,220.0,5280.0,2025-08-03T11:35:11.989888
2025-08-03,126354,2025080301013209,KBL,Dipshikha Dhitopatra Karobar Co. Pvt Ltd.,Dynamic Money Managers Securities Pvt. Ltd.,600,220.0,132000.0,2025-08-03T11:35:11.989995
2025-08-03,126353,2025080301013210,KBL,Midas Stock Broking Company Private Limited,Dynamic Money Managers Securities Pvt. Ltd.,504,220.0,110880.0,2025-08-03T11:35:11.990105
2025-08-03,126072,2025080301013311,KBL,Midas Stock Broking Company Private Limited,Imperial Securities Company Pvt. Ltd.,200,220.0,44000.0,2025-08-03T11:35:29.826131
2025-08-03,126068,2025080301013312,KBL,Midas Stock Broking Company Private Limited,Sani Securities Company Ltd.,200,220.0,44000.0,2025-08-03T11:35:30.081128
2025-08-03,126057,2025080301013321,KBL,Midas Stock Broking Company Private Limited,Dynamic Money Managers Securities Pvt. Ltd.,96,220.0,21120.0,2025-08-03T11:35:30.69643
2025-08-03,126056,2025080301013322,KBL,J.F. Securites (PVT) Ltd.,Dynamic Money Managers Securities Pvt. Ltd.,10,220.0,2200.0,2025-08-03T11:35:30.696684
2025-08-03,126055,2025080301013323,KBL,Market Securities & Exchange (PVT) Ltd.,Dynamic Money Managers Securities Pvt. Ltd.,100,220.0,22000.0,2025-08-03T11:35:30.696788
2025-08-03,125730,2025080301013403,KBL,Sri Hari Securities Pvt. Ltd.,Naasa Securities Co. Ltd.,10,219.7,2197.0,2025-08-03T11:35:55.638119
2025-08-03,125496,2025080301013496,KBL,Sri Hari Securities Pvt. Ltd.,Sumeru Securities Pvt. Ltd.,190,219.7,41743.0,2025-08-03T11:36:12.959523
2025-08-03,125495,2025080301013497,KBL,Imperial Securities Company Pvt. Ltd.,Sumeru Securities Pvt. Ltd.,361,219.6,79275.6,2025-08-03T11:36:12.959751
2025-08-03,125494,2025080301013498,KBL,Naasa Securities Co. Ltd.,Sumeru Securities Pvt. Ltd.,11,219.5,2414.5,2025-08-03T11:36:12.959852
2025-08-03,125493,2025080301013499,KBL,Secured Securities Ltd.,Sumeru Securities Pvt. Ltd.,207,219.5,45436.5,2025-08-03T11:36:12.959949
2025-08-03,125492,2025080301013500,KBL,Agrawal Securities (PVT) Ltd.,Sumeru Securities Pvt. Ltd.,1731,219.2,379435.2,2025-08-03T11:36:12.960053
2025-08-03,125418,2025080301013535,KBL,Agrawal Securities (PVT) Ltd.,Nepal Stock House (PVT) Ltd.,10,219.2,2192.0,2025-08-03T11:36:20.469142
2025-08-03,125070,2025080301013671,KBL,Agrawal Securities (PVT) Ltd.,Shree Krishna Securities Ltd.,374,219.2,81980.8,2025-08-03T11:36:43.04943
2025-08-03,124112,2025080301014087,KBL,Naasa Securities Co. Ltd.,Creative Securities Pvt Ltd,500,219.3,109650.0,2025-08-03T11:38:05.755901
2025-08-03,124111,2025080301014088,KBL,Agrawal Securities (PVT) Ltd.,Creative Securities Pvt Ltd,2885,219.2,632392.0,2025-08-03T11:38:05.756145
2025-08-03,124110,2025080301014089,KBL,Agrawal Securities (PVT) Ltd.,Creative Securities Pvt Ltd,80,219.2,17536.0,2025-08-03T11:38:05.756254
2025-08-03,124109,2025080301014090,KBL,Asian Securities Private Ltd.,Creative Securities Pvt Ltd,200,219.0,43800.0,2025-08-03T11:38:05.756357
2025-08-03,124108,2025080301014091,KBL,Sewa Securities Pvt. Ltd.,Creative Securities Pvt Ltd,200,219.0,43800.0,2025-08-03T11:38:05.756457
2025-08-03,124107,2025080301014092,KBL,Trisul Securities & Invt. Ltd.,Creative Securities Pvt Ltd,200,219.0,43800.0,2025-08-03T11:38:05.756553
2025-08-03,124106,2025080301014093,KBL,Sundhara Securities Limited,Creative Securities Pvt Ltd,1000,219.0,219000.0,2025-08-03T11:38:05.756648
2025-08-03,124105,2025080301014094,KBL,Sani Securities Company Ltd.,Creative Securities Pvt Ltd,300,219.0,65700.0,2025-08-03T11:38:05.756746
2025-08-03,124104,2025080301014095,KBL,Imperial Securities Company Pvt. Ltd.,Creative Securities Pvt Ltd,20,219.0,4380.0,2025-08-03T11:38:05.756841
2025-08-03,124103,2025080301014096,KBL,Kohinoor Investment & Securities Pvt. Ltd.,Creative Securities Pvt Ltd,400,219.0,87600.0,2025-08-03T11:38:05.75694
2025-08-03,124102,2025080301014097,KBL,SUN SECURITIES PVT LTD,Creative Securities Pvt Ltd,50,219.0,10950.0,2025-08-03T11:38:05.75704
2025-08-03,124101,2025080301014098,KBL,Vision Securities Pvt. Ltd,Creative Securities Pvt Ltd,300,219.0,65700.0,2025-08-03T11:38:05.757142
2025-08-03,124100,2025080301014099,KBL,Dipshikha Dhitopatra Karobar Co. Pvt Ltd.,Creative Securities Pvt Ltd,5000,219.0,1095000.0,2025-08-03T11:38:05.757256
2025-08-03,124099,2025080301014100,KBL,Naasa Securities Co. Ltd.,Creative Securities Pvt Ltd,2200,219.0,481800.0,2025-08-03T11:38:05.75735
2025-08-03,124098,2025080301014101,KBL,ABC Securities Private Limited,Creative Securities Pvt Ltd,6665,219.0,1459635.0,2025-08-03T11:38:05.757443
2025-08-03,124040,2025080301014131,KBL,ABC Securities Private Limited,Kalika Securities Pvt. Ltd.,140,219.0,30660.0,2025-08-03T11:38:10.915072
2025-08-03,123455,2025080301014419,KBL,ABC Securities Private Limited,K.B.L. Securities Limited ,700,219.0,153300.0,2025-08-03T11:39:06.484741
2025-08-03,123383,2025080301014450,KBL,ABC Securities Private Limited,Nepal Investment And Securities Trading Private Limited,50,219.0,10950.0,2025-08-03T11:39:13.626473
2025-08-03,123269,2025080301014510,KBL,ABC Securities Private Limited,Bhrikuti Stock Broking Co. Pvt. Ltd.,1000,219.0,219000.0,2025-08-03T11:39:21.569885
2025-08-03,122353,2025080301014960,KBL,Dipshikha Dhitopatra Karobar Co. Pvt Ltd.,Premier Securities Company Ltd.,250,219.1,54775.0,2025-08-03T11:40:37.686864
2025-08-03,122265,2025080301014999,KBL,Midas Stock Broking Company Private Limited,Dynamic Money Managers Securities Pvt. Ltd.,500,220.0,110000.0,2025-08-03T11:40:44.667189
2025-08-03,122145,2025080301015053,KBL,Dipshikha Dhitopatra Karobar Co. Pvt Ltd.,Naasa Securities Co. Ltd.,520,219.1,113932.0,2025-08-03T11:40:57.277974
2025-08-03,121121,2025080301015520,KBL,Dipshikha Dhitopatra Karobar Co. Pvt Ltd.,ABC Securities Private Limited,200,219.1,43820.0,2025-08-03T11:42:29.28481
2025-08-03,120793,2025080301015710,KBL,Beni Securities Pvt.Ltd.,Imperial Securities Company Pvt. Ltd.,1000,219.9,219900.0,2025-08-03T11:42:58.156435
2025-08-03,120792,2025080301015711,KBL,Beni Securities Pvt.Ltd.,Dynamic Money Managers Securities Pvt. Ltd.,1294,220.0,284680.0,2025-08-03T11:42:58.156508
2025-08-03,120791,2025080301015712,KBL,Beni Securities Pvt.Ltd.,Trishakti Securities Public Limited,2000,220.0,440000.0,2025-08-03T11:42:58.156538
2025-08-03,120790,2025080301015713,KBL,Beni Securities Pvt.Ltd.,Dynamic Money Managers Securities Pvt. Ltd.,106,220.0,23320.0,2025-08-03T11:42:58.156567
2025-08-03,120789,2025080301015714,KBL,Beni Securities Pvt.Ltd.,Creative Securities Pvt Ltd,1000,220.0,220000.0,2025-08-03T11:42:58.156592
2025-08-03,120788,2025080301015715,KBL,Beni Securities Pvt.Ltd.,J.F. Securites (PVT) Ltd.,200,220.0,44000.0,2025-08-03T11:42:58.156612
2025-08-03,120787,2025080301015716,KBL,Beni Securities Pvt.Ltd.,Elite Stock House Limited,1000,220.0,220000.0,2025-08-03T11:42:58.15665
2025-08-03,120786,2025080301015717,KBL,Beni Securities Pvt.Ltd.,Elite Stock House Limited,1259,220.0,276980.0,2025-08-03T11:42:58.156678
2025-08-03,120785,2025080301015718,KBL,Beni Securities Pvt.Ltd.,Imperial Securities Company Pvt. Ltd.,141,220.0,31020.0,2025-08-03T11:42:58.156705
2025-08-03,120193,2025080301016056,KBL,Dipshikha Dhitopatra Karobar Co. Pvt Ltd.,SHUBHAKAMANA SECURITIES PVT. LTD,30,219.1,6573.0,2025-08-03T11:43:54.842654
2025-08-03,120192,2025080301016057,KBL,Vision Securities Pvt. Ltd,SHUBHAKAMANA SECURITIES PVT. LTD,70,219.1,15337.0,2025-08-03T11:43:54.842712
2025-08-03,119710,2025080301016293,KBL,Vision Securities Pvt. Ltd,Neev Securities Pvt. Ltd.,230,219.1,50393.0,2025-08-03T11:44:44.49635
2025-08-03,119709,2025080301016294,KBL,ABC Securities Private Limited,Neev Securities Pvt. Ltd.,370,219.0,81030.0,2025-08-03T11:44:44.4964
2025-08-03,119621,2025080301016332,KBL,Naasa Securities Co. Ltd.,Bhrikuti Stock Broking Co. Pvt. Ltd.,144,219.5,31608.0,2025-08-03T11:44:55.880959
2025-08-03,119620,2025080301016333,KBL,Naasa Securities Co. Ltd.,Imperial Securities Company Pvt. Ltd.,406,220.0,89320.0,2025-08-03T11:44:55.881501
2025-08-03,119549,2025080301016367,KBL,ABC Securities Private Limited,Market Securities & Exchange (PVT) Ltd.,300,219.0,65700.0,2025-08-03T11:45:00.720698
2025-08-03,119275,2025080301016505,KBL,Kalika Securities Pvt. Ltd.,Nepal Stock House (PVT) Ltd.,1000,219.1,219100.0,2025-08-03T11:45:23.85899
2025-08-03,118930,2025080301016659,KBL,Kalika Securities Pvt. Ltd.,Capital Max Securities Ltd,141,219.1,30893.1,2025-08-03T11:45:58.258515
2025-08-03,118929,2025080301016660,KBL,ABC Securities Private Limited,Capital Max Securities Ltd,775,219.0,169725.0,2025-08-03T11:45:58.25876
2025-08-03,118928,2025080301016661,KBL,Dipshikha Dhitopatra Karobar Co. Pvt Ltd.,Capital Max Securities Ltd,584,219.0,127896.0,2025-08-03T11:45:58.258876
2025-08-03,118890,2025080301016672,KBL,Dipshikha Dhitopatra Karobar Co. Pvt Ltd.,Sri Hari Securities Pvt. Ltd.,16,219.0,3504.0,2025-08-03T11:46:02.144877
2025-08-03,118889,2025080301016673,KBL,Naasa Securities Co. Ltd.,Sri Hari Securities Pvt. Ltd.,600,219.0,131400.0,2025-08-03T11:46:02.1451
2025-08-03,118888,2025080301016674,KBL,Midas Stock Broking Company Private Limited,Sri Hari Securities Pvt. Ltd.,80,219.0,17520.0,2025-08-03T11:46:02.145221
2025-08-03,118887,2025080301016675,KBL,Siprabi Securities Pvt. Ltd.,Sri Hari Securities Pvt. Ltd.,250,219.0,54750.0,2025-08-03T11:46:02.145335
2025-08-03,118886,2025080301016676,KBL,Sani Securities Company Ltd.,Sri Hari Securities Pvt. Ltd.,2054,219.0,449826.0,2025-08-03T11:46:02.145452
2025-08-03,118821,2025080301016700,KBL,Sani Securities Company Ltd.,Ashutosh Brokerage & Securities (PVT) Ltd.,400,219.0,87600.0,2025-08-03T11:46:09.546282
2025-08-03,118618,2025080301016805,KBL,Sani Securities Company Ltd.,Opal Securities Investment (PVT) Ltd.,50,219.0,10950.0,2025-08-03T11:46:27.951317
2025-08-03,117853,2025080301017221,KBL,Vision Securities Pvt. Ltd,Vision Securities Pvt. Ltd,375,219.1,82162.5,2025-08-03T11:47:32.289744
2025-08-03,117542,2025080301017384,KBL,Naasa Securities Co. Ltd.,KALASH STOCK MARKET PVT. LTD.,90,219.2,19728.0,2025-08-03T11:47:56.801509
2025-08-03,117317,2025080301017471,KBL,Naasa Securities Co. Ltd.,Malla & Malla Stock Broking Company Pvt. Limited,50,219.2,10960.0,2025-08-03T11:48:19.708713
2025-08-03,117199,2025080301017512,KBL,Naasa Securities Co. Ltd.,Opal Securities Investment (PVT) Ltd.,50,219.2,10960.0,2025-08-03T11:48:30.609844
2025-08-03,117050,2025080301017581,KBL,Naasa Securities Co. Ltd.,Naasa Securities Co. Ltd.,195,219.2,42744.0,2025-08-03T11:48:43.49667
2025-08-03,116682,2025080301017756,KBL,Vision Securities Pvt. Ltd,Sani Securities Company Ltd.,25,219.1,5477.5,2025-08-03T11:49:23.638353
2025-08-03,116488,2025080301017845,KBL,Kalika Securities Pvt. Ltd.,Naasa Securities Co. Ltd.,30,219.2,6576.0,2025-08-03T11:49:43.535389
2025-08-03,115812,2025080301018150,KBL,Shree Krishna Securities Ltd.,Naasa Securities Co. Ltd.,10,219.2,2192.0,2025-08-03T11:50:41.121019
2025-08-03,115328,2025080301018387,KBL,Investment Management Nepal Pvt. Ltd.,Naasa Securities Co. Ltd.,120,219.2,26304.0,2025-08-03T11:51:25.842572
2025-08-03,115327,2025080301018388,KBL,Investment Management Nepal Pvt. Ltd.,Vision Securities Pvt. Ltd,500,219.2,109600.0,2025-08-03T11:51:25.84329
2025-08-03,115326,2025080301018389,KBL,Investment Management Nepal Pvt. Ltd.,South Asian Bulls Pvt. Ltd.,50,219.8,10990.0,2025-08-03T11:51:25.843864
2025-08-03,115325,2025080301018390,KBL,Investment Management Nepal Pvt. Ltd.,Sani Securities Company Ltd.,87,219.8,19122.6,2025-08-03T11:51:25.844438
2025-08-03,115324,2025080301018391,KBL,Investment Management Nepal Pvt. Ltd.,Primo Securities (PVT) Ltd.,500,219.9,109950.0,2025-08-03T11:51:25.844876
2025-08-03,115323,2025080301018392,KBL,Investment Management Nepal Pvt. Ltd.,Imperial Securities Company Pvt. Ltd.,143,220.0,31460.0,2025-08-03T11:51:25.845276
2025-08-03,115278,2025080301018409,KBL,Thrive Brokerage House Pvt. Ltd,Vision Securities Pvt. Ltd,70,219.1,15337.0,2025-08-03T11:51:29.723084
2025-08-03,114948,2025080301018531,KBL,Thrive Brokerage House Pvt. Ltd,Sharepro Securities Private Limited,50,219.1,10955.0,2025-08-03T11:52:10.107105
2025-08-03,114851,2025080301018566,KBL,Deevyaa Securities & Stock House Pvt. Ltd,Naasa Securities Co. Ltd.,300,219.9,65970.0,2025-08-03T11:52:15.844219
2025-08-03,114850,2025080301018567,KBL,Deevyaa Securities & Stock House Pvt. Ltd,Imperial Securities Company Pvt. Ltd.,59,220.0,12980.0,2025-08-03T11:52:15.844509
2025-08-03,114849,2025080301018568,KBL,Deevyaa Securities & Stock House Pvt. Ltd,Naasa Securities Co. Ltd.,20,220.0,4400.0,2025-08-03T11:52:15.844635
2025-08-03,114848,2025080301018569,KBL,Deevyaa Securities & Stock House Pvt. Ltd,Kohinoor Investment & Securities Pvt. Ltd.,100,220.0,22000.0,2025-08-03T11:52:15.844759
2025-08-03,114847,2025080301018570,KBL,Deevyaa Securities & Stock House Pvt. Ltd,ABC Securities Private Limited,500,220.0,110000.0,2025-08-03T11:52:15.844883
2025-08-03,114846,2025080301018571,KBL,Deevyaa Securities & Stock House Pvt. Ltd,Creative Securities Pvt Ltd,163,220.0,35860.0,2025-08-03T11:52:15.845007
2025-08-03,114845,2025080301018572,KBL,Deevyaa Securities & Stock House Pvt. Ltd,Naasa Securities Co. Ltd.,550,220.0,121000.0,2025-08-03T11:52:15.845184
2025-08-03,114844,2025080301018573,KBL,Deevyaa Securities & Stock House Pvt. Ltd,Creative Securities Pvt Ltd,308,220.0,67760.0,2025-08-03T11:52:15.845312
2025-08-03,113092,2025080301019409,KBL,Investment Management Nepal Pvt. Ltd.,Sani Securities Company Ltd.,10,220.0,2200.0,2025-08-03T11:54:47.688656
2025-08-03,113091,2025080301019410,KBL,Investment Management Nepal Pvt. Ltd.,Trisul Securities & Invt. Ltd.,170,220.0,37400.0,2025-08-03T11:54:47.688926
2025-08-03,112831,2025080301019535,KBL,Thrive Brokerage House Pvt. Ltd,Midas Stock Broking Company Private Limited,80,219.1,17528.0,2025-08-03T11:55:12.95551
2025-08-03,112830,2025080301019536,KBL,Vision Securities Pvt. Ltd,Midas Stock Broking Company Private Limited,200,219.1,43820.0,2025-08-03T11:55:12.955806
2025-08-03,112829,2025080301019537,KBL,Sani Securities Company Ltd.,Midas Stock Broking Company Private Limited,486,219.0,106434.0,2025-08-03T11:55:12.955945
2025-08-03,112475,2025080301019687,KBL,Sani Securities Company Ltd.,Premier Securities Company Ltd.,17,219.0,3723.0,2025-08-03T11:55:42.846898
2025-08-03,112005,2025080301019936,KBL,Citizens Share Broker Limited,Sani Securities Company Ltd.,277,220.0,60940.0,2025-08-03T11:56:22.391795
2025-08-03,112004,2025080301019937,KBL,Citizens Share Broker Limited,Naasa Securities Co. Ltd.,10,220.0,2200.0,2025-08-03T11:56:22.392282
2025-08-03,112003,2025080301019938,KBL,Citizens Share Broker Limited,Sewa Securities Pvt. Ltd.,42,220.0,9240.0,2025-08-03T11:56:22.392411
2025-08-03,112002,2025080301019939,KBL,Citizens Share Broker Limited,Naasa Securities Co. Ltd.,70,220.0,15400.0,2025-08-03T11:56:22.39254
2025-08-03,112001,2025080301019940,KBL,Citizens Share Broker Limited,Creative Securities Pvt Ltd,192,220.0,42240.0,2025-08-03T11:56:22.392669
2025-08-03,112000,2025080301019941,KBL,Citizens Share Broker Limited,Trisul Securities & Invt. Ltd.,150,220.0,33000.0,2025-08-03T11:56:22.392791
2025-08-03,111770,2025080301020061,KBL,Citizens Share Broker Limited,Naasa Securities Co. Ltd.,400,220.0,88000.0,2025-08-03T11:56:46.979338
2025-08-03,111655,2025080301020103,KBL,Imperial Securities Company Pvt. Ltd.,Premier Securities Company Ltd.,50,220.4,11020.0,2025-08-03T11:56:59.78218
2025-08-03,110863,2025080301020448,KBL,Citizens Share Broker Limited,Naasa Securities Co. Ltd.,35,220.0,7700.0,2025-08-03T11:58:19.882415
2025-08-03,110851,2025080301020453,KBL,Sundhara Securities Limited,Property Wiard Limited,300,220.4,66120.0,2025-08-03T11:58:21.517158
2025-08-03,110348,2025080301020712,KBL,Primo Securities (PVT) Ltd.,Property Wiard Limited,200,220.4,44080.0,2025-08-03T11:59:13.467327
2025-08-03,110347,2025080301020713,KBL,Primo Securities (PVT) Ltd.,Aryatara Investment & Securities,2000,220.4,440800.0,2025-08-03T11:59:13.467615
2025-08-03,110346,2025080301020714,KBL,Primo Securities (PVT) Ltd.,Trisul Securities & Invt. Ltd.,1800,220.5,396900.0,2025-08-03T11:59:13.467758
2025-08-03,109714,2025080301021041,KBL,Swarna Laxmi Securities Pvt. Ltd.,Trishakti Securities Public Limited,1,218.0,218.0,2025-08-03T12:00:09.275386
2025-08-03,109566,2025080301021120,KBL,Online Securities Pvt. Ltd.,Sani Securities Company Ltd.,1,221.0,221.0,2025-08-03T12:00:25.050898
2025-08-03,109519,2025080301021153,KBL,Dakshinkali Investment & Securities Pvt. Ltd.,Trisul Securities & Invt. Ltd.,30,220.5,6615.0,2025-08-03T12:00:31.63089
2025-08-03,109518,2025080301021154,KBL,Dakshinkali Investment & Securities Pvt. Ltd.,ABC Securities Private Limited,20,220.5,4410.0,2025-08-03T12:00:31.63143
2025-08-03,109355,2025080301021227,KBL,Dakshinkali Investment & Securities Pvt. Ltd.,Linch Stock Market Ltd.,950,220.5,209475.0,2025-08-03T12:00:43.7331
2025-08-03,109271,2025080301021281,KBL,Swarna Laxmi Securities Pvt. Ltd.,Kohinoor Investment & Securities Pvt. Ltd.,3,219.1,657.3,2025-08-03T12:00:51.528326
2025-08-03,108357,2025080301021726,KBL,Citizens Share Broker Limited,Imperial Securities Company Pvt. Ltd.,25,220.0,5500.0,2025-08-03T12:02:17.622468
2025-08-03,108003,2025080301021890,KBL,Primo Securities (PVT) Ltd.,Linch Stock Market Ltd.,50,220.5,11025.0,2025-08-03T12:02:52.547535
2025-08-03,108002,2025080301021891,KBL,Primo Securities (PVT) Ltd.,Creative Securities Pvt Ltd,50,220.5,11025.0,2025-08-03T12:02:52.547852
2025-08-03,107906,2025080301021941,KBL,Citizens Share Broker Limited,Vision Securities Pvt. Ltd,434,220.0,95480.0,2025-08-03T12:03:04.390226
2025-08-03,107019,2025080301022375,KBL,Citizens Share Broker Limited,Naasa Securities Co. Ltd.,15,220.0,3300.0,2025-08-03T12:04:23.337599
2025-08-03,106108,2025080301022751,KBL,Naasa Securities Co. Ltd.,Imperial Securities Company Pvt. Ltd.,10,220.5,2205.0,2025-08-03T12:06:02.697354
2025-08-03,105731,2025080301022911,KBL,Naasa Securities Co. Ltd.,Premier Securities Company Ltd.,20,220.5,4410.0,2025-08-03T12:06:47.304688
2025-08-03,105599,2025080301022973,KBL,Naasa Securities Co. Ltd.,Sani Securities Company Ltd.,12,220.5,2646.0,2025-08-03T12:06:59.993309
2025-08-03,105563,2025080301022994,KBL,Dynamic Money Managers Securities Pvt. Ltd.,Sani Securities Company Ltd.,70,220.5,15435.0,2025-08-03T12:07:06.206952
2025-08-03,105287,2025080301023097,KBL,Indira securities pvt. ltd,Trishakti Securities Public Limited,21,220.1,4622.1,2025-08-03T12:07:38.838935
2025-08-03,105019,2025080301023212,KBL,Indira securities pvt. ltd,Shree Krishna Securities Ltd.,300,220.1,66030.0,2025-08-03T12:08:10.667602
2025-08-03,105006,2025080301023221,KBL,Machhapuchchhre Securities Limited,Sani Securities Company Ltd.,10,220.5,2205.0,2025-08-03T12:08:12.783936
2025-08-03,104776,2025080301023304,KBL,Indira securities pvt. ltd,Sani Securities Company Ltd.,20,220.1,4402.0,2025-08-03T12:08:39.12565
2025-08-03,104579,2025080301023409,KBL,Dipshikha Dhitopatra Karobar Co. Pvt Ltd.,Sani Securities Company Ltd.,108,220.5,23814.0,2025-08-03T12:08:59.86052
2025-08-03,104578,2025080301023410,KBL,Dipshikha Dhitopatra Karobar Co. Pvt Ltd.,Trisul Securities & Invt. Ltd.,500,220.5,110250.0,2025-08-03T12:08:59.860558
2025-08-03,104577,2025080301023411,KBL,Dipshikha Dhitopatra Karobar Co. Pvt Ltd.,Naasa Securities Co. Ltd.,10,220.6,2206.0,2025-08-03T12:08:59.860585
2025-08-03,104576,2025080301023412,KBL,Dipshikha Dhitopatra Karobar Co. Pvt Ltd.,Premier Securities Company Ltd.,100,220.6,22060.0,2025-08-03T12:08:59.860611
2025-08-03,104575,2025080301023413,KBL,Dipshikha Dhitopatra Karobar Co. Pvt Ltd.,Vision Securities Pvt. Ltd,382,220.7,84307.4,2025-08-03T12:08:59.860634
2025-08-03,104058,2025080301023683,KBL,Siprabi Securities Pvt. Ltd.,Vision Securities Pvt. Ltd,118,220.7,26042.6,2025-08-03T12:09:49.178009
2025-08-03,103618,2025080301023863,KBL,Dipshikha Dhitopatra Karobar Co. Pvt Ltd.,Vision Securities Pvt. Ltd,152,220.7,33546.4,2025-08-03T12:10:48.837435
2025-08-03,103617,2025080301023864,KBL,Dipshikha Dhitopatra Karobar Co. Pvt Ltd.,Vision Securities Pvt. Ltd,748,220.8,165158.4,2025-08-03T12:10:48.837488
2025-08-03,103162,2025080301024019,KBL,Sani Securities Company Ltd.,Vision Securities Pvt. Ltd,10,220.8,2208.0,2025-08-03T12:11:37.024133
2025-08-03,102899,2025080301024125,KBL,Online Securities Pvt. Ltd.,Agrawal Securities (PVT) Ltd.,93,220.5,20506.5,2025-08-03T12:12:06.63047
2025-08-03,102548,2025080301024292,KBL,Naasa Securities Co. Ltd.,Agrawal Securities (PVT) Ltd.,73,220.5,16096.5,2025-08-03T12:13:01.20553
2025-08-03,102547,2025080301024293,KBL,Naasa Securities Co. Ltd.,Vision Securities Pvt. Ltd,62,220.8,13689.6,2025-08-03T12:13:01.206306
2025-08-03,102017,2025080301024527,KBL,Imperial Securities Company Pvt. Ltd.,Vision Securities Pvt. Ltd,180,220.8,39744.0,2025-08-03T12:14:03.915747
2025-08-03,102016,2025080301024528,KBL,Imperial Securities Company Pvt. Ltd.,Primo Securities (PVT) Ltd.,320,220.8,70656.0,2025-08-03T12:14:03.91586
2025-08-03,101792,2025080301024636,KBL,Online Securities Pvt. Ltd.,Primo Securities (PVT) Ltd.,180,220.8,39744.0,2025-08-03T12:14:34.052331
2025-08-03,101791,2025080301024637,KBL,Online Securities Pvt. Ltd.,Imperial Securities Company Pvt. Ltd.,140,221.0,30940.0,2025-08-03T12:14:34.052622
2025-08-03,100528,2025080301025148,KBL,Oxford Securities Pvt. Ltd.,Imperial Securities Company Pvt. Ltd.,360,221.0,79560.0,2025-08-03T12:17:22.01966
2025-08-03,100527,2025080301025149,KBL,Oxford Securities Pvt. Ltd.,Sri Hari Securities Pvt. Ltd.,100,221.0,22100.0,2025-08-03T12:17:22.019973
2025-08-03,100526,2025080301025150,KBL,Oxford Securities Pvt. Ltd.,Opal Securities Investment (PVT) Ltd.,53,221.0,11713.0,2025-08-03T12:17:22.020137
2025-08-03,100525,2025080301025151,KBL,Oxford Securities Pvt. Ltd.,Naasa Securities Co. Ltd.,42,221.0,9282.0,2025-08-03T12:17:22.020284
2025-08-03,100036,2025080301025359,KBL,Kalika Securities Pvt. Ltd.,Shree Krishna Securities Ltd.,100,220.2,22020.0,2025-08-03T12:18:22.836723
2025-08-03,100035,2025080301025360,KBL,Capital Hub P. Ltd,Shree Krishna Securities Ltd.,200,220.2,44040.0,2025-08-03T12:18:22.83677
2025-08-03,100026,2025080301025363,KBL,Naasa Securities Co. Ltd.,Online Securities Pvt. Ltd.,10,220.5,2205.0,2025-08-03T12:18:24.411505
2025-08-03,100025,2025080301025364,KBL,Capital Hub P. Ltd,Opal Securities Investment (PVT) Ltd.,300,220.2,66060.0,2025-08-03T12:18:25.018483
2025-08-03,100024,2025080301025365,KBL,Kohinoor Investment & Securities Pvt. Ltd.,Opal Securities Investment (PVT) Ltd.,400,220.2,88080.0,2025-08-03T12:18:25.018817
2025-08-03,100023,2025080301025366,KBL,Indira securities pvt. ltd,Opal Securities Investment (PVT) Ltd.,1659,220.1,365145.9,2025-08-03T12:18:25.018967
2025-08-03,100022,2025080301025367,KBL,Citizens Share Broker Limited,Opal Securities Investment (PVT) Ltd.,600,220.0,132000.0,2025-08-03T12:18:25.019121
2025-08-03,100021,2025080301025368,KBL,Online Securities Pvt. Ltd.,Opal Securities Investment (PVT) Ltd.,909,220.0,199980.0,2025-08-03T12:18:25.01927
2025-08-03,100020,2025080301025369,KBL,Sri Hari Securities Pvt. Ltd.,Opal Securities Investment (PVT) Ltd.,451,220.0,99220.0,2025-08-03T12:18:25.019415
2025-08-03,100019,2025080301025370,KBL,Aryatara Investment & Securities,Opal Securities Investment (PVT) Ltd.,104,220.0,22880.0,2025-08-03T12:18:25.019563
2025-08-03,100018,2025080301025371,KBL,Kalika Securities Pvt. Ltd.,Opal Securities Investment (PVT) Ltd.,1400,220.0,308000.0,2025-08-03T12:18:25.01971
2025-08-03,100017,2025080301025372,KBL,Nepal Investment And Securities Trading Private Limited,Opal Securities Investment (PVT) Ltd.,1000,220.0,220000.0,2025-08-03T12:18:25.019863
2025-08-03,100016,2025080301025373,KBL,Naasa Securities Co. Ltd.,Opal Securities Investment (PVT) Ltd.,2000,220.0,440000.0,2025-08-03T12:18:25.020037
2025-08-03,100015,2025080301025374,KBL,Kumari Securities Private Limited,Opal Securities Investment (PVT) Ltd.,500,220.0,110000.0,2025-08-03T12:18:25.020193
2025-08-03,100014,2025080301025375,KBL,Midas Stock Broking Company Private Limited,Opal Securities Investment (PVT) Ltd.,677,220.0,148940.0,2025-08-03T12:18:25.020335
2025-08-03,100009,2025080301025378,KBL,Kalika Securities Pvt. Ltd.,Online Securities Pvt. Ltd.,232,220.5,51156.0,2025-08-03T12:18:26.116746
2025-08-03,100008,2025080301025379,KBL,Kalika Securities Pvt. Ltd.,Naasa Securities Co. Ltd.,258,221.0,57018.0,2025-08-03T12:18:26.117116
2025-08-03,100007,2025080301025380,KBL,Kalika Securities Pvt. Ltd.,Dipshikha Dhitopatra Karobar Co. Pvt Ltd.,180,221.0,39780.0,2025-08-03T12:18:26.117262
2025-08-03,99568,2025080301025548,KBL,Midas Stock Broking Company Private Limited,Vision Securities Pvt. Ltd,323,220.0,71060.0,2025-08-03T12:19:23.446136
2025-08-03,99114,2025080301025743,KBL,Kohinoor Investment & Securities Pvt. Ltd.,Vision Securities Pvt. Ltd,50,220.0,11000.0,2025-08-03T12:20:15.256638
2025-08-03,99004,2025080301025804,KBL,Market Securities & Exchange (PVT) Ltd.,Vision Securities Pvt. Ltd,12,220.0,2640.0,2025-08-03T12:20:24.637582
2025-08-03,98993,2025080301025808,KBL,Sundhara Securities Limited,Naasa Securities Co. Ltd.,10,219.5,2195.0,2025-08-03T12:20:26.983402
2025-08-03,98046,2025080301026228,KBL,Sundhara Securities Limited,Thrive Brokerage House Pvt. Ltd,100,219.5,21950.0,2025-08-03T12:22:01.204227
2025-08-03,98045,2025080301026229,KBL,Imperial Securities Company Pvt. Ltd.,Thrive Brokerage House Pvt. Ltd,50,219.5,10975.0,2025-08-03T12:22:01.204584
2025-08-03,97901,2025080301026293,KBL,Imperial Securities Company Pvt. Ltd.,Thrive Brokerage House Pvt. Ltd,34,219.5,7463.0,2025-08-03T12:22:11.170118
2025-08-03,97623,2025080301026443,KBL,Kohinoor Investment & Securities Pvt. Ltd.,Thrive Brokerage House Pvt. Ltd,26,219.2,5699.2,2025-08-03T12:22:44.429134
2025-08-03,96987,2025080301026719,KBL,Machhapuchchhre Securities Limited,Vision Securities Pvt. Ltd,10,220.0,2200.0,2025-08-03T12:24:08.223881
2025-08-03,96704,2025080301026864,KBL,Naasa Securities Co. Ltd.,Vision Securities Pvt. Ltd,80,220.0,17600.0,2025-08-03T12:24:38.174159
2025-08-03,96268,2025080301027083,KBL,Imperial Securities Company Pvt. Ltd.,Vision Securities Pvt. Ltd,25,220.0,5500.0,2025-08-03T12:25:26.908623
2025-08-03,96267,2025080301027084,KBL,Imperial Securities Company Pvt. Ltd.,Kumari Securities Private Limited,10,220.0,2200.0,2025-08-03T12:25:26.908958
2025-08-03,96266,2025080301027085,KBL,Imperial Securities Company Pvt. Ltd.,Sani Securities Company Ltd.,444,220.0,97680.0,2025-08-03T12:25:26.909124
2025-08-03,96161,2025080301027118,KBL,Imperial Securities Company Pvt. Ltd.,Aryatara Investment & Securities,21,220.0,4620.0,2025-08-03T12:25:37.502111
2025-08-03,95945,2025080301027218,KBL,Pragyan Securities (PVT) Ltd.,Aryatara Investment & Securities,520,220.0,114400.0,2025-08-03T12:26:00.148149
2025-08-03,95732,2025080301027306,KBL,Sani Securities Company Ltd.,Aryatara Investment & Securities,905,220.0,199100.0,2025-08-03T12:26:28.648937
2025-08-03,95602,2025080301027367,KBL,Sani Securities Company Ltd.,Sweta Securities Private Limited,300,220.0,66000.0,2025-08-03T12:26:45.336097
2025-08-03,95519,2025080301027409,KBL,Sani Securities Company Ltd.,Capital Max Securities Ltd,220,220.0,48400.0,2025-08-03T12:26:55.168409
2025-08-03,95518,2025080301027410,KBL,Capital Max Securities Ltd,Capital Max Securities Ltd,18,220.0,3960.0,2025-08-03T12:26:55.169161
2025-08-03,95517,2025080301027411,KBL,Ashutosh Brokerage & Securities (PVT) Ltd.,Capital Max Securities Ltd,462,220.0,101640.0,2025-08-03T12:26:55.169691
2025-08-03,95072,2025080301027614,KBL,Machhapuchchhre Securities Limited,Creative Securities Pvt Ltd,10,220.8,2208.0,2025-08-03T12:27:41.833574
2025-08-03,94964,2025080301027676,KBL,Ashutosh Brokerage & Securities (PVT) Ltd.,Himalayan Brokerage Company Limited,38,220.0,8360.0,2025-08-03T12:27:54.530017
2025-08-03,94791,2025080301027770,KBL,Vision Securities Pvt. Ltd,Vision Securities Pvt. Ltd,500,219.5,109750.0,2025-08-03T12:28:12.830235
2025-08-03,94790,2025080301027771,KBL,Dynamic Money Managers Securities Pvt. Ltd.,Vision Securities Pvt. Ltd,500,219.5,109750.0,2025-08-03T12:28:12.83097
2025-08-03,94789,2025080301027772,KBL,Pragyan Securities (PVT) Ltd.,Vision Securities Pvt. Ltd,500,219.4,109700.0,2025-08-03T12:28:12.831496
2025-08-03,94788,2025080301027773,KBL,Kalika Securities Pvt. Ltd.,Vision Securities Pvt. Ltd,30,219.4,6582.0,2025-08-03T12:28:12.831986
2025-08-03,94787,2025080301027774,KBL,Aryatara Investment & Securities,Vision Securities Pvt. Ltd,500,219.3,109650.0,2025-08-03T12:28:12.832484
2025-08-03,94785,2025080301027775,KBL,Premier Securities Company Ltd.,Vision Securities Pvt. Ltd,500,219.3,109650.0,2025-08-03T12:28:12.833014
2025-08-03,94784,2025080301027776,KBL,Kohinoor Investment & Securities Pvt. Ltd.,Vision Securities Pvt. Ltd,357,219.2,78254.4,2025-08-03T12:28:12.833537
2025-08-03,94509,2025080301027931,KBL,Machhapuchchhre Securities Limited,Himalayan Brokerage Company Limited,10,220.0,2200.0,2025-08-03T12:28:46.07027
2025-08-03,94473,2025080301027952,KBL,Kohinoor Investment & Securities Pvt. Ltd.,Vision Securities Pvt. Ltd,1117,219.2,244846.4,2025-08-03T12:28:51.312551
2025-08-03,94472,2025080301027953,KBL,Opal Securities Investment (PVT) Ltd.,Vision Securities Pvt. Ltd,912,219.2,199910.4,2025-08-03T12:28:51.313312
2025-08-03,94471,2025080301027954,KBL,Dynamic Money Managers Securities Pvt. Ltd.,Vision Securities Pvt. Ltd,500,219.2,109600.0,2025-08-03T12:28:51.313809
2025-08-03,94470,2025080301027955,KBL,Agrawal Securities (PVT) Ltd.,Vision Securities Pvt. Ltd,500,219.2,109600.0,2025-08-03T12:28:51.31431
2025-08-03,94469,2025080301027956,KBL,Vision Securities Pvt. Ltd,Vision Securities Pvt. Ltd,200,219.1,43820.0,2025-08-03T12:28:51.314816
2025-08-03,94468,2025080301027957,KBL,Dynamic Money Managers Securities Pvt. Ltd.,Vision Securities Pvt. Ltd,500,219.1,109550.0,2025-08-03T12:28:51.315307
2025-08-03,94467,2025080301027958,KBL,Citizens Share Broker Limited,Vision Securities Pvt. Ltd,700,219.1,153370.0,2025-08-03T12:28:51.315782
2025-08-03,94466,2025080301027959,KBL,Sani Securities Company Ltd.,Vision Securities Pvt. Ltd,571,219.0,125049.0,2025-08-03T12:28:51.316274
2025-08-03,94351,2025080301028005,KBL,Sani Securities Company Ltd.,Trishakti Securities Public Limited,422,219.0,92418.0,2025-08-03T12:29:08.048652
2025-08-03,94350,2025080301028006,KBL,Midas Stock Broking Company Private Limited,Trishakti Securities Public Limited,196,219.0,42924.0,2025-08-03T12:29:08.049502
2025-08-03,93987,2025080301028167,KBL,Midas Stock Broking Company Private Limited,Thrive Brokerage House Pvt. Ltd,500,219.0,109500.0,2025-08-03T12:29:50.481234
2025-08-03,93877,2025080301028240,KBL,Linch Stock Market Ltd.,Agrawal Securities (PVT) Ltd.,1000,219.2,219200.0,2025-08-03T12:30:02.14751
2025-08-03,93469,2025080301028411,KBL,Midas Stock Broking Company Private Limited,Agrawal Securities (PVT) Ltd.,304,219.0,66576.0,2025-08-03T12:30:46.34435
2025-08-03,93468,2025080301028412,KBL,Indira securities pvt. ltd,Agrawal Securities (PVT) Ltd.,2000,219.0,438000.0,2025-08-03T12:30:46.344886
2025-08-03,93467,2025080301028413,KBL,Market Securities & Exchange (PVT) Ltd.,Agrawal Securities (PVT) Ltd.,150,219.0,32850.0,2025-08-03T12:30:46.345193
2025-08-03,93466,2025080301028414,KBL,Capital Hub P. Ltd,Agrawal Securities (PVT) Ltd.,50,219.0,10950.0,2025-08-03T12:30:46.345369
2025-08-03,93465,2025080301028415,KBL,Pragyan Securities (PVT) Ltd.,Agrawal Securities (PVT) Ltd.,300,219.0,65700.0,2025-08-03T12:30:46.345534
2025-08-03,93464,2025080301028416,KBL,Dakshinkali Investment & Securities Pvt. Ltd.,Agrawal Securities (PVT) Ltd.,1000,219.0,219000.0,2025-08-03T12:30:46.345724
2025-08-03,93463,2025080301028417,KBL,Agrawal Securities (PVT) Ltd.,Agrawal Securities (PVT) Ltd.,1000,219.0,219000.0,2025-08-03T12:30:46.345886
2025-08-03,93462,2025080301028418,KBL,Online Securities Pvt. Ltd.,Agrawal Securities (PVT) Ltd.,20,219.0,4380.0,2025-08-03T12:30:46.346055
2025-08-03,93461,2025080301028419,KBL,Premier Securities Company Ltd.,Agrawal Securities (PVT) Ltd.,1000,219.0,219000.0,2025-08-03T12:30:46.346217
2025-08-03,93460,2025080301028420,KBL,Cristal Kanchanjanga Securites Pvt. Ltd.,Agrawal Securities (PVT) Ltd.,500,219.0,109500.0,2025-08-03T12:30:46.346379
2025-08-03,93459,2025080301028421,KBL,Vision Securities Pvt. Ltd,Agrawal Securities (PVT) Ltd.,50,219.0,10950.0,2025-08-03T12:30:46.346539
2025-08-03,93458,2025080301028422,KBL,Premier Securities Company Ltd.,Agrawal Securities (PVT) Ltd.,100,219.0,21900.0,2025-08-03T12:30:46.346698
2025-08-03,93457,2025080301028423,KBL,Aryatara Investment & Securities,Agrawal Securities (PVT) Ltd.,200,219.0,43800.0,2025-08-03T12:30:46.346859
2025-08-03,93456,2025080301028424,KBL,Naasa Securities Co. Ltd.,Agrawal Securities (PVT) Ltd.,200,219.0,43800.0,2025-08-03T12:30:46.347064
2025-08-03,93455,2025080301028425,KBL,Sundhara Securities Limited,Agrawal Securities (PVT) Ltd.,50,219.0,10950.0,2025-08-03T12:30:46.347225
2025-08-03,93454,2025080301028426,KBL,Dipshikha Dhitopatra Karobar Co. Pvt Ltd.,Agrawal Securities (PVT) Ltd.,50,219.0,10950.0,2025-08-03T12:30:46.347384
2025-08-03,93453,2025080301028427,KBL,Dipshikha Dhitopatra Karobar Co. Pvt Ltd.,Agrawal Securities (PVT) Ltd.,200,219.0,43800.0,2025-08-03T12:30:46.347541
2025-08-03,93452,2025080301028428,KBL,INDEX SECURITIES LIMITED,Agrawal Securities (PVT) Ltd.,826,219.0,180894.0,2025-08-03T12:30:46.347698
2025-08-03,93054,2025080301028651,KBL,Vision Securities Pvt. Ltd,INDEX SECURITIES LIMITED,200,219.1,43820.0,2025-08-03T12:31:32.778503
2025-08-03,92673,2025080301028840,KBL,Vision Securities Pvt. Ltd,Vision Securities Pvt. Ltd,300,219.1,65730.0,2025-08-03T12:32:26.782808
2025-08-03,92672,2025080301028841,KBL,Secured Securities Ltd.,Vision Securities Pvt. Ltd,30,219.1,6573.0,2025-08-03T12:32:26.783549
2025-08-03,92671,2025080301028842,KBL,INDEX SECURITIES LIMITED,Vision Securities Pvt. Ltd,174,219.0,38106.0,2025-08-03T12:32:26.784057
2025-08-03,92670,2025080301028843,KBL,Trishakti Securities Public Limited,Vision Securities Pvt. Ltd,10,219.0,2190.0,2025-08-03T12:32:26.78454
2025-08-03,92669,2025080301028844,KBL,Sani Securities Company Ltd.,Vision Securities Pvt. Ltd,800,219.0,175200.0,2025-08-03T12:32:26.785011
2025-08-03,92668,2025080301028845,KBL,Oxford Securities Pvt. Ltd.,Vision Securities Pvt. Ltd,85,219.0,18615.0,2025-08-03T12:32:26.785492
2025-08-03,92667,2025080301028846,KBL,Agrawal Securities (PVT) Ltd.,Vision Securities Pvt. Ltd,500,219.0,109500.0,2025-08-03T12:32:26.785958
2025-08-03,92666,2025080301028847,KBL,Sani Securities Company Ltd.,Vision Securities Pvt. Ltd,452,219.0,98988.0,2025-08-03T12:32:26.786433
2025-08-03,92351,2025080301029001,KBL,Sani Securities Company Ltd.,Agrawal Securities (PVT) Ltd.,500,219.0,109500.0,2025-08-03T12:33:00.878714
2025-08-03,92038,2025080301029110,KBL,Sani Securities Company Ltd.,Nepal Stock House (PVT) Ltd.,48,219.0,10512.0,2025-08-03T12:33:41.998363
2025-08-03,92037,2025080301029111,KBL,Premier Securities Company Ltd.,Nepal Stock House (PVT) Ltd.,100,219.0,21900.0,2025-08-03T12:33:41.998741
2025-08-03,92026,2025080301029116,KBL,Naasa Securities Co. Ltd.,Nepal Stock House (PVT) Ltd.,40,219.0,8760.0,2025-08-03T12:33:43.417801
2025-08-03,91400,2025080301029369,KBL,Agrawal Securities (PVT) Ltd.,Naasa Securities Co. Ltd.,100,219.0,21900.0,2025-08-03T12:34:47.34397
2025-08-03,90859,2025080301029630,KBL,Online Securities Pvt. Ltd.,Vision Securities Pvt. Ltd,100,218.9,21890.0,2025-08-03T12:35:49.089636
2025-08-03,90858,2025080301029631,KBL,Sundhara Securities Limited,Vision Securities Pvt. Ltd,180,218.8,39384.0,2025-08-03T12:35:49.09002
2025-08-03,90857,2025080301029632,KBL,Online Securities Pvt. Ltd.,Vision Securities Pvt. Ltd,100,218.7,21870.0,2025-08-03T12:35:49.090195
2025-08-03,90856,2025080301029633,KBL,Kumari Securities Private Limited,Vision Securities Pvt. Ltd,160,218.6,34976.0,2025-08-03T12:35:49.090357
2025-08-03,90855,2025080301029634,KBL,Primo Securities (PVT) Ltd.,Vision Securities Pvt. Ltd,500,218.6,109300.0,2025-08-03T12:35:49.090519
2025-08-03,90854,2025080301029635,KBL,Indira securities pvt. ltd,Vision Securities Pvt. Ltd,1960,218.6,428456.0,2025-08-03T12:35:49.090678
2025-08-03,90713,2025080301029701,KBL,Indira securities pvt. ltd,Vision Securities Pvt. Ltd,40,218.6,8744.0,2025-08-03T12:36:06.284541
2025-08-03,90712,2025080301029702,KBL,Vision Securities Pvt. Ltd,Vision Securities Pvt. Ltd,526,218.5,114931.0,2025-08-03T12:36:06.284899
2025-08-03,90711,2025080301029703,KBL,Arun Securities (PVT) Ltd.,Vision Securities Pvt. Ltd,500,218.5,109250.0,2025-08-03T12:36:06.285072
2025-08-03,90710,2025080301029704,KBL,Indira securities pvt. ltd,Vision Securities Pvt. Ltd,934,218.5,204079.0,2025-08-03T12:36:06.285227
2025-08-03,90615,2025080301029755,KBL,Vision Securities Pvt. Ltd,Naasa Securities Co. Ltd.,300,219.0,65700.0,2025-08-03T12:36:19.536374
2025-08-03,90614,2025080301029756,KBL,Vision Securities Pvt. Ltd,Naasa Securities Co. Ltd.,200,219.0,43800.0,2025-08-03T12:36:19.536732
2025-08-03,90235,2025080301029938,KBL,Indira securities pvt. ltd,Vision Securities Pvt. Ltd,1066,218.5,232921.0,2025-08-03T12:37:00.237346
2025-08-03,90234,2025080301029939,KBL,Opal Securities Investment (PVT) Ltd.,Vision Securities Pvt. Ltd,1000,218.5,218500.0,2025-08-03T12:37:00.237721
2025-08-03,90233,2025080301029940,KBL,Linch Stock Market Ltd.,Vision Securities Pvt. Ltd,500,218.4,109200.0,2025-08-03T12:37:00.237885
2025-08-03,90232,2025080301029941,KBL,Naasa Securities Co. Ltd.,Vision Securities Pvt. Ltd,20,218.4,4368.0,2025-08-03T12:37:00.238052
2025-08-03,90231,2025080301029942,KBL,Sharepro Securities Private Limited,Vision Securities Pvt. Ltd,2414,218.3,526976.2,2025-08-03T12:37:00.238212
2025-08-03,89982,2025080301030038,KBL,Aryatara Investment & Securities,Naasa Securities Co. Ltd.,500,219.0,109500.0,2025-08-03T12:37:31.15594
2025-08-03,89759,2025080301030133,KBL,Dynamic Money Managers Securities Pvt. Ltd.,Vision Securities Pvt. Ltd,250,218.4,54600.0,2025-08-03T12:37:55.895491
2025-08-03,89758,2025080301030134,KBL,Sharepro Securities Private Limited,Vision Securities Pvt. Ltd,4750,218.3,1036925.0,2025-08-03T12:37:55.896227
2025-08-03,89368,2025080301030308,KBL,Aryatara Investment & Securities,Vision Securities Pvt. Ltd,500,218.4,109200.0,2025-08-03T12:38:38.630802
2025-08-03,89367,2025080301030309,KBL,Sharepro Securities Private Limited,Vision Securities Pvt. Ltd,1500,218.3,327450.0,2025-08-03T12:38:38.631135
2025-08-03,89119,2025080301030440,KBL,Premier Securities Company Ltd.,South Asian Bulls Pvt. Ltd.,100,218.4,21840.0,2025-08-03T12:39:09.222149
2025-08-03,88734,2025080301030623,KBL,Premier Securities Company Ltd.,ABC Securities Private Limited,355,218.4,77532.0,2025-08-03T12:39:49.275506
2025-08-03,87943,2025080301031001,KBL,Premier Securities Company Ltd.,Naasa Securities Co. Ltd.,30,218.4,6552.0,2025-08-03T12:41:19.903696
2025-08-03,87866,2025080301031036,KBL,Premier Securities Company Ltd.,Oxford Securities Pvt. Ltd.,15,218.4,3276.0,2025-08-03T12:41:31.309958
2025-08-03,87865,2025080301031037,KBL,Online Securities Pvt. Ltd.,Oxford Securities Pvt. Ltd.,145,218.4,31668.0,2025-08-03T12:41:31.310744
2025-08-03,87610,2025080301031168,KBL,Nepal Stock House (PVT) Ltd.,Trishakti Securities Public Limited,60,218.5,13110.0,2025-08-03T12:42:02.400519
2025-08-03,87144,2025080301031370,KBL,Nepal Stock House (PVT) Ltd.,INDEX SECURITIES LIMITED,125,218.5,27312.5,2025-08-03T12:42:50.665114
2025-08-03,86486,2025080301031634,KBL,Nepal Stock House (PVT) Ltd.,Trisul Securities & Invt. Ltd.,15,218.5,3277.5,2025-08-03T12:43:52.618128
2025-08-03,86476,2025080301031639,KBL,Secured Securities Ltd.,Trisul Securities & Invt. Ltd.,125,218.5,27312.5,2025-08-03T12:43:54.632484
2025-08-03,86137,2025080301031793,KBL,Himalayan Brokerage Company Limited,South Asian Bulls Pvt. Ltd.,1000,218.8,218800.0,2025-08-03T12:44:27.713166
2025-08-03,86087,2025080301031818,KBL,Secured Securities Ltd.,Vision Securities Pvt. Ltd,225,218.5,49162.5,2025-08-03T12:44:34.175981
2025-08-03,86086,2025080301031819,KBL,Online Securities Pvt. Ltd.,Vision Securities Pvt. Ltd,55,218.4,12012.0,2025-08-03T12:44:34.176344
2025-08-03,86085,2025080301031820,KBL,South Asian Bulls Pvt. Ltd.,Vision Securities Pvt. Ltd,100,218.4,21840.0,2025-08-03T12:44:34.17653
2025-08-03,86084,2025080301031821,KBL,Opal Securities Investment (PVT) Ltd.,Vision Securities Pvt. Ltd,1500,218.4,327600.0,2025-08-03T12:44:34.17672
2025-08-03,86083,2025080301031822,KBL,Sewa Securities Pvt. Ltd.,Vision Securities Pvt. Ltd,120,218.4,26208.0,2025-08-03T12:44:34.176909
2025-08-03,85701,2025080301031973,KBL,Sani Securities Company Ltd.,South Asian Bulls Pvt. Ltd.,100,218.8,21880.0,2025-08-03T12:45:17.452618
2025-08-03,85651,2025080301031986,KBL,Secured Securities Ltd.,South Asian Bulls Pvt. Ltd.,105,218.8,22974.0,2025-08-03T12:45:24.024851
2025-08-03,85567,2025080301032008,KBL,Sundhara Securities Limited,South Asian Bulls Pvt. Ltd.,500,218.8,109400.0,2025-08-03T12:45:28.884858
2025-08-03,85530,2025080301032017,KBL,Online Securities Pvt. Ltd.,KALASH STOCK MARKET PVT. LTD.,100,218.5,21850.0,2025-08-03T12:45:31.330974
2025-08-03,85529,2025080301032018,KBL,Sewa Securities Pvt. Ltd.,KALASH STOCK MARKET PVT. LTD.,80,218.4,17472.0,2025-08-03T12:45:31.331347
2025-08-03,85528,2025080301032019,KBL,Vision Securities Pvt. Ltd,KALASH STOCK MARKET PVT. LTD.,500,218.4,109200.0,2025-08-03T12:45:31.331546
2025-08-03,85527,2025080301032020,KBL,Sharepro Securities Private Limited,KALASH STOCK MARKET PVT. LTD.,1336,218.3,291648.8,2025-08-03T12:45:31.331714
2025-08-03,85526,2025080301032021,KBL,Indira securities pvt. ltd,KALASH STOCK MARKET PVT. LTD.,984,218.3,214807.2,2025-08-03T12:45:31.33189
2025-08-03,84804,2025080301032287,KBL,Indira securities pvt. ltd,Vision Securities Pvt. Ltd,1016,218.3,221792.8,2025-08-03T12:46:42.859319
2025-08-03,84803,2025080301032288,KBL,Vision Securities Pvt. Ltd,Vision Securities Pvt. Ltd,984,218.3,214807.2,2025-08-03T12:46:42.859684
2025-08-03,84688,2025080301032323,KBL,Online Securities Pvt. Ltd.,South Asian Bulls Pvt. Ltd.,295,218.8,64546.0,2025-08-03T12:46:53.097645
2025-08-03,84687,2025080301032324,KBL,Online Securities Pvt. Ltd.,Vision Securities Pvt. Ltd,1000,218.8,218800.0,2025-08-03T12:46:53.09802
2025-08-03,84686,2025080301032325,KBL,Online Securities Pvt. Ltd.,Midas Stock Broking Company Private Limited,1500,218.8,328200.0,2025-08-03T12:46:53.098206
2025-08-03,84685,2025080301032326,KBL,Online Securities Pvt. Ltd.,Trisul Securities & Invt. Ltd.,1000,218.9,218900.0,2025-08-03T12:46:53.098378
2025-08-03,84684,2025080301032327,KBL,Online Securities Pvt. Ltd.,Midas Stock Broking Company Private Limited,205,218.9,44874.5,2025-08-03T12:46:53.09855
2025-08-03,84674,2025080301032331,KBL,Vision Securities Pvt. Ltd,Vision Securities Pvt. Ltd,10,218.3,2183.0,2025-08-03T12:46:54.017391
2025-08-03,83976,2025080301032578,KBL,Naasa Securities Co. Ltd.,Vision Securities Pvt. Ltd,200,218.7,43740.0,2025-08-03T12:48:00.177587
2025-08-03,83902,2025080301032601,KBL,South Asian Bulls Pvt. Ltd.,Naasa Securities Co. Ltd.,61,218.2,13310.2,2025-08-03T12:48:06.780048
2025-08-03,83392,2025080301032765,KBL,Vision Securities Pvt. Ltd,Imperial Securities Company Pvt. Ltd.,50,218.3,10915.0,2025-08-03T12:48:48.408304
2025-08-03,83373,2025080301032780,KBL,South Asian Bulls Pvt. Ltd.,Naasa Securities Co. Ltd.,25,218.2,5455.0,2025-08-03T12:48:51.961541
2025-08-03,83052,2025080301032905,KBL,Nepal Stock House (PVT) Ltd.,Imperial Securities Company Pvt. Ltd.,200,218.3,43660.0,2025-08-03T12:49:19.560106
2025-08-03,83051,2025080301032906,KBL,South Asian Bulls Pvt. Ltd.,Trishakti Securities Public Limited,114,218.2,24874.8,2025-08-03T12:49:19.778844
2025-08-03,83050,2025080301032907,KBL,Imperial Securities Company Pvt. Ltd.,Trishakti Securities Public Limited,300,218.2,65460.0,2025-08-03T12:49:19.778903
2025-08-03,83049,2025080301032908,KBL,ABC Securities Private Limited,Trishakti Securities Public Limited,4586,218.2,1000665.2,2025-08-03T12:49:19.778932
2025-08-03,82836,2025080301032986,KBL,Asian Securities Private Ltd.,Imperial Securities Company Pvt. Ltd.,55,218.3,12006.5,2025-08-03T12:49:36.011951
2025-08-03,82701,2025080301033028,KBL,Oxford Securities Pvt. Ltd.,Imperial Securities Company Pvt. Ltd.,20,218.3,4366.0,2025-08-03T12:49:49.289878
2025-08-03,82406,2025080301033129,KBL,Online Securities Pvt. Ltd.,Imperial Securities Company Pvt. Ltd.,50,218.3,10915.0,2025-08-03T12:50:12.086074
2025-08-03,82318,2025080301033165,KBL,ABC Securities Private Limited,Imperial Securities Company Pvt. Ltd.,20,218.2,4364.0,2025-08-03T12:50:19.520201
2025-08-03,81685,2025080301033379,KBL,ABC Securities Private Limited,SUN SECURITIES PVT LTD,110,218.2,24002.0,2025-08-03T12:51:11.009559
2025-08-03,81639,2025080301033386,KBL,ABC Securities Private Limited,Capital Max Securities Ltd,610,218.2,133102.0,2025-08-03T12:51:14.905343
2025-08-03,81404,2025080301033473,KBL,ABC Securities Private Limited,Dipshikha Dhitopatra Karobar Co. Pvt Ltd.,200,218.2,43640.0,2025-08-03T12:51:31.712389
2025-08-03,81356,2025080301033500,KBL,ABC Securities Private Limited,Naasa Securities Co. Ltd.,300,218.2,65460.0,2025-08-03T12:51:36.799768
2025-08-03,81331,2025080301033511,KBL,ABC Securities Private Limited,Nepal Stock House (PVT) Ltd.,888,218.2,193761.6,2025-08-03T12:51:39.365836
2025-08-03,81299,2025080301033529,KBL,Global IME Securities Limited,Imperial Securities Company Pvt. Ltd.,125,218.3,27287.5,2025-08-03T12:51:42.907436
2025-08-03,81206,2025080301033570,KBL,Bhrikuti Stock Broking Co. Pvt. Ltd.,Midas Stock Broking Company Private Limited,450,218.6,98370.0,2025-08-03T12:51:52.840441
2025-08-03,81205,2025080301033571,KBL,Bhrikuti Stock Broking Co. Pvt. Ltd.,Vision Securities Pvt. Ltd,2800,218.7,612360.0,2025-08-03T12:51:52.840842
2025-08-03,81204,2025080301033572,KBL,Bhrikuti Stock Broking Co. Pvt. Ltd.,Midas Stock Broking Company Private Limited,1295,218.9,283475.5,2025-08-03T12:51:52.841035
2025-08-03,81203,2025080301033573,KBL,Bhrikuti Stock Broking Co. Pvt. Ltd.,J.F. Securites (PVT) Ltd.,106,219.0,23214.0,2025-08-03T12:51:52.841226
2025-08-03,81202,2025080301033574,KBL,Bhrikuti Stock Broking Co. Pvt. Ltd.,Trisul Securities & Invt. Ltd.,349,219.0,76431.0,2025-08-03T12:51:52.841401
2025-08-03,79994,2025080301034093,KBL,Global IME Securities Limited,Kohinoor Investment & Securities Pvt. Ltd.,50,218.5,10925.0,2025-08-03T12:53:35.797043
2025-08-03,79656,2025080301034199,KBL,Sagarmatha Securities Private Limited,Naasa Securities Co. Ltd.,800,218.9,175120.0,2025-08-03T12:54:04.477812
2025-08-03,78723,2025080301034564,KBL,INDEX SECURITIES LIMITED,Vision Securities Pvt. Ltd,34,218.6,7432.4,2025-08-03T12:55:37.815325
2025-08-03,78203,2025080301034773,KBL,INDEX SECURITIES LIMITED,Sani Securities Company Ltd.,700,218.6,153020.0,2025-08-03T12:56:27.540789
2025-08-03,78055,2025080301034817,KBL,INDEX SECURITIES LIMITED,Naasa Securities Co. Ltd.,266,218.6,58147.6,2025-08-03T12:56:41.297889
2025-08-03,77476,2025080301035085,KBL,Global IME Securities Limited,Dakshinkali Investment & Securities Pvt. Ltd.,545,218.5,119082.5,2025-08-03T12:57:37.973751
2025-08-03,76849,2025080301035348,KBL,Global IME Securities Limited,Secured Securities Ltd.,280,218.5,61180.0,2025-08-03T12:58:29.095614
2025-08-03,76848,2025080301035349,KBL,Opal Securities Investment (PVT) Ltd.,Secured Securities Ltd.,200,218.5,43700.0,2025-08-03T12:58:29.09605
2025-08-03,76377,2025080301035516,KBL,INDEX SECURITIES LIMITED,Secured Securities Ltd.,126,218.5,27531.0,2025-08-03T12:59:10.956323
2025-08-03,76376,2025080301035517,KBL,INDEX SECURITIES LIMITED,Sewa Securities Pvt. Ltd.,300,218.5,65550.0,2025-08-03T12:59:10.956755
2025-08-03,76375,2025080301035518,KBL,INDEX SECURITIES LIMITED,Nepal Stock House (PVT) Ltd.,74,218.5,16169.0,2025-08-03T12:59:10.956959
2025-08-03,76291,2025080301035554,KBL,Kumari Securities Private Limited,Nepal Stock House (PVT) Ltd.,50,218.5,10925.0,2025-08-03T12:59:17.521602
2025-08-03,76247,2025080301035572,KBL,INDEX SECURITIES LIMITED,Nepal Stock House (PVT) Ltd.,376,218.5,82156.0,2025-08-03T12:59:18.980807
2025-08-03,76246,2025080301035573,KBL,INDEX SECURITIES LIMITED,Imperial Securities Company Pvt. Ltd.,124,218.5,27094.0,2025-08-03T12:59:18.981211
2025-08-03,76183,2025080301035595,KBL,Secured Securities Ltd.,Creative Securities Pvt Ltd,455,218.4,99372.0,2025-08-03T12:59:27.410791
2025-08-03,76176,2025080301035596,KBL,Vision Securities Pvt. Ltd,Creative Securities Pvt Ltd,35,218.4,7644.0,2025-08-03T12:59:27.766387
2025-08-03,76175,2025080301035597,KBL,Vision Securities Pvt. Ltd,Imperial Securities Company Pvt. Ltd.,65,218.5,14202.5,2025-08-03T12:59:27.76679
2025-08-03,76039,2025080301035655,KBL,Naasa Securities Co. Ltd.,Aryatara Investment & Securities,100,218.4,21840.0,2025-08-03T12:59:41.560464
2025-08-03,75912,2025080301035701,KBL,Nepal Stock House (PVT) Ltd.,Aryatara Investment & Securities,435,218.4,95004.0,2025-08-03T12:59:56.904521
2025-08-03,75897,2025080301035709,KBL,Nepal Stock House (PVT) Ltd.,Dakshinkali Investment & Securities Pvt. Ltd.,500,218.4,109200.0,2025-08-03T12:59:57.674295
2025-08-03,75832,2025080301035734,KBL,Kohinoor Investment & Securities Pvt. Ltd.,Imperial Securities Company Pvt. Ltd.,161,218.5,35178.5,2025-08-03T13:00:03.297257
2025-08-03,75831,2025080301035735,KBL,Kohinoor Investment & Securities Pvt. Ltd.,Naasa Securities Co. Ltd.,16,218.6,3497.6,2025-08-03T13:00:03.298337
2025-08-03,75829,2025080301035736,KBL,Kohinoor Investment & Securities Pvt. Ltd.,Naasa Securities Co. Ltd.,30,218.9,6567.0,2025-08-03T13:00:03.299247
2025-08-03,75828,2025080301035737,KBL,Kohinoor Investment & Securities Pvt. Ltd.,Imperial Securities Company Pvt. Ltd.,225,218.9,49252.5,2025-08-03T13:00:03.300132
2025-08-03,75827,2025080301035738,KBL,Kohinoor Investment & Securities Pvt. Ltd.,Midas Stock Broking Company Private Limited,408,218.9,89311.2,2025-08-03T13:00:03.300989
2025-08-03,75806,2025080301035746,KBL,Nepal Stock House (PVT) Ltd.,Sajilo Broker Limited,106,218.4,23150.4,2025-08-03T13:00:05.406229
2025-08-03,75395,2025080301035895,KBL,Siprabi Securities Pvt. Ltd.,Midas Stock Broking Company Private Limited,500,218.9,109450.0,2025-08-03T13:00:40.79386
2025-08-03,75373,2025080301035903,KBL,Nepal Stock House (PVT) Ltd.,Midas Stock Broking Company Private Limited,592,218.9,129588.8,2025-08-03T13:00:41.942383
2025-08-03,75372,2025080301035904,KBL,Nepal Stock House (PVT) Ltd.,Midas Stock Broking Company Private Limited,367,218.9,80336.3,2025-08-03T13:00:41.942832
2025-08-03,75189,2025080301035959,KBL,Online Securities Pvt. Ltd.,South Asian Bulls Pvt. Ltd.,140,218.4,30576.0,2025-08-03T13:00:59.373628
2025-08-03,74321,2025080301036297,KBL,Kumari Securities Private Limited,Kumari Securities Private Limited,50,218.5,10925.0,2025-08-03T13:02:15.38943
2025-08-03,74320,2025080301036298,KBL,Linch Stock Market Ltd.,Kumari Securities Private Limited,10,218.5,2185.0,2025-08-03T13:02:15.390409
2025-08-03,74319,2025080301036299,KBL,Imperial Securities Company Pvt. Ltd.,Kumari Securities Private Limited,300,218.5,65550.0,2025-08-03T13:02:15.391051
2025-08-03,74318,2025080301036300,KBL,Online Securities Pvt. Ltd.,Kumari Securities Private Limited,130,218.5,28405.0,2025-08-03T13:02:15.391696
2025-08-03,74317,2025080301036301,KBL,Siprabi Securities Pvt. Ltd.,Kumari Securities Private Limited,250,218.4,54600.0,2025-08-03T13:02:15.392342
2025-08-03,74316,2025080301036302,KBL,Sagarmatha Securities Private Limited,Kumari Securities Private Limited,200,218.4,43680.0,2025-08-03T13:02:15.393002
2025-08-03,74315,2025080301036303,KBL,Imperial Securities Company Pvt. Ltd.,Kumari Securities Private Limited,60,218.4,13104.0,2025-08-03T13:02:15.393674
2025-08-03,74183,2025080301036357,KBL,Imperial Securities Company Pvt. Ltd.,Linch Stock Market Ltd.,346,218.4,75566.4,2025-08-03T13:02:29.500297
2025-08-03,73748,2025080301036554,KBL,Imperial Securities Company Pvt. Ltd.,Midas Stock Broking Company Private Limited,94,218.4,20529.6,2025-08-03T13:03:00.714761
2025-08-03,73565,2025080301036622,KBL,Vision Securities Pvt. Ltd,Midas Stock Broking Company Private Limited,66,218.4,14414.4,2025-08-03T13:03:18.423622
2025-08-03,73564,2025080301036623,KBL,Vision Securities Pvt. Ltd,Imperial Securities Company Pvt. Ltd.,134,218.5,29279.0,2025-08-03T13:03:18.424059
2025-08-03,73318,2025080301036710,KBL,Trishakti Securities Public Limited,Imperial Securities Company Pvt. Ltd.,366,218.5,79971.0,2025-08-03T13:03:47.482135
2025-08-03,73317,2025080301036711,KBL,Trishakti Securities Public Limited,Midas Stock Broking Company Private Limited,1133,218.9,248013.7,2025-08-03T13:03:47.4822
2025-08-03,73316,2025080301036712,KBL,Trishakti Securities Public Limited,Trisul Securities & Invt. Ltd.,151,219.0,33069.0,2025-08-03T13:03:47.482229
2025-08-03,73315,2025080301036713,KBL,Trishakti Securities Public Limited,Kohinoor Investment & Securities Pvt. Ltd.,300,219.0,65700.0,2025-08-03T13:03:47.482263
2025-08-03,73314,2025080301036714,KBL,Trishakti Securities Public Limited,Imperial Securities Company Pvt. Ltd.,50,219.0,10950.0,2025-08-03T13:03:47.482297
2025-08-03,73223,2025080301036741,KBL,Imperial Securities Company Pvt. Ltd.,Sani Securities Company Ltd.,120,218.3,26196.0,2025-08-03T13:03:55.792523
2025-08-03,73222,2025080301036742,KBL,INDEX SECURITIES LIMITED,Sani Securities Company Ltd.,1000,218.3,218300.0,2025-08-03T13:03:55.793534
2025-08-03,73221,2025080301036743,KBL,Imperial Securities Company Pvt. Ltd.,Sani Securities Company Ltd.,1000,218.3,218300.0,2025-08-03T13:03:55.794411
2025-08-03,73220,2025080301036744,KBL,Sri Hari Securities Pvt. Ltd.,Sani Securities Company Ltd.,2125,218.3,463887.5,2025-08-03T13:03:55.795195
2025-08-03,72925,2025080301036853,KBL,South Asian Bulls Pvt. Ltd.,Imperial Securities Company Pvt. Ltd.,200,219.0,43800.0,2025-08-03T13:04:27.975169
2025-08-03,72434,2025080301037067,KBL,Aryatara Investment & Securities,Imperial Securities Company Pvt. Ltd.,500,219.0,109500.0,2025-08-03T13:05:27.556926
2025-08-03,72338,2025080301037099,KBL,Linch Stock Market Ltd.,Imperial Securities Company Pvt. Ltd.,250,219.0,54750.0,2025-08-03T13:05:40.755922
2025-08-03,72337,2025080301037100,KBL,Linch Stock Market Ltd.,Sundhara Securities Limited,85,219.0,18615.0,2025-08-03T13:05:40.756354
2025-08-03,72336,2025080301037101,KBL,Linch Stock Market Ltd.,Vision Securities Pvt. Ltd,70,219.0,15330.0,2025-08-03T13:05:40.756553
2025-08-03,72335,2025080301037102,KBL,Linch Stock Market Ltd.,Naasa Securities Co. Ltd.,595,219.0,130305.0,2025-08-03T13:05:40.756746
2025-08-03,72268,2025080301037131,KBL,Naasa Securities Co. Ltd.,Naasa Securities Co. Ltd.,31,219.0,6789.0,2025-08-03T13:05:50.649954
2025-08-03,71300,2025080301037496,KBL,Midas Stock Broking Company Private Limited,Creative Securities Pvt Ltd,500,218.8,109400.0,2025-08-03T13:08:08.492872
2025-08-03,71058,2025080301037577,KBL,Pragyan Securities (PVT) Ltd.,Midas Stock Broking Company Private Limited,10,218.9,2189.0,2025-08-03T13:08:49.114169
2025-08-03,71057,2025080301037578,KBL,Pragyan Securities (PVT) Ltd.,Naasa Securities Co. Ltd.,90,219.0,19710.0,2025-08-03T13:08:49.114683
2025-08-03,70718,2025080301037718,KBL,Vision Securities Pvt. Ltd,Pragyan Securities (PVT) Ltd.,250,218.7,54675.0,2025-08-03T13:09:39.514093
2025-08-03,70625,2025080301037764,KBL,Kumari Securities Private Limited,Pragyan Securities (PVT) Ltd.,250,218.7,54675.0,2025-08-03T13:09:53.849738
2025-08-03,70430,2025080301037819,KBL,Kumari Securities Private Limited,Pragyan Securities (PVT) Ltd.,553,218.7,120941.1,2025-08-03T13:10:22.968494
2025-08-03,69988,2025080301037999,KBL,Dynamic Money Managers Securities Pvt. Ltd.,Naasa Securities Co. Ltd.,10,218.9,2189.0,2025-08-03T13:11:32.04331
2025-08-03,69987,2025080301038000,KBL,Dynamic Money Managers Securities Pvt. Ltd.,Naasa Securities Co. Ltd.,15,219.0,3285.0,2025-08-03T13:11:32.043738
2025-08-03,69986,2025080301038001,KBL,Dynamic Money Managers Securities Pvt. Ltd.,Sani Securities Company Ltd.,75,219.0,16425.0,2025-08-03T13:11:32.043947
2025-08-03,69877,2025080301038031,KBL,Agrawal Securities (PVT) Ltd.,Primo Securities (PVT) Ltd.,500,218.8,109400.0,2025-08-03T13:11:44.850868
2025-08-03,69475,2025080301038213,KBL,Kumari Securities Private Limited,Naasa Securities Co. Ltd.,10,218.7,2187.0,2025-08-03T13:12:33.600233
2025-08-03,68680,2025080301038586,KBL,Vision Securities Pvt. Ltd,Bhrikuti Stock Broking Co. Pvt. Ltd.,1,215.0,215.0,2025-08-03T13:14:11.677327
2025-08-03,68610,2025080301038615,KBL,Sani Securities Company Ltd.,Sani Securities Company Ltd.,100,219.0,21900.0,2025-08-03T13:14:20.679981
2025-08-03,68555,2025080301038640,KBL,Agrawal Securities (PVT) Ltd.,Primo Securities (PVT) Ltd.,500,218.8,109400.0,2025-08-03T13:14:26.669291
2025-08-03,68400,2025080301038722,KBL,Vision Securities Pvt. Ltd,Sani Securities Company Ltd.,10,219.0,2190.0,2025-08-03T13:14:48.114358
2025-08-03,68167,2025080301038820,KBL,Kumari Securities Private Limited,Naasa Securities Co. Ltd.,187,218.7,40896.9,2025-08-03T13:15:17.29662
2025-08-03,68166,2025080301038821,KBL,SUN SECURITIES PVT LTD,Naasa Securities Co. Ltd.,100,218.7,21870.0,2025-08-03T13:15:17.296668
2025-08-03,68165,2025080301038822,KBL,Market Securities & Exchange (PVT) Ltd.,Naasa Securities Co. Ltd.,150,218.7,32805.0,2025-08-03T13:15:17.296703
2025-08-03,68164,2025080301038823,KBL,Sewa Securities Pvt. Ltd.,Naasa Securities Co. Ltd.,230,218.6,50278.0,2025-08-03T13:15:17.296731
2025-08-03,68163,2025080301038824,KBL,Secured Securities Ltd.,Naasa Securities Co. Ltd.,200,218.5,43700.0,2025-08-03T13:15:17.296756
2025-08-03,68162,2025080301038825,KBL,Midas Stock Broking Company Private Limited,Naasa Securities Co. Ltd.,500,218.5,109250.0,2025-08-03T13:15:17.29678
2025-08-03,68161,2025080301038826,KBL,INDEX SECURITIES LIMITED,Naasa Securities Co. Ltd.,133,218.4,29047.2,2025-08-03T13:15:17.296811
2025-08-03,68113,2025080301038851,KBL,Online Securities Pvt. Ltd.,Sani Securities Company Ltd.,50,219.0,10950.0,2025-08-03T13:15:22.53798
2025-08-03,68043,2025080301038881,KBL,Kohinoor Investment & Securities Pvt. Ltd.,Sani Securities Company Ltd.,11,219.0,2409.0,2025-08-03T13:15:30.836475
2025-08-03,67957,2025080301038923,KBL,Sani Securities Company Ltd.,Sani Securities Company Ltd.,200,219.0,43800.0,2025-08-03T13:15:42.586049
2025-08-03,66776,2025080301039384,KBL,INDEX SECURITIES LIMITED,Secured Securities Ltd.,500,218.4,109200.0,2025-08-03T13:18:04.947906
2025-08-03,66317,2025080301039555,KBL,INDEX SECURITIES LIMITED,Kohinoor Investment & Securities Pvt. Ltd.,367,218.4,80152.8,2025-08-03T13:19:14.817687
2025-08-03,66316,2025080301039556,KBL,Sri Hari Securities Pvt. Ltd.,Kohinoor Investment & Securities Pvt. Ltd.,875,218.3,191012.5,2025-08-03T13:19:14.818158
2025-08-03,66315,2025080301039557,KBL,Indira securities pvt. ltd,Kohinoor Investment & Securities Pvt. Ltd.,558,218.3,121811.4,2025-08-03T13:19:14.818389
2025-08-03,66308,2025080301039560,KBL,Indira securities pvt. ltd,Aryatara Investment & Securities,500,218.3,109150.0,2025-08-03T13:19:15.153576
2025-08-03,65413,2025080301039969,KBL,Indira securities pvt. ltd,Aryatara Investment & Securities,500,218.3,109150.0,2025-08-03T13:20:58.551412
2025-08-03,65115,2025080301040091,KBL,Indira securities pvt. ltd,INDEX SECURITIES LIMITED,250,218.3,54575.0,2025-08-03T13:21:22.831074
2025-08-03,65051,2025080301040121,KBL,Indira securities pvt. ltd,Naasa Securities Co. Ltd.,49,218.3,10696.7,2025-08-03T13:21:31.62551
2025-08-03,64972,2025080301040138,KBL,Indira securities pvt. ltd,Naasa Securities Co. Ltd.,100,218.3,21830.0,2025-08-03T13:21:38.100804
2025-08-03,64914,2025080301040171,KBL,Indira securities pvt. ltd,Nepal Stock House (PVT) Ltd.,43,218.3,9386.9,2025-08-03T13:21:42.639712
2025-08-03,64913,2025080301040172,KBL,Imperial Securities Company Pvt. Ltd.,Nepal Stock House (PVT) Ltd.,77,218.3,16809.1,2025-08-03T13:21:42.640181
2025-08-03,64912,2025080301040173,KBL,INDEX SECURITIES LIMITED,Nepal Stock House (PVT) Ltd.,80,218.3,17464.0,2025-08-03T13:21:42.640394
2025-08-03,64906,2025080301040178,KBL,INDEX SECURITIES LIMITED,K.B.L. Securities Limited ,920,218.3,200836.0,2025-08-03T13:21:43.943651
2025-08-03,64905,2025080301040179,KBL,Cristal Kanchanjanga Securites Pvt. Ltd.,K.B.L. Securities Limited ,500,218.2,109100.0,2025-08-03T13:21:43.943717
2025-08-03,64904,2025080301040180,KBL,Indira securities pvt. ltd,K.B.L. Securities Limited ,2000,218.2,436400.0,2025-08-03T13:21:43.943751
2025-08-03,64903,2025080301040181,KBL,Sri Hari Securities Pvt. Ltd.,K.B.L. Securities Limited ,311,218.1,67829.1,2025-08-03T13:21:43.943782
2025-08-03,64902,2025080301040182,KBL,Cristal Kanchanjanga Securites Pvt. Ltd.,K.B.L. Securities Limited ,1000,218.1,218100.0,2025-08-03T13:21:43.943809
2025-08-03,64901,2025080301040183,KBL,ABC Securities Private Limited,K.B.L. Securities Limited ,2269,218.1,494868.9,2025-08-03T13:21:43.943834
2025-08-03,64756,2025080301040237,KBL,ABC Securities Private Limited,Vision Securities Pvt. Ltd,971,218.1,211775.1,2025-08-03T13:22:04.55916
2025-08-03,64755,2025080301040238,KBL,Nepal Stock House (PVT) Ltd.,Vision Securities Pvt. Ltd,29,218.1,6324.9,2025-08-03T13:22:04.559632
2025-08-03,64337,2025080301040443,KBL,Agrawal Securities (PVT) Ltd.,Online Securities Pvt. Ltd.,220,218.4,48048.0,2025-08-03T13:22:43.604805
2025-08-03,64329,2025080301040448,KBL,Nepal Stock House (PVT) Ltd.,Sundhara Securities Limited,971,218.1,211775.1,2025-08-03T13:22:44.518216
2025-08-03,64328,2025080301040449,KBL,South Asian Bulls Pvt. Ltd.,Sundhara Securities Limited,29,218.1,6324.9,2025-08-03T13:22:44.519124
2025-08-03,64270,2025080301040477,KBL,South Asian Bulls Pvt. Ltd.,Investment Management Nepal Pvt. Ltd.,280,218.1,61068.0,2025-08-03T13:22:51.861972
2025-08-03,63754,2025080301040679,KBL,South Asian Bulls Pvt. Ltd.,Naasa Securities Co. Ltd.,25,218.1,5452.5,2025-08-03T13:23:48.818491
2025-08-03,63641,2025080301040725,KBL,South Asian Bulls Pvt. Ltd.,Kalika Securities Pvt. Ltd.,166,218.1,36204.6,2025-08-03T13:24:02.885198
2025-08-03,63640,2025080301040726,KBL,ABC Securities Private Limited,Kalika Securities Pvt. Ltd.,513,218.1,111885.3,2025-08-03T13:24:02.886081
2025-08-03,63441,2025080301040805,KBL,Vision Securities Pvt. Ltd,Online Securities Pvt. Ltd.,280,218.4,61152.0,2025-08-03T13:24:23.371085
2025-08-03,63440,2025080301040806,KBL,Vision Securities Pvt. Ltd,Sani Securities Company Ltd.,20,218.5,4370.0,2025-08-03T13:24:23.371544
2025-08-03,62841,2025080301041041,KBL,Primo Securities (PVT) Ltd.,Midas Stock Broking Company Private Limited,130,218.4,28392.0,2025-08-03T13:25:22.300194
2025-08-03,62840,2025080301041042,KBL,Primo Securities (PVT) Ltd.,Sani Securities Company Ltd.,13,218.5,2840.5,2025-08-03T13:25:22.300661
2025-08-03,62839,2025080301041043,KBL,Primo Securities (PVT) Ltd.,Sani Securities Company Ltd.,900,218.5,196650.0,2025-08-03T13:25:22.300914
2025-08-03,62838,2025080301041044,KBL,Primo Securities (PVT) Ltd.,Sani Securities Company Ltd.,120,218.8,26256.0,2025-08-03T13:25:22.301156
2025-08-03,62837,2025080301041045,KBL,Primo Securities (PVT) Ltd.,Primo Securities (PVT) Ltd.,500,218.9,109450.0,2025-08-03T13:25:22.301382
2025-08-03,62836,2025080301041046,KBL,Primo Securities (PVT) Ltd.,Sani Securities Company Ltd.,104,219.0,22776.0,2025-08-03T13:25:22.301686
2025-08-03,62835,2025080301041047,KBL,Primo Securities (PVT) Ltd.,Agrawal Securities (PVT) Ltd.,1500,219.0,328500.0,2025-08-03T13:25:22.301989
2025-08-03,62834,2025080301041048,KBL,Primo Securities (PVT) Ltd.,NIMB Stock Markets Limited,20,219.0,4380.0,2025-08-03T13:25:22.302242
2025-08-03,62833,2025080301041049,KBL,Primo Securities (PVT) Ltd.,Siprabi Securities Pvt. Ltd.,75,219.0,16425.0,2025-08-03T13:25:22.302507
2025-08-03,62832,2025080301041050,KBL,Primo Securities (PVT) Ltd.,Imperial Securities Company Pvt. Ltd.,155,219.0,33945.0,2025-08-03T13:25:22.302763
2025-08-03,62831,2025080301041051,KBL,Primo Securities (PVT) Ltd.,Sani Securities Company Ltd.,60,219.0,13140.0,2025-08-03T13:25:22.302996
2025-08-03,62830,2025080301041052,KBL,Primo Securities (PVT) Ltd.,Market Securities & Exchange (PVT) Ltd.,130,219.0,28470.0,2025-08-03T13:25:22.303277
2025-08-03,62829,2025080301041053,KBL,Primo Securities (PVT) Ltd.,Siprabi Securities Pvt. Ltd.,425,219.0,93075.0,2025-08-03T13:25:22.303507
2025-08-03,62828,2025080301041054,KBL,Primo Securities (PVT) Ltd.,Deevyaa Securities & Stock House Pvt. Ltd,1000,219.0,219000.0,2025-08-03T13:25:22.303753
2025-08-03,62827,2025080301041055,KBL,Primo Securities (PVT) Ltd.,Nepal Investment And Securities Trading Private Limited,25,219.0,5475.0,2025-08-03T13:25:22.304015
2025-08-03,62826,2025080301041056,KBL,Primo Securities (PVT) Ltd.,Siprabi Securities Pvt. Ltd.,500,219.0,109500.0,2025-08-03T13:25:22.304277
2025-08-03,62825,2025080301041057,KBL,Primo Securities (PVT) Ltd.,Premier Securities Company Ltd.,400,219.0,87600.0,2025-08-03T13:25:22.30454
2025-08-03,62824,2025080301041058,KBL,Primo Securities (PVT) Ltd.,Opal Securities Investment (PVT) Ltd.,943,219.0,206517.0,2025-08-03T13:25:22.304769
2025-08-03,62323,2025080301041283,KBL,Arun Securities (PVT) Ltd.,Online Securities Pvt. Ltd.,19,218.5,4151.5,2025-08-03T13:26:22.56841
2025-08-03,62050,2025080301041390,KBL,Nepal Stock House (PVT) Ltd.,Imperial Securities Company Pvt. Ltd.,330,218.4,72072.0,2025-08-03T13:26:50.17196
2025-08-03,62049,2025080301041391,KBL,Sani Securities Company Ltd.,Imperial Securities Company Pvt. Ltd.,545,218.4,119028.0,2025-08-03T13:26:50.172404
2025-08-03,62040,2025080301041394,KBL,Sani Securities Company Ltd.,Aryatara Investment & Securities,455,218.4,99372.0,2025-08-03T13:26:51.267621
2025-08-03,62039,2025080301041395,KBL,Sani Securities Company Ltd.,Aryatara Investment & Securities,306,218.4,66830.4,2025-08-03T13:26:51.268047
2025-08-03,62038,2025080301041396,KBL,Siprabi Securities Pvt. Ltd.,Aryatara Investment & Securities,3000,218.2,654600.0,2025-08-03T13:26:51.26827
2025-08-03,62037,2025080301041397,KBL,ABC Securities Private Limited,Aryatara Investment & Securities,2773,218.1,604791.3,2025-08-03T13:26:51.268497
2025-08-03,62036,2025080301041398,KBL,Opal Securities Investment (PVT) Ltd.,Aryatara Investment & Securities,200,218.1,43620.0,2025-08-03T13:26:51.268704
2025-08-03,62035,2025080301041399,KBL,Linch Stock Market Ltd.,Aryatara Investment & Securities,30,218.1,6543.0,2025-08-03T13:26:51.268922
2025-08-03,62034,2025080301041400,KBL,Naasa Securities Co. Ltd.,Aryatara Investment & Securities,34,218.1,7415.4,2025-08-03T13:26:51.269135
2025-08-03,62033,2025080301041401,KBL,Vision Securities Pvt. Ltd,Aryatara Investment & Securities,200,218.1,43620.0,2025-08-03T13:26:51.269333
2025-08-03,62032,2025080301041402,KBL,Hatemalo Financial Services Private Limited,Aryatara Investment & Securities,2092,218.0,456056.0,2025-08-03T13:26:51.269546
2025-08-03,61822,2025080301041491,KBL,Kohinoor Investment & Securities Pvt. Ltd.,Online Securities Pvt. Ltd.,10,218.4,2184.0,2025-08-03T13:27:15.177118
2025-08-03,61601,2025080301041578,KBL,Hatemalo Financial Services Private Limited,Imperial Securities Company Pvt. Ltd.,300,218.0,65400.0,2025-08-03T13:27:40.100517
2025-08-03,61056,2025080301041825,KBL,Indira securities pvt. ltd,Sani Securities Company Ltd.,10,218.3,2183.0,2025-08-03T13:28:37.172314
2025-08-03,60889,2025080301041922,KBL,Indira securities pvt. ltd,Online Securities Pvt. Ltd.,90,218.3,19647.0,2025-08-03T13:28:53.991444
2025-08-03,60854,2025080301041936,KBL,Vision Securities Pvt. Ltd,Himalayan Brokerage Company Limited,500,218.1,109050.0,2025-08-03T13:28:59.350968
2025-08-03,60853,2025080301041937,KBL,Hatemalo Financial Services Private Limited,Himalayan Brokerage Company Limited,8510,218.0,1855180.0,2025-08-03T13:28:59.35115
2025-08-03,60762,2025080301041976,KBL,Hatemalo Financial Services Private Limited,Naasa Securities Co. Ltd.,370,218.0,80660.0,2025-08-03T13:29:12.545991
2025-08-03,60302,2025080301042180,KBL,Hatemalo Financial Services Private Limited,Cristal Kanchanjanga Securites Pvt. Ltd.,720,218.0,156960.0,2025-08-03T13:30:13.324405
2025-08-03,60174,2025080301042228,KBL,Hatemalo Financial Services Private Limited,Creative Securities Pvt Ltd,100,218.0,21800.0,2025-08-03T13:30:35.337616
2025-08-03,59844,2025080301042376,KBL,Hatemalo Financial Services Private Limited,Online Securities Pvt. Ltd.,41,218.0,8938.0,2025-08-03T13:31:08.553609
2025-08-03,59778,2025080301042402,KBL,Hatemalo Financial Services Private Limited,Naasa Securities Co. Ltd.,200,218.0,43600.0,2025-08-03T13:31:15.817993
2025-08-03,59720,2025080301042420,KBL,ABC Securities Private Limited,Imperial Securities Company Pvt. Ltd.,10,218.1,2181.0,2025-08-03T13:31:22.014306
2025-08-03,59702,2025080301042432,KBL,ABC Securities Private Limited,Opal Securities Investment (PVT) Ltd.,150,218.1,32715.0,2025-08-03T13:31:26.312064
2025-08-03,59429,2025080301042533,KBL,ABC Securities Private Limited,Online Securities Pvt. Ltd.,700,218.1,152670.0,2025-08-03T13:32:02.956
2025-08-03,59364,2025080301042542,KBL,Capital Max Securities Ltd,Midas Stock Broking Company Private Limited,200,218.2,43640.0,2025-08-03T13:32:05.17464
2025-08-03,59363,2025080301042543,KBL,ABC Securities Private Limited,Midas Stock Broking Company Private Limited,95,218.1,20719.5,2025-08-03T13:32:05.175129
2025-08-03,59063,2025080301042652,KBL,ABC Securities Private Limited,Naasa Securities Co. Ltd.,1145,218.1,249724.5,2025-08-03T13:32:40.219054
2025-08-03,59062,2025080301042653,KBL,Hatemalo Financial Services Private Limited,Naasa Securities Co. Ltd.,855,218.0,186390.0,2025-08-03T13:32:40.220111
2025-08-03,58995,2025080301042682,KBL,Hatemalo Financial Services Private Limited,Agrawal Securities (PVT) Ltd.,1462,218.0,318716.0,2025-08-03T13:32:48.99706
2025-08-03,58726,2025080301042825,KBL,Hatemalo Financial Services Private Limited,Agrawal Securities (PVT) Ltd.,1463,218.0,318934.0,2025-08-03T13:33:16.313731
2025-08-03,58500,2025080301042928,KBL,Linch Stock Market Ltd.,Online Securities Pvt. Ltd.,106,218.3,23139.8,2025-08-03T13:33:42.324718
2025-08-03,58385,2025080301042989,KBL,Hatemalo Financial Services Private Limited,KALASH STOCK MARKET PVT. LTD.,498,218.0,108564.0,2025-08-03T13:33:53.085909
2025-08-03,58324,2025080301043012,KBL,Hatemalo Financial Services Private Limited,SUN SECURITIES PVT LTD,689,218.0,150202.0,2025-08-03T13:33:57.932256
2025-08-03,58159,2025080301043079,KBL,Linch Stock Market Ltd.,Dipshikha Dhitopatra Karobar Co. Pvt Ltd.,200,218.2,43640.0,2025-08-03T13:34:20.79611
2025-08-03,58158,2025080301043080,KBL,Linch Stock Market Ltd.,Primo Securities (PVT) Ltd.,300,218.4,65520.0,2025-08-03T13:34:20.796566
2025-08-03,58072,2025080301043126,KBL,Imperial Securities Company Pvt. Ltd.,Primo Securities (PVT) Ltd.,10,218.4,2184.0,2025-08-03T13:34:32.07542
2025-08-03,57945,2025080301043175,KBL,Linch Stock Market Ltd.,Primo Securities (PVT) Ltd.,190,218.4,41496.0,2025-08-03T13:34:45.108299
2025-08-03,57944,2025080301043176,KBL,Linch Stock Market Ltd.,Naasa Securities Co. Ltd.,10,218.4,2184.0,2025-08-03T13:34:45.108344
2025-08-03,57815,2025080301043232,KBL,Linch Stock Market Ltd.,Naasa Securities Co. Ltd.,500,218.4,109200.0,2025-08-03T13:34:59.218231
2025-08-03,57560,2025080301043325,KBL,Kalika Securities Pvt. Ltd.,Online Securities Pvt. Ltd.,100,218.1,21810.0,2025-08-03T13:35:29.713531
2025-08-03,57559,2025080301043326,KBL,Sundhara Securities Limited,Online Securities Pvt. Ltd.,179,218.1,39039.9,2025-08-03T13:35:29.714053
2025-08-03,57301,2025080301043420,KBL,Sundhara Securities Limited,Vision Securities Pvt. Ltd,50,218.1,10905.0,2025-08-03T13:35:52.956262
2025-08-03,57257,2025080301043441,KBL,Sundhara Securities Limited,J.F. Securites (PVT) Ltd.,77,218.1,16793.7,2025-08-03T13:35:58.090594
2025-08-03,57084,2025080301043517,KBL,Sri Hari Securities Pvt. Ltd.,Naasa Securities Co. Ltd.,10,218.4,2184.0,2025-08-03T13:36:16.03654
2025-08-03,56958,2025080301043566,KBL,Sundhara Securities Limited,Bhrikuti Stock Broking Co. Pvt. Ltd.,194,218.1,42311.4,2025-08-03T13:36:29.030342
2025-08-03,56730,2025080301043681,KBL,Nepal Investment And Securities Trading Private Limited,Imperial Securities Company Pvt. Ltd.,100,218.1,21810.0,2025-08-03T13:36:56.355536
2025-08-03,55817,2025080301044065,KBL,J.F. Securites (PVT) Ltd.,Neev Securities Pvt. Ltd.,73,218.2,15928.6,2025-08-03T13:38:35.304008
2025-08-03,55600,2025080301044144,KBL,J.F. Securites (PVT) Ltd.,Agrawal Securities (PVT) Ltd.,50,218.2,10910.0,2025-08-03T13:39:01.191464
2025-08-03,55476,2025080301044202,KBL,J.F. Securites (PVT) Ltd.,Naasa Securities Co. Ltd.,480,218.2,104736.0,2025-08-03T13:39:15.880761
2025-08-03,55341,2025080301044259,KBL,Sumeru Securities Pvt. Ltd.,Creative Securities Pvt Ltd,200,218.3,43660.0,2025-08-03T13:39:28.964919
2025-08-03,55311,2025080301044267,KBL,J.F. Securites (PVT) Ltd.,Deevyaa Securities & Stock House Pvt. Ltd,30,218.2,6546.0,2025-08-03T13:39:32.205418
2025-08-03,55179,2025080301044324,KBL,J.F. Securites (PVT) Ltd.,Creative Securities Pvt Ltd,50,218.3,10915.0,2025-08-03T13:39:48.741592
2025-08-03,54816,2025080301044474,KBL,K.B.L. Securities Limited ,Creative Securities Pvt Ltd,50,218.3,10915.0,2025-08-03T13:40:30.178034
2025-08-03,54815,2025080301044475,KBL,K.B.L. Securities Limited ,Vision Securities Pvt. Ltd,350,218.3,76405.0,2025-08-03T13:40:30.178511
2025-08-03,54664,2025080301044550,KBL,J.F. Securites (PVT) Ltd.,Vision Securities Pvt. Ltd,367,218.2,80079.4,2025-08-03T13:40:46.612983
2025-08-03,54663,2025080301044551,KBL,Nepal Investment And Securities Trading Private Limited,Vision Securities Pvt. Ltd,400,218.1,87240.0,2025-08-03T13:40:46.613576
2025-08-03,54662,2025080301044552,KBL,Oxford Securities Pvt. Ltd.,Vision Securities Pvt. Ltd,200,218.1,43620.0,2025-08-03T13:40:46.614021
2025-08-03,54661,2025080301044553,KBL,K.B.L. Securities Limited ,Vision Securities Pvt. Ltd,1033,218.1,225297.3,2025-08-03T13:40:46.614422
2025-08-03,54439,2025080301044635,KBL,Sri Hari Securities Pvt. Ltd.,Vision Securities Pvt. Ltd,1000,218.3,218300.0,2025-08-03T13:41:07.591263
2025-08-03,54097,2025080301044766,KBL,K.B.L. Securities Limited ,Linch Stock Market Ltd.,220,218.1,47982.0,2025-08-03T13:41:37.09175
2025-08-03,53837,2025080301044848,KBL,K.B.L. Securities Limited ,Bhrikuti Stock Broking Co. Pvt. Ltd.,74,218.1,16139.4,2025-08-03T13:42:06.404441
2025-08-03,53731,2025080301044894,KBL,Bhrikuti Stock Broking Co. Pvt. Ltd.,Vision Securities Pvt. Ltd,650,218.3,141895.0,2025-08-03T13:42:17.56334
2025-08-03,53730,2025080301044895,KBL,Bhrikuti Stock Broking Co. Pvt. Ltd.,Aryatara Investment & Securities,350,218.4,76440.0,2025-08-03T13:42:17.56436
2025-08-03,53630,2025080301044927,KBL,Ashutosh Brokerage & Securities (PVT) Ltd.,Aryatara Investment & Securities,100,218.4,21840.0,2025-08-03T13:42:27.133003
2025-08-03,53052,2025080301045146,KBL,Ashutosh Brokerage & Securities (PVT) Ltd.,Aryatara Investment & Securities,50,218.4,10920.0,2025-08-03T13:43:23.488768
2025-08-03,53051,2025080301045147,KBL,Ashutosh Brokerage & Securities (PVT) Ltd.,Dipshikha Dhitopatra Karobar Co. Pvt Ltd.,50,218.4,10920.0,2025-08-03T13:43:23.489254
2025-08-03,52913,2025080301045197,KBL,Imperial Securities Company Pvt. Ltd.,Naasa Securities Co. Ltd.,450,218.2,98190.0,2025-08-03T13:43:40.324783
2025-08-03,52620,2025080301045313,KBL,INDEX SECURITIES LIMITED,Dipshikha Dhitopatra Karobar Co. Pvt Ltd.,170,218.4,37128.0,2025-08-03T13:44:07.738987
2025-08-03,52619,2025080301045314,KBL,INDEX SECURITIES LIMITED,Sumeru Securities Pvt. Ltd.,830,218.5,181355.0,2025-08-03T13:44:07.739505
2025-08-03,52597,2025080301045318,KBL,Online Securities Pvt. Ltd.,Sumeru Securities Pvt. Ltd.,1000,218.5,218500.0,2025-08-03T13:44:11.748193
2025-08-03,52291,2025080301045429,KBL,Sani Securities Company Ltd.,Garima Securities Limited,10,218.4,2184.0,2025-08-03T13:44:41.394735
2025-08-03,52060,2025080301045498,KBL,Ashutosh Brokerage & Securities (PVT) Ltd.,Garima Securities Limited,100,218.4,21840.0,2025-08-03T13:44:53.289869
2025-08-03,51977,2025080301045527,KBL,KALASH STOCK MARKET PVT. LTD.,Garima Securities Limited,40,218.4,8736.0,2025-08-03T13:45:02.29094
2025-08-03,51974,2025080301045529,KBL,KALASH STOCK MARKET PVT. LTD.,Dipshikha Dhitopatra Karobar Co. Pvt Ltd.,400,218.4,87360.0,2025-08-03T13:45:02.787936
2025-08-03,51929,2025080301045543,KBL,KALASH STOCK MARKET PVT. LTD.,Naasa Securities Co. Ltd.,60,218.4,13104.0,2025-08-03T13:45:06.760653
2025-08-03,51928,2025080301045544,KBL,Oxford Securities Pvt. Ltd.,Naasa Securities Co. Ltd.,920,218.3,200836.0,2025-08-03T13:45:06.761668
2025-08-03,51549,2025080301045753,KBL,Imperial Securities Company Pvt. Ltd.,Naasa Securities Co. Ltd.,20,218.2,4364.0,2025-08-03T13:45:45.374403
2025-08-03,51495,2025080301045784,KBL,Indira securities pvt. ltd,Sumeru Securities Pvt. Ltd.,3170,218.5,692645.0,2025-08-03T13:45:53.312272
2025-08-03,51494,2025080301045785,KBL,Indira securities pvt. ltd,Aryatara Investment & Securities,42,218.5,9177.0,2025-08-03T13:45:53.312758
2025-08-03,51493,2025080301045786,KBL,Indira securities pvt. ltd,Online Securities Pvt. Ltd.,3100,218.5,677350.0,2025-08-03T13:45:53.312996
2025-08-03,51492,2025080301045787,KBL,Indira securities pvt. ltd,Siprabi Securities Pvt. Ltd.,93,218.5,20320.5,2025-08-03T13:45:53.313237
2025-08-03,51287,2025080301045828,KBL,Indira securities pvt. ltd,Vision Securities Pvt. Ltd,20,218.5,4370.0,2025-08-03T13:46:11.887284
2025-08-03,51286,2025080301045829,KBL,Sri Hari Securities Pvt. Ltd.,Vision Securities Pvt. Ltd,10,218.5,2185.0,2025-08-03T13:46:11.88777
2025-08-03,50898,2025080301045967,KBL,Vision Securities Pvt. Ltd,Vision Securities Pvt. Ltd,100,218.3,21830.0,2025-08-03T13:46:49.361196
2025-08-03,50651,2025080301046065,KBL,Imperial Securities Company Pvt. Ltd.,Vision Securities Pvt. Ltd,30,218.2,6546.0,2025-08-03T13:47:19.676081
2025-08-03,50650,2025080301046066,KBL,Sumeru Securities Pvt. Ltd.,Vision Securities Pvt. Ltd,80,218.2,17456.0,2025-08-03T13:47:19.677213
2025-08-03,50538,2025080301046106,KBL,Naasa Securities Co. Ltd.,Vision Securities Pvt. Ltd,97,218.2,21165.4,2025-08-03T13:47:33.001477
2025-08-03,50537,2025080301046107,KBL,Naasa Securities Co. Ltd.,Market Securities & Exchange (PVT) Ltd.,413,218.3,90157.9,2025-08-03T13:47:33.002037
2025-08-03,50300,2025080301046208,KBL,Ashutosh Brokerage & Securities (PVT) Ltd.,J.F. Securites (PVT) Ltd.,100,218.5,21850.0,2025-08-03T13:47:59.614755
