Date,S.N.,Contract ID,Symbol,Buyer Broker,Seller Broker,volume,rate,amount,transaction_time
2025-08-03,151336,2025080304000104,MEN,Aryatara Investment & Securities,Online Securities Pvt. Ltd.,100,639.0,63900.0,2025-08-03T11:02:13.191534
2025-08-03,149696,2025080304000271,MEN,Sipla Securities Private Limited,Kohinoor Investment & Securities Pvt. Ltd.,25,635.0,15875.0,2025-08-03T11:04:34.149789
2025-08-03,149359,2025080304000310,MEN,Sipla Securities Private Limited,Asian Securities Private Ltd.,13,635.0,8255.0,2025-08-03T11:05:00.196478
2025-08-03,148828,2025080304000364,MEN,Opal Securities Investment (PVT) Ltd.,Sani Securities Company Ltd.,10,635.1,6351.0,2025-08-03T11:06:02.238385
2025-08-03,147683,2025080304000508,MEN,Opal Securities Investment (PVT) Ltd.,Premier Securities Company Ltd.,27,635.1,17147.7,2025-08-03T11:07:50.349483
2025-08-03,147338,2025080304000550,MEN,Sweta Securities Private Limited,Naasa Securities Co. Ltd.,80,636.0,50880.0,2025-08-03T11:08:20.682409
2025-08-03,146063,2025080304000711,MEN,Sipla Securities Private Limited,Deevyaa Securities & Stock House Pvt. Ltd,12,635.0,7620.0,2025-08-03T11:10:09.15473
2025-08-03,146062,2025080304000712,MEN,Sani Securities Company Ltd.,Deevyaa Securities & Stock House Pvt. Ltd,20,635.0,12700.0,2025-08-03T11:10:09.154811
2025-08-03,146061,2025080304000713,MEN,Nepal Stock House (PVT) Ltd.,Deevyaa Securities & Stock House Pvt. Ltd,68,635.0,43180.0,2025-08-03T11:10:09.154851
2025-08-03,145941,2025080304000738,MEN,Nepal Stock House (PVT) Ltd.,Naasa Securities Co. Ltd.,32,635.0,20320.0,2025-08-03T11:10:20.806546
2025-08-03,145940,2025080304000739,MEN,Naasa Securities Co. Ltd.,Naasa Securities Co. Ltd.,25,635.0,15875.0,2025-08-03T11:10:20.806635
2025-08-03,145939,2025080304000740,MEN,Online Securities Pvt. Ltd.,Naasa Securities Co. Ltd.,24,634.0,15216.0,2025-08-03T11:10:20.806674
2025-08-03,143566,2025080304001072,MEN,Siprabi Securities Pvt. Ltd.,Vision Securities Pvt. Ltd,20,631.5,12630.0,2025-08-03T11:13:03.690348
2025-08-03,143018,2025080304001142,MEN,Siprabi Securities Pvt. Ltd.,Himalayan Brokerage Company Limited,80,631.5,50520.0,2025-08-03T11:13:43.235328
2025-08-03,142789,2025080304001181,MEN,Nepal Stock House (PVT) Ltd.,Linch Stock Market Ltd.,13,632.0,8216.0,2025-08-03T11:14:01.252433
2025-08-03,142169,2025080304001278,MEN,Nepal Stock House (PVT) Ltd.,Naasa Securities Co. Ltd.,87,632.6,55036.2,2025-08-03T11:14:52.927559
2025-08-03,142002,2025080304001314,MEN,Naasa Securities Co. Ltd.,Naasa Securities Co. Ltd.,25,632.0,15800.0,2025-08-03T11:15:07.510794
2025-08-03,141745,2025080304001349,MEN,Siprabi Securities Pvt. Ltd.,Sumeru Securities Pvt. Ltd.,100,631.6,63160.0,2025-08-03T11:15:28.263821
2025-08-03,141744,2025080304001350,MEN,Agrawal Securities (PVT) Ltd.,Sumeru Securities Pvt. Ltd.,250,631.6,157900.0,2025-08-03T11:15:28.263921
2025-08-03,141548,2025080304001393,MEN,Opal Securities Investment (PVT) Ltd.,Vision Securities Pvt. Ltd,200,631.5,126300.0,2025-08-03T11:15:44.127125
2025-08-03,141493,2025080304001399,MEN,Opal Securities Investment (PVT) Ltd.,Sundhara Securities Limited,13,631.5,8209.5,2025-08-03T11:15:48.677436
2025-08-03,141366,2025080304001426,MEN,Opal Securities Investment (PVT) Ltd.,Sumeru Securities Pvt. Ltd.,102,631.5,64413.0,2025-08-03T11:15:59.449595
2025-08-03,141365,2025080304001427,MEN,Premier Securities Company Ltd.,Sumeru Securities Pvt. Ltd.,198,631.4,125017.2,2025-08-03T11:15:59.449764
2025-08-03,140959,2025080304001514,MEN,Naasa Securities Co. Ltd.,Ashutosh Brokerage & Securities (PVT) Ltd.,13,631.6,8210.8,2025-08-03T11:16:34.973787
2025-08-03,140858,2025080304001529,MEN,Sri Hari Securities Pvt. Ltd.,Opal Securities Investment (PVT) Ltd.,100,631.9,63190.0,2025-08-03T11:16:42.590146
2025-08-03,140857,2025080304001530,MEN,Sri Hari Securities Pvt. Ltd.,Naasa Securities Co. Ltd.,139,632.0,87848.0,2025-08-03T11:16:42.590243
2025-08-03,140507,2025080304001578,MEN,Aryatara Investment & Securities,Opal Securities Investment (PVT) Ltd.,100,633.9,63390.0,2025-08-03T11:17:13.142227
2025-08-03,140200,2025080304001633,MEN,Investment Management Nepal Pvt. Ltd.,Naasa Securities Co. Ltd.,20,634.0,12680.0,2025-08-03T11:17:40.279497
2025-08-03,139717,2025080304001700,MEN,Nepal Stock House (PVT) Ltd.,Sani Securities Company Ltd.,250,633.0,158250.0,2025-08-03T11:18:16.753082
2025-08-03,139716,2025080304001701,MEN,Sri Hari Securities Pvt. Ltd.,Sani Securities Company Ltd.,11,632.0,6952.0,2025-08-03T11:18:16.753188
2025-08-03,139715,2025080304001702,MEN,Siprabi Securities Pvt. Ltd.,Sani Securities Company Ltd.,100,631.6,63160.0,2025-08-03T11:18:16.753239
2025-08-03,139714,2025080304001703,MEN,Premier Securities Company Ltd.,Sani Securities Company Ltd.,139,631.5,87778.5,2025-08-03T11:18:16.75328
2025-08-03,137365,2025080304002052,MEN,Premier Securities Company Ltd.,Naasa Securities Co. Ltd.,161,634.0,102074.0,2025-08-03T11:21:04.913168
2025-08-03,137260,2025080304002069,MEN,Agrawal Securities (PVT) Ltd.,Vision Securities Pvt. Ltd,250,632.2,158050.0,2025-08-03T11:21:12.573625
2025-08-03,137259,2025080304002070,MEN,Nepal Stock House (PVT) Ltd.,Vision Securities Pvt. Ltd,50,632.2,31610.0,2025-08-03T11:21:12.57374
2025-08-03,137235,2025080304002080,MEN,ABC Securities Private Limited,Naasa Securities Co. Ltd.,738,634.0,467892.0,2025-08-03T11:21:14.368858
2025-08-03,137234,2025080304002081,MEN,ABC Securities Private Limited,Asian Securities Private Ltd.,13,634.0,8242.0,2025-08-03T11:21:14.368905
2025-08-03,137233,2025080304002082,MEN,ABC Securities Private Limited,Sani Securities Company Ltd.,100,634.0,63400.0,2025-08-03T11:21:14.368937
2025-08-03,137232,2025080304002083,MEN,ABC Securities Private Limited,Sani Securities Company Ltd.,149,635.0,94615.0,2025-08-03T11:21:14.368966
2025-08-03,137059,2025080304002098,MEN,Sweta Securities Private Limited,Sani Securities Company Ltd.,10,632.3,6323.0,2025-08-03T11:21:24.629185
2025-08-03,136866,2025080304002122,MEN,ABC Securities Private Limited,Sani Securities Company Ltd.,500,635.0,317500.0,2025-08-03T11:21:40.802676
2025-08-03,136336,2025080304002207,MEN,Sweta Securities Private Limited,Sani Securities Company Ltd.,51,635.0,32385.0,2025-08-03T11:22:12.452912
2025-08-03,136335,2025080304002208,MEN,Sweta Securities Private Limited,Trishakti Securities Public Limited,49,635.0,31115.0,2025-08-03T11:22:12.453087
2025-08-03,135359,2025080304002387,MEN,Sweta Securities Private Limited,Trishakti Securities Public Limited,20,635.0,12700.0,2025-08-03T11:23:11.600617
2025-08-03,134674,2025080304002498,MEN,Kumari Securities Private Limited,ABC Securities Private Limited,50,635.0,31750.0,2025-08-03T11:24:01.80825
2025-08-03,132994,2025080304002782,MEN,Kalika Securities Pvt. Ltd.,Asian Securities Private Ltd.,13,636.0,8268.0,2025-08-03T11:26:02.739599
2025-08-03,132619,2025080304002891,MEN,Kalika Securities Pvt. Ltd.,Kohinoor Investment & Securities Pvt. Ltd.,50,636.0,31800.0,2025-08-03T11:26:31.257577
2025-08-03,131456,2025080304003020,MEN,ABC Securities Private Limited,Pragyan Securities (PVT) Ltd.,33,636.4,21001.2,2025-08-03T11:27:53.099086
2025-08-03,131455,2025080304003021,MEN,ABC Securities Private Limited,Naasa Securities Co. Ltd.,220,638.0,140360.0,2025-08-03T11:27:53.099187
2025-08-03,131454,2025080304003022,MEN,ABC Securities Private Limited,Capital Max Securities Ltd,160,640.0,102400.0,2025-08-03T11:27:53.099226
2025-08-03,131453,2025080304003023,MEN,ABC Securities Private Limited,Trishakti Securities Public Limited,87,640.0,55680.0,2025-08-03T11:27:53.099263
2025-08-03,130946,2025080304003099,MEN,Kalika Securities Pvt. Ltd.,Trishakti Securities Public Limited,100,640.0,64000.0,2025-08-03T11:28:39.180696
2025-08-03,130491,2025080304003178,MEN,Kalika Securities Pvt. Ltd.,Trishakti Securities Public Limited,100,640.0,64000.0,2025-08-03T11:29:22.214021
2025-08-03,130459,2025080304003183,MEN,Malla & Malla Stock Broking Company Pvt. Limited,Trishakti Securities Public Limited,30,640.0,19200.0,2025-08-03T11:29:24.90358
2025-08-03,130283,2025080304003206,MEN,Kalika Securities Pvt. Ltd.,Trishakti Securities Public Limited,37,640.0,23680.0,2025-08-03T11:29:42.239827
2025-08-03,130171,2025080304003217,MEN,Kalika Securities Pvt. Ltd.,Trishakti Securities Public Limited,100,640.0,64000.0,2025-08-03T11:29:56.789219
2025-08-03,128702,2025080304003462,MEN,Primo Securities (PVT) Ltd.,Shree Krishna Securities Ltd.,10,639.9,6399.0,2025-08-03T11:32:34.364364
2025-08-03,128151,2025080304003568,MEN,Aryatara Investment & Securities,Investment Management Nepal Pvt. Ltd.,50,639.8,31990.0,2025-08-03T11:33:21.916346
2025-08-03,127691,2025080304003650,MEN,Linch Stock Market Ltd.,Investment Management Nepal Pvt. Ltd.,100,639.0,63900.0,2025-08-03T11:33:55.650736
2025-08-03,127690,2025080304003651,MEN,Vision Securities Pvt. Ltd,Investment Management Nepal Pvt. Ltd.,50,638.5,31925.0,2025-08-03T11:33:55.650887
2025-08-03,127488,2025080304003695,MEN,Primo Securities (PVT) Ltd.,Investment Management Nepal Pvt. Ltd.,10,638.5,6385.0,2025-08-03T11:34:05.708219
2025-08-03,127487,2025080304003696,MEN,Primo Securities (PVT) Ltd.,Dynamic Money Managers Securities Pvt. Ltd.,30,639.0,19170.0,2025-08-03T11:34:05.708409
2025-08-03,127442,2025080304003704,MEN,Primo Securities (PVT) Ltd.,Shree Krishna Securities Ltd.,29,639.8,18554.2,2025-08-03T11:34:10.167105
2025-08-03,127441,2025080304003705,MEN,Agrawal Securities (PVT) Ltd.,Shree Krishna Securities Ltd.,36,638.1,22971.6,2025-08-03T11:34:10.167302
2025-08-03,127169,2025080304003772,MEN,Agrawal Securities (PVT) Ltd.,Naasa Securities Co. Ltd.,14,638.1,8933.4,2025-08-03T11:34:27.898577
2025-08-03,126795,2025080304003836,MEN,Online Securities Pvt. Ltd.,Sumeru Securities Pvt. Ltd.,12,636.0,7632.0,2025-08-03T11:34:42.396045
2025-08-03,126794,2025080304003837,MEN,Asian Securities Private Ltd.,Sumeru Securities Pvt. Ltd.,100,635.0,63500.0,2025-08-03T11:34:42.396213
2025-08-03,126793,2025080304003838,MEN,Sundhara Securities Limited,Sumeru Securities Pvt. Ltd.,100,635.0,63500.0,2025-08-03T11:34:42.396272
2025-08-03,126792,2025080304003839,MEN,Primo Securities (PVT) Ltd.,Sumeru Securities Pvt. Ltd.,2000,635.0,1270000.0,2025-08-03T11:34:42.396337
2025-08-03,126791,2025080304003840,MEN,Secured Securities Ltd.,Sumeru Securities Pvt. Ltd.,88,635.0,55880.0,2025-08-03T11:34:42.396395
2025-08-03,126326,2025080304003918,MEN,Secured Securities Ltd.,Naasa Securities Co. Ltd.,12,635.0,7620.0,2025-08-03T11:35:14.062334
2025-08-03,125942,2025080304004013,MEN,Siprabi Securities Pvt. Ltd.,Naasa Securities Co. Ltd.,14,635.0,8890.0,2025-08-03T11:35:39.520523
2025-08-03,125108,2025080304004169,MEN,Siprabi Securities Pvt. Ltd.,ABC Securities Private Limited,200,635.0,127000.0,2025-08-03T11:36:39.926524
2025-08-03,124907,2025080304004192,MEN,Siprabi Securities Pvt. Ltd.,Malla & Malla Stock Broking Company Pvt. Limited,26,635.0,16510.0,2025-08-03T11:36:57.075055
2025-08-03,124334,2025080304004281,MEN,Sani Securities Company Ltd.,Nepal Stock House (PVT) Ltd.,50,634.1,31705.0,2025-08-03T11:37:45.60179
2025-08-03,124229,2025080304004307,MEN,Dynamic Money Managers Securities Pvt. Ltd.,Nepal Stock House (PVT) Ltd.,40,634.1,25364.0,2025-08-03T11:37:53.402828
2025-08-03,124228,2025080304004308,MEN,Dynamic Money Managers Securities Pvt. Ltd.,Malla & Malla Stock Broking Company Pvt. Limited,49,635.0,31115.0,2025-08-03T11:37:53.402986
2025-08-03,124227,2025080304004309,MEN,Dynamic Money Managers Securities Pvt. Ltd.,Bhrikuti Stock Broking Co. Pvt. Ltd.,211,635.0,133985.0,2025-08-03T11:37:53.403068
2025-08-03,124225,2025080304004310,MEN,Aryatara Investment & Securities,Shree Krishna Securities Ltd.,25,634.0,15850.0,2025-08-03T11:37:53.538696
2025-08-03,124224,2025080304004311,MEN,KALASH STOCK MARKET PVT. LTD.,Shree Krishna Securities Ltd.,200,633.3,126660.0,2025-08-03T11:37:53.538839
2025-08-03,124223,2025080304004312,MEN,Shree Krishna Securities Ltd.,Shree Krishna Securities Ltd.,367,633.2,232384.4,2025-08-03T11:37:53.53891
2025-08-03,123489,2025080304004399,MEN,Shree Krishna Securities Ltd.,Midas Stock Broking Company Private Limited,80,633.2,50656.0,2025-08-03T11:39:03.463241
2025-08-03,122254,2025080304004566,MEN,Kalika Securities Pvt. Ltd.,Bhrikuti Stock Broking Co. Pvt. Ltd.,150,635.0,95250.0,2025-08-03T11:40:46.157923
2025-08-03,121554,2025080304004686,MEN,Capital Max Securities Ltd,Sani Securities Company Ltd.,40,634.0,25360.0,2025-08-03T11:41:48.743411
2025-08-03,121020,2025080304004748,MEN,Deevyaa Securities & Stock House Pvt. Ltd,Deevyaa Securities & Stock House Pvt. Ltd,1,622.0,622.0,2025-08-03T11:42:38.187357
2025-08-03,120446,2025080304004816,MEN,Deevyaa Securities & Stock House Pvt. Ltd,Bhrikuti Stock Broking Co. Pvt. Ltd.,300,635.0,190500.0,2025-08-03T11:43:27.91926
2025-08-03,120044,2025080304004858,MEN,INDEX SECURITIES LIMITED,Linch Stock Market Ltd.,2,625.0,1250.0,2025-08-03T11:44:08.240731
2025-08-03,119848,2025080304004886,MEN,Deevyaa Securities & Stock House Pvt. Ltd,ABC Securities Private Limited,150,635.0,95250.0,2025-08-03T11:44:30.855785
2025-08-03,119519,2025080304004919,MEN,Capital Max Securities Ltd,Sri Hari Securities Pvt. Ltd.,60,634.0,38040.0,2025-08-03T11:45:03.169779
2025-08-03,118585,2025080304005045,MEN,Naasa Securities Co. Ltd.,Sundhara Securities Limited,80,634.9,50792.0,2025-08-03T11:46:31.378918
2025-08-03,117047,2025080304005222,MEN,Neev Securities Pvt. Ltd.,SHUBHAKAMANA SECURITIES PVT. LTD,30,634.0,19020.0,2025-08-03T11:48:43.743544
2025-08-03,116735,2025080304005262,MEN,Neev Securities Pvt. Ltd.,Primo Securities (PVT) Ltd.,320,634.0,202880.0,2025-08-03T11:49:18.719579
2025-08-03,116734,2025080304005263,MEN,Imperial Securities Company Pvt. Ltd.,Primo Securities (PVT) Ltd.,50,633.4,31670.0,2025-08-03T11:49:18.719622
2025-08-03,116733,2025080304005264,MEN,Kohinoor Investment & Securities Pvt. Ltd.,Primo Securities (PVT) Ltd.,10,633.3,6333.0,2025-08-03T11:49:18.719654
2025-08-03,116732,2025080304005265,MEN,SUN SECURITIES PVT LTD,Primo Securities (PVT) Ltd.,2000,633.3,1266600.0,2025-08-03T11:49:18.71968
2025-08-03,116731,2025080304005266,MEN,Shree Krishna Securities Ltd.,Primo Securities (PVT) Ltd.,53,633.2,33559.6,2025-08-03T11:49:18.71971
2025-08-03,116730,2025080304005267,MEN,Ashutosh Brokerage & Securities (PVT) Ltd.,Primo Securities (PVT) Ltd.,167,633.2,105744.4,2025-08-03T11:49:18.719738
2025-08-03,114856,2025080304005560,MEN,Premier Securities Company Ltd.,Neev Securities Pvt. Ltd.,30,634.0,19020.0,2025-08-03T11:52:15.195289
2025-08-03,114713,2025080304005575,MEN,Premier Securities Company Ltd.,Vision Securities Pvt. Ltd,70,634.0,44380.0,2025-08-03T11:52:27.354898
2025-08-03,114712,2025080304005576,MEN,Aryatara Investment & Securities,Vision Securities Pvt. Ltd,20,634.0,12680.0,2025-08-03T11:52:27.355266
2025-08-03,114711,2025080304005577,MEN,ABC Securities Private Limited,Vision Securities Pvt. Ltd,10,634.0,6340.0,2025-08-03T11:52:27.355545
2025-08-03,114710,2025080304005578,MEN,Nepal Stock House (PVT) Ltd.,Vision Securities Pvt. Ltd,100,633.5,63350.0,2025-08-03T11:52:27.355763
2025-08-03,114709,2025080304005579,MEN,Nepal Investment And Securities Trading Private Limited,Vision Securities Pvt. Ltd,30,633.3,18999.0,2025-08-03T11:52:27.355984
2025-08-03,114708,2025080304005580,MEN,Ashutosh Brokerage & Securities (PVT) Ltd.,Vision Securities Pvt. Ltd,33,633.2,20895.6,2025-08-03T11:52:27.356194
2025-08-03,114707,2025080304005581,MEN,Premier Securities Company Ltd.,Vision Securities Pvt. Ltd,237,633.2,150068.4,2025-08-03T11:52:27.356425
2025-08-03,114275,2025080304005649,MEN,Premier Securities Company Ltd.,Creative Securities Pvt Ltd,200,633.2,126640.0,2025-08-03T11:53:04.212501
2025-08-03,113463,2025080304005792,MEN,Nepal Stock House (PVT) Ltd.,Dipshikha Dhitopatra Karobar Co. Pvt Ltd.,300,633.5,190050.0,2025-08-03T11:54:15.11268
2025-08-03,113462,2025080304005793,MEN,Premier Securities Company Ltd.,Dipshikha Dhitopatra Karobar Co. Pvt Ltd.,23,633.2,14563.6,2025-08-03T11:54:15.112871
2025-08-03,113347,2025080304005803,MEN,ABC Securities Private Limited,Sharepro Securities Private Limited,20,634.0,12680.0,2025-08-03T11:54:26.9177
2025-08-03,113239,2025080304005820,MEN,ABC Securities Private Limited,Trisul Securities & Invt. Ltd.,50,637.0,31850.0,2025-08-03T11:54:37.102997
2025-08-03,113238,2025080304005821,MEN,ABC Securities Private Limited,Sundhara Securities Limited,90,637.9,57411.0,2025-08-03T11:54:37.103112
2025-08-03,113237,2025080304005822,MEN,ABC Securities Private Limited,Trishakti Securities Public Limited,13,638.0,8294.0,2025-08-03T11:54:37.103138
2025-08-03,113236,2025080304005823,MEN,ABC Securities Private Limited,ABC Securities Private Limited,11,638.0,7018.0,2025-08-03T11:54:37.10316
2025-08-03,113235,2025080304005824,MEN,ABC Securities Private Limited,Naasa Securities Co. Ltd.,13,638.0,8294.0,2025-08-03T11:54:37.103186
2025-08-03,113234,2025080304005825,MEN,ABC Securities Private Limited,Aryatara Investment & Securities,23,638.9,14694.7,2025-08-03T11:54:37.103209
2025-08-03,111823,2025080304006046,MEN,SUN SECURITIES PVT LTD,Sharepro Securities Private Limited,20,635.0,12700.0,2025-08-03T11:56:38.456846
2025-08-03,111539,2025080304006083,MEN,Hatemalo Financial Services Private Limited,Imperial Securities Company Pvt. Ltd.,13,635.1,8256.3,2025-08-03T11:57:12.035914
2025-08-03,111536,2025080304006084,MEN,Hatemalo Financial Services Private Limited,Naasa Securities Co. Ltd.,87,635.1,55253.7,2025-08-03T11:57:12.372662
2025-08-03,111535,2025080304006085,MEN,Shree Krishna Securities Ltd.,Naasa Securities Co. Ltd.,500,635.1,317550.0,2025-08-03T11:57:12.372847
2025-08-03,111534,2025080304006086,MEN,SUN SECURITIES PVT LTD,Naasa Securities Co. Ltd.,4413,635.0,2802255.0,2025-08-03T11:57:12.372929
2025-08-03,111117,2025080304006158,MEN,SUN SECURITIES PVT LTD,Asian Securities Private Ltd.,500,635.0,317500.0,2025-08-03T11:57:50.838351
2025-08-03,110953,2025080304006194,MEN,Kalika Securities Pvt. Ltd.,Primo Securities (PVT) Ltd.,100,638.7,63870.0,2025-08-03T11:58:09.601617
2025-08-03,110917,2025080304006208,MEN,SUN SECURITIES PVT LTD,Imperial Securities Company Pvt. Ltd.,67,635.0,42545.0,2025-08-03T11:58:14.46651
2025-08-03,110916,2025080304006209,MEN,Vision Securities Pvt. Ltd,Imperial Securities Company Pvt. Ltd.,433,635.0,274955.0,2025-08-03T11:58:14.466707
2025-08-03,110487,2025080304006273,MEN,Vision Securities Pvt. Ltd,Aryatara Investment & Securities,500,635.0,317500.0,2025-08-03T11:58:58.914541
2025-08-03,110318,2025080304006312,MEN,Vision Securities Pvt. Ltd,Vision Securities Pvt. Ltd,67,635.0,42545.0,2025-08-03T11:59:16.646341
2025-08-03,110317,2025080304006313,MEN,ABC Securities Private Limited,Vision Securities Pvt. Ltd,300,635.0,190500.0,2025-08-03T11:59:16.646594
2025-08-03,109995,2025080304006350,MEN,Agrawal Securities (PVT) Ltd.,Secured Securities Ltd.,13,634.4,8247.2,2025-08-03T11:59:43.477551
2025-08-03,108564,2025080304006545,MEN,Siprabi Securities Pvt. Ltd.,Secured Securities Ltd.,20,635.1,12702.0,2025-08-03T12:02:01.237665
2025-08-03,108146,2025080304006629,MEN,Siprabi Securities Pvt. Ltd.,Aryatara Investment & Securities,80,635.1,50808.0,2025-08-03T12:02:37.990594
2025-08-03,108145,2025080304006630,MEN,Naasa Securities Co. Ltd.,Aryatara Investment & Securities,300,635.1,190530.0,2025-08-03T12:02:37.990816
2025-08-03,108144,2025080304006631,MEN,BHOLE GANESH SECURITIES LTD,Aryatara Investment & Securities,120,635.1,76212.0,2025-08-03T12:02:37.990905
2025-08-03,108111,2025080304006637,MEN,BHOLE GANESH SECURITIES LTD,Imperial Securities Company Pvt. Ltd.,13,635.1,8256.3,2025-08-03T12:02:42.069042
2025-08-03,107105,2025080304006790,MEN,Sewa Securities Pvt. Ltd.,Sumeru Securities Pvt. Ltd.,13,635.2,8257.6,2025-08-03T12:04:15.74188
2025-08-03,105958,2025080304007019,MEN,Sani Securities Company Ltd.,ABC Securities Private Limited,12,635.5,7626.0,2025-08-03T12:06:21.089196
2025-08-03,105957,2025080304007020,MEN,Sewa Securities Pvt. Ltd.,ABC Securities Private Limited,64,635.2,40652.8,2025-08-03T12:06:21.089425
2025-08-03,105956,2025080304007021,MEN,BHOLE GANESH SECURITIES LTD,ABC Securities Private Limited,167,635.1,106061.7,2025-08-03T12:06:21.089514
2025-08-03,105955,2025080304007022,MEN,Online Securities Pvt. Ltd.,ABC Securities Private Limited,100,635.0,63500.0,2025-08-03T12:06:21.089597
2025-08-03,105954,2025080304007023,MEN,Trisul Securities & Invt. Ltd.,ABC Securities Private Limited,17,635.0,10795.0,2025-08-03T12:06:21.089678
2025-08-03,105269,2025080304007168,MEN,Arun Securities (PVT) Ltd.,Premier Securities Company Ltd.,13,635.1,8256.3,2025-08-03T12:07:40.696215
2025-08-03,104857,2025080304007283,MEN,Sewa Securities Pvt. Ltd.,ABC Securities Private Limited,75,635.3,47647.5,2025-08-03T12:08:29.755905
2025-08-03,104856,2025080304007284,MEN,Aryatara Investment & Securities,ABC Securities Private Limited,265,635.2,168328.0,2025-08-03T12:08:29.756351
2025-08-03,104547,2025080304007335,MEN,Aryatara Investment & Securities,Sumeru Securities Pvt. Ltd.,20,635.2,12704.0,2025-08-03T12:09:02.559756
2025-08-03,104447,2025080304007348,MEN,Aryatara Investment & Securities,Sewa Securities Pvt. Ltd.,215,635.2,136568.0,2025-08-03T12:09:12.729783
2025-08-03,103151,2025080304007542,MEN,Indira securities pvt. ltd,Naasa Securities Co. Ltd.,500,636.9,318450.0,2025-08-03T12:11:38.588856
2025-08-03,103150,2025080304007543,MEN,Indira securities pvt. ltd,Naasa Securities Co. Ltd.,500,636.9,318450.0,2025-08-03T12:11:38.589121
2025-08-03,103120,2025080304007546,MEN,Aryatara Investment & Securities,Aryatara Investment & Securities,100,635.5,63550.0,2025-08-03T12:11:43.291675
2025-08-03,103119,2025080304007547,MEN,Arun Securities (PVT) Ltd.,Aryatara Investment & Securities,487,635.4,309439.8,2025-08-03T12:11:43.291728
2025-08-03,103118,2025080304007548,MEN,Himalayan Brokerage Company Limited,Aryatara Investment & Securities,100,635.3,63530.0,2025-08-03T12:11:43.291785
2025-08-03,103117,2025080304007549,MEN,Indira securities pvt. ltd,Aryatara Investment & Securities,1000,635.2,635200.0,2025-08-03T12:11:43.291823
2025-08-03,103116,2025080304007550,MEN,Trisul Securities & Invt. Ltd.,Aryatara Investment & Securities,33,635.0,20955.0,2025-08-03T12:11:43.291868
2025-08-03,103115,2025080304007551,MEN,ABC Securities Private Limited,Aryatara Investment & Securities,10,635.0,6350.0,2025-08-03T12:11:43.291897
2025-08-03,103114,2025080304007552,MEN,Sumeru Securities Pvt. Ltd.,Aryatara Investment & Securities,200,635.0,127000.0,2025-08-03T12:11:43.291953
2025-08-03,103113,2025080304007553,MEN,Capital Max Securities Ltd,Aryatara Investment & Securities,1570,635.0,996950.0,2025-08-03T12:11:43.292007
2025-08-03,102718,2025080304007649,MEN,Linch Stock Market Ltd.,Primo Securities (PVT) Ltd.,300,636.9,191070.0,2025-08-03T12:12:36.450418
2025-08-03,102568,2025080304007690,MEN,ABC Securities Private Limited,Dipshikha Dhitopatra Karobar Co. Pvt Ltd.,90,635.1,57159.0,2025-08-03T12:12:56.129561
2025-08-03,102198,2025080304007770,MEN,ABC Securities Private Limited,Naasa Securities Co. Ltd.,13,635.1,8256.3,2025-08-03T12:13:41.791496
2025-08-03,102060,2025080304007781,MEN,Secured Securities Ltd.,Primo Securities (PVT) Ltd.,600,636.9,382140.0,2025-08-03T12:13:56.427447
2025-08-03,101827,2025080304007831,MEN,Secured Securities Ltd.,Primo Securities (PVT) Ltd.,76,636.9,48404.4,2025-08-03T12:14:29.624236
2025-08-03,101381,2025080304007907,MEN,Imperial Securities Company Pvt. Ltd.,Himalayan Brokerage Company Limited,10,635.2,6352.0,2025-08-03T12:15:26.247522
2025-08-03,100993,2025080304007992,MEN,Sipla Securities Private Limited,Primo Securities (PVT) Ltd.,24,636.9,15285.6,2025-08-03T12:16:26.642991
2025-08-03,100992,2025080304007993,MEN,Sipla Securities Private Limited,Opal Securities Investment (PVT) Ltd.,100,637.0,63700.0,2025-08-03T12:16:26.643218
2025-08-03,100991,2025080304007994,MEN,Sipla Securities Private Limited,Aryatara Investment & Securities,13,637.0,8281.0,2025-08-03T12:16:26.643364
2025-08-03,100924,2025080304008005,MEN,Sipla Securities Private Limited,Sweta Securities Private Limited,100,637.0,63700.0,2025-08-03T12:16:34.614242
2025-08-03,100639,2025080304008052,MEN,Sipla Securities Private Limited,Dynamic Money Managers Securities Pvt. Ltd.,200,636.1,127220.0,2025-08-03T12:17:07.542632
2025-08-03,100392,2025080304008094,MEN,Imperial Securities Company Pvt. Ltd.,Primo Securities (PVT) Ltd.,100,637.0,63700.0,2025-08-03T12:17:40.735243
2025-08-03,100176,2025080304008116,MEN,Neev Securities Pvt. Ltd.,Primo Securities (PVT) Ltd.,300,637.0,191100.0,2025-08-03T12:18:04.646467
2025-08-03,99971,2025080304008155,MEN,Neev Securities Pvt. Ltd.,Primo Securities (PVT) Ltd.,200,637.0,127400.0,2025-08-03T12:18:30.092274
2025-08-03,99356,2025080304008255,MEN,Indira securities pvt. ltd,Opal Securities Investment (PVT) Ltd.,200,637.5,127500.0,2025-08-03T12:19:50.026271
2025-08-03,99355,2025080304008256,MEN,Indira securities pvt. ltd,Primo Securities (PVT) Ltd.,800,637.9,510320.0,2025-08-03T12:19:50.026717
2025-08-03,98707,2025080304008374,MEN,Imperial Securities Company Pvt. Ltd.,Primo Securities (PVT) Ltd.,200,637.9,127580.0,2025-08-03T12:20:54.924414
2025-08-03,97122,2025080304008608,MEN,Secured Securities Ltd.,Dipshikha Dhitopatra Karobar Co. Pvt Ltd.,500,636.0,318000.0,2025-08-03T12:23:54.475533
2025-08-03,96961,2025080304008623,MEN,Vision Securities Pvt. Ltd,Asian Securities Private Ltd.,11,637.0,7007.0,2025-08-03T12:24:12.209519
2025-08-03,96227,2025080304008732,MEN,Secured Securities Ltd.,Imperial Securities Company Pvt. Ltd.,1000,636.9,636900.0,2025-08-03T12:25:31.550937
2025-08-03,96226,2025080304008733,MEN,Secured Securities Ltd.,Primo Securities (PVT) Ltd.,1000,636.9,636900.0,2025-08-03T12:25:31.551367
2025-08-03,95539,2025080304008867,MEN,Neev Securities Pvt. Ltd.,Neev Securities Pvt. Ltd.,13,636.0,8268.0,2025-08-03T12:26:53.475733
2025-08-03,95498,2025080304008868,MEN,MILKY WAY SHARE BROKER COMPANY LTD ,Primo Securities (PVT) Ltd.,200,636.9,127380.0,2025-08-03T12:26:56.723335
2025-08-03,95427,2025080304008874,MEN,Neev Securities Pvt. Ltd.,Kumari Securities Private Limited,487,636.0,309732.0,2025-08-03T12:27:02.706853
2025-08-03,95426,2025080304008875,MEN,Secured Securities Ltd.,Kumari Securities Private Limited,13,635.6,8262.8,2025-08-03T12:27:02.707162
2025-08-03,95229,2025080304008908,MEN,Sharepro Securities Private Limited,Sri Hari Securities Pvt. Ltd.,50,636.0,31800.0,2025-08-03T12:27:23.774225
2025-08-03,95165,2025080304008924,MEN,Secured Securities Ltd.,Primo Securities (PVT) Ltd.,487,636.8,310121.6,2025-08-03T12:27:31.593759
2025-08-03,94966,2025080304008959,MEN,Capital Max Securities Ltd,Primo Securities (PVT) Ltd.,13,636.8,8278.4,2025-08-03T12:27:54.484561
2025-08-03,94965,2025080304008960,MEN,Capital Max Securities Ltd,Imperial Securities Company Pvt. Ltd.,487,636.8,310121.6,2025-08-03T12:27:54.484839
2025-08-03,94959,2025080304008964,MEN,Secured Securities Ltd.,Imperial Securities Company Pvt. Ltd.,13,636.8,8278.4,2025-08-03T12:27:55.112463
2025-08-03,94800,2025080304008990,MEN,Capital Max Securities Ltd,Primo Securities (PVT) Ltd.,500,636.9,318450.0,2025-08-03T12:28:11.626182
2025-08-03,94751,2025080304008991,MEN,Secured Securities Ltd.,Nepal Stock House (PVT) Ltd.,55,636.8,35024.0,2025-08-03T12:28:17.061151
2025-08-03,94750,2025080304008992,MEN,Sharepro Securities Private Limited,Nepal Stock House (PVT) Ltd.,50,636.0,31800.0,2025-08-03T12:28:17.061411
2025-08-03,94136,2025080304009068,MEN,Capital Max Securities Ltd,Nepal Stock House (PVT) Ltd.,376,636.0,239136.0,2025-08-03T12:29:35.055969
2025-08-03,93939,2025080304009094,MEN,Capital Max Securities Ltd,Primo Securities (PVT) Ltd.,24,636.8,15283.2,2025-08-03T12:29:55.157997
2025-08-03,93515,2025080304009172,MEN,Sri Hari Securities Pvt. Ltd.,Kumari Securities Private Limited,200,635.8,127160.0,2025-08-03T12:30:39.926238
2025-08-03,93514,2025080304009173,MEN,Sundhara Securities Limited,Kumari Securities Private Limited,300,635.7,190710.0,2025-08-03T12:30:39.926719
2025-08-03,93132,2025080304009199,MEN,Sundhara Securities Limited,Creative Securities Pvt Ltd,400,635.7,254280.0,2025-08-03T12:31:21.156963
2025-08-03,92297,2025080304009330,MEN,Capital Max Securities Ltd,Imperial Securities Company Pvt. Ltd.,23,636.0,14628.0,2025-08-03T12:33:09.0792
2025-08-03,92296,2025080304009331,MEN,Capital Max Securities Ltd,Primo Securities (PVT) Ltd.,477,636.6,303658.2,2025-08-03T12:33:09.079731
2025-08-03,91851,2025080304009410,MEN,Nepal Stock House (PVT) Ltd.,Midas Stock Broking Company Private Limited,100,635.8,63580.0,2025-08-03T12:33:58.114687
2025-08-03,91850,2025080304009411,MEN,Nepal Investment And Securities Trading Private Limited,Midas Stock Broking Company Private Limited,45,635.6,28602.0,2025-08-03T12:33:58.115104
2025-08-03,91849,2025080304009412,MEN,Sipla Securities Private Limited,Midas Stock Broking Company Private Limited,50,635.5,31775.0,2025-08-03T12:33:58.115431
2025-08-03,91848,2025080304009413,MEN,Online Securities Pvt. Ltd.,Midas Stock Broking Company Private Limited,30,635.5,19065.0,2025-08-03T12:33:58.1157
2025-08-03,91847,2025080304009414,MEN,Dipshikha Dhitopatra Karobar Co. Pvt Ltd.,Midas Stock Broking Company Private Limited,20,635.4,12708.0,2025-08-03T12:33:58.115966
2025-08-03,91846,2025080304009415,MEN,Arun Securities (PVT) Ltd.,Midas Stock Broking Company Private Limited,55,635.3,34941.5,2025-08-03T12:33:58.116229
2025-08-03,91514,2025080304009447,MEN,Sundhara Securities Limited,Siprabi Securities Pvt. Ltd.,105,635.7,66748.5,2025-08-03T12:34:36.164719
2025-08-03,91478,2025080304009451,MEN,Sundhara Securities Limited,Online Securities Pvt. Ltd.,200,635.7,127140.0,2025-08-03T12:34:40.362632
2025-08-03,90877,2025080304009510,MEN,Sundhara Securities Limited,Deevyaa Securities & Stock House Pvt. Ltd,195,635.7,123961.5,2025-08-03T12:35:46.691995
2025-08-03,90876,2025080304009511,MEN,Arun Securities (PVT) Ltd.,Deevyaa Securities & Stock House Pvt. Ltd,105,635.3,66706.5,2025-08-03T12:35:46.692479
2025-08-03,90390,2025080304009575,MEN,Arun Securities (PVT) Ltd.,Primo Securities (PVT) Ltd.,840,635.3,533652.0,2025-08-03T12:36:44.370227
2025-08-03,90329,2025080304009580,MEN,Sani Securities Company Ltd.,Naasa Securities Co. Ltd.,9,633.2,5698.8,2025-08-03T12:36:49.618685
2025-08-03,90206,2025080304009598,MEN,ABC Securities Private Limited,Kumari Securities Private Limited,97,635.1,61604.7,2025-08-03T12:37:04.365003
2025-08-03,90205,2025080304009599,MEN,Indira securities pvt. ltd,Kumari Securities Private Limited,403,635.1,255945.3,2025-08-03T12:37:04.365456
2025-08-03,90121,2025080304009612,MEN,Agrawal Securities (PVT) Ltd.,Primo Securities (PVT) Ltd.,160,635.3,101648.0,2025-08-03T12:37:17.077788
2025-08-03,89803,2025080304009657,MEN,Agrawal Securities (PVT) Ltd.,Midas Stock Broking Company Private Limited,300,635.4,190620.0,2025-08-03T12:37:52.868388
2025-08-03,89697,2025080304009663,MEN,Shree Krishna Securities Ltd.,Vision Securities Pvt. Ltd,100,635.7,63570.0,2025-08-03T12:38:01.081491
2025-08-03,89639,2025080304009676,MEN,Premier Securities Company Ltd.,Vision Securities Pvt. Ltd,50,635.7,31785.0,2025-08-03T12:38:06.382777
2025-08-03,89638,2025080304009677,MEN,Premier Securities Company Ltd.,Sundhara Securities Limited,50,636.0,31800.0,2025-08-03T12:38:06.383
2025-08-03,89521,2025080304009688,MEN,Agrawal Securities (PVT) Ltd.,Nepal Investment And Securities Trading Private Limited,540,635.4,343116.0,2025-08-03T12:38:19.954657
2025-08-03,89520,2025080304009689,MEN,Indira securities pvt. ltd,Nepal Investment And Securities Trading Private Limited,460,635.1,292146.0,2025-08-03T12:38:19.954881
2025-08-03,89308,2025080304009718,MEN,Indira securities pvt. ltd,Asian Securities Private Ltd.,15,635.1,9526.5,2025-08-03T12:38:46.636459
2025-08-03,88386,2025080304009870,MEN,Indira securities pvt. ltd,Dipshikha Dhitopatra Karobar Co. Pvt Ltd.,33,635.1,20958.3,2025-08-03T12:40:29.209297
2025-08-03,87802,2025080304009997,MEN,Indira securities pvt. ltd,Property Wiard Limited,89,635.1,56523.9,2025-08-03T12:41:39.771708
2025-08-03,87801,2025080304009998,MEN,Sani Securities Company Ltd.,Property Wiard Limited,100,635.1,63510.0,2025-08-03T12:41:39.77199
2025-08-03,87800,2025080304009999,MEN,Capital Max Securities Ltd,Property Wiard Limited,430,635.0,273050.0,2025-08-03T12:41:39.772095
2025-08-03,87799,2025080304010000,MEN,Sani Securities Company Ltd.,Property Wiard Limited,10,635.0,6350.0,2025-08-03T12:41:39.772187
2025-08-03,87798,2025080304010001,MEN,Market Securities & Exchange (PVT) Ltd.,Property Wiard Limited,100,635.0,63500.0,2025-08-03T12:41:39.772275
2025-08-03,87797,2025080304010002,MEN,ABC Securities Private Limited,Property Wiard Limited,100,635.0,63500.0,2025-08-03T12:41:39.772384
2025-08-03,87796,2025080304010003,MEN,Aryatara Investment & Securities,Property Wiard Limited,500,635.0,317500.0,2025-08-03T12:41:39.772483
2025-08-03,87795,2025080304010004,MEN,Dynamic Money Managers Securities Pvt. Ltd.,Property Wiard Limited,6671,635.0,4236085.0,2025-08-03T12:41:39.772606
2025-08-03,87134,2025080304010129,MEN,Dynamic Money Managers Securities Pvt. Ltd.,Creative Securities Pvt Ltd,329,635.0,208915.0,2025-08-03T12:42:51.947197
2025-08-03,87133,2025080304010130,MEN,Naasa Securities Co. Ltd.,Creative Securities Pvt Ltd,25,635.0,15875.0,2025-08-03T12:42:51.947438
2025-08-03,87132,2025080304010131,MEN,Dakshinkali Investment & Securities Pvt. Ltd.,Creative Securities Pvt Ltd,46,635.0,29210.0,2025-08-03T12:42:51.947534
2025-08-03,86773,2025080304010171,MEN,Hatemalo Financial Services Private Limited,Imperial Securities Company Pvt. Ltd.,1000,635.1,635100.0,2025-08-03T12:43:30.383438
2025-08-03,86550,2025080304010208,MEN,Hatemalo Financial Services Private Limited,Imperial Securities Company Pvt. Ltd.,350,635.1,222285.0,2025-08-03T12:43:46.661558
2025-08-03,86549,2025080304010209,MEN,Sani Securities Company Ltd.,Midas Stock Broking Company Private Limited,100,635.5,63550.0,2025-08-03T12:43:46.844494
2025-08-03,86485,2025080304010221,MEN,Hatemalo Financial Services Private Limited,Neev Securities Pvt. Ltd.,800,635.1,508080.0,2025-08-03T12:43:53.698234
2025-08-03,86479,2025080304010222,MEN,Naasa Securities Co. Ltd.,Neev Securities Pvt. Ltd.,12,635.1,7621.2,2025-08-03T12:43:53.918277
2025-08-03,85958,2025080304010282,MEN,Sani Securities Company Ltd.,Neev Securities Pvt. Ltd.,100,635.1,63510.0,2025-08-03T12:44:47.92185
2025-08-03,85928,2025080304010288,MEN,Dakshinkali Investment & Securities Pvt. Ltd.,Nepal Investment And Securities Trading Private Limited,54,635.0,34290.0,2025-08-03T12:44:52.195624
2025-08-03,85927,2025080304010289,MEN,Indira securities pvt. ltd,Nepal Investment And Securities Trading Private Limited,946,634.6,600331.6,2025-08-03T12:44:52.195912
2025-08-03,84952,2025080304010423,MEN,Indira securities pvt. ltd,Kumari Securities Private Limited,38,634.6,24114.8,2025-08-03T12:46:26.833042
2025-08-03,84921,2025080304010429,MEN,Indira securities pvt. ltd,Dipshikha Dhitopatra Karobar Co. Pvt Ltd.,16,634.6,10153.6,2025-08-03T12:46:31.525147
2025-08-03,84716,2025080304010460,MEN,Hatemalo Financial Services Private Limited,Dipshikha Dhitopatra Karobar Co. Pvt Ltd.,18,634.5,11421.0,2025-08-03T12:46:50.025788
2025-08-03,84629,2025080304010476,MEN,Hatemalo Financial Services Private Limited,Imperial Securities Company Pvt. Ltd.,82,634.5,52029.0,2025-08-03T12:46:58.047286
2025-08-03,84628,2025080304010477,MEN,Agrawal Securities (PVT) Ltd.,Imperial Securities Company Pvt. Ltd.,87,634.4,55192.8,2025-08-03T12:46:58.047543
2025-08-03,84627,2025080304010478,MEN,Hatemalo Financial Services Private Limited,Imperial Securities Company Pvt. Ltd.,100,634.1,63410.0,2025-08-03T12:46:58.047631
2025-08-03,84626,2025080304010479,MEN,Sipla Securities Private Limited,Imperial Securities Company Pvt. Ltd.,50,634.1,31705.0,2025-08-03T12:46:58.047721
2025-08-03,84625,2025080304010480,MEN,ABC Securities Private Limited,Imperial Securities Company Pvt. Ltd.,480,634.0,304320.0,2025-08-03T12:46:58.047811
2025-08-03,84602,2025080304010485,MEN,Aryatara Investment & Securities,Arun Securities (PVT) Ltd.,200,635.0,127000.0,2025-08-03T12:47:00.393879
2025-08-03,84601,2025080304010486,MEN,Aryatara Investment & Securities,Kumari Securities Private Limited,13,635.0,8255.0,2025-08-03T12:47:00.394102
2025-08-03,84424,2025080304010528,MEN,Aryatara Investment & Securities,Opal Securities Investment (PVT) Ltd.,30,635.0,19050.0,2025-08-03T12:47:19.287778
2025-08-03,84268,2025080304010550,MEN,Aryatara Investment & Securities,Sri Hari Securities Pvt. Ltd.,30,635.0,19050.0,2025-08-03T12:47:33.323254
2025-08-03,83987,2025080304010594,MEN,Naasa Securities Co. Ltd.,Neev Securities Pvt. Ltd.,10,635.1,6351.0,2025-08-03T12:47:59.112676
2025-08-03,83520,2025080304010662,MEN,Aryatara Investment & Securities,Linch Stock Market Ltd.,27,635.0,17145.0,2025-08-03T12:48:41.30521
2025-08-03,83519,2025080304010663,MEN,Sundhara Securities Limited,Linch Stock Market Ltd.,73,635.0,46355.0,2025-08-03T12:48:41.30548
2025-08-03,83372,2025080304010679,MEN,Sundhara Securities Limited,Midas Stock Broking Company Private Limited,300,635.0,190500.0,2025-08-03T12:48:51.963561
2025-08-03,83292,2025080304010682,MEN,Sundhara Securities Limited,Arun Securities (PVT) Ltd.,13,635.0,8255.0,2025-08-03T12:48:58.714731
2025-08-03,83038,2025080304010722,MEN,Sundhara Securities Limited,Primo Securities (PVT) Ltd.,100,635.0,63500.0,2025-08-03T12:49:21.182059
2025-08-03,82854,2025080304010766,MEN,Sundhara Securities Limited,Capital Max Securities Ltd,14,635.0,8890.0,2025-08-03T12:49:34.377106
2025-08-03,82340,2025080304010853,MEN,Premier Securities Company Ltd.,Naasa Securities Co. Ltd.,25,634.1,15852.5,2025-08-03T12:50:18.079655
2025-08-03,81701,2025080304011000,MEN,Premier Securities Company Ltd.,Sharepro Securities Private Limited,115,634.1,72921.5,2025-08-03T12:51:09.083766
2025-08-03,81361,2025080304011076,MEN,Premier Securities Company Ltd.,Capital Max Securities Ltd,100,635.0,63500.0,2025-08-03T12:51:36.403325
2025-08-03,81237,2025080304011094,MEN,Sri Hari Securities Pvt. Ltd.,Nepal Stock House (PVT) Ltd.,300,634.2,190260.0,2025-08-03T12:51:48.428094
2025-08-03,81002,2025080304011128,MEN,Naasa Securities Co. Ltd.,Nepal Stock House (PVT) Ltd.,10,634.2,6342.0,2025-08-03T12:52:10.256057
2025-08-03,80684,2025080304011177,MEN,Premier Securities Company Ltd.,Aryatara Investment & Securities,384,634.1,243494.4,2025-08-03T12:52:40.205399
2025-08-03,80683,2025080304011178,MEN,Agrawal Securities (PVT) Ltd.,Aryatara Investment & Securities,93,634.1,58971.3,2025-08-03T12:52:40.205627
2025-08-03,80449,2025080304011222,MEN,Agrawal Securities (PVT) Ltd.,Neev Securities Pvt. Ltd.,157,634.1,99553.7,2025-08-03T12:53:00.141505
2025-08-03,80425,2025080304011225,MEN,ABC Securities Private Limited,Nepal Stock House (PVT) Ltd.,100,634.0,63400.0,2025-08-03T12:53:03.683972
2025-08-03,80424,2025080304011226,MEN,Agrawal Securities (PVT) Ltd.,Nepal Stock House (PVT) Ltd.,100,634.0,63400.0,2025-08-03T12:53:03.684209
2025-08-03,80423,2025080304011227,MEN,Sani Securities Company Ltd.,Nepal Stock House (PVT) Ltd.,490,634.0,310660.0,2025-08-03T12:53:03.684297
2025-08-03,80315,2025080304011270,MEN,Sani Securities Company Ltd.,Creative Securities Pvt Ltd,10,634.0,6340.0,2025-08-03T12:53:10.141462
2025-08-03,80314,2025080304011271,MEN,Premier Securities Company Ltd.,Creative Securities Pvt Ltd,250,634.0,158500.0,2025-08-03T12:53:10.141693
2025-08-03,80313,2025080304011272,MEN,Dakshinkali Investment & Securities Pvt. Ltd.,Creative Securities Pvt Ltd,100,634.0,63400.0,2025-08-03T12:53:10.141782
2025-08-03,80014,2025080304011327,MEN,Hatemalo Financial Services Private Limited,Creative Securities Pvt Ltd,100,633.6,63360.0,2025-08-03T12:53:34.33261
2025-08-03,80013,2025080304011328,MEN,Siprabi Securities Pvt. Ltd.,Creative Securities Pvt Ltd,200,633.4,126680.0,2025-08-03T12:53:34.332844
2025-08-03,80012,2025080304011329,MEN,SUN SECURITIES PVT LTD,Creative Securities Pvt Ltd,202,633.3,127926.6,2025-08-03T12:53:34.332938
2025-08-03,78524,2025080304011614,MEN,Hatemalo Financial Services Private Limited,Agrawal Securities (PVT) Ltd.,100,633.4,63340.0,2025-08-03T12:56:00.289167
2025-08-03,78523,2025080304011615,MEN,SUN SECURITIES PVT LTD,Agrawal Securities (PVT) Ltd.,1798,633.3,1138673.4,2025-08-03T12:56:00.289409
2025-08-03,78278,2025080304011667,MEN,Premier Securities Company Ltd.,Agrawal Securities (PVT) Ltd.,40,633.2,25328.0,2025-08-03T12:56:18.514416
2025-08-03,78277,2025080304011668,MEN,Aryatara Investment & Securities,Agrawal Securities (PVT) Ltd.,350,633.2,221620.0,2025-08-03T12:56:18.514671
2025-08-03,78248,2025080304011678,MEN,Shree Krishna Securities Ltd.,Imperial Securities Company Pvt. Ltd.,149,633.1,94331.9,2025-08-03T12:56:23.148155
2025-08-03,78229,2025080304011679,MEN,Premier Securities Company Ltd.,Agrawal Securities (PVT) Ltd.,100,633.2,63320.0,2025-08-03T12:56:24.472309
2025-08-03,78119,2025080304011707,MEN,Shree Krishna Securities Ltd.,Dipshikha Dhitopatra Karobar Co. Pvt Ltd.,200,633.1,126620.0,2025-08-03T12:56:35.629593
2025-08-03,78063,2025080304011716,MEN,Shree Krishna Securities Ltd.,Indira securities pvt. ltd,108,633.1,68374.8,2025-08-03T12:56:40.456189
2025-08-03,77770,2025080304011756,MEN,Shree Krishna Securities Ltd.,ABC Securities Private Limited,100,633.1,63310.0,2025-08-03T12:57:03.588469
2025-08-03,77757,2025080304011757,MEN,Shree Krishna Securities Ltd.,Trisul Securities & Invt. Ltd.,443,633.1,280463.3,2025-08-03T12:57:04.248992
2025-08-03,77624,2025080304011781,MEN,Aryatara Investment & Securities,Trisul Securities & Invt. Ltd.,10,633.0,6330.0,2025-08-03T12:57:20.324962
2025-08-03,77623,2025080304011782,MEN,Opal Securities Investment (PVT) Ltd.,Trisul Securities & Invt. Ltd.,30,633.0,18990.0,2025-08-03T12:57:20.32523
2025-08-03,77622,2025080304011783,MEN,Sumeru Securities Pvt. Ltd.,Trisul Securities & Invt. Ltd.,67,633.0,42411.0,2025-08-03T12:57:20.325353
2025-08-03,77541,2025080304011802,MEN,Sumeru Securities Pvt. Ltd.,Neev Securities Pvt. Ltd.,233,633.0,147489.0,2025-08-03T12:57:29.881562
2025-08-03,77540,2025080304011803,MEN,Naasa Securities Co. Ltd.,Neev Securities Pvt. Ltd.,50,633.0,31650.0,2025-08-03T12:57:29.881784
2025-08-03,77539,2025080304011804,MEN,Agrawal Securities (PVT) Ltd.,Neev Securities Pvt. Ltd.,138,633.0,87354.0,2025-08-03T12:57:29.881872
2025-08-03,77176,2025080304011868,MEN,Agrawal Securities (PVT) Ltd.,Imperial Securities Company Pvt. Ltd.,362,633.0,229146.0,2025-08-03T12:58:04.06014
2025-08-03,77175,2025080304011869,MEN,ABC Securities Private Limited,Imperial Securities Company Pvt. Ltd.,1000,632.0,632000.0,2025-08-03T12:58:04.060379
2025-08-03,77174,2025080304011870,MEN,Kalika Securities Pvt. Ltd.,Imperial Securities Company Pvt. Ltd.,100,632.0,63200.0,2025-08-03T12:58:04.060471
2025-08-03,77173,2025080304011871,MEN,Capital Max Securities Ltd,Imperial Securities Company Pvt. Ltd.,24,632.0,15168.0,2025-08-03T12:58:04.060556
2025-08-03,77172,2025080304011872,MEN,South Asian Bulls Pvt. Ltd.,Imperial Securities Company Pvt. Ltd.,20,632.0,12640.0,2025-08-03T12:58:04.060646
2025-08-03,77171,2025080304011873,MEN,Indira securities pvt. ltd,Imperial Securities Company Pvt. Ltd.,50,632.0,31600.0,2025-08-03T12:58:04.06073
2025-08-03,77170,2025080304011874,MEN,Shree Krishna Securities Ltd.,Imperial Securities Company Pvt. Ltd.,500,631.6,315800.0,2025-08-03T12:58:04.060811
2025-08-03,77169,2025080304011875,MEN,Capital Max Securities Ltd,Imperial Securities Company Pvt. Ltd.,10,631.5,6315.0,2025-08-03T12:58:04.0609
2025-08-03,77168,2025080304011876,MEN,Capital Max Securities Ltd,Imperial Securities Company Pvt. Ltd.,10,631.5,6315.0,2025-08-03T12:58:04.061012
2025-08-03,77167,2025080304011877,MEN,Cristal Kanchanjanga Securites Pvt. Ltd.,Imperial Securities Company Pvt. Ltd.,100,631.5,63150.0,2025-08-03T12:58:04.061095
2025-08-03,77166,2025080304011878,MEN,Premier Securities Company Ltd.,Imperial Securities Company Pvt. Ltd.,302,631.4,190682.8,2025-08-03T12:58:04.061182
2025-08-03,77165,2025080304011879,MEN,Thrive Brokerage House Pvt. Ltd,Imperial Securities Company Pvt. Ltd.,100,631.4,63140.0,2025-08-03T12:58:04.061265
2025-08-03,77164,2025080304011880,MEN,Siprabi Securities Pvt. Ltd.,Imperial Securities Company Pvt. Ltd.,100,631.3,63130.0,2025-08-03T12:58:04.061354
2025-08-03,77163,2025080304011881,MEN,ABC Securities Private Limited,Imperial Securities Company Pvt. Ltd.,300,631.0,189300.0,2025-08-03T12:58:04.061436
2025-08-03,77162,2025080304011882,MEN,Linch Stock Market Ltd.,Imperial Securities Company Pvt. Ltd.,15,631.0,9465.0,2025-08-03T12:58:04.06156
2025-08-03,77161,2025080304011883,MEN,Secured Securities Ltd.,Imperial Securities Company Pvt. Ltd.,200,631.0,126200.0,2025-08-03T12:58:04.061639
2025-08-03,77160,2025080304011884,MEN,Vision Securities Pvt. Ltd,Imperial Securities Company Pvt. Ltd.,500,631.0,315500.0,2025-08-03T12:58:04.061718
2025-08-03,77159,2025080304011885,MEN,Sani Securities Company Ltd.,Imperial Securities Company Pvt. Ltd.,10,631.0,6310.0,2025-08-03T12:58:04.061802
2025-08-03,77158,2025080304011886,MEN,Dynamic Money Managers Securities Pvt. Ltd.,Imperial Securities Company Pvt. Ltd.,400,630.3,252120.0,2025-08-03T12:58:04.061886
2025-08-03,77157,2025080304011887,MEN,Siprabi Securities Pvt. Ltd.,Imperial Securities Company Pvt. Ltd.,200,630.1,126020.0,2025-08-03T12:58:04.061969
2025-08-03,77156,2025080304011888,MEN,Online Securities Pvt. Ltd.,Imperial Securities Company Pvt. Ltd.,50,630.0,31500.0,2025-08-03T12:58:04.062049
2025-08-03,77155,2025080304011889,MEN,Premier Securities Company Ltd.,Imperial Securities Company Pvt. Ltd.,200,630.0,126000.0,2025-08-03T12:58:04.062132
2025-08-03,77154,2025080304011890,MEN,Nepal Stock House (PVT) Ltd.,Imperial Securities Company Pvt. Ltd.,100,630.0,63000.0,2025-08-03T12:58:04.062215
2025-08-03,77153,2025080304011891,MEN,Asian Securities Private Ltd.,Imperial Securities Company Pvt. Ltd.,347,630.0,218610.0,2025-08-03T12:58:04.062291
2025-08-03,76779,2025080304011940,MEN,Asian Securities Private Ltd.,Imperial Securities Company Pvt. Ltd.,153,630.0,96390.0,2025-08-03T12:58:35.512783
2025-08-03,76778,2025080304011941,MEN,Asian Securities Private Ltd.,Imperial Securities Company Pvt. Ltd.,500,630.0,315000.0,2025-08-03T12:58:35.513065
2025-08-03,76777,2025080304011942,MEN,Sundhara Securities Limited,Imperial Securities Company Pvt. Ltd.,100,630.0,63000.0,2025-08-03T12:58:35.513149
2025-08-03,76776,2025080304011943,MEN,Malla & Malla Stock Broking Company Pvt. Limited,Imperial Securities Company Pvt. Ltd.,100,630.0,63000.0,2025-08-03T12:58:35.513228
2025-08-03,76775,2025080304011944,MEN,Nepal Stock House (PVT) Ltd.,Imperial Securities Company Pvt. Ltd.,500,630.0,315000.0,2025-08-03T12:58:35.513305
2025-08-03,76774,2025080304011945,MEN,ABC Securities Private Limited,Imperial Securities Company Pvt. Ltd.,200,630.0,126000.0,2025-08-03T12:58:35.513392
2025-08-03,76773,2025080304011946,MEN,Siprabi Securities Pvt. Ltd.,Imperial Securities Company Pvt. Ltd.,20,630.0,12600.0,2025-08-03T12:58:35.513469
2025-08-03,76772,2025080304011947,MEN,Vision Securities Pvt. Ltd,Imperial Securities Company Pvt. Ltd.,1000,630.0,630000.0,2025-08-03T12:58:35.513543
2025-08-03,76771,2025080304011948,MEN,Vision Securities Pvt. Ltd,Imperial Securities Company Pvt. Ltd.,25,630.0,15750.0,2025-08-03T12:58:35.513639
2025-08-03,76770,2025080304011949,MEN,INDEX SECURITIES LIMITED,Imperial Securities Company Pvt. Ltd.,200,630.0,126000.0,2025-08-03T12:58:35.513713
2025-08-03,76769,2025080304011950,MEN,South Asian Bulls Pvt. Ltd.,Imperial Securities Company Pvt. Ltd.,500,630.0,315000.0,2025-08-03T12:58:35.513787
2025-08-03,76768,2025080304011951,MEN,Capital Max Securities Ltd,Imperial Securities Company Pvt. Ltd.,150,630.0,94500.0,2025-08-03T12:58:35.513858
2025-08-03,76767,2025080304011952,MEN,Primo Securities (PVT) Ltd.,Imperial Securities Company Pvt. Ltd.,1552,630.0,977760.0,2025-08-03T12:58:35.513932
2025-08-03,76430,2025080304012035,MEN,Vision Securities Pvt. Ltd,Imperial Securities Company Pvt. Ltd.,100,631.0,63100.0,2025-08-03T12:59:05.985996
2025-08-03,76429,2025080304012036,MEN,Ashutosh Brokerage & Securities (PVT) Ltd.,Imperial Securities Company Pvt. Ltd.,25,630.1,15752.5,2025-08-03T12:59:05.986189
2025-08-03,76428,2025080304012037,MEN,Primo Securities (PVT) Ltd.,Imperial Securities Company Pvt. Ltd.,375,630.0,236250.0,2025-08-03T12:59:05.986264
2025-08-03,76061,2025080304012131,MEN,Sundhara Securities Limited,Opal Securities Investment (PVT) Ltd.,36,630.2,22687.2,2025-08-03T12:59:38.11033
2025-08-03,75824,2025080304012165,MEN,Sundhara Securities Limited,Sundhara Securities Limited,64,630.2,40332.8,2025-08-03T13:00:03.524055
2025-08-03,74809,2025080304012389,MEN,Creative Securities Pvt Ltd,Opal Securities Investment (PVT) Ltd.,200,632.0,126400.0,2025-08-03T13:01:31.230823
2025-08-03,74562,2025080304012427,MEN,Trademow Securities Private Limited,ABC Securities Private Limited,100,633.1,63310.0,2025-08-03T13:01:57.506592
2025-08-03,73752,2025080304012543,MEN,Neev Securities Pvt. Ltd.,Secured Securities Ltd.,170,632.0,107440.0,2025-08-03T13:03:00.23611
2025-08-03,73751,2025080304012544,MEN,Neev Securities Pvt. Ltd.,Trishakti Securities Public Limited,13,633.1,8230.3,2025-08-03T13:03:00.236475
2025-08-03,73750,2025080304012545,MEN,Neev Securities Pvt. Ltd.,Agrawal Securities (PVT) Ltd.,92,634.0,58328.0,2025-08-03T13:03:00.236699
2025-08-03,73609,2025080304012565,MEN,Dipshikha Dhitopatra Karobar Co. Pvt Ltd.,Kumari Securities Private Limited,50,634.5,31725.0,2025-08-03T13:03:13.556555
2025-08-03,73040,2025080304012674,MEN,Linch Stock Market Ltd.,Kumari Securities Private Limited,300,634.5,190350.0,2025-08-03T13:04:13.644763
2025-08-03,72890,2025080304012696,MEN,Trademow Securities Private Limited,Kumari Securities Private Limited,200,634.5,126900.0,2025-08-03T13:04:33.010921
2025-08-03,72855,2025080304012701,MEN,INDEX SECURITIES LIMITED,Neev Securities Pvt. Ltd.,2,623.0,1246.0,2025-08-03T13:04:36.837253
2025-08-03,72666,2025080304012728,MEN,Indira securities pvt. ltd,Kumari Securities Private Limited,300,634.5,190350.0,2025-08-03T13:04:58.348014
2025-08-03,71576,2025080304012886,MEN,Neev Securities Pvt. Ltd.,Naasa Securities Co. Ltd.,100,634.0,63400.0,2025-08-03T13:07:24.793831
2025-08-03,71557,2025080304012902,MEN,Neev Securities Pvt. Ltd.,Sani Securities Company Ltd.,13,634.0,8242.0,2025-08-03T13:07:26.217682
2025-08-03,71326,2025080304012939,MEN,Neev Securities Pvt. Ltd.,Asian Securities Private Ltd.,12,634.0,7608.0,2025-08-03T13:08:03.008042
2025-08-03,70885,2025080304013067,MEN,Kumari Securities Private Limited,Vision Securities Pvt. Ltd,30,632.4,18972.0,2025-08-03T13:09:15.546582
2025-08-03,70756,2025080304013098,MEN,Imperial Securities Company Pvt. Ltd.,Vision Securities Pvt. Ltd,50,632.4,31620.0,2025-08-03T13:09:34.036886
2025-08-03,70587,2025080304013142,MEN,Online Securities Pvt. Ltd.,Vision Securities Pvt. Ltd,49,632.4,30987.6,2025-08-03T13:09:57.540372
2025-08-03,70399,2025080304013159,MEN,Nepal Stock House (PVT) Ltd.,Vision Securities Pvt. Ltd,100,632.1,63210.0,2025-08-03T13:10:30.010504
2025-08-03,70398,2025080304013160,MEN,Sri Hari Securities Pvt. Ltd.,Vision Securities Pvt. Ltd,400,632.1,252840.0,2025-08-03T13:10:30.01071
2025-08-03,70397,2025080304013161,MEN,Arun Securities (PVT) Ltd.,Vision Securities Pvt. Ltd,200,632.0,126400.0,2025-08-03T13:10:30.010798
2025-08-03,70396,2025080304013162,MEN,Bhrikuti Stock Broking Co. Pvt. Ltd.,Vision Securities Pvt. Ltd,200,632.0,126400.0,2025-08-03T13:10:30.01088
2025-08-03,70395,2025080304013163,MEN,Indira securities pvt. ltd,Vision Securities Pvt. Ltd,100,632.0,63200.0,2025-08-03T13:10:30.01096
2025-08-03,70394,2025080304013164,MEN,Sri Hari Securities Pvt. Ltd.,Vision Securities Pvt. Ltd,80,631.3,50504.0,2025-08-03T13:10:30.011039
2025-08-03,70393,2025080304013165,MEN,Hatemalo Financial Services Private Limited,Vision Securities Pvt. Ltd,100,631.1,63110.0,2025-08-03T13:10:30.01112
2025-08-03,70392,2025080304013166,MEN,Sundhara Securities Limited,Vision Securities Pvt. Ltd,118,630.6,74410.8,2025-08-03T13:10:30.0112
2025-08-03,70391,2025080304013167,MEN,Sri Hari Securities Pvt. Ltd.,Vision Securities Pvt. Ltd,300,630.5,189150.0,2025-08-03T13:10:30.011274
2025-08-03,70390,2025080304013168,MEN,Arun Securities (PVT) Ltd.,Vision Securities Pvt. Ltd,402,630.3,253380.6,2025-08-03T13:10:30.011361
2025-08-03,70151,2025080304013216,MEN,Indira securities pvt. ltd,Sewa Securities Pvt. Ltd.,13,632.2,8218.6,2025-08-03T13:11:08.742263
2025-08-03,69984,2025080304013244,MEN,INDEX SECURITIES LIMITED,Aryatara Investment & Securities,2,620.6,1241.2,2025-08-03T13:11:32.181031
2025-08-03,69728,2025080304013310,MEN,Sani Securities Company Ltd.,Linch Stock Market Ltd.,200,632.0,126400.0,2025-08-03T13:12:05.638873
2025-08-03,67138,2025080304013707,MEN,Malla & Malla Stock Broking Company Pvt. Limited,Opal Securities Investment (PVT) Ltd.,50,631.0,31550.0,2025-08-03T13:17:17.741542
2025-08-03,67137,2025080304013708,MEN,Premier Securities Company Ltd.,Opal Securities Investment (PVT) Ltd.,100,630.6,63060.0,2025-08-03T13:17:17.741593
2025-08-03,67136,2025080304013709,MEN,Hatemalo Financial Services Private Limited,Opal Securities Investment (PVT) Ltd.,200,630.5,126100.0,2025-08-03T13:17:17.741629
2025-08-03,67135,2025080304013710,MEN,Indira securities pvt. ltd,Opal Securities Investment (PVT) Ltd.,100,630.4,63040.0,2025-08-03T13:17:17.741681
2025-08-03,66238,2025080304013885,MEN,Midas Stock Broking Company Private Limited,Sundhara Securities Limited,34,632.0,21488.0,2025-08-03T13:19:24.049
2025-08-03,65544,2025080304014012,MEN,Imperial Securities Company Pvt. Ltd.,Sundhara Securities Limited,50,632.0,31600.0,2025-08-03T13:20:43.77081
2025-08-03,65261,2025080304014085,MEN,Shree Krishna Securities Ltd.,Naasa Securities Co. Ltd.,400,631.0,252400.0,2025-08-03T13:21:11.615123
2025-08-03,64729,2025080304014176,MEN,Nepal Stock House (PVT) Ltd.,Naasa Securities Co. Ltd.,10,631.1,6311.0,2025-08-03T13:22:07.219437
2025-08-03,64633,2025080304014214,MEN,Nepal Stock House (PVT) Ltd.,Sumeru Securities Pvt. Ltd.,30,631.1,18933.0,2025-08-03T13:22:16.330506
2025-08-03,64628,2025080304014216,MEN,Shree Krishna Securities Ltd.,Dipshikha Dhitopatra Karobar Co. Pvt Ltd.,10,631.0,6310.0,2025-08-03T13:22:17.406244
2025-08-03,64583,2025080304014228,MEN,Naasa Securities Co. Ltd.,Sumeru Securities Pvt. Ltd.,50,631.1,31555.0,2025-08-03T13:22:21.380156
2025-08-03,64190,2025080304014278,MEN,Shree Krishna Securities Ltd.,Aryatara Investment & Securities,90,631.0,56790.0,2025-08-03T13:22:59.599632
2025-08-03,64189,2025080304014279,MEN,Nepal Stock House (PVT) Ltd.,Aryatara Investment & Securities,100,631.0,63100.0,2025-08-03T13:22:59.599869
2025-08-03,63935,2025080304014332,MEN,Naasa Securities Co. Ltd.,Imperial Securities Company Pvt. Ltd.,100,630.6,63060.0,2025-08-03T13:23:29.494423
2025-08-03,63484,2025080304014426,MEN,Naasa Securities Co. Ltd.,Kalika Securities Pvt. Ltd.,100,630.6,63060.0,2025-08-03T13:24:20.050354
2025-08-03,63483,2025080304014427,MEN,Kohinoor Investment & Securities Pvt. Ltd.,Kalika Securities Pvt. Ltd.,100,630.5,63050.0,2025-08-03T13:24:20.050667
2025-08-03,63482,2025080304014428,MEN,Indira securities pvt. ltd,Kalika Securities Pvt. Ltd.,300,630.4,189120.0,2025-08-03T13:24:20.050778
2025-08-03,63481,2025080304014429,MEN,Arun Securities (PVT) Ltd.,Kalika Securities Pvt. Ltd.,98,630.3,61769.4,2025-08-03T13:24:20.050872
2025-08-03,63480,2025080304014430,MEN,Indira securities pvt. ltd,Kalika Securities Pvt. Ltd.,387,630.3,243926.1,2025-08-03T13:24:20.050966
2025-08-03,63479,2025080304014431,MEN,Indira securities pvt. ltd,Kalika Securities Pvt. Ltd.,15,630.2,9453.0,2025-08-03T13:24:20.051053
2025-08-03,63322,2025080304014454,MEN,Indira securities pvt. ltd,Indira securities pvt. ltd,385,630.2,242627.0,2025-08-03T13:24:33.403367
2025-08-03,63321,2025080304014455,MEN,Ashutosh Brokerage & Securities (PVT) Ltd.,Indira securities pvt. ltd,300,630.1,189030.0,2025-08-03T13:24:33.4036
2025-08-03,63320,2025080304014456,MEN,Primo Securities (PVT) Ltd.,Indira securities pvt. ltd,73,630.0,45990.0,2025-08-03T13:24:33.403696
2025-08-03,63319,2025080304014457,MEN,Linch Stock Market Ltd.,Indira securities pvt. ltd,50,630.0,31500.0,2025-08-03T13:24:33.403782
2025-08-03,63318,2025080304014458,MEN,Indira securities pvt. ltd,Indira securities pvt. ltd,38,630.0,23940.0,2025-08-03T13:24:33.403871
2025-08-03,62973,2025080304014524,MEN,Indira securities pvt. ltd,ABC Securities Private Limited,500,630.0,315000.0,2025-08-03T13:25:09.134346
2025-08-03,62754,2025080304014554,MEN,Indira securities pvt. ltd,Neev Securities Pvt. Ltd.,35,630.0,22050.0,2025-08-03T13:25:31.4801
2025-08-03,62635,2025080304014568,MEN,Indira securities pvt. ltd,ABC Securities Private Limited,583,630.0,367290.0,2025-08-03T13:25:46.958797
2025-08-03,62398,2025080304014606,MEN,Hatemalo Financial Services Private Limited,Aryatara Investment & Securities,100,630.1,63010.0,2025-08-03T13:26:12.615404
2025-08-03,62397,2025080304014607,MEN,Indira securities pvt. ltd,Aryatara Investment & Securities,600,630.0,378000.0,2025-08-03T13:26:12.615683
2025-08-03,62388,2025080304014609,MEN,Indira securities pvt. ltd,Aryatara Investment & Securities,244,630.0,153720.0,2025-08-03T13:26:13.628612
2025-08-03,62387,2025080304014610,MEN,Kohinoor Investment & Securities Pvt. Ltd.,Aryatara Investment & Securities,20,630.0,12600.0,2025-08-03T13:26:13.628879
2025-08-03,62386,2025080304014611,MEN,Sewa Securities Pvt. Ltd.,Aryatara Investment & Securities,20,630.0,12600.0,2025-08-03T13:26:13.628972
2025-08-03,62385,2025080304014612,MEN,Agrawal Securities (PVT) Ltd.,Aryatara Investment & Securities,56,630.0,35280.0,2025-08-03T13:26:13.629055
2025-08-03,62211,2025080304014641,MEN,Agrawal Securities (PVT) Ltd.,Indira securities pvt. ltd,13,630.0,8190.0,2025-08-03T13:26:34.748736
2025-08-03,62168,2025080304014660,MEN,Agrawal Securities (PVT) Ltd.,Aryatara Investment & Securities,10,630.0,6300.0,2025-08-03T13:26:38.02321
2025-08-03,62045,2025080304014676,MEN,Agrawal Securities (PVT) Ltd.,Sani Securities Company Ltd.,71,630.0,44730.0,2025-08-03T13:26:51.138114
2025-08-03,62044,2025080304014677,MEN,Sipla Securities Private Limited,Sani Securities Company Ltd.,29,630.0,18270.0,2025-08-03T13:26:51.138417
2025-08-03,62014,2025080304014681,MEN,Sipla Securities Private Limited,Imperial Securities Company Pvt. Ltd.,21,630.0,13230.0,2025-08-03T13:26:54.234909
2025-08-03,62013,2025080304014682,MEN,Opal Securities Investment (PVT) Ltd.,Imperial Securities Company Pvt. Ltd.,20,630.0,12600.0,2025-08-03T13:26:54.235173
2025-08-03,62012,2025080304014683,MEN,Cristal Kanchanjanga Securites Pvt. Ltd.,Imperial Securities Company Pvt. Ltd.,159,630.0,100170.0,2025-08-03T13:26:54.235283
2025-08-03,61903,2025080304014693,MEN,Sweta Securities Private Limited,Sani Securities Company Ltd.,12,631.0,7572.0,2025-08-03T13:27:05.126554
2025-08-03,61812,2025080304014711,MEN,Sweta Securities Private Limited,Sumeru Securities Pvt. Ltd.,17,631.1,10728.7,2025-08-03T13:27:16.2048
2025-08-03,60956,2025080304014847,MEN,Sani Securities Company Ltd.,Dakshinkali Investment & Securities Pvt. Ltd.,18,631.0,11358.0,2025-08-03T13:28:48.189533
2025-08-03,60615,2025080304014906,MEN,Imperial Securities Company Pvt. Ltd.,Sani Securities Company Ltd.,100,630.6,63060.0,2025-08-03T13:29:30.06871
2025-08-03,60436,2025080304014944,MEN,Nepal Stock House (PVT) Ltd.,Sundhara Securities Limited,16,632.0,10112.0,2025-08-03T13:29:50.176018
2025-08-03,60435,2025080304014945,MEN,Nepal Stock House (PVT) Ltd.,Sani Securities Company Ltd.,13,632.0,8216.0,2025-08-03T13:29:50.176284
2025-08-03,60434,2025080304014946,MEN,Nepal Stock House (PVT) Ltd.,Vision Securities Pvt. Ltd,242,632.0,152944.0,2025-08-03T13:29:50.176376
2025-08-03,60433,2025080304014947,MEN,Nepal Stock House (PVT) Ltd.,Linch Stock Market Ltd.,150,632.0,94800.0,2025-08-03T13:29:50.176467
2025-08-03,59949,2025080304015053,MEN,Sani Securities Company Ltd.,Vision Securities Pvt. Ltd,14,632.4,8853.6,2025-08-03T13:30:59.805261
2025-08-03,59948,2025080304015054,MEN,Sani Securities Company Ltd.,Thrive Brokerage House Pvt. Ltd,100,633.0,63300.0,2025-08-03T13:30:59.805702
2025-08-03,59947,2025080304015055,MEN,Sani Securities Company Ltd.,Deevyaa Securities & Stock House Pvt. Ltd,115,633.0,72795.0,2025-08-03T13:30:59.805944
2025-08-03,59946,2025080304015056,MEN,Sani Securities Company Ltd.,Aryatara Investment & Securities,271,633.0,171543.0,2025-08-03T13:30:59.806189
2025-08-03,59515,2025080304015129,MEN,Indira securities pvt. ltd,Property Wiard Limited,100,630.5,63050.0,2025-08-03T13:31:51.261956
2025-08-03,59514,2025080304015130,MEN,Shree Krishna Securities Ltd.,Property Wiard Limited,300,630.5,189150.0,2025-08-03T13:31:51.262177
2025-08-03,59513,2025080304015131,MEN,Aryatara Investment & Securities,Property Wiard Limited,400,630.5,252200.0,2025-08-03T13:31:51.262264
2025-08-03,59512,2025080304015132,MEN,Kohinoor Investment & Securities Pvt. Ltd.,Property Wiard Limited,200,630.4,126080.0,2025-08-03T13:31:51.262359
2025-08-03,59511,2025080304015133,MEN,ABC Securities Private Limited,Property Wiard Limited,100,630.3,63030.0,2025-08-03T13:31:51.262443
2025-08-03,59510,2025080304015134,MEN,Siprabi Securities Pvt. Ltd.,Property Wiard Limited,200,630.1,126020.0,2025-08-03T13:31:51.26252
2025-08-03,59509,2025080304015135,MEN,Cristal Kanchanjanga Securites Pvt. Ltd.,Property Wiard Limited,341,630.0,214830.0,2025-08-03T13:31:51.262599
2025-08-03,59508,2025080304015136,MEN,Kohinoor Investment & Securities Pvt. Ltd.,Property Wiard Limited,80,630.0,50400.0,2025-08-03T13:31:51.262682
2025-08-03,59507,2025080304015137,MEN,Oxford Securities Pvt. Ltd.,Property Wiard Limited,50,630.0,31500.0,2025-08-03T13:31:51.262759
2025-08-03,59506,2025080304015138,MEN,Nepal Stock House (PVT) Ltd.,Property Wiard Limited,11,630.0,6930.0,2025-08-03T13:31:51.262839
2025-08-03,59505,2025080304015139,MEN,Nepal Stock House (PVT) Ltd.,Property Wiard Limited,50,630.0,31500.0,2025-08-03T13:31:51.262916
2025-08-03,58545,2025080304015345,MEN,Imperial Securities Company Pvt. Ltd.,Property Wiard Limited,90,629.1,56619.0,2025-08-03T13:33:37.583259
2025-08-03,58544,2025080304015346,MEN,Sagarmatha Securities Private Limited,Property Wiard Limited,78,629.0,49062.0,2025-08-03T13:33:37.583502
2025-08-03,58433,2025080304015363,MEN,Sagarmatha Securities Private Limited,Imperial Securities Company Pvt. Ltd.,422,629.0,265438.0,2025-08-03T13:33:48.408091
2025-08-03,58432,2025080304015364,MEN,Hatemalo Financial Services Private Limited,Imperial Securities Company Pvt. Ltd.,100,628.1,62810.0,2025-08-03T13:33:48.408535
2025-08-03,58431,2025080304015365,MEN,Indira securities pvt. ltd,Imperial Securities Company Pvt. Ltd.,1978,628.0,1242184.0,2025-08-03T13:33:48.40879
2025-08-03,58335,2025080304015397,MEN,Indira securities pvt. ltd,Kumari Securities Private Limited,22,628.0,13816.0,2025-08-03T13:33:57.332292
2025-08-03,58334,2025080304015398,MEN,Blue Chip Securities Ltd,Kumari Securities Private Limited,300,628.0,188400.0,2025-08-03T13:33:57.332535
2025-08-03,58333,2025080304015399,MEN,Naasa Securities Co. Ltd.,Kumari Securities Private Limited,30,628.0,18840.0,2025-08-03T13:33:57.332624
2025-08-03,58332,2025080304015400,MEN,Opal Securities Investment (PVT) Ltd.,Kumari Securities Private Limited,30,628.0,18840.0,2025-08-03T13:33:57.332704
2025-08-03,58331,2025080304015401,MEN,Naasa Securities Co. Ltd.,Kumari Securities Private Limited,25,628.0,15700.0,2025-08-03T13:33:57.332783
2025-08-03,58330,2025080304015402,MEN,Premier Securities Company Ltd.,Kumari Securities Private Limited,50,628.0,31400.0,2025-08-03T13:33:57.332864
2025-08-03,58329,2025080304015403,MEN,Premier Securities Company Ltd.,Kumari Securities Private Limited,43,627.3,26973.9,2025-08-03T13:33:57.33295
2025-08-03,57996,2025080304015463,MEN,Kumari Securities Private Limited,Sani Securities Company Ltd.,300,630.0,189000.0,2025-08-03T13:34:39.761832
2025-08-03,57542,2025080304015554,MEN,INDEX SECURITIES LIMITED,Midas Stock Broking Company Private Limited,2,620.0,1240.0,2025-08-03T13:35:31.23936
2025-08-03,57116,2025080304015651,MEN,INDEX SECURITIES LIMITED,Sipla Securities Private Limited,5,622.1,3110.5,2025-08-03T13:36:12.357322
2025-08-03,56690,2025080304015719,MEN,Premier Securities Company Ltd.,Imperial Securities Company Pvt. Ltd.,57,627.3,35756.1,2025-08-03T13:37:00.475258
2025-08-03,56689,2025080304015720,MEN,Sharepro Securities Private Limited,Imperial Securities Company Pvt. Ltd.,100,627.3,62730.0,2025-08-03T13:37:00.47572
2025-08-03,56688,2025080304015721,MEN,Naasa Securities Co. Ltd.,Imperial Securities Company Pvt. Ltd.,50,627.2,31360.0,2025-08-03T13:37:00.476017
2025-08-03,56687,2025080304015722,MEN,Secured Securities Ltd.,Imperial Securities Company Pvt. Ltd.,500,627.1,313550.0,2025-08-03T13:37:00.476328
2025-08-03,56686,2025080304015723,MEN,Dynamic Money Managers Securities Pvt. Ltd.,Imperial Securities Company Pvt. Ltd.,50,627.0,31350.0,2025-08-03T13:37:00.476629
2025-08-03,56685,2025080304015724,MEN,Indira securities pvt. ltd,Imperial Securities Company Pvt. Ltd.,243,627.0,152361.0,2025-08-03T13:37:00.476908
2025-08-03,56668,2025080304015727,MEN,Indira securities pvt. ltd,Opal Securities Investment (PVT) Ltd.,157,627.0,98439.0,2025-08-03T13:37:01.983343
2025-08-03,56667,2025080304015728,MEN,Oxford Securities Pvt. Ltd.,Opal Securities Investment (PVT) Ltd.,50,627.0,31350.0,2025-08-03T13:37:01.9834
2025-08-03,56666,2025080304015729,MEN,Naasa Securities Co. Ltd.,Opal Securities Investment (PVT) Ltd.,93,627.0,58311.0,2025-08-03T13:37:01.983434
2025-08-03,56400,2025080304015773,MEN,Premier Securities Company Ltd.,Kumari Securities Private Limited,100,629.0,62900.0,2025-08-03T13:37:35.270006
2025-08-03,56399,2025080304015774,MEN,Premier Securities Company Ltd.,Sani Securities Company Ltd.,100,630.0,63000.0,2025-08-03T13:37:35.270278
2025-08-03,56278,2025080304015797,MEN,Vision Securities Pvt. Ltd,Sani Securities Company Ltd.,100,630.0,63000.0,2025-08-03T13:37:50.269403
2025-08-03,55786,2025080304015896,MEN,Opal Securities Investment (PVT) Ltd.,Capital Max Securities Ltd,10,632.0,6320.0,2025-08-03T13:38:39.919827
2025-08-03,55731,2025080304015910,MEN,INDEX SECURITIES LIMITED,Nepal Investment And Securities Trading Private Limited,2,620.0,1240.0,2025-08-03T13:38:48.837339
2025-08-03,54769,2025080304016070,MEN,Dakshinkali Investment & Securities Pvt. Ltd.,Imperial Securities Company Pvt. Ltd.,500,628.0,314000.0,2025-08-03T13:40:33.339349
2025-08-03,54768,2025080304016071,MEN,Sani Securities Company Ltd.,Imperial Securities Company Pvt. Ltd.,100,628.0,62800.0,2025-08-03T13:40:33.339847
2025-08-03,54767,2025080304016072,MEN,Kumari Securities Private Limited,Imperial Securities Company Pvt. Ltd.,400,626.6,250640.0,2025-08-03T13:40:33.34029
2025-08-03,53513,2025080304016408,MEN,Cristal Kanchanjanga Securites Pvt. Ltd.,Shree Krishna Securities Ltd.,200,630.0,126000.0,2025-08-03T13:42:35.066181
2025-08-03,53186,2025080304016467,MEN,Dynamic Money Managers Securities Pvt. Ltd.,Imperial Securities Company Pvt. Ltd.,1000,631.9,631900.0,2025-08-03T13:43:09.659399
2025-08-03,52696,2025080304016566,MEN,Vision Securities Pvt. Ltd,Sani Securities Company Ltd.,100,631.0,63100.0,2025-08-03T13:43:58.039973
2025-08-03,52695,2025080304016567,MEN,Vision Securities Pvt. Ltd,Sewa Securities Pvt. Ltd.,100,631.0,63100.0,2025-08-03T13:43:58.040038
2025-08-03,52694,2025080304016568,MEN,Vision Securities Pvt. Ltd,Capital Max Securities Ltd,122,632.0,77104.0,2025-08-03T13:43:58.04012
2025-08-03,52693,2025080304016569,MEN,Vision Securities Pvt. Ltd,Pragyan Securities (PVT) Ltd.,1500,632.0,948000.0,2025-08-03T13:43:58.0402
2025-08-03,52692,2025080304016570,MEN,Vision Securities Pvt. Ltd,Dipshikha Dhitopatra Karobar Co. Pvt Ltd.,10,632.0,6320.0,2025-08-03T13:43:58.040271
2025-08-03,52691,2025080304016571,MEN,Vision Securities Pvt. Ltd,Stoxkarts Securities Limited,168,633.0,106344.0,2025-08-03T13:43:58.040369
2025-08-03,51225,2025080304016803,MEN,Aryatara Investment & Securities,Malla & Malla Stock Broking Company Pvt. Limited,100,632.0,63200.0,2025-08-03T13:46:19.38712
2025-08-03,50931,2025080304016841,MEN,Vision Securities Pvt. Ltd,Malla & Malla Stock Broking Company Pvt. Limited,15,632.0,9480.0,2025-08-03T13:46:45.314595
2025-08-03,50851,2025080304016855,MEN,Vision Securities Pvt. Ltd,Naasa Securities Co. Ltd.,13,632.0,8216.0,2025-08-03T13:46:55.391521
2025-08-03,50849,2025080304016856,MEN,Vision Securities Pvt. Ltd,Sani Securities Company Ltd.,87,632.0,54984.0,2025-08-03T13:46:55.641084
2025-08-03,50848,2025080304016857,MEN,Asian Securities Private Ltd.,Sani Securities Company Ltd.,313,631.0,197503.0,2025-08-03T13:46:55.641574
2025-08-03,50078,2025080304017007,MEN,Premier Securities Company Ltd.,Stoxkarts Securities Limited,47,633.0,29751.0,2025-08-03T13:48:22.908028
2025-08-03,50077,2025080304017008,MEN,Premier Securities Company Ltd.,Capital Max Securities Ltd,21,633.0,13293.0,2025-08-03T13:48:22.908521
2025-08-03,50076,2025080304017009,MEN,Premier Securities Company Ltd.,Bhrikuti Stock Broking Co. Pvt. Ltd.,32,633.0,20256.0,2025-08-03T13:48:22.908809
2025-08-03,49286,2025080304017200,MEN,Online Securities Pvt. Ltd.,Imperial Securities Company Pvt. Ltd.,100,631.1,63110.0,2025-08-03T13:49:41.984137
2025-08-03,49285,2025080304017201,MEN,Asian Securities Private Ltd.,Imperial Securities Company Pvt. Ltd.,387,631.0,244197.0,2025-08-03T13:49:41.984408
2025-08-03,49284,2025080304017202,MEN,Neev Securities Pvt. Ltd.,Imperial Securities Company Pvt. Ltd.,800,630.6,504480.0,2025-08-03T13:49:41.984506
2025-08-03,49283,2025080304017203,MEN,South Asian Bulls Pvt. Ltd.,Imperial Securities Company Pvt. Ltd.,500,630.0,315000.0,2025-08-03T13:49:41.9846
2025-08-03,49282,2025080304017204,MEN,South Asian Bulls Pvt. Ltd.,Imperial Securities Company Pvt. Ltd.,213,630.0,134190.0,2025-08-03T13:49:41.98469
2025-08-03,49106,2025080304017224,MEN,South Asian Bulls Pvt. Ltd.,Imperial Securities Company Pvt. Ltd.,287,630.0,180810.0,2025-08-03T13:50:07.399261
2025-08-03,49105,2025080304017225,MEN,Ashutosh Brokerage & Securities (PVT) Ltd.,Imperial Securities Company Pvt. Ltd.,100,628.2,62820.0,2025-08-03T13:50:07.399604
2025-08-03,49104,2025080304017226,MEN,Himalayan Brokerage Company Limited,Imperial Securities Company Pvt. Ltd.,10,628.1,6281.0,2025-08-03T13:50:07.399717
2025-08-03,49103,2025080304017227,MEN,Premier Securities Company Ltd.,Imperial Securities Company Pvt. Ltd.,150,628.1,94215.0,2025-08-03T13:50:07.399817
2025-08-03,49102,2025080304017228,MEN,Shree Krishna Securities Ltd.,Imperial Securities Company Pvt. Ltd.,100,628.0,62800.0,2025-08-03T13:50:07.399915
2025-08-03,49101,2025080304017229,MEN,Shree Krishna Securities Ltd.,Imperial Securities Company Pvt. Ltd.,200,628.0,125600.0,2025-08-03T13:50:07.400028
2025-08-03,49100,2025080304017230,MEN,Indira securities pvt. ltd,Imperial Securities Company Pvt. Ltd.,200,628.0,125600.0,2025-08-03T13:50:07.400119
2025-08-03,49099,2025080304017231,MEN,Primo Securities (PVT) Ltd.,Imperial Securities Company Pvt. Ltd.,1453,628.0,912484.0,2025-08-03T13:50:07.400242
2025-08-03,47706,2025080304017509,MEN,Bhrikuti Stock Broking Co. Pvt. Ltd.,Nepal Investment And Securities Trading Private Limited,40,628.1,25124.0,2025-08-03T13:53:00.550973
2025-08-03,47705,2025080304017510,MEN,Sani Securities Company Ltd.,Nepal Investment And Securities Trading Private Limited,75,628.1,47107.5,2025-08-03T13:53:00.551509
2025-08-03,47323,2025080304017585,MEN,Vision Securities Pvt. Ltd,Neev Securities Pvt. Ltd.,200,630.0,126000.0,2025-08-03T13:53:55.280024
2025-08-03,47322,2025080304017586,MEN,Vision Securities Pvt. Ltd,Blue Chip Securities Ltd,1000,630.0,630000.0,2025-08-03T13:53:55.280276
2025-08-03,47180,2025080304017618,MEN,Sani Securities Company Ltd.,Kohinoor Investment & Securities Pvt. Ltd.,12,628.1,7537.2,2025-08-03T13:54:13.992435
2025-08-03,46622,2025080304017764,MEN,Opal Securities Investment (PVT) Ltd.,Dynamic Money Managers Securities Pvt. Ltd.,10,632.9,6329.0,2025-08-03T13:55:10.738734
2025-08-03,45192,2025080304018108,MEN,Kohinoor Investment & Securities Pvt. Ltd.,Vision Securities Pvt. Ltd,10,632.0,6320.0,2025-08-03T13:57:53.924938
2025-08-03,45191,2025080304018109,MEN,Kohinoor Investment & Securities Pvt. Ltd.,Asian Securities Private Ltd.,48,632.0,30336.0,2025-08-03T13:57:53.925233
2025-08-03,44875,2025080304018171,MEN,Sani Securities Company Ltd.,Sewa Securities Pvt. Ltd.,13,628.1,8165.3,2025-08-03T13:58:38.512921
2025-08-03,44723,2025080304018216,MEN,Sani Securities Company Ltd.,Imperial Securities Company Pvt. Ltd.,51,628.1,32033.1,2025-08-03T13:58:58.140045
2025-08-03,44722,2025080304018217,MEN,Primo Securities (PVT) Ltd.,Imperial Securities Company Pvt. Ltd.,547,628.0,343516.0,2025-08-03T13:58:58.140327
2025-08-03,44721,2025080304018218,MEN,Opal Securities Investment (PVT) Ltd.,Imperial Securities Company Pvt. Ltd.,21,628.0,13188.0,2025-08-03T13:58:58.140432
2025-08-03,44720,2025080304018219,MEN,ABC Securities Private Limited,Imperial Securities Company Pvt. Ltd.,50,628.0,31400.0,2025-08-03T13:58:58.140529
2025-08-03,44719,2025080304018220,MEN,Sani Securities Company Ltd.,Imperial Securities Company Pvt. Ltd.,20,628.0,12560.0,2025-08-03T13:58:58.140631
2025-08-03,44718,2025080304018221,MEN,Agrawal Securities (PVT) Ltd.,Imperial Securities Company Pvt. Ltd.,500,628.0,314000.0,2025-08-03T13:58:58.14078
2025-08-03,44717,2025080304018222,MEN,Cristal Kanchanjanga Securites Pvt. Ltd.,Imperial Securities Company Pvt. Ltd.,100,627.7,62770.0,2025-08-03T13:58:58.140891
2025-08-03,44716,2025080304018223,MEN,Dipshikha Dhitopatra Karobar Co. Pvt Ltd.,Imperial Securities Company Pvt. Ltd.,100,627.6,62760.0,2025-08-03T13:58:58.140991
2025-08-03,44715,2025080304018224,MEN,Imperial Securities Company Pvt. Ltd.,Imperial Securities Company Pvt. Ltd.,100,627.5,62750.0,2025-08-03T13:58:58.141094
2025-08-03,44714,2025080304018225,MEN,Indira securities pvt. ltd,Imperial Securities Company Pvt. Ltd.,300,627.5,188250.0,2025-08-03T13:58:58.141199
2025-08-03,44713,2025080304018226,MEN,Indira securities pvt. ltd,Imperial Securities Company Pvt. Ltd.,300,627.3,188190.0,2025-08-03T13:58:58.141297
2025-08-03,44712,2025080304018227,MEN,Nepal Stock House (PVT) Ltd.,Imperial Securities Company Pvt. Ltd.,80,627.2,50176.0,2025-08-03T13:58:58.141416
2025-08-03,44711,2025080304018228,MEN,Indira securities pvt. ltd,Imperial Securities Company Pvt. Ltd.,300,627.2,188160.0,2025-08-03T13:58:58.141516
2025-08-03,44710,2025080304018229,MEN,Aryatara Investment & Securities,Imperial Securities Company Pvt. Ltd.,350,627.1,219485.0,2025-08-03T13:58:58.141607
2025-08-03,44709,2025080304018230,MEN,Linch Stock Market Ltd.,Imperial Securities Company Pvt. Ltd.,60,627.0,37620.0,2025-08-03T13:58:58.141716
2025-08-03,44708,2025080304018231,MEN,Dakshinkali Investment & Securities Pvt. Ltd.,Imperial Securities Company Pvt. Ltd.,121,627.0,75867.0,2025-08-03T13:58:58.14182
2025-08-03,44605,2025080304018245,MEN,Dakshinkali Investment & Securities Pvt. Ltd.,Imperial Securities Company Pvt. Ltd.,1329,627.0,833283.0,2025-08-03T13:59:09.334067
2025-08-03,44604,2025080304018246,MEN,Siprabi Securities Pvt. Ltd.,Imperial Securities Company Pvt. Ltd.,200,626.7,125340.0,2025-08-03T13:59:09.334354
2025-08-03,44603,2025080304018247,MEN,Dipshikha Dhitopatra Karobar Co. Pvt Ltd.,Imperial Securities Company Pvt. Ltd.,100,626.7,62670.0,2025-08-03T13:59:09.334464
2025-08-03,44602,2025080304018248,MEN,Kumari Securities Private Limited,Imperial Securities Company Pvt. Ltd.,100,626.6,62660.0,2025-08-03T13:59:09.334557
2025-08-03,44601,2025080304018249,MEN,Vision Securities Pvt. Ltd,Imperial Securities Company Pvt. Ltd.,1000,626.6,626600.0,2025-08-03T13:59:09.334649
2025-08-03,44600,2025080304018250,MEN,Indira securities pvt. ltd,Imperial Securities Company Pvt. Ltd.,2000,626.6,1253200.0,2025-08-03T13:59:09.334755
2025-08-03,44599,2025080304018251,MEN,Siprabi Securities Pvt. Ltd.,Imperial Securities Company Pvt. Ltd.,18,626.5,11277.0,2025-08-03T13:59:09.334846
2025-08-03,44598,2025080304018252,MEN,Agrawal Securities (PVT) Ltd.,Imperial Securities Company Pvt. Ltd.,250,626.5,156625.0,2025-08-03T13:59:09.334939
2025-08-03,44465,2025080304018283,MEN,Dynamic Money Managers Securities Pvt. Ltd.,Imperial Securities Company Pvt. Ltd.,1000,626.4,626400.0,2025-08-03T13:59:24.569893
2025-08-03,44464,2025080304018284,MEN,Secured Securities Ltd.,Imperial Securities Company Pvt. Ltd.,500,626.2,313100.0,2025-08-03T13:59:24.570158
2025-08-03,44463,2025080304018285,MEN,Naasa Securities Co. Ltd.,Imperial Securities Company Pvt. Ltd.,40,626.2,25048.0,2025-08-03T13:59:24.570262
2025-08-03,44462,2025080304018286,MEN,Aryatara Investment & Securities,Imperial Securities Company Pvt. Ltd.,200,626.0,125200.0,2025-08-03T13:59:24.570364
2025-08-03,44461,2025080304018287,MEN,Indira securities pvt. ltd,Imperial Securities Company Pvt. Ltd.,260,626.0,162760.0,2025-08-03T13:59:24.570491
2025-08-03,44355,2025080304018304,MEN,Indira securities pvt. ltd,Imperial Securities Company Pvt. Ltd.,140,626.0,87640.0,2025-08-03T13:59:36.733137
2025-08-03,44354,2025080304018305,MEN,Secured Securities Ltd.,Imperial Securities Company Pvt. Ltd.,140,625.8,87612.0,2025-08-03T13:59:36.733361
2025-08-03,44353,2025080304018306,MEN,Siprabi Securities Pvt. Ltd.,Imperial Securities Company Pvt. Ltd.,200,625.7,125140.0,2025-08-03T13:59:36.733456
2025-08-03,44352,2025080304018307,MEN,Nepal Stock House (PVT) Ltd.,Imperial Securities Company Pvt. Ltd.,500,625.0,312500.0,2025-08-03T13:59:36.733545
2025-08-03,44351,2025080304018308,MEN,Sani Securities Company Ltd.,Imperial Securities Company Pvt. Ltd.,155,625.0,96875.0,2025-08-03T13:59:36.733634
2025-08-03,44350,2025080304018309,MEN,KALASH STOCK MARKET PVT. LTD.,Imperial Securities Company Pvt. Ltd.,200,625.0,125000.0,2025-08-03T13:59:36.733727
2025-08-03,44349,2025080304018310,MEN,Agrawal Securities (PVT) Ltd.,Imperial Securities Company Pvt. Ltd.,100,625.0,62500.0,2025-08-03T13:59:36.733814
2025-08-03,44348,2025080304018311,MEN,Oxford Securities Pvt. Ltd.,Imperial Securities Company Pvt. Ltd.,200,625.0,125000.0,2025-08-03T13:59:36.733898
2025-08-03,44347,2025080304018312,MEN,Dynamic Money Managers Securities Pvt. Ltd.,Imperial Securities Company Pvt. Ltd.,50,625.0,31250.0,2025-08-03T13:59:36.733983
2025-08-03,44346,2025080304018313,MEN,Sundhara Securities Limited,Imperial Securities Company Pvt. Ltd.,100,625.0,62500.0,2025-08-03T13:59:36.734074
2025-08-03,44345,2025080304018314,MEN,Capital Max Securities Ltd,Imperial Securities Company Pvt. Ltd.,20,625.0,12500.0,2025-08-03T13:59:36.734159
2025-08-03,44344,2025080304018315,MEN,Malla & Malla Stock Broking Company Pvt. Limited,Imperial Securities Company Pvt. Ltd.,100,625.0,62500.0,2025-08-03T13:59:36.734238
2025-08-03,44343,2025080304018316,MEN,Naasa Securities Co. Ltd.,Imperial Securities Company Pvt. Ltd.,115,625.0,71875.0,2025-08-03T13:59:36.734327
2025-08-03,44342,2025080304018317,MEN,Dakshinkali Investment & Securities Pvt. Ltd.,Imperial Securities Company Pvt. Ltd.,100,625.0,62500.0,2025-08-03T13:59:36.734409
2025-08-03,44341,2025080304018318,MEN,Aryatara Investment & Securities,Imperial Securities Company Pvt. Ltd.,100,625.0,62500.0,2025-08-03T13:59:36.734492
2025-08-03,44340,2025080304018319,MEN,Sani Securities Company Ltd.,Imperial Securities Company Pvt. Ltd.,30,625.0,18750.0,2025-08-03T13:59:36.734573
2025-08-03,44339,2025080304018320,MEN,Indira securities pvt. ltd,Imperial Securities Company Pvt. Ltd.,400,625.0,250000.0,2025-08-03T13:59:36.73465
2025-08-03,44338,2025080304018321,MEN,Premier Securities Company Ltd.,Imperial Securities Company Pvt. Ltd.,1000,625.0,625000.0,2025-08-03T13:59:36.73473
2025-08-03,44337,2025080304018322,MEN,Premier Securities Company Ltd.,Imperial Securities Company Pvt. Ltd.,100,625.0,62500.0,2025-08-03T13:59:36.734812
2025-08-03,44336,2025080304018323,MEN,Sani Securities Company Ltd.,Imperial Securities Company Pvt. Ltd.,500,625.0,312500.0,2025-08-03T13:59:36.734891
2025-08-03,44335,2025080304018324,MEN,Online Securities Pvt. Ltd.,Imperial Securities Company Pvt. Ltd.,500,625.0,312500.0,2025-08-03T13:59:36.734971
2025-08-03,44334,2025080304018325,MEN,Indira securities pvt. ltd,Imperial Securities Company Pvt. Ltd.,250,625.0,156250.0,2025-08-03T13:59:36.735059
2025-08-03,43488,2025080304018480,MEN,Cristal Kanchanjanga Securites Pvt. Ltd.,Sundhara Securities Limited,200,625.2,125040.0,2025-08-03T14:01:23.42605
2025-08-03,43487,2025080304018481,MEN,Dynamic Money Managers Securities Pvt. Ltd.,Sundhara Securities Limited,100,625.1,62510.0,2025-08-03T14:01:23.426303
2025-08-03,43486,2025080304018482,MEN,Hatemalo Financial Services Private Limited,Sundhara Securities Limited,100,625.1,62510.0,2025-08-03T14:01:23.426404
2025-08-03,43485,2025080304018483,MEN,Secured Securities Ltd.,Sundhara Securities Limited,100,625.1,62510.0,2025-08-03T14:01:23.426484
2025-08-03,43439,2025080304018485,MEN,Indira securities pvt. ltd,Neev Securities Pvt. Ltd.,13,625.0,8125.0,2025-08-03T14:01:29.415307
2025-08-03,43362,2025080304018499,MEN,Indira securities pvt. ltd,Sundhara Securities Limited,137,625.0,85625.0,2025-08-03T14:01:41.560781
2025-08-03,43361,2025080304018500,MEN,Agrawal Securities (PVT) Ltd.,Sundhara Securities Limited,246,625.0,153750.0,2025-08-03T14:01:41.561023
2025-08-03,42186,2025080304018702,MEN,Sundhara Securities Limited,Asian Securities Private Ltd.,452,628.0,283856.0,2025-08-03T14:04:07.290877
2025-08-03,42006,2025080304018739,MEN,Sundhara Securities Limited,Trishakti Securities Public Limited,500,628.0,314000.0,2025-08-03T14:04:38.452091
2025-08-03,41892,2025080304018785,MEN,ABC Securities Private Limited,Bhrikuti Stock Broking Co. Pvt. Ltd.,100,631.9,63190.0,2025-08-03T14:04:56.043522
2025-08-03,41725,2025080304018818,MEN,Opal Securities Investment (PVT) Ltd.,Bhrikuti Stock Broking Co. Pvt. Ltd.,10,631.9,6319.0,2025-08-03T14:05:29.823405
2025-08-03,41022,2025080304019013,MEN,Naasa Securities Co. Ltd.,Kohinoor Investment & Securities Pvt. Ltd.,28,630.0,17640.0,2025-08-03T14:07:23.545752
2025-08-03,40754,2025080304019081,MEN,Aryatara Investment & Securities,Naasa Securities Co. Ltd.,10,628.3,6283.0,2025-08-03T14:08:06.326096
2025-08-03,40753,2025080304019082,MEN,Trishakti Securities Public Limited,Naasa Securities Co. Ltd.,50,628.2,31410.0,2025-08-03T14:08:06.326593
2025-08-03,40752,2025080304019083,MEN,Agrawal Securities (PVT) Ltd.,Naasa Securities Co. Ltd.,440,628.1,276364.0,2025-08-03T14:08:06.326872
2025-08-03,40301,2025080304019181,MEN,ABC Securities Private Limited,Oxford Securities Pvt. Ltd.,25,629.0,15725.0,2025-08-03T14:09:22.366866
2025-08-03,40300,2025080304019182,MEN,Malla & Malla Stock Broking Company Pvt. Limited,Oxford Securities Pvt. Ltd.,30,629.0,18870.0,2025-08-03T14:09:22.3673
2025-08-03,40299,2025080304019183,MEN,Agrawal Securities (PVT) Ltd.,Oxford Securities Pvt. Ltd.,60,628.1,37686.0,2025-08-03T14:09:22.367593
2025-08-03,40298,2025080304019184,MEN,Sundhara Securities Limited,Oxford Securities Pvt. Ltd.,185,628.0,116180.0,2025-08-03T14:09:22.367881
2025-08-03,39379,2025080304019424,MEN,Oxford Securities Pvt. Ltd.,Aryatara Investment & Securities,80,628.1,50248.0,2025-08-03T14:11:32.953549
2025-08-03,39333,2025080304019434,MEN,Oxford Securities Pvt. Ltd.,Kohinoor Investment & Securities Pvt. Ltd.,122,628.1,76628.2,2025-08-03T14:11:40.026459
2025-08-03,39274,2025080304019452,MEN,Oxford Securities Pvt. Ltd.,Dipshikha Dhitopatra Karobar Co. Pvt Ltd.,100,628.1,62810.0,2025-08-03T14:11:51.492419
2025-08-03,39019,2025080304019520,MEN,Sani Securities Company Ltd.,Naasa Securities Co. Ltd.,15,630.0,9450.0,2025-08-03T14:12:28.689493
2025-08-03,39018,2025080304019521,MEN,Sani Securities Company Ltd.,Trisul Securities & Invt. Ltd.,67,630.0,42210.0,2025-08-03T14:12:28.689738
2025-08-03,39008,2025080304019523,MEN,Midas Stock Broking Company Private Limited,Trisul Securities & Invt. Ltd.,48,630.0,30240.0,2025-08-03T14:12:30.165048
2025-08-03,39007,2025080304019524,MEN,Midas Stock Broking Company Private Limited,Bhrikuti Stock Broking Co. Pvt. Ltd.,15,630.0,9450.0,2025-08-03T14:12:30.165305
2025-08-03,37314,2025080304019979,MEN,Sundhara Securities Limited,Property Wiard Limited,863,629.0,542827.0,2025-08-03T14:16:19.384075
2025-08-03,37313,2025080304019980,MEN,Linch Stock Market Ltd.,Property Wiard Limited,100,629.0,62900.0,2025-08-03T14:16:19.384401
2025-08-03,37312,2025080304019981,MEN,Oxford Securities Pvt. Ltd.,Property Wiard Limited,698,628.1,438413.8,2025-08-03T14:16:19.384503
2025-08-03,37311,2025080304019982,MEN,Primo Securities (PVT) Ltd.,Property Wiard Limited,1339,628.1,841025.9,2025-08-03T14:16:19.384594
2025-08-03,37189,2025080304020003,MEN,Cristal Kanchanjanga Securites Pvt. Ltd.,Trishakti Securities Public Limited,15,629.0,9435.0,2025-08-03T14:16:37.116354
2025-08-03,36702,2025080304020181,MEN,Agrawal Securities (PVT) Ltd.,Property Wiard Limited,500,628.2,314100.0,2025-08-03T14:17:34.606839
2025-08-03,36701,2025080304020182,MEN,Primo Securities (PVT) Ltd.,Property Wiard Limited,500,628.1,314050.0,2025-08-03T14:17:34.60714
2025-08-03,36340,2025080304020328,MEN,Nepal Stock House (PVT) Ltd.,Trishakti Securities Public Limited,185,629.0,116365.0,2025-08-03T14:18:20.113676
2025-08-03,35254,2025080304020633,MEN,Nepal Stock House (PVT) Ltd.,Sani Securities Company Ltd.,50,629.0,31450.0,2025-08-03T14:20:32.2514
2025-08-03,34895,2025080304020700,MEN,Indira securities pvt. ltd,Bhrikuti Stock Broking Co. Pvt. Ltd.,11,630.0,6930.0,2025-08-03T14:21:11.45245
2025-08-03,34894,2025080304020701,MEN,Indira securities pvt. ltd,Aryatara Investment & Securities,59,630.0,37170.0,2025-08-03T14:21:11.452689
2025-08-03,34696,2025080304020751,MEN,Nepal Stock House (PVT) Ltd.,Sweta Securities Private Limited,265,629.0,166685.0,2025-08-03T14:21:36.971097
2025-08-03,34695,2025080304020752,MEN,Nepal Stock House (PVT) Ltd.,Sweta Securities Private Limited,237,629.0,149073.0,2025-08-03T14:21:36.971471
2025-08-03,34585,2025080304020786,MEN,Nepal Stock House (PVT) Ltd.,Dynamic Money Managers Securities Pvt. Ltd.,263,629.0,165427.0,2025-08-03T14:21:52.062939
2025-08-03,33953,2025080304020935,MEN,Primo Securities (PVT) Ltd.,Dynamic Money Managers Securities Pvt. Ltd.,161,628.1,101124.1,2025-08-03T14:22:54.262686
2025-08-03,33537,2025080304021054,MEN,Malla & Malla Stock Broking Company Pvt. Limited,Siprabi Securities Pvt. Ltd.,30,628.0,18840.0,2025-08-03T14:23:39.434334
2025-08-03,33536,2025080304021055,MEN,Deevyaa Securities & Stock House Pvt. Ltd,Siprabi Securities Pvt. Ltd.,14,628.0,8792.0,2025-08-03T14:23:39.434577
2025-08-03,32072,2025080304021309,MEN,Shree Krishna Securities Ltd.,Magnet Securities and Investment Company Private Limited,40,626.1,25044.0,2025-08-03T14:25:53.814064
2025-08-03,32071,2025080304021310,MEN,Nepal Stock House (PVT) Ltd.,Magnet Securities and Investment Company Private Limited,20,626.1,12522.0,2025-08-03T14:25:53.814544
2025-08-03,32070,2025080304021311,MEN,Shree Krishna Securities Ltd.,Magnet Securities and Investment Company Private Limited,159,626.1,99549.9,2025-08-03T14:25:53.814839
2025-08-03,28858,2025080304021995,MEN,Sewa Securities Pvt. Ltd.,Sundhara Securities Limited,10,627.0,6270.0,2025-08-03T14:31:02.691005
2025-08-03,28320,2025080304022073,MEN,ABC Securities Private Limited,Sundhara Securities Limited,90,627.0,56430.0,2025-08-03T14:31:42.529972
2025-08-03,27914,2025080304022168,MEN,Sweta Securities Private Limited,Arun Securities (PVT) Ltd.,50,627.0,31350.0,2025-08-03T14:32:17.806592
2025-08-03,27887,2025080304022172,MEN,ABC Securities Private Limited,Arun Securities (PVT) Ltd.,10,627.0,6270.0,2025-08-03T14:32:20.019158
2025-08-03,27398,2025080304022303,MEN,ABC Securities Private Limited,Imperial Securities Company Pvt. Ltd.,50,627.0,31350.0,2025-08-03T14:33:04.618226
2025-08-03,27397,2025080304022304,MEN,Ashutosh Brokerage & Securities (PVT) Ltd.,Imperial Securities Company Pvt. Ltd.,20,626.2,12524.0,2025-08-03T14:33:04.618517
2025-08-03,27396,2025080304022305,MEN,Kohinoor Investment & Securities Pvt. Ltd.,Imperial Securities Company Pvt. Ltd.,100,626.2,62620.0,2025-08-03T14:33:04.618616
2025-08-03,27395,2025080304022306,MEN,Sipla Securities Private Limited,Imperial Securities Company Pvt. Ltd.,250,626.2,156550.0,2025-08-03T14:33:04.618716
2025-08-03,27394,2025080304022307,MEN,Shree Krishna Securities Ltd.,Imperial Securities Company Pvt. Ltd.,201,626.1,125846.1,2025-08-03T14:33:04.618812
2025-08-03,27393,2025080304022308,MEN,Malla & Malla Stock Broking Company Pvt. Limited,Imperial Securities Company Pvt. Ltd.,30,626.0,18780.0,2025-08-03T14:33:04.618909
2025-08-03,27392,2025080304022309,MEN,J.F. Securites (PVT) Ltd.,Imperial Securities Company Pvt. Ltd.,100,626.0,62600.0,2025-08-03T14:33:04.618999
2025-08-03,27391,2025080304022310,MEN,Linch Stock Market Ltd.,Imperial Securities Company Pvt. Ltd.,1590,625.8,995022.0,2025-08-03T14:33:04.619094
2025-08-03,27390,2025080304022311,MEN,Opal Securities Investment (PVT) Ltd.,Imperial Securities Company Pvt. Ltd.,100,625.7,62570.0,2025-08-03T14:33:04.619188
2025-08-03,27389,2025080304022312,MEN,Vision Securities Pvt. Ltd,Imperial Securities Company Pvt. Ltd.,300,625.4,187620.0,2025-08-03T14:33:04.61928
2025-08-03,27388,2025080304022313,MEN,Naasa Securities Co. Ltd.,Imperial Securities Company Pvt. Ltd.,75,625.3,46897.5,2025-08-03T14:33:04.619474
2025-08-03,27387,2025080304022314,MEN,Premier Securities Company Ltd.,Imperial Securities Company Pvt. Ltd.,100,625.2,62520.0,2025-08-03T14:33:04.619601
2025-08-03,27386,2025080304022315,MEN,Dipshikha Dhitopatra Karobar Co. Pvt Ltd.,Imperial Securities Company Pvt. Ltd.,84,625.1,52508.4,2025-08-03T14:33:04.619733
2025-08-03,27166,2025080304022356,MEN,Trishakti Securities Public Limited,Imperial Securities Company Pvt. Ltd.,230,625.2,143796.0,2025-08-03T14:33:22.928486
2025-08-03,27165,2025080304022357,MEN,Dipshikha Dhitopatra Karobar Co. Pvt Ltd.,Imperial Securities Company Pvt. Ltd.,16,625.1,10001.6,2025-08-03T14:33:22.928939
2025-08-03,27164,2025080304022358,MEN,Dipshikha Dhitopatra Karobar Co. Pvt Ltd.,Imperial Securities Company Pvt. Ltd.,100,625.1,62510.0,2025-08-03T14:33:22.92922
2025-08-03,27163,2025080304022359,MEN,J.F. Securites (PVT) Ltd.,Imperial Securities Company Pvt. Ltd.,600,625.1,375060.0,2025-08-03T14:33:22.929512
2025-08-03,27162,2025080304022360,MEN,Agrawal Securities (PVT) Ltd.,Imperial Securities Company Pvt. Ltd.,754,625.0,471250.0,2025-08-03T14:33:22.929822
2025-08-03,27161,2025080304022361,MEN,Kalika Securities Pvt. Ltd.,Imperial Securities Company Pvt. Ltd.,50,625.0,31250.0,2025-08-03T14:33:22.930094
2025-08-03,27160,2025080304022362,MEN,Shree Krishna Securities Ltd.,Imperial Securities Company Pvt. Ltd.,50,625.0,31250.0,2025-08-03T14:33:22.930386
2025-08-03,27159,2025080304022363,MEN,Dakshinkali Investment & Securities Pvt. Ltd.,Imperial Securities Company Pvt. Ltd.,50,625.0,31250.0,2025-08-03T14:33:22.930655
2025-08-03,27158,2025080304022364,MEN,Vision Securities Pvt. Ltd,Imperial Securities Company Pvt. Ltd.,100,625.0,62500.0,2025-08-03T14:33:22.930923
2025-08-03,27157,2025080304022365,MEN,Sundhara Securities Limited,Imperial Securities Company Pvt. Ltd.,50,625.0,31250.0,2025-08-03T14:33:22.93119
2025-08-03,27156,2025080304022366,MEN,Shree Krishna Securities Ltd.,Imperial Securities Company Pvt. Ltd.,500,625.0,312500.0,2025-08-03T14:33:22.931468
2025-08-03,27155,2025080304022367,MEN,Imperial Securities Company Pvt. Ltd.,Imperial Securities Company Pvt. Ltd.,30,625.0,18750.0,2025-08-03T14:33:22.931735
2025-08-03,27154,2025080304022368,MEN,Deevyaa Securities & Stock House Pvt. Ltd,Imperial Securities Company Pvt. Ltd.,10,625.0,6250.0,2025-08-03T14:33:22.931998
2025-08-03,27153,2025080304022369,MEN,Indira securities pvt. ltd,Imperial Securities Company Pvt. Ltd.,400,625.0,250000.0,2025-08-03T14:33:22.932253
2025-08-03,27152,2025080304022370,MEN,Sri Hari Securities Pvt. Ltd.,Imperial Securities Company Pvt. Ltd.,60,625.0,37500.0,2025-08-03T14:33:22.932526
2025-08-03,26186,2025080304022635,MEN,Linch Stock Market Ltd.,Shree Krishna Securities Ltd.,200,625.1,125020.0,2025-08-03T14:34:35.631053
2025-08-03,26055,2025080304022668,MEN,Nepal Stock House (PVT) Ltd.,Shree Krishna Securities Ltd.,100,625.1,62510.0,2025-08-03T14:34:46.393509
2025-08-03,25786,2025080304022785,MEN,Kalika Securities Pvt. Ltd.,Shree Krishna Securities Ltd.,100,625.1,62510.0,2025-08-03T14:35:07.613385
2025-08-03,25749,2025080304022795,MEN,Sri Hari Securities Pvt. Ltd.,Aakashbhairab Securities Ltd.,100,625.0,62500.0,2025-08-03T14:35:11.0874
2025-08-03,25748,2025080304022796,MEN,Primo Securities (PVT) Ltd.,Aakashbhairab Securities Ltd.,400,625.0,250000.0,2025-08-03T14:35:11.087855
2025-08-03,25688,2025080304022818,MEN,Opal Securities Investment (PVT) Ltd.,Shree Krishna Securities Ltd.,109,625.1,68135.9,2025-08-03T14:35:15.376966
2025-08-03,25477,2025080304022865,MEN,Primo Securities (PVT) Ltd.,Kohinoor Investment & Securities Pvt. Ltd.,100,625.0,62500.0,2025-08-03T14:35:33.280444
2025-08-03,25476,2025080304022866,MEN,Aryatara Investment & Securities,Kohinoor Investment & Securities Pvt. Ltd.,795,625.0,496875.0,2025-08-03T14:35:33.280709
2025-08-03,24835,2025080304023057,MEN,Cristal Kanchanjanga Securites Pvt. Ltd.,Kohinoor Investment & Securities Pvt. Ltd.,105,625.0,65625.0,2025-08-03T14:36:23.226299
2025-08-03,23963,2025080304023313,MEN,J.F. Securites (PVT) Ltd.,Naasa Securities Co. Ltd.,10,624.8,6248.0,2025-08-03T14:37:31.314722
2025-08-03,23861,2025080304023348,MEN,Online Securities Pvt. Ltd.,Naasa Securities Co. Ltd.,30,624.8,18744.0,2025-08-03T14:37:43.12765
2025-08-03,23507,2025080304023429,MEN,Aryatara Investment & Securities,Kohinoor Investment & Securities Pvt. Ltd.,200,624.5,124900.0,2025-08-03T14:38:12.957093
2025-08-03,23497,2025080304023432,MEN,Naasa Securities Co. Ltd.,Kohinoor Investment & Securities Pvt. Ltd.,10,624.5,6245.0,2025-08-03T14:38:14.434956
2025-08-03,23448,2025080304023441,MEN,Sani Securities Company Ltd.,Kohinoor Investment & Securities Pvt. Ltd.,50,624.5,31225.0,2025-08-03T14:38:20.836476
2025-08-03,23447,2025080304023442,MEN,Sani Securities Company Ltd.,Bhrikuti Stock Broking Co. Pvt. Ltd.,150,624.5,93675.0,2025-08-03T14:38:20.83701
2025-08-03,23295,2025080304023464,MEN,Siprabi Securities Pvt. Ltd.,Premier Securities Company Ltd.,100,624.4,62440.0,2025-08-03T14:38:34.832824
2025-08-03,23240,2025080304023481,MEN,Trademow Securities Private Limited,Bhrikuti Stock Broking Co. Pvt. Ltd.,50,624.5,31225.0,2025-08-03T14:38:42.636263
2025-08-03,22621,2025080304023634,MEN,Linch Stock Market Ltd.,Deevyaa Securities & Stock House Pvt. Ltd,200,624.5,124900.0,2025-08-03T14:39:34.404414
2025-08-03,22620,2025080304023635,MEN,Dynamic Money Managers Securities Pvt. Ltd.,Deevyaa Securities & Stock House Pvt. Ltd,100,624.3,62430.0,2025-08-03T14:39:34.404674
2025-08-03,22619,2025080304023636,MEN,Premier Securities Company Ltd.,Deevyaa Securities & Stock House Pvt. Ltd,100,624.2,62420.0,2025-08-03T14:39:34.404784
2025-08-03,22618,2025080304023637,MEN,Hatemalo Financial Services Private Limited,Deevyaa Securities & Stock House Pvt. Ltd,100,624.2,62420.0,2025-08-03T14:39:34.404876
2025-08-03,22389,2025080304023696,MEN,Secured Securities Ltd.,Cristal Kanchanjanga Securites Pvt. Ltd.,300,624.1,187230.0,2025-08-03T14:39:59.907751
2025-08-03,22388,2025080304023697,MEN,Sweta Securities Private Limited,Cristal Kanchanjanga Securites Pvt. Ltd.,700,624.1,436870.0,2025-08-03T14:39:59.908059
2025-08-03,22210,2025080304023718,MEN,Secured Securities Ltd.,Naasa Securities Co. Ltd.,60,624.8,37488.0,2025-08-03T14:40:09.718677
2025-08-03,21980,2025080304023793,MEN,Nepal Stock House (PVT) Ltd.,Shree Krishna Securities Ltd.,66,625.1,41256.6,2025-08-03T14:40:30.577536
2025-08-03,21760,2025080304023850,MEN,Aryatara Investment & Securities,Vision Securities Pvt. Ltd,13,625.1,8126.3,2025-08-03T14:40:51.922121
2025-08-03,21463,2025080304023926,MEN,Aryatara Investment & Securities,Aryatara Investment & Securities,15,625.1,9376.5,2025-08-03T14:41:13.411143
2025-08-03,21057,2025080304024014,MEN,Opal Securities Investment (PVT) Ltd.,Trisul Securities & Invt. Ltd.,70,627.5,43925.0,2025-08-03T14:41:42.540519
2025-08-03,20143,2025080304024287,MEN,Sundhara Securities Limited,Naasa Securities Co. Ltd.,10,627.0,6270.0,2025-08-03T14:42:42.562906
2025-08-03,20040,2025080304024307,MEN,Dipshikha Dhitopatra Karobar Co. Pvt Ltd.,Imperial Securities Company Pvt. Ltd.,800,625.0,500000.0,2025-08-03T14:42:51.204912
2025-08-03,19371,2025080304024450,MEN,Primo Securities (PVT) Ltd.,Kumari Securities Private Limited,200,625.0,125000.0,2025-08-03T14:43:42.105098
2025-08-03,17449,2025080304024861,MEN,ABC Securities Private Limited,S.P.S.A. Securities Limited,50,625.5,31275.0,2025-08-03T14:46:00.705369
2025-08-03,17246,2025080304024943,MEN,Sipla Securities Private Limited,S.P.S.A. Securities Limited,500,625.0,312500.0,2025-08-03T14:46:18.762475
2025-08-03,17245,2025080304024944,MEN,Malla & Malla Stock Broking Company Pvt. Limited,S.P.S.A. Securities Limited,50,625.0,31250.0,2025-08-03T14:46:18.762782
2025-08-03,16996,2025080304025004,MEN,Malla & Malla Stock Broking Company Pvt. Limited,Kumari Securities Private Limited,300,625.0,187500.0,2025-08-03T14:46:38.006438
2025-08-03,16995,2025080304025005,MEN,Malla & Malla Stock Broking Company Pvt. Limited,Vision Securities Pvt. Ltd,100,625.0,62500.0,2025-08-03T14:46:38.437345
2025-08-03,16708,2025080304025078,MEN,Malla & Malla Stock Broking Company Pvt. Limited,Property Wiard Limited,13,625.0,8125.0,2025-08-03T14:47:00.155956
2025-08-03,16612,2025080304025101,MEN,Malla & Malla Stock Broking Company Pvt. Limited,Kohinoor Investment & Securities Pvt. Ltd.,137,625.0,85625.0,2025-08-03T14:47:07.014151
2025-08-03,16611,2025080304025102,MEN,Secured Securities Ltd.,Kohinoor Investment & Securities Pvt. Ltd.,200,625.0,125000.0,2025-08-03T14:47:07.014431
2025-08-03,16610,2025080304025103,MEN,Aryatara Investment & Securities,Kohinoor Investment & Securities Pvt. Ltd.,24,625.0,15000.0,2025-08-03T14:47:07.014536
2025-08-03,15973,2025080304025290,MEN,Ashutosh Brokerage & Securities (PVT) Ltd.,Kohinoor Investment & Securities Pvt. Ltd.,398,625.0,248750.0,2025-08-03T14:47:41.19801
2025-08-03,15972,2025080304025291,MEN,Ashutosh Brokerage & Securities (PVT) Ltd.,Vision Securities Pvt. Ltd,10,625.0,6250.0,2025-08-03T14:47:41.198489
2025-08-03,15905,2025080304025307,MEN,Vision Securities Pvt. Ltd,Naasa Securities Co. Ltd.,3190,627.0,2000130.0,2025-08-03T14:47:47.693723
2025-08-03,15572,2025080304025393,MEN,Kumari Securities Private Limited,Opal Securities Investment (PVT) Ltd.,105,625.0,65625.0,2025-08-03T14:48:12.778714
2025-08-03,14830,2025080304025561,MEN,Sani Securities Company Ltd.,ABC Securities Private Limited,100,626.0,62600.0,2025-08-03T14:49:05.032019
2025-08-03,14576,2025080304025626,MEN,Vision Securities Pvt. Ltd,Magnet Securities and Investment Company Private Limited,13,627.4,8156.2,2025-08-03T14:49:25.636209
2025-08-03,13960,2025080304025782,MEN,J.F. Securites (PVT) Ltd.,Trisul Securities & Invt. Ltd.,45,627.5,28237.5,2025-08-03T14:50:11.933897
2025-08-03,13959,2025080304025783,MEN,J.F. Securites (PVT) Ltd.,Cristal Kanchanjanga Securites Pvt. Ltd.,13,627.5,8157.5,2025-08-03T14:50:11.934242
2025-08-03,13958,2025080304025784,MEN,J.F. Securites (PVT) Ltd.,Siprabi Securities Pvt. Ltd.,42,628.0,26376.0,2025-08-03T14:50:11.934363
2025-08-03,12656,2025080304026099,MEN,Opal Securities Investment (PVT) Ltd.,Siprabi Securities Pvt. Ltd.,14,628.0,8792.0,2025-08-03T14:51:26.559581
2025-08-03,12655,2025080304026100,MEN,Opal Securities Investment (PVT) Ltd.,Naasa Securities Co. Ltd.,200,628.0,125600.0,2025-08-03T14:51:26.559853
2025-08-03,12013,2025080304026279,MEN,Opal Securities Investment (PVT) Ltd.,Opal Securities Investment (PVT) Ltd.,286,628.0,179608.0,2025-08-03T14:52:08.973133
2025-08-03,12012,2025080304026280,MEN,Naasa Securities Co. Ltd.,Opal Securities Investment (PVT) Ltd.,50,628.0,31400.0,2025-08-03T14:52:08.973505
2025-08-03,12011,2025080304026281,MEN,Indira securities pvt. ltd,Opal Securities Investment (PVT) Ltd.,200,628.0,125600.0,2025-08-03T14:52:08.973619
2025-08-03,12010,2025080304026282,MEN,Kumari Securities Private Limited,Opal Securities Investment (PVT) Ltd.,64,628.0,40192.0,2025-08-03T14:52:08.973717
