Date,S.N.,contract_id,symbol,buyer_broker,seller_broker,volume,price,amount,transaction_time
2025-08-03,151394,2025080303000185,MLBL,Miyo Securities Pvt Ltd,Dipshikha Dhitopatra Karobar Co. Pvt Ltd.,300,428.5,128550.0,2025-08-03T11:02:08.605218
2025-08-03,147730,2025080303000632,MLBL,Naasa Securities Co. Ltd.,Kalika Securities Pvt. Ltd.,25,425.0,10625.0,2025-08-03T11:07:45.424724
2025-08-03,147729,2025080303000633,MLBL,Imperial Securities Company Pvt. Ltd.,Kalika Securities Pvt. Ltd.,60,425.0,25500.0,2025-08-03T11:07:45.42479
2025-08-03,147078,2025080303000725,MLBL,Kumari Securities Private Limited,Linch Stock Market Ltd.,200,425.1,85020.0,2025-08-03T11:08:40.955796
2025-08-03,146690,2025080303000788,MLBL,Imperial Securities Company Pvt. Ltd.,Bhrikuti Stock Broking Co. Pvt. Ltd.,30,425.0,12750.0,2025-08-03T11:09:15.813329
2025-08-03,146210,2025080303000866,MLBL,Kumari Securities Private Limited,Machhapuchchhre Securities Limited,46,425.1,19554.6,2025-08-03T11:09:56.375785
2025-08-03,146209,2025080303000867,MLBL,Kumari Securities Private Limited,Imperial Securities Company Pvt. Ltd.,20,425.1,8502.0,2025-08-03T11:09:56.375861
2025-08-03,142696,2025080303001311,MLBL,Aryatara Investment & Securities,Secured Securities Ltd.,20,427.0,8540.0,2025-08-03T11:14:11.413278
2025-08-03,142695,2025080303001312,MLBL,Aryatara Investment & Securities,MILKY WAY SHARE BROKER COMPANY LTD ,80,427.0,34160.0,2025-08-03T11:14:11.413362
2025-08-03,142591,2025080303001330,MLBL,Kumari Securities Private Limited,Malla & Malla Stock Broking Company Pvt. Limited,30,425.1,12753.0,2025-08-03T11:14:19.420235
2025-08-03,141825,2025080303001430,MLBL,Aryatara Investment & Securities,MILKY WAY SHARE BROKER COMPANY LTD ,100,427.0,42700.0,2025-08-03T11:15:19.397685
2025-08-03,141722,2025080303001456,MLBL,Vision Securities Pvt. Ltd,Sri Hari Securities Pvt. Ltd.,100,425.1,42510.0,2025-08-03T11:15:30.374071
2025-08-03,141491,2025080303001500,MLBL,Imperial Securities Company Pvt. Ltd.,Sri Hari Securities Pvt. Ltd.,400,425.1,170040.0,2025-08-03T11:15:48.722495
2025-08-03,141320,2025080303001530,MLBL,Imperial Securities Company Pvt. Ltd.,Opal Securities Investment (PVT) Ltd.,206,425.1,87570.6,2025-08-03T11:16:02.579062
2025-08-03,140741,2025080303001632,MLBL,Kumari Securities Private Limited,Online Securities Pvt. Ltd.,7,422.0,2954.0,2025-08-03T11:16:56.167935
2025-08-03,140088,2025080303001749,MLBL,Dynamic Money Managers Securities Pvt. Ltd.,Premier Securities Company Ltd.,20,425.3,8506.0,2025-08-03T11:17:51.246701
2025-08-03,139862,2025080303001794,MLBL,Dynamic Money Managers Securities Pvt. Ltd.,Investment Management Nepal Pvt. Ltd.,280,425.3,119084.0,2025-08-03T11:18:06.45701
2025-08-03,139861,2025080303001795,MLBL,Kumari Securities Private Limited,Investment Management Nepal Pvt. Ltd.,10,425.2,4252.0,2025-08-03T11:18:06.457109
2025-08-03,139860,2025080303001796,MLBL,Online Securities Pvt. Ltd.,Investment Management Nepal Pvt. Ltd.,150,425.2,63780.0,2025-08-03T11:18:06.457154
2025-08-03,139859,2025080303001797,MLBL,Imperial Securities Company Pvt. Ltd.,Investment Management Nepal Pvt. Ltd.,394,425.1,167489.4,2025-08-03T11:18:06.457196
2025-08-03,139858,2025080303001798,MLBL,Imperial Securities Company Pvt. Ltd.,Investment Management Nepal Pvt. Ltd.,210,425.0,89250.0,2025-08-03T11:18:06.457236
2025-08-03,139857,2025080303001799,MLBL,Aryatara Investment & Securities,Investment Management Nepal Pvt. Ltd.,100,425.0,42500.0,2025-08-03T11:18:06.457278
2025-08-03,139856,2025080303001800,MLBL,Sundhara Securities Limited,Investment Management Nepal Pvt. Ltd.,300,425.0,127500.0,2025-08-03T11:18:06.457316
2025-08-03,138711,2025080303001978,MLBL,Imperial Securities Company Pvt. Ltd.,Indira securities pvt. ltd,80,425.1,34008.0,2025-08-03T11:19:35.452644
2025-08-03,138567,2025080303001987,MLBL,Imperial Securities Company Pvt. Ltd.,Imperial Securities Company Pvt. Ltd.,34,425.1,14453.4,2025-08-03T11:19:47.057951
2025-08-03,137665,2025080303002144,MLBL,Vision Securities Pvt. Ltd,Deevyaa Securities & Stock House Pvt. Ltd,50,425.3,21265.0,2025-08-03T11:20:44.109937
2025-08-03,136810,2025080303002276,MLBL,Sundhara Securities Limited,MILKY WAY SHARE BROKER COMPANY LTD ,20,426.8,8536.0,2025-08-03T11:21:44.581677
2025-08-03,136517,2025080303002324,MLBL,Midas Stock Broking Company Private Limited,South Asian Bulls Pvt. Ltd.,50,427.0,21350.0,2025-08-03T11:22:01.14897
2025-08-03,136304,2025080303002362,MLBL,Premier Securities Company Ltd.,Asian Securities Private Ltd.,20,429.0,8580.0,2025-08-03T11:22:14.516748
2025-08-03,136043,2025080303002401,MLBL,Sumeru Securities Pvt. Ltd.,Nepal Investment And Securities Trading Private Limited,3,425.0,1275.0,2025-08-03T11:22:33.999044
2025-08-03,135310,2025080303002511,MLBL,Midas Stock Broking Company Private Limited,ABC Securities Private Limited,81,427.0,34587.0,2025-08-03T11:23:15.132068
2025-08-03,134260,2025080303002705,MLBL,Midas Stock Broking Company Private Limited,Nepal Investment And Securities Trading Private Limited,50,427.2,21360.0,2025-08-03T11:24:32.573445
2025-08-03,134095,2025080303002729,MLBL,Sumeru Securities Pvt. Ltd.,Malla & Malla Stock Broking Company Pvt. Limited,2,425.0,850.0,2025-08-03T11:24:42.780837
2025-08-03,132550,2025080303002994,MLBL,Aryatara Investment & Securities,Kumari Securities Private Limited,13,428.0,5564.0,2025-08-03T11:26:37.627235
2025-08-03,132329,2025080303003029,MLBL,Indira securities pvt. ltd,Kumari Securities Private Limited,987,428.0,422436.0,2025-08-03T11:26:55.016057
2025-08-03,132298,2025080303003036,MLBL,Sumeru Securities Pvt. Ltd.,Imperial Securities Company Pvt. Ltd.,1,425.1,425.1,2025-08-03T11:26:57.937398
2025-08-03,131942,2025080303003085,MLBL,Ashutosh Brokerage & Securities (PVT) Ltd.,Asian Securities Private Ltd.,80,429.0,34320.0,2025-08-03T11:27:14.836555
2025-08-03,131941,2025080303003086,MLBL,Ashutosh Brokerage & Securities (PVT) Ltd.,Sweta Securities Private Limited,20,429.0,8580.0,2025-08-03T11:27:14.836657
2025-08-03,131605,2025080303003148,MLBL,Deevyaa Securities & Stock House Pvt. Ltd,Sweta Securities Private Limited,80,429.0,34320.0,2025-08-03T11:27:40.641388
2025-08-03,131604,2025080303003149,MLBL,Deevyaa Securities & Stock House Pvt. Ltd,Imperial Securities Company Pvt. Ltd.,150,430.0,64500.0,2025-08-03T11:27:40.641594
2025-08-03,128531,2025080303003716,MLBL,MILKY WAY SHARE BROKER COMPANY LTD ,Neev Securities Pvt. Ltd.,100,428.8,42880.0,2025-08-03T11:32:52.998205
2025-08-03,128149,2025080303003796,MLBL,Indira securities pvt. ltd,Neev Securities Pvt. Ltd.,13,428.8,5574.4,2025-08-03T11:33:22.070991
2025-08-03,127280,2025080303003957,MLBL,Midas Stock Broking Company Private Limited,Vision Securities Pvt. Ltd,60,427.5,25650.0,2025-08-03T11:34:21.148603
2025-08-03,127265,2025080303003958,MLBL,Midas Stock Broking Company Private Limited,Nepal Investment And Securities Trading Private Limited,259,427.5,110722.5,2025-08-03T11:34:22.325222
2025-08-03,126998,2025080303003991,MLBL,Property Wiard Limited,Nepal Investment And Securities Trading Private Limited,40,427.1,17084.0,2025-08-03T11:34:38.430927
2025-08-03,126813,2025080303004004,MLBL,Agrawal Securities (PVT) Ltd.,Bhrikuti Stock Broking Co. Pvt. Ltd.,100,427.1,42710.0,2025-08-03T11:34:41.526762
2025-08-03,126497,2025080303004045,MLBL,Agrawal Securities (PVT) Ltd.,Nepal Investment And Securities Trading Private Limited,10,427.1,4271.0,2025-08-03T11:35:01.695357
2025-08-03,126404,2025080303004067,MLBL,Agrawal Securities (PVT) Ltd.,Sani Securities Company Ltd.,390,427.1,166569.0,2025-08-03T11:35:09.669321
2025-08-03,126403,2025080303004068,MLBL,Premier Securities Company Ltd.,Sani Securities Company Ltd.,200,427.1,85420.0,2025-08-03T11:35:09.669458
2025-08-03,126402,2025080303004069,MLBL,Naasa Securities Co. Ltd.,Sani Securities Company Ltd.,10,427.0,4270.0,2025-08-03T11:35:09.66951
2025-08-03,126121,2025080303004121,MLBL,Naasa Securities Co. Ltd.,Arun Securities (PVT) Ltd.,60,427.0,25620.0,2025-08-03T11:35:26.013771
2025-08-03,126120,2025080303004122,MLBL,Opal Securities Investment (PVT) Ltd.,Arun Securities (PVT) Ltd.,100,427.0,42700.0,2025-08-03T11:35:26.013903
2025-08-03,126006,2025080303004148,MLBL,Sumeru Securities Pvt. Ltd.,Swarna Laxmi Securities Pvt. Ltd.,1,420.0,420.0,2025-08-03T11:35:33.737673
2025-08-03,125939,2025080303004168,MLBL,Vision Securities Pvt. Ltd,Imperial Securities Company Pvt. Ltd.,500,426.5,213250.0,2025-08-03T11:35:40.022537
2025-08-03,125368,2025080303004300,MLBL,Vision Securities Pvt. Ltd,Cristal Kanchanjanga Securites Pvt. Ltd.,600,426.5,255900.0,2025-08-03T11:36:22.925339
2025-08-03,125367,2025080303004301,MLBL,Premier Securities Company Ltd.,Cristal Kanchanjanga Securites Pvt. Ltd.,20,426.0,8520.0,2025-08-03T11:36:22.925563
2025-08-03,125366,2025080303004302,MLBL,Thrive Brokerage House Pvt. Ltd,Cristal Kanchanjanga Securites Pvt. Ltd.,1000,426.0,426000.0,2025-08-03T11:36:22.925714
2025-08-03,124896,2025080303004427,MLBL,Creative Securities Pvt Ltd,Sharepro Securities Private Limited,22,425.4,9358.8,2025-08-03T11:36:57.656525
2025-08-03,124767,2025080303004458,MLBL,Creative Securities Pvt Ltd,Linch Stock Market Ltd.,12,425.4,5104.8,2025-08-03T11:37:07.89732
2025-08-03,124412,2025080303004514,MLBL,Imperial Securities Company Pvt. Ltd.,Imperial Securities Company Pvt. Ltd.,234,425.9,99660.6,2025-08-03T11:37:39.731746
2025-08-03,124390,2025080303004515,MLBL,Creative Securities Pvt Ltd,Premier Securities Company Ltd.,10,425.4,4254.0,2025-08-03T11:37:41.206482
2025-08-03,124164,2025080303004545,MLBL,Creative Securities Pvt Ltd,Sumeru Securities Pvt. Ltd.,70,425.4,29778.0,2025-08-03T11:37:58.531209
2025-08-03,124081,2025080303004555,MLBL,Creative Securities Pvt Ltd,Sharepro Securities Private Limited,11,425.4,4679.4,2025-08-03T11:38:06.932383
2025-08-03,123929,2025080303004590,MLBL,Creative Securities Pvt Ltd,SHUBHAKAMANA SECURITIES PVT. LTD,25,425.4,10635.0,2025-08-03T11:38:23.781151
2025-08-03,123855,2025080303004609,MLBL,Neev Securities Pvt. Ltd.,Imperial Securities Company Pvt. Ltd.,200,425.9,85180.0,2025-08-03T11:38:29.209197
2025-08-03,122386,2025080303004809,MLBL,Creative Securities Pvt Ltd,Cristal Kanchanjanga Securites Pvt. Ltd.,50,425.4,21270.0,2025-08-03T11:40:34.445656
2025-08-03,122385,2025080303004810,MLBL,Imperial Securities Company Pvt. Ltd.,Cristal Kanchanjanga Securites Pvt. Ltd.,298,425.3,126739.4,2025-08-03T11:40:34.445886
2025-08-03,122324,2025080303004820,MLBL,Swarna Laxmi Securities Pvt. Ltd.,Sri Hari Securities Pvt. Ltd.,105,424.2,44541.0,2025-08-03T11:40:41.154029
2025-08-03,122323,2025080303004821,MLBL,Imperial Securities Company Pvt. Ltd.,Sri Hari Securities Pvt. Ltd.,500,424.0,212000.0,2025-08-03T11:40:41.154163
2025-08-03,122322,2025080303004822,MLBL,Primo Securities (PVT) Ltd.,Sri Hari Securities Pvt. Ltd.,500,422.7,211350.0,2025-08-03T11:40:41.154242
2025-08-03,122321,2025080303004823,MLBL,Imperial Securities Company Pvt. Ltd.,Sri Hari Securities Pvt. Ltd.,2000,422.6,845200.0,2025-08-03T11:40:41.154319
2025-08-03,122320,2025080303004824,MLBL,Shree Krishna Securities Ltd.,Sri Hari Securities Pvt. Ltd.,250,422.1,105525.0,2025-08-03T11:40:41.154385
2025-08-03,122319,2025080303004825,MLBL,Opal Securities Investment (PVT) Ltd.,Sri Hari Securities Pvt. Ltd.,1000,422.1,422100.0,2025-08-03T11:40:41.154439
2025-08-03,122318,2025080303004826,MLBL,Trisul Securities & Invt. Ltd.,Sri Hari Securities Pvt. Ltd.,200,422.0,84400.0,2025-08-03T11:40:41.154506
2025-08-03,122317,2025080303004827,MLBL,Siprabi Securities Pvt. Ltd.,Sri Hari Securities Pvt. Ltd.,45,422.0,18990.0,2025-08-03T11:40:41.154559
2025-08-03,122002,2025080303004866,MLBL,Siprabi Securities Pvt. Ltd.,Aryatara Investment & Securities,105,422.0,44310.0,2025-08-03T11:41:12.060055
2025-08-03,122001,2025080303004867,MLBL,Swarna Laxmi Securities Pvt. Ltd.,Aryatara Investment & Securities,195,422.0,82290.0,2025-08-03T11:41:12.060171
2025-08-03,121909,2025080303004889,MLBL,ABC Securities Private Limited,Dipshikha Dhitopatra Karobar Co. Pvt Ltd.,100,422.0,42200.0,2025-08-03T11:41:21.26294
2025-08-03,121832,2025080303004904,MLBL,SHUBHAKAMANA SECURITIES PVT. LTD,Secured Securities Ltd.,21,421.5,8851.5,2025-08-03T11:41:29.082071
2025-08-03,120407,2025080303005106,MLBL,Vision Securities Pvt. Ltd,Vision Securities Pvt. Ltd,100,422.4,42240.0,2025-08-03T11:43:29.637932
2025-08-03,120350,2025080303005114,MLBL,Vision Securities Pvt. Ltd,J.F. Securites (PVT) Ltd.,900,422.4,380160.0,2025-08-03T11:43:35.018966
2025-08-03,120349,2025080303005115,MLBL,Hatemalo Financial Services Private Limited,J.F. Securites (PVT) Ltd.,962,422.3,406252.6,2025-08-03T11:43:35.019228
2025-08-03,119754,2025080303005223,MLBL,Market Securities & Exchange (PVT) Ltd.,Naasa Securities Co. Ltd.,10,422.7,4227.0,2025-08-03T11:44:41.470704
2025-08-03,116854,2025080303005731,MLBL,Ashutosh Brokerage & Securities (PVT) Ltd.,Nepal Investment And Securities Trading Private Limited,50,423.0,21150.0,2025-08-03T11:49:06.643362
2025-08-03,116853,2025080303005732,MLBL,Nepal Investment And Securities Trading Private Limited,Nepal Investment And Securities Trading Private Limited,150,423.0,63450.0,2025-08-03T11:49:06.643517
2025-08-03,116541,2025080303005787,MLBL,Naasa Securities Co. Ltd.,Citizens Share Broker Limited,500,423.1,211550.0,2025-08-03T11:49:39.031102
2025-08-03,115050,2025080303006070,MLBL,Naasa Securities Co. Ltd.,Siprabi Securities Pvt. Ltd.,20,424.0,8480.0,2025-08-03T11:51:54.594085
2025-08-03,114886,2025080303006101,MLBL,Sumeru Securities Pvt. Ltd.,Nepal Investment And Securities Trading Private Limited,1,425.1,425.1,2025-08-03T11:52:13.047568
2025-08-03,114788,2025080303006130,MLBL,Neev Securities Pvt. Ltd.,Midas Stock Broking Company Private Limited,110,424.1,46651.0,2025-08-03T11:52:21.242316
2025-08-03,114368,2025080303006187,MLBL,Capital Max Securities Ltd,Sweta Securities Private Limited,500,424.0,212000.0,2025-08-03T11:52:55.193564
2025-08-03,113058,2025080303006377,MLBL,Midas Stock Broking Company Private Limited,Deevyaa Securities & Stock House Pvt. Ltd,200,424.9,84980.0,2025-08-03T11:54:49.829274
2025-08-03,113057,2025080303006378,MLBL,Midas Stock Broking Company Private Limited,Cristal Kanchanjanga Securites Pvt. Ltd.,32,425.0,13600.0,2025-08-03T11:54:49.829624
2025-08-03,113056,2025080303006379,MLBL,Midas Stock Broking Company Private Limited,Vision Securities Pvt. Ltd,268,425.0,113900.0,2025-08-03T11:54:49.829879
2025-08-03,112726,2025080303006441,MLBL,Aryatara Investment & Securities,Vision Securities Pvt. Ltd,100,425.0,42500.0,2025-08-03T11:55:21.25146
2025-08-03,112574,2025080303006464,MLBL,Aryatara Investment & Securities,Vision Securities Pvt. Ltd,32,425.0,13600.0,2025-08-03T11:55:33.45719
2025-08-03,112573,2025080303006465,MLBL,Aryatara Investment & Securities,Nepal Stock House (PVT) Ltd.,16,425.0,6800.0,2025-08-03T11:55:33.457329
2025-08-03,110625,2025080303006759,MLBL,Imperial Securities Company Pvt. Ltd.,Aakashbhairab Securities Ltd.,50,426.9,21345.0,2025-08-03T11:58:44.98238
2025-08-03,110620,2025080303006760,MLBL,Naasa Securities Co. Ltd.,Nepal Investment And Securities Trading Private Limited,50,426.0,21300.0,2025-08-03T11:58:45.571177
2025-08-03,110619,2025080303006761,MLBL,Naasa Securities Co. Ltd.,Nepal Investment And Securities Trading Private Limited,250,425.1,106275.0,2025-08-03T11:58:45.571439
2025-08-03,109788,2025080303006871,MLBL,Trisul Securities & Invt. Ltd.,Kohinoor Investment & Securities Pvt. Ltd.,6,420.0,2520.0,2025-08-03T12:00:02.672477
2025-08-03,109610,2025080303006891,MLBL,Trisul Securities & Invt. Ltd.,Oxford Securities Pvt. Ltd.,2,422.0,844.0,2025-08-03T12:00:20.755958
2025-08-03,109530,2025080303006901,MLBL,R.B.B. Securities Company Ltd,Aakashbhairab Securities Ltd.,50,426.9,21345.0,2025-08-03T12:00:30.177228
2025-08-03,108400,2025080303007061,MLBL,Himalayan Brokerage Company Limited,Aakashbhairab Securities Ltd.,30,426.9,12807.0,2025-08-03T12:02:13.59195
2025-08-03,107948,2025080303007148,MLBL,Sundhara Securities Limited,J.F. Securites (PVT) Ltd.,10,426.5,4265.0,2025-08-03T12:02:59.378826
2025-08-03,106856,2025080303007309,MLBL,Nepal Investment And Securities Trading Private Limited,South Asian Bulls Pvt. Ltd.,54,425.2,22960.8,2025-08-03T12:04:39.281735
2025-08-03,106755,2025080303007321,MLBL,Vision Securities Pvt. Ltd,J.F. Securites (PVT) Ltd.,20,426.5,8530.0,2025-08-03T12:04:50.772598
2025-08-03,106754,2025080303007322,MLBL,Vision Securities Pvt. Ltd,Arun Securities (PVT) Ltd.,74,427.0,31598.0,2025-08-03T12:04:50.772769
2025-08-03,105283,2025080303007521,MLBL,Linch Stock Market Ltd.,South Asian Bulls Pvt. Ltd.,40,425.3,17012.0,2025-08-03T12:07:39.049235
2025-08-03,104907,2025080303007557,MLBL,Nepal Investment And Securities Trading Private Limited,Kalika Securities Pvt. Ltd.,146,425.4,62108.4,2025-08-03T12:08:24.396382
2025-08-03,104906,2025080303007558,MLBL,Linch Stock Market Ltd.,Kalika Securities Pvt. Ltd.,104,425.3,44231.2,2025-08-03T12:08:24.396568
2025-08-03,104742,2025080303007580,MLBL,Linch Stock Market Ltd.,Opal Securities Investment (PVT) Ltd.,156,425.3,66346.8,2025-08-03T12:08:41.408612
2025-08-03,104741,2025080303007581,MLBL,Naasa Securities Co. Ltd.,Opal Securities Investment (PVT) Ltd.,250,425.1,106275.0,2025-08-03T12:08:41.408776
2025-08-03,104740,2025080303007582,MLBL,Sumeru Securities Pvt. Ltd.,Opal Securities Investment (PVT) Ltd.,250,425.1,106275.0,2025-08-03T12:08:41.408843
2025-08-03,104739,2025080303007583,MLBL,Vision Securities Pvt. Ltd,Opal Securities Investment (PVT) Ltd.,64,425.0,27200.0,2025-08-03T12:08:41.408903
2025-08-03,104689,2025080303007589,MLBL,Vision Securities Pvt. Ltd,Sri Hari Securities Pvt. Ltd.,500,425.0,212500.0,2025-08-03T12:08:46.873706
2025-08-03,104208,2025080303007660,MLBL,Sumeru Securities Pvt. Ltd.,Linch Stock Market Ltd.,1,418.1,418.1,2025-08-03T12:09:34.749576
2025-08-03,103764,2025080303007737,MLBL,Thrive Brokerage House Pvt. Ltd,MILKY WAY SHARE BROKER COMPANY LTD ,1000,425.1,425100.0,2025-08-03T12:10:29.95354
2025-08-03,103763,2025080303007738,MLBL,Vision Securities Pvt. Ltd,MILKY WAY SHARE BROKER COMPANY LTD ,1436,425.0,610300.0,2025-08-03T12:10:29.953717
2025-08-03,103762,2025080303007739,MLBL,Kumari Securities Private Limited,MILKY WAY SHARE BROKER COMPANY LTD ,200,425.0,85000.0,2025-08-03T12:10:29.953784
2025-08-03,103761,2025080303007740,MLBL,Nepal Stock House (PVT) Ltd.,MILKY WAY SHARE BROKER COMPANY LTD ,64,425.0,27200.0,2025-08-03T12:10:29.953843
2025-08-03,103242,2025080303007834,MLBL,Sundhara Securities Limited,Creative Securities Pvt Ltd,1000,426.9,426900.0,2025-08-03T12:11:26.911376
2025-08-03,103241,2025080303007835,MLBL,Sundhara Securities Limited,Imperial Securities Company Pvt. Ltd.,566,426.9,241625.4,2025-08-03T12:11:26.911547
2025-08-03,103029,2025080303007860,MLBL,Sundhara Securities Limited,Neev Securities Pvt. Ltd.,37,426.9,15795.3,2025-08-03T12:11:53.57298
2025-08-03,102966,2025080303007867,MLBL,S.P.S.A. Securities Limited,Arun Securities (PVT) Ltd.,270,427.0,115290.0,2025-08-03T12:12:01.408343
2025-08-03,102822,2025080303007884,MLBL,Cristal Kanchanjanga Securites Pvt. Ltd.,Arun Securities (PVT) Ltd.,296,427.0,126392.0,2025-08-03T12:12:18.697844
2025-08-03,102821,2025080303007885,MLBL,Cristal Kanchanjanga Securites Pvt. Ltd.,Sweta Securities Private Limited,204,427.0,87108.0,2025-08-03T12:12:18.697994
2025-08-03,102679,2025080303007905,MLBL,Sundhara Securities Limited,Sri Hari Securities Pvt. Ltd.,20,426.9,8538.0,2025-08-03T12:12:38.936272
2025-08-03,102427,2025080303007932,MLBL,Sundhara Securities Limited,Capital Max Securities Ltd,500,426.9,213450.0,2025-08-03T12:13:11.822712
2025-08-03,101384,2025080303008109,MLBL,Sumeru Securities Pvt. Ltd.,Naasa Securities Co. Ltd.,9,420.0,3780.0,2025-08-03T12:15:25.618092
2025-08-03,101202,2025080303008136,MLBL,Aryatara Investment & Securities,Sweta Securities Private Limited,10,427.0,4270.0,2025-08-03T12:15:53.147582
2025-08-03,101031,2025080303008168,MLBL,Aryatara Investment & Securities,Imperial Securities Company Pvt. Ltd.,80,427.0,34160.0,2025-08-03T12:16:21.185177
2025-08-03,100922,2025080303008188,MLBL,Midas Stock Broking Company Private Limited,Indira securities pvt. ltd,10,427.7,4277.0,2025-08-03T12:16:34.878572
2025-08-03,100298,2025080303008287,MLBL,Nabil Stock Dealer Ltd.,Indira securities pvt. ltd,414,427.7,177067.8,2025-08-03T12:17:47.968933
2025-08-03,100297,2025080303008288,MLBL,Nabil Stock Dealer Ltd.,Dynamic Money Managers Securities Pvt. Ltd.,200,427.8,85560.0,2025-08-03T12:17:47.969108
2025-08-03,100296,2025080303008289,MLBL,Nabil Stock Dealer Ltd.,Indira securities pvt. ltd,500,427.8,213900.0,2025-08-03T12:17:47.969178
2025-08-03,100295,2025080303008290,MLBL,Nabil Stock Dealer Ltd.,Deevyaa Securities & Stock House Pvt. Ltd,200,427.9,85580.0,2025-08-03T12:17:47.969244
2025-08-03,100294,2025080303008291,MLBL,Nabil Stock Dealer Ltd.,Linch Stock Market Ltd.,1085,427.9,464271.5,2025-08-03T12:17:47.969307
2025-08-03,100293,2025080303008292,MLBL,Nabil Stock Dealer Ltd.,Dynamic Money Managers Securities Pvt. Ltd.,1000,428.0,428000.0,2025-08-03T12:17:47.969369
2025-08-03,100292,2025080303008293,MLBL,Nabil Stock Dealer Ltd.,South Asian Bulls Pvt. Ltd.,100,428.6,42860.0,2025-08-03T12:17:47.96943
2025-08-03,100291,2025080303008294,MLBL,Nabil Stock Dealer Ltd.,Imperial Securities Company Pvt. Ltd.,75,428.6,32145.0,2025-08-03T12:17:47.969491
2025-08-03,100290,2025080303008295,MLBL,Nabil Stock Dealer Ltd.,Investment Management Nepal Pvt. Ltd.,1000,428.8,428800.0,2025-08-03T12:17:47.969551
2025-08-03,100289,2025080303008296,MLBL,Nabil Stock Dealer Ltd.,Online Securities Pvt. Ltd.,260,429.0,111540.0,2025-08-03T12:17:47.969617
2025-08-03,100288,2025080303008297,MLBL,Nabil Stock Dealer Ltd.,South Asian Bulls Pvt. Ltd.,10,429.8,4298.0,2025-08-03T12:17:47.96968
2025-08-03,100287,2025080303008298,MLBL,Nabil Stock Dealer Ltd.,Investment Management Nepal Pvt. Ltd.,156,429.9,67064.4,2025-08-03T12:17:47.969738
2025-08-03,100261,2025080303008310,MLBL,Aryatara Investment & Securities,Investment Management Nepal Pvt. Ltd.,110,427.0,46970.0,2025-08-03T12:17:50.473677
2025-08-03,100260,2025080303008311,MLBL,Secured Securities Ltd.,Investment Management Nepal Pvt. Ltd.,390,427.0,166530.0,2025-08-03T12:17:50.473887
2025-08-03,100201,2025080303008333,MLBL,Secured Securities Ltd.,Nepal Investment And Securities Trading Private Limited,10,427.0,4270.0,2025-08-03T12:18:00.747641
2025-08-03,100200,2025080303008334,MLBL,Sundhara Securities Limited,Nepal Investment And Securities Trading Private Limited,177,426.9,75561.3,2025-08-03T12:18:00.747928
2025-08-03,99904,2025080303008384,MLBL,Nepal Stock House (PVT) Ltd.,Pragyan Securities (PVT) Ltd.,36,425.0,15300.0,2025-08-03T12:18:36.247942
2025-08-03,99903,2025080303008385,MLBL,Deevyaa Securities & Stock House Pvt. Ltd,Pragyan Securities (PVT) Ltd.,50,425.0,21250.0,2025-08-03T12:18:36.248136
2025-08-03,99902,2025080303008386,MLBL,Sundhara Securities Limited,Pragyan Securities (PVT) Ltd.,20,425.0,8500.0,2025-08-03T12:18:36.2482
2025-08-03,99901,2025080303008387,MLBL,Arun Securities (PVT) Ltd.,Pragyan Securities (PVT) Ltd.,43,425.0,18275.0,2025-08-03T12:18:36.248257
2025-08-03,99663,2025080303008421,MLBL,Naasa Securities Co. Ltd.,Pragyan Securities (PVT) Ltd.,101,425.0,42925.0,2025-08-03T12:19:15.56928
2025-08-03,99662,2025080303008422,MLBL,Naasa Securities Co. Ltd.,Capital Max Securities Ltd,100,425.0,42500.0,2025-08-03T12:19:15.569425
2025-08-03,98260,2025080303008682,MLBL,Property Wiard Limited,Sewa Securities Pvt. Ltd.,10,424.1,4241.0,2025-08-03T12:21:40.504453
2025-08-03,98259,2025080303008683,MLBL,Imperial Securities Company Pvt. Ltd.,Sewa Securities Pvt. Ltd.,18,424.0,7632.0,2025-08-03T12:21:40.504628
2025-08-03,98258,2025080303008684,MLBL,Dipshikha Dhitopatra Karobar Co. Pvt Ltd.,Sewa Securities Pvt. Ltd.,22,424.0,9328.0,2025-08-03T12:21:40.504718
2025-08-03,97424,2025080303008829,MLBL,Arun Securities (PVT) Ltd.,Himalayan Brokerage Company Limited,200,425.0,85000.0,2025-08-03T12:23:18.645634
2025-08-03,95768,2025080303009053,MLBL,Sri Hari Securities Pvt. Ltd.,Investment Management Nepal Pvt. Ltd.,200,425.0,85000.0,2025-08-03T12:26:23.116721
2025-08-03,94558,2025080303009238,MLBL,Sri Hari Securities Pvt. Ltd.,Imperial Securities Company Pvt. Ltd.,35,425.0,14875.0,2025-08-03T12:28:39.220354
2025-08-03,94369,2025080303009272,MLBL,Sri Hari Securities Pvt. Ltd.,Imperial Securities Company Pvt. Ltd.,400,425.0,170000.0,2025-08-03T12:29:05.185677
2025-08-03,93948,2025080303009335,MLBL,Neev Securities Pvt. Ltd.,Imperial Securities Company Pvt. Ltd.,15,425.0,6375.0,2025-08-03T12:29:54.433829
2025-08-03,93186,2025080303009426,MLBL,SHUBHAKAMANA SECURITIES PVT. LTD,Thrive Brokerage House Pvt. Ltd,150,424.5,63675.0,2025-08-03T12:31:16.90834
2025-08-03,92900,2025080303009459,MLBL,Trisul Securities & Invt. Ltd.,Imperial Securities Company Pvt. Ltd.,1,418.1,418.1,2025-08-03T12:31:54.884471
2025-08-03,92873,2025080303009462,MLBL,SHUBHAKAMANA SECURITIES PVT. LTD,Kumari Securities Private Limited,20,424.5,8490.0,2025-08-03T12:31:56.798557
2025-08-03,92791,2025080303009473,MLBL,SHUBHAKAMANA SECURITIES PVT. LTD,Aryatara Investment & Securities,59,424.5,25045.5,2025-08-03T12:32:08.587701
2025-08-03,92790,2025080303009474,MLBL,Kohinoor Investment & Securities Pvt. Ltd.,Aryatara Investment & Securities,50,424.5,21225.0,2025-08-03T12:32:08.587795
2025-08-03,92789,2025080303009475,MLBL,Trademow Securities Private Limited,Aryatara Investment & Securities,500,424.3,212150.0,2025-08-03T12:32:08.587858
2025-08-03,92788,2025080303009476,MLBL,Naasa Securities Co. Ltd.,Aryatara Investment & Securities,391,424.2,165862.2,2025-08-03T12:32:08.587928
2025-08-03,92359,2025080303009543,MLBL,Naasa Securities Co. Ltd.,Trishakti Securities Public Limited,290,424.2,123018.0,2025-08-03T12:32:59.675619
2025-08-03,91602,2025080303009702,MLBL,South Asian Bulls Pvt. Ltd.,Sagarmatha Securities Private Limited,250,425.0,106250.0,2025-08-03T12:34:26.9006
2025-08-03,91393,2025080303009734,MLBL,South Asian Bulls Pvt. Ltd.,Investment Management Nepal Pvt. Ltd.,1750,425.0,743750.0,2025-08-03T12:34:48.785769
2025-08-03,91296,2025080303009750,MLBL,Naasa Securities Co. Ltd.,Sumeru Securities Pvt. Ltd.,11,424.2,4666.2,2025-08-03T12:34:56.055084
2025-08-03,91198,2025080303009763,MLBL,Naasa Securities Co. Ltd.,Kalika Securities Pvt. Ltd.,50,424.2,21210.0,2025-08-03T12:35:10.043217
2025-08-03,89563,2025080303010063,MLBL,Naasa Securities Co. Ltd.,Imperial Securities Company Pvt. Ltd.,258,424.2,109443.6,2025-08-03T12:38:16.933562
2025-08-03,89562,2025080303010064,MLBL,Dipshikha Dhitopatra Karobar Co. Pvt Ltd.,Imperial Securities Company Pvt. Ltd.,78,424.0,33072.0,2025-08-03T12:38:16.933911
2025-08-03,89561,2025080303010065,MLBL,J.F. Securites (PVT) Ltd.,Imperial Securities Company Pvt. Ltd.,50,424.0,21200.0,2025-08-03T12:38:16.934118
2025-08-03,89560,2025080303010066,MLBL,Sumeru Securities Pvt. Ltd.,Imperial Securities Company Pvt. Ltd.,500,424.0,212000.0,2025-08-03T12:38:16.93432
2025-08-03,89559,2025080303010067,MLBL,Sundhara Securities Limited,Imperial Securities Company Pvt. Ltd.,200,424.0,84800.0,2025-08-03T12:38:16.934512
2025-08-03,89558,2025080303010068,MLBL,Property Wiard Limited,Imperial Securities Company Pvt. Ltd.,15,423.7,6355.5,2025-08-03T12:38:16.934725
2025-08-03,89557,2025080303010069,MLBL,Creative Securities Pvt Ltd,Imperial Securities Company Pvt. Ltd.,250,423.4,105850.0,2025-08-03T12:38:16.934913
2025-08-03,89556,2025080303010070,MLBL,Nepal Investment And Securities Trading Private Limited,Imperial Securities Company Pvt. Ltd.,850,423.3,359805.0,2025-08-03T12:38:16.935147
2025-08-03,89555,2025080303010071,MLBL,Nabil Stock Dealer Ltd.,Imperial Securities Company Pvt. Ltd.,2799,423.3,1184816.7,2025-08-03T12:38:16.935333
2025-08-03,89324,2025080303010107,MLBL,Nabil Stock Dealer Ltd.,Premier Securities Company Ltd.,173,423.3,73230.9,2025-08-03T12:38:44.868143
2025-08-03,88969,2025080303010147,MLBL,Midas Stock Broking Company Private Limited,Kohinoor Investment & Securities Pvt. Ltd.,10,426.0,4260.0,2025-08-03T12:39:24.465543
2025-08-03,86345,2025080303010479,MLBL,Naasa Securities Co. Ltd.,Sundhara Securities Limited,10,425.0,4250.0,2025-08-03T12:44:08.909561
2025-08-03,85832,2025080303010578,MLBL,Deevyaa Securities & Stock House Pvt. Ltd,Thrive Brokerage House Pvt. Ltd,5,422.0,2110.0,2025-08-03T12:44:58.828755
2025-08-03,82921,2025080303011158,MLBL,Imperial Securities Company Pvt. Ltd.,Capital Hub P. Ltd,100,424.0,42400.0,2025-08-03T12:49:28.975632
2025-08-03,82918,2025080303011160,MLBL,Imperial Securities Company Pvt. Ltd.,Sundhara Securities Limited,90,424.0,38160.0,2025-08-03T12:49:29.481902
2025-08-03,82300,2025080303011275,MLBL,Imperial Securities Company Pvt. Ltd.,Capital Max Securities Ltd,240,424.0,101760.0,2025-08-03T12:50:21.641432
2025-08-03,82299,2025080303011276,MLBL,Sri Hari Securities Pvt. Ltd.,Capital Max Securities Ltd,335,423.4,141839.0,2025-08-03T12:50:21.641613
2025-08-03,82111,2025080303011299,MLBL,Sri Hari Securities Pvt. Ltd.,Midas Stock Broking Company Private Limited,165,423.4,69861.0,2025-08-03T12:50:36.837191
2025-08-03,82110,2025080303011300,MLBL,Nabil Stock Dealer Ltd.,Midas Stock Broking Company Private Limited,835,423.3,353455.5,2025-08-03T12:50:36.837356
2025-08-03,81962,2025080303011323,MLBL,Nabil Stock Dealer Ltd.,Ashutosh Brokerage & Securities (PVT) Ltd.,25,423.3,10582.5,2025-08-03T12:50:47.788206
2025-08-03,81662,2025080303011371,MLBL,Nabil Stock Dealer Ltd.,Midas Stock Broking Company Private Limited,1168,423.3,494414.4,2025-08-03T12:51:13.165228
2025-08-03,81661,2025080303011372,MLBL,J.F. Securites (PVT) Ltd.,Midas Stock Broking Company Private Limited,30,423.0,12690.0,2025-08-03T12:51:13.165276
2025-08-03,81660,2025080303011373,MLBL,Asian Securities Private Ltd.,Midas Stock Broking Company Private Limited,100,423.0,42300.0,2025-08-03T12:51:13.165304
2025-08-03,81659,2025080303011374,MLBL,Naasa Securities Co. Ltd.,Midas Stock Broking Company Private Limited,250,423.0,105750.0,2025-08-03T12:51:13.165328
2025-08-03,81658,2025080303011375,MLBL,Online Securities Pvt. Ltd.,Midas Stock Broking Company Private Limited,200,423.0,84600.0,2025-08-03T12:51:13.165352
2025-08-03,81657,2025080303011376,MLBL,Agrawal Securities (PVT) Ltd.,Midas Stock Broking Company Private Limited,100,423.0,42300.0,2025-08-03T12:51:13.165381
2025-08-03,81656,2025080303011377,MLBL,Naasa Securities Co. Ltd.,Midas Stock Broking Company Private Limited,10,423.0,4230.0,2025-08-03T12:51:13.165415
2025-08-03,81655,2025080303011378,MLBL,Hatemalo Financial Services Private Limited,Midas Stock Broking Company Private Limited,38,422.3,16047.4,2025-08-03T12:51:13.165438
2025-08-03,81654,2025080303011379,MLBL,Opal Securities Investment (PVT) Ltd.,Midas Stock Broking Company Private Limited,104,422.0,43888.0,2025-08-03T12:51:13.165463
2025-08-03,80875,2025080303011487,MLBL,Linch Stock Market Ltd.,Nepal Investment And Securities Trading Private Limited,300,422.0,126600.0,2025-08-03T12:52:22.440034
2025-08-03,80874,2025080303011488,MLBL,Sani Securities Company Ltd.,Nepal Investment And Securities Trading Private Limited,300,422.0,126600.0,2025-08-03T12:52:22.44024
2025-08-03,80873,2025080303011489,MLBL,Agrawal Securities (PVT) Ltd.,Nepal Investment And Securities Trading Private Limited,382,422.0,161204.0,2025-08-03T12:52:22.440321
2025-08-03,80872,2025080303011490,MLBL,Online Securities Pvt. Ltd.,Nepal Investment And Securities Trading Private Limited,2000,422.0,844000.0,2025-08-03T12:52:22.440393
2025-08-03,80871,2025080303011491,MLBL,Nepal Stock House (PVT) Ltd.,Nepal Investment And Securities Trading Private Limited,18,422.0,7596.0,2025-08-03T12:52:22.440456
2025-08-03,80517,2025080303011546,MLBL,Nepal Stock House (PVT) Ltd.,Sumeru Securities Pvt. Ltd.,144,422.0,60768.0,2025-08-03T12:52:56.826606
2025-08-03,79272,2025080303011750,MLBL,Kalika Securities Pvt. Ltd.,J.F. Securites (PVT) Ltd.,200,424.9,84980.0,2025-08-03T12:54:43.582468
2025-08-03,79271,2025080303011751,MLBL,Kalika Securities Pvt. Ltd.,Sani Securities Company Ltd.,600,424.9,254940.0,2025-08-03T12:54:43.582797
2025-08-03,79270,2025080303011752,MLBL,Kalika Securities Pvt. Ltd.,Trishakti Securities Public Limited,200,424.9,84980.0,2025-08-03T12:54:43.583004
2025-08-03,79191,2025080303011765,MLBL,Primo Securities (PVT) Ltd.,MILKY WAY SHARE BROKER COMPANY LTD ,200,422.1,84420.0,2025-08-03T12:54:52.301011
2025-08-03,78859,2025080303011833,MLBL,Aryatara Investment & Securities,Aryatara Investment & Securities,100,423.0,42300.0,2025-08-03T12:55:26.066747
2025-08-03,78102,2025080303011984,MLBL,Naasa Securities Co. Ltd.,Dakshinkali Investment & Securities Pvt. Ltd.,200,422.2,84440.0,2025-08-03T12:56:37.044784
2025-08-03,77330,2025080303012114,MLBL,Online Securities Pvt. Ltd.,Aryatara Investment & Securities,40,422.2,16888.0,2025-08-03T12:57:53.21277
2025-08-03,76936,2025080303012191,MLBL,Online Securities Pvt. Ltd.,Sumeru Securities Pvt. Ltd.,35,422.2,14777.0,2025-08-03T12:58:20.876539
2025-08-03,76668,2025080303012254,MLBL,Neev Securities Pvt. Ltd.,Midas Stock Broking Company Private Limited,95,423.0,40185.0,2025-08-03T12:58:42.479652
2025-08-03,76148,2025080303012344,MLBL,Midas Stock Broking Company Private Limited,Naasa Securities Co. Ltd.,15,423.0,6345.0,2025-08-03T12:59:29.355702
2025-08-03,76142,2025080303012346,MLBL,Primo Securities (PVT) Ltd.,Sani Securities Company Ltd.,200,422.3,84460.0,2025-08-03T12:59:30.019625
2025-08-03,76141,2025080303012347,MLBL,Online Securities Pvt. Ltd.,Sani Securities Company Ltd.,75,422.2,31665.0,2025-08-03T12:59:30.019768
2025-08-03,76140,2025080303012348,MLBL,Imperial Securities Company Pvt. Ltd.,Sani Securities Company Ltd.,500,422.2,211100.0,2025-08-03T12:59:30.019842
2025-08-03,76133,2025080303012349,MLBL,Dynamic Money Managers Securities Pvt. Ltd.,Sani Securities Company Ltd.,100,422.2,42220.0,2025-08-03T12:59:30.43466
2025-08-03,75746,2025080303012429,MLBL,Primo Securities (PVT) Ltd.,Sani Securities Company Ltd.,40,422.2,16888.0,2025-08-03T13:00:11.674553
2025-08-03,75733,2025080303012431,MLBL,Linch Stock Market Ltd.,Premier Securities Company Ltd.,500,422.1,211050.0,2025-08-03T13:00:12.49514
2025-08-03,75540,2025080303012466,MLBL,Neev Securities Pvt. Ltd.,Premier Securities Company Ltd.,118,422.1,49807.8,2025-08-03T13:00:27.185686
2025-08-03,75416,2025080303012485,MLBL,Neev Securities Pvt. Ltd.,Sani Securities Company Ltd.,85,422.2,35887.0,2025-08-03T13:00:38.259138
2025-08-03,74492,2025080303012622,MLBL,Kalika Securities Pvt. Ltd.,Nepal Stock House (PVT) Ltd.,50,425.0,21250.0,2025-08-03T13:02:02.309607
2025-08-03,74491,2025080303012623,MLBL,Kalika Securities Pvt. Ltd.,Naasa Securities Co. Ltd.,100,425.0,42500.0,2025-08-03T13:02:02.309946
2025-08-03,74490,2025080303012624,MLBL,Kalika Securities Pvt. Ltd.,Neev Securities Pvt. Ltd.,850,425.0,361250.0,2025-08-03T13:02:02.310167
2025-08-03,73873,2025080303012719,MLBL,Aryatara Investment & Securities,Secured Securities Ltd.,47,423.0,19881.0,2025-08-03T13:02:52.727164
2025-08-03,73506,2025080303012769,MLBL,Midas Stock Broking Company Private Limited,Kumari Securities Private Limited,10,423.1,4231.0,2025-08-03T13:03:24.092738
2025-08-03,73505,2025080303012770,MLBL,Aryatara Investment & Securities,Kumari Securities Private Limited,153,423.0,64719.0,2025-08-03T13:03:24.092974
2025-08-03,73165,2025080303012856,MLBL,Naasa Securities Co. Ltd.,Kumari Securities Private Limited,267,423.0,112941.0,2025-08-03T13:04:00.397616
2025-08-03,72459,2025080303012988,MLBL,Dynamic Money Managers Securities Pvt. Ltd.,Market Securities & Exchange (PVT) Ltd.,30,423.9,12717.0,2025-08-03T13:05:23.943595
2025-08-03,71978,2025080303013078,MLBL,Vision Securities Pvt. Ltd,Imperial Securities Company Pvt. Ltd.,3,420.0,1260.0,2025-08-03T13:06:34.019579
2025-08-03,71836,2025080303013119,MLBL,Vision Securities Pvt. Ltd,Agrawal Securities (PVT) Ltd.,4,420.0,1680.0,2025-08-03T13:06:53.290302
2025-08-03,71793,2025080303013126,MLBL,Capital Max Securities Ltd,Market Securities & Exchange (PVT) Ltd.,70,423.9,29673.0,2025-08-03T13:06:58.698274
2025-08-03,71792,2025080303013127,MLBL,Capital Max Securities Ltd,Vision Securities Pvt. Ltd,50,423.9,21195.0,2025-08-03T13:06:58.698596
2025-08-03,71791,2025080303013128,MLBL,Capital Max Securities Ltd,Sani Securities Company Ltd.,190,423.9,80541.0,2025-08-03T13:06:58.698796
2025-08-03,71256,2025080303013213,MLBL,Dipshikha Dhitopatra Karobar Co. Pvt Ltd.,South Asian Bulls Pvt. Ltd.,300,424.8,127440.0,2025-08-03T13:08:15.590485
2025-08-03,70549,2025080303013304,MLBL,Imperial Securities Company Pvt. Ltd.,Neev Securities Pvt. Ltd.,650,425.0,276250.0,2025-08-03T13:10:01.106075
2025-08-03,70548,2025080303013305,MLBL,Imperial Securities Company Pvt. Ltd.,Naasa Securities Co. Ltd.,10,425.0,4250.0,2025-08-03T13:10:01.106279
2025-08-03,70547,2025080303013306,MLBL,Imperial Securities Company Pvt. Ltd.,Online Securities Pvt. Ltd.,365,425.0,155125.0,2025-08-03T13:10:01.106397
2025-08-03,70546,2025080303013307,MLBL,Imperial Securities Company Pvt. Ltd.,Primo Securities (PVT) Ltd.,48,425.0,20400.0,2025-08-03T13:10:01.106481
2025-08-03,70195,2025080303013391,MLBL,Imperial Securities Company Pvt. Ltd.,Sani Securities Company Ltd.,10,425.0,4250.0,2025-08-03T13:11:00.550051
2025-08-03,69243,2025080303013530,MLBL,Imperial Securities Company Pvt. Ltd.,Dipshikha Dhitopatra Karobar Co. Pvt Ltd.,216,425.0,91800.0,2025-08-03T13:13:01.313724
2025-08-03,69242,2025080303013531,MLBL,Imperial Securities Company Pvt. Ltd.,Dipshikha Dhitopatra Karobar Co. Pvt Ltd.,100,425.0,42500.0,2025-08-03T13:13:01.31408
2025-08-03,68712,2025080303013613,MLBL,Sumeru Securities Pvt. Ltd.,Midas Stock Broking Company Private Limited,1,422.0,422.0,2025-08-03T13:14:07.252695
2025-08-03,68682,2025080303013618,MLBL,Sewa Securities Pvt. Ltd.,Investment Management Nepal Pvt. Ltd.,250,424.1,106025.0,2025-08-03T13:14:11.638708
2025-08-03,68681,2025080303013619,MLBL,Sweta Securities Private Limited,Investment Management Nepal Pvt. Ltd.,50,424.0,21200.0,2025-08-03T13:14:11.638893
2025-08-03,68486,2025080303013646,MLBL,Online Securities Pvt. Ltd.,Vision Securities Pvt. Ltd,60,424.0,25440.0,2025-08-03T13:14:34.963904
2025-08-03,68204,2025080303013701,MLBL,Online Securities Pvt. Ltd.,Dipshikha Dhitopatra Karobar Co. Pvt Ltd.,140,424.0,59360.0,2025-08-03T13:15:13.664402
2025-08-03,68203,2025080303013702,MLBL,Asian Securities Private Ltd.,Dipshikha Dhitopatra Karobar Co. Pvt Ltd.,30,424.0,12720.0,2025-08-03T13:15:13.664447
2025-08-03,68202,2025080303013703,MLBL,Kalika Securities Pvt. Ltd.,Dipshikha Dhitopatra Karobar Co. Pvt Ltd.,195,423.9,82660.5,2025-08-03T13:15:13.664476
2025-08-03,67843,2025080303013779,MLBL,Kalika Securities Pvt. Ltd.,Nagarik Stock Dealer ,105,423.9,44509.5,2025-08-03T13:15:59.625151
2025-08-03,67842,2025080303013780,MLBL,Sri Hari Securities Pvt. Ltd.,Nagarik Stock Dealer ,250,422.6,105650.0,2025-08-03T13:15:59.625208
2025-08-03,67841,2025080303013781,MLBL,Asian Securities Private Ltd.,Nagarik Stock Dealer ,20,422.6,8452.0,2025-08-03T13:15:59.625236
2025-08-03,67840,2025080303013782,MLBL,Property Wiard Limited,Nagarik Stock Dealer ,25,422.2,10555.0,2025-08-03T13:15:59.625261
2025-08-03,67839,2025080303013783,MLBL,Naasa Securities Co. Ltd.,Nagarik Stock Dealer ,500,422.1,211050.0,2025-08-03T13:15:59.625284
2025-08-03,67838,2025080303013784,MLBL,Dynamic Money Managers Securities Pvt. Ltd.,Nagarik Stock Dealer ,100,422.1,42210.0,2025-08-03T13:15:59.625306
2025-08-03,67161,2025080303013909,MLBL,Nepal Stock House (PVT) Ltd.,Nagarik Stock Dealer ,338,422.0,142636.0,2025-08-03T13:17:14.973815
2025-08-03,67160,2025080303013910,MLBL,Online Securities Pvt. Ltd.,Nagarik Stock Dealer ,100,422.0,42200.0,2025-08-03T13:17:14.973857
2025-08-03,67159,2025080303013911,MLBL,Creative Securities Pvt Ltd,Nagarik Stock Dealer ,250,421.5,105375.0,2025-08-03T13:17:14.973885
2025-08-03,67158,2025080303013912,MLBL,Asian Securities Private Ltd.,Nagarik Stock Dealer ,50,421.5,21075.0,2025-08-03T13:17:14.973909
2025-08-03,67157,2025080303013913,MLBL,Agrawal Securities (PVT) Ltd.,Nagarik Stock Dealer ,62,421.4,26126.8,2025-08-03T13:17:14.973934
2025-08-03,66821,2025080303013984,MLBL,Vision Securities Pvt. Ltd,J.F. Securites (PVT) Ltd.,1,413.7,413.7,2025-08-03T13:17:56.57208
2025-08-03,64261,2025080303014447,MLBL,Asian Securities Private Ltd.,Kumari Securities Private Limited,100,421.9,42190.0,2025-08-03T13:22:52.580854
2025-08-03,63506,2025080303014606,MLBL,Asian Securities Private Ltd.,Nepal Investment And Securities Trading Private Limited,900,422.1,379890.0,2025-08-03T13:24:18.12982
2025-08-03,63505,2025080303014607,MLBL,Kohinoor Investment & Securities Pvt. Ltd.,Nepal Investment And Securities Trading Private Limited,100,422.0,42200.0,2025-08-03T13:24:18.130012
2025-08-03,63504,2025080303014608,MLBL,Asian Securities Private Ltd.,Nepal Investment And Securities Trading Private Limited,500,421.9,210950.0,2025-08-03T13:24:18.130096
2025-08-03,62260,2025080303014835,MLBL,Online Securities Pvt. Ltd.,Vision Securities Pvt. Ltd,50,422.0,21100.0,2025-08-03T13:26:30.250779
2025-08-03,62259,2025080303014836,MLBL,Sri Hari Securities Pvt. Ltd.,Vision Securities Pvt. Ltd,50,422.0,21100.0,2025-08-03T13:26:30.250982
2025-08-03,62081,2025080303014862,MLBL,Sri Hari Securities Pvt. Ltd.,Dipshikha Dhitopatra Karobar Co. Pvt Ltd.,20,422.0,8440.0,2025-08-03T13:26:48.409124
2025-08-03,62080,2025080303014863,MLBL,Naasa Securities Co. Ltd.,Dipshikha Dhitopatra Karobar Co. Pvt Ltd.,664,421.8,280075.2,2025-08-03T13:26:48.409552
2025-08-03,61703,2025080303014938,MLBL,Asian Securities Private Ltd.,J.F. Securites (PVT) Ltd.,648,421.9,273391.2,2025-08-03T13:27:28.487573
2025-08-03,61538,2025080303014982,MLBL,Asian Securities Private Ltd.,Imperial Securities Company Pvt. Ltd.,300,421.9,126570.0,2025-08-03T13:27:47.257168
2025-08-03,61085,2025080303015054,MLBL,Asian Securities Private Ltd.,Asian Securities Private Ltd.,20,421.9,8438.0,2025-08-03T13:28:34.311141
2025-08-03,59986,2025080303015212,MLBL,Asian Securities Private Ltd.,Agrawal Securities (PVT) Ltd.,32,422.9,13532.8,2025-08-03T13:30:53.760173
2025-08-03,59943,2025080303015220,MLBL,Naasa Securities Co. Ltd.,Sri Hari Securities Pvt. Ltd.,36,421.8,15184.8,2025-08-03T13:30:59.94102
2025-08-03,59942,2025080303015221,MLBL,J.F. Securites (PVT) Ltd.,Sri Hari Securities Pvt. Ltd.,50,421.7,21085.0,2025-08-03T13:30:59.941238
2025-08-03,59941,2025080303015222,MLBL,Agrawal Securities (PVT) Ltd.,Sri Hari Securities Pvt. Ltd.,500,421.7,210850.0,2025-08-03T13:30:59.941347
2025-08-03,59940,2025080303015223,MLBL,Capital Max Securities Ltd,Sri Hari Securities Pvt. Ltd.,500,421.6,210800.0,2025-08-03T13:30:59.941454
2025-08-03,59939,2025080303015224,MLBL,Imperial Securities Company Pvt. Ltd.,Sri Hari Securities Pvt. Ltd.,700,421.5,295050.0,2025-08-03T13:30:59.941575
2025-08-03,59938,2025080303015225,MLBL,Premier Securities Company Ltd.,Sri Hari Securities Pvt. Ltd.,214,421.5,90201.0,2025-08-03T13:30:59.941695
2025-08-03,59759,2025080303015257,MLBL,Sumeru Securities Pvt. Ltd.,K.B.L. Securities Limited ,1,415.0,415.0,2025-08-03T13:31:17.155623
2025-08-03,58844,2025080303015425,MLBL,Vision Securities Pvt. Ltd,Ashutosh Brokerage & Securities (PVT) Ltd.,150,422.0,63300.0,2025-08-03T13:33:05.05471
2025-08-03,58563,2025080303015452,MLBL,Premier Securities Company Ltd.,Ashutosh Brokerage & Securities (PVT) Ltd.,100,421.5,42150.0,2025-08-03T13:33:35.300276
2025-08-03,57874,2025080303015556,MLBL,Neev Securities Pvt. Ltd.,Agrawal Securities (PVT) Ltd.,18,422.0,7596.0,2025-08-03T13:34:51.863008
2025-08-03,57756,2025080303015577,MLBL,Neev Securities Pvt. Ltd.,Agrawal Securities (PVT) Ltd.,196,422.0,82712.0,2025-08-03T13:35:05.935445
2025-08-03,57640,2025080303015590,MLBL,Neev Securities Pvt. Ltd.,Agrawal Securities (PVT) Ltd.,18,422.9,7612.2,2025-08-03T13:35:19.006984
2025-08-03,55714,2025080303015951,MLBL,Online Securities Pvt. Ltd.,ABC Securities Private Limited,150,421.6,63240.0,2025-08-03T13:38:51.074029
2025-08-03,55713,2025080303015952,MLBL,Premier Securities Company Ltd.,ABC Securities Private Limited,186,421.5,78399.0,2025-08-03T13:38:51.074249
2025-08-03,55712,2025080303015953,MLBL,Trishakti Securities Public Limited,ABC Securities Private Limited,100,421.5,42150.0,2025-08-03T13:38:51.074333
2025-08-03,55711,2025080303015954,MLBL,Kohinoor Investment & Securities Pvt. Ltd.,ABC Securities Private Limited,120,421.5,50580.0,2025-08-03T13:38:51.074423
2025-08-03,55710,2025080303015955,MLBL,ABC Securities Private Limited,ABC Securities Private Limited,10,421.4,4214.0,2025-08-03T13:38:51.074627
2025-08-03,55709,2025080303015956,MLBL,ABC Securities Private Limited,ABC Securities Private Limited,10,421.4,4214.0,2025-08-03T13:38:51.074761
2025-08-03,55708,2025080303015957,MLBL,Kohinoor Investment & Securities Pvt. Ltd.,ABC Securities Private Limited,50,421.1,21055.0,2025-08-03T13:38:51.074923
2025-08-03,55707,2025080303015958,MLBL,Imperial Securities Company Pvt. Ltd.,ABC Securities Private Limited,300,421.0,126300.0,2025-08-03T13:38:51.075155
2025-08-03,55706,2025080303015959,MLBL,Shree Krishna Securities Ltd.,ABC Securities Private Limited,500,421.0,210500.0,2025-08-03T13:38:51.075397
2025-08-03,55705,2025080303015960,MLBL,Naasa Securities Co. Ltd.,ABC Securities Private Limited,500,421.0,210500.0,2025-08-03T13:38:51.075538
2025-08-03,55704,2025080303015961,MLBL,Online Securities Pvt. Ltd.,ABC Securities Private Limited,100,421.0,42100.0,2025-08-03T13:38:51.075656
2025-08-03,55703,2025080303015962,MLBL,J.F. Securites (PVT) Ltd.,ABC Securities Private Limited,50,420.5,21025.0,2025-08-03T13:38:51.075787
2025-08-03,55702,2025080303015963,MLBL,Sumeru Securities Pvt. Ltd.,ABC Securities Private Limited,329,420.3,138278.7,2025-08-03T13:38:51.075946
2025-08-03,55701,2025080303015964,MLBL,Aryatara Investment & Securities,ABC Securities Private Limited,14,420.1,5881.4,2025-08-03T13:38:51.07608
2025-08-03,55083,2025080303016112,MLBL,Aryatara Investment & Securities,KALASH STOCK MARKET PVT. LTD.,16,420.1,6721.6,2025-08-03T13:39:57.236247
2025-08-03,55082,2025080303016113,MLBL,Kohinoor Investment & Securities Pvt. Ltd.,KALASH STOCK MARKET PVT. LTD.,43,420.1,18064.3,2025-08-03T13:39:57.236427
2025-08-03,53588,2025080303016350,MLBL,Capital Max Securities Ltd,Vision Securities Pvt. Ltd,500,420.6,210300.0,2025-08-03T13:42:29.903924
2025-08-03,53587,2025080303016351,MLBL,Deevyaa Securities & Stock House Pvt. Ltd,Vision Securities Pvt. Ltd,400,420.5,168200.0,2025-08-03T13:42:29.904152
2025-08-03,53586,2025080303016352,MLBL,Sumeru Securities Pvt. Ltd.,Vision Securities Pvt. Ltd,150,420.2,63030.0,2025-08-03T13:42:29.904233
2025-08-03,53585,2025080303016353,MLBL,Siprabi Securities Pvt. Ltd.,Vision Securities Pvt. Ltd,130,420.2,54626.0,2025-08-03T13:42:29.9043
2025-08-03,53584,2025080303016354,MLBL,Kohinoor Investment & Securities Pvt. Ltd.,Vision Securities Pvt. Ltd,457,420.1,191985.7,2025-08-03T13:42:29.90437
2025-08-03,53583,2025080303016355,MLBL,Premier Securities Company Ltd.,Vision Securities Pvt. Ltd,120,420.0,50400.0,2025-08-03T13:42:29.904436
2025-08-03,53582,2025080303016356,MLBL,Imperial Securities Company Pvt. Ltd.,Vision Securities Pvt. Ltd,350,420.0,147000.0,2025-08-03T13:42:29.904533
2025-08-03,53581,2025080303016357,MLBL,Sani Securities Company Ltd.,Vision Securities Pvt. Ltd,50,420.0,21000.0,2025-08-03T13:42:29.90461
2025-08-03,53580,2025080303016358,MLBL,Premier Securities Company Ltd.,Vision Securities Pvt. Ltd,24,420.0,10080.0,2025-08-03T13:42:29.904687
2025-08-03,53579,2025080303016359,MLBL,Vision Securities Pvt. Ltd,Vision Securities Pvt. Ltd,50,420.0,21000.0,2025-08-03T13:42:29.904756
2025-08-03,53578,2025080303016360,MLBL,Primo Securities (PVT) Ltd.,Vision Securities Pvt. Ltd,200,420.0,84000.0,2025-08-03T13:42:29.904837
2025-08-03,53577,2025080303016361,MLBL,Sweta Securities Private Limited,Vision Securities Pvt. Ltd,100,420.0,42000.0,2025-08-03T13:42:29.904901
2025-08-03,53576,2025080303016362,MLBL,Primo Securities (PVT) Ltd.,Vision Securities Pvt. Ltd,1000,420.0,420000.0,2025-08-03T13:42:29.904964
2025-08-03,53575,2025080303016363,MLBL,J.F. Securites (PVT) Ltd.,Vision Securities Pvt. Ltd,140,420.0,58800.0,2025-08-03T13:42:29.905034
2025-08-03,53574,2025080303016364,MLBL,Nepal Investment And Securities Trading Private Limited,Vision Securities Pvt. Ltd,50,420.0,21000.0,2025-08-03T13:42:29.905097
2025-08-03,53573,2025080303016365,MLBL,Sewa Securities Pvt. Ltd.,Vision Securities Pvt. Ltd,300,420.0,126000.0,2025-08-03T13:42:29.905157
2025-08-03,53572,2025080303016366,MLBL,Sagarmatha Securities Private Limited,Vision Securities Pvt. Ltd,979,420.0,411180.0,2025-08-03T13:42:29.905219
2025-08-03,53469,2025080303016389,MLBL,R.B.B. Securities Company Ltd,Sundhara Securities Limited,100,422.1,42210.0,2025-08-03T13:42:39.827489
2025-08-03,53050,2025080303016464,MLBL,South Asian Bulls Pvt. Ltd.,Sundhara Securities Limited,200,422.1,84420.0,2025-08-03T13:43:23.988154
2025-08-03,52943,2025080303016494,MLBL,Sagarmatha Securities Private Limited,Sundhara Securities Limited,21,422.1,8864.1,2025-08-03T13:43:37.392213
2025-08-03,52875,2025080303016509,MLBL,Sundhara Securities Limited,Bhrikuti Stock Broking Co. Pvt. Ltd.,10,422.0,4220.0,2025-08-03T13:43:42.403788
2025-08-03,52874,2025080303016510,MLBL,Kohinoor Investment & Securities Pvt. Ltd.,Bhrikuti Stock Broking Co. Pvt. Ltd.,200,420.0,84000.0,2025-08-03T13:43:42.403946
2025-08-03,52873,2025080303016511,MLBL,Online Securities Pvt. Ltd.,Bhrikuti Stock Broking Co. Pvt. Ltd.,50,420.0,21000.0,2025-08-03T13:43:42.404039
2025-08-03,52872,2025080303016512,MLBL,Aryatara Investment & Securities,Bhrikuti Stock Broking Co. Pvt. Ltd.,50,420.0,21000.0,2025-08-03T13:43:42.404104
2025-08-03,52871,2025080303016513,MLBL,Midas Stock Broking Company Private Limited,Bhrikuti Stock Broking Co. Pvt. Ltd.,100,420.0,42000.0,2025-08-03T13:43:42.404166
2025-08-03,52870,2025080303016514,MLBL,Deevyaa Securities & Stock House Pvt. Ltd,Bhrikuti Stock Broking Co. Pvt. Ltd.,90,420.0,37800.0,2025-08-03T13:43:42.40423
2025-08-03,52034,2025080303016679,MLBL,Neev Securities Pvt. Ltd.,Kohinoor Investment & Securities Pvt. Ltd.,37,421.0,15577.0,2025-08-03T13:44:56.950903
2025-08-03,51770,2025080303016731,MLBL,Neev Securities Pvt. Ltd.,Naasa Securities Co. Ltd.,81,421.8,34165.8,2025-08-03T13:45:18.078165
2025-08-03,51566,2025080303016765,MLBL,Naasa Securities Co. Ltd.,Sundhara Securities Limited,26,421.8,10966.8,2025-08-03T13:45:43.756717
2025-08-03,51565,2025080303016766,MLBL,Aryatara Investment & Securities,Sundhara Securities Limited,168,421.0,70728.0,2025-08-03T13:45:43.757054
2025-08-03,51030,2025080303016953,MLBL,Aryatara Investment & Securities,ABC Securities Private Limited,332,421.0,139772.0,2025-08-03T13:46:36.405771
2025-08-03,51029,2025080303016954,MLBL,J.F. Securites (PVT) Ltd.,ABC Securities Private Limited,37,421.0,15577.0,2025-08-03T13:46:36.406094
2025-08-03,51028,2025080303016955,MLBL,Online Securities Pvt. Ltd.,ABC Securities Private Limited,100,420.1,42010.0,2025-08-03T13:46:36.406296
2025-08-03,51027,2025080303016956,MLBL,KALASH STOCK MARKET PVT. LTD.,ABC Securities Private Limited,100,420.1,42010.0,2025-08-03T13:46:36.406486
2025-08-03,51026,2025080303016957,MLBL,Deevyaa Securities & Stock House Pvt. Ltd,ABC Securities Private Limited,10,420.0,4200.0,2025-08-03T13:46:36.406677
2025-08-03,51025,2025080303016958,MLBL,Online Securities Pvt. Ltd.,ABC Securities Private Limited,100,419.5,41950.0,2025-08-03T13:46:36.406866
2025-08-03,51024,2025080303016959,MLBL,Aryatara Investment & Securities,ABC Securities Private Limited,100,419.4,41940.0,2025-08-03T13:46:36.407064
2025-08-03,51023,2025080303016960,MLBL,Dynamic Money Managers Securities Pvt. Ltd.,ABC Securities Private Limited,700,419.3,293510.0,2025-08-03T13:46:36.407254
2025-08-03,51022,2025080303016961,MLBL,Imperial Securities Company Pvt. Ltd.,ABC Securities Private Limited,500,419.1,209550.0,2025-08-03T13:46:36.407428
2025-08-03,51021,2025080303016962,MLBL,Vision Securities Pvt. Ltd,ABC Securities Private Limited,10,419.0,4190.0,2025-08-03T13:46:36.407612
2025-08-03,51020,2025080303016963,MLBL,Property Wiard Limited,ABC Securities Private Limited,2000,419.0,838000.0,2025-08-03T13:46:36.407807
2025-08-03,51019,2025080303016964,MLBL,Linch Stock Market Ltd.,ABC Securities Private Limited,10,419.0,4190.0,2025-08-03T13:46:36.407986
2025-08-03,50594,2025080303017093,MLBL,Dynamic Money Managers Securities Pvt. Ltd.,ABC Securities Private Limited,19,423.0,8037.0,2025-08-03T13:47:26.662261
2025-08-03,50593,2025080303017094,MLBL,Dynamic Money Managers Securities Pvt. Ltd.,Dynamic Money Managers Securities Pvt. Ltd.,33,423.0,13959.0,2025-08-03T13:47:26.662429
2025-08-03,50592,2025080303017095,MLBL,Dynamic Money Managers Securities Pvt. Ltd.,Trishakti Securities Public Limited,448,423.0,189504.0,2025-08-03T13:47:26.662496
2025-08-03,48522,2025080303017540,MLBL,R.B.B. Securities Company Ltd,Sani Securities Company Ltd.,100,423.0,42300.0,2025-08-03T13:51:14.923
2025-08-03,48297,2025080303017585,MLBL,Naasa Securities Co. Ltd.,Sani Securities Company Ltd.,363,423.0,153549.0,2025-08-03T13:51:48.549871
2025-08-03,48262,2025080303017598,MLBL,Linch Stock Market Ltd.,Kohinoor Investment & Securities Pvt. Ltd.,1000,423.9,423900.0,2025-08-03T13:51:54.227864
2025-08-03,47928,2025080303017651,MLBL,Cristal Kanchanjanga Securites Pvt. Ltd.,South Asian Bulls Pvt. Ltd.,300,424.0,127200.0,2025-08-03T13:52:30.741835
2025-08-03,47540,2025080303017735,MLBL,Nepal Stock House (PVT) Ltd.,South Asian Bulls Pvt. Ltd.,664,424.0,281536.0,2025-08-03T13:53:24.935584
2025-08-03,47490,2025080303017754,MLBL,Imperial Securities Company Pvt. Ltd.,Asian Securities Private Ltd.,1000,423.1,423100.0,2025-08-03T13:53:32.304798
2025-08-03,47254,2025080303017810,MLBL,Dynamic Money Managers Securities Pvt. Ltd.,Secured Securities Ltd.,100,423.1,42310.0,2025-08-03T13:54:08.539555
2025-08-03,46919,2025080303017861,MLBL,Vision Securities Pvt. Ltd,Malla & Malla Stock Broking Company Pvt. Limited,2,420.0,840.0,2025-08-03T13:54:40.938943
2025-08-03,46430,2025080303017949,MLBL,Sani Securities Company Ltd.,Secured Securities Ltd.,300,423.0,126900.0,2025-08-03T13:55:27.157835
2025-08-03,45050,2025080303018168,MLBL,Kumari Securities Private Limited,Indira securities pvt. ltd,200,421.1,84220.0,2025-08-03T13:58:13.499382
2025-08-03,45049,2025080303018169,MLBL,Sewa Securities Pvt. Ltd.,Indira securities pvt. ltd,300,421.0,126300.0,2025-08-03T13:58:13.499698
2025-08-03,44795,2025080303018194,MLBL,Deevyaa Securities & Stock House Pvt. Ltd,KALASH STOCK MARKET PVT. LTD.,300,420.6,126180.0,2025-08-03T13:58:47.88145
2025-08-03,44794,2025080303018195,MLBL,J.F. Securites (PVT) Ltd.,KALASH STOCK MARKET PVT. LTD.,50,420.6,21030.0,2025-08-03T13:58:47.881551
2025-08-03,44793,2025080303018196,MLBL,Linch Stock Market Ltd.,KALASH STOCK MARKET PVT. LTD.,100,420.5,42050.0,2025-08-03T13:58:47.881632
2025-08-03,44792,2025080303018197,MLBL,Neev Securities Pvt. Ltd.,KALASH STOCK MARKET PVT. LTD.,500,420.4,210200.0,2025-08-03T13:58:47.881735
2025-08-03,44791,2025080303018198,MLBL,Dynamic Money Managers Securities Pvt. Ltd.,KALASH STOCK MARKET PVT. LTD.,100,420.3,42030.0,2025-08-03T13:58:47.88181
2025-08-03,44790,2025080303018199,MLBL,Kalika Securities Pvt. Ltd.,KALASH STOCK MARKET PVT. LTD.,40,420.1,16804.0,2025-08-03T13:58:47.881886
2025-08-03,44789,2025080303018200,MLBL,Sri Hari Securities Pvt. Ltd.,KALASH STOCK MARKET PVT. LTD.,410,420.1,172241.0,2025-08-03T13:58:47.881963
2025-08-03,44371,2025080303018286,MLBL,Sri Hari Securities Pvt. Ltd.,Vision Securities Pvt. Ltd,90,420.1,37809.0,2025-08-03T13:59:34.583416
2025-08-03,44370,2025080303018287,MLBL,Market Securities & Exchange (PVT) Ltd.,Vision Securities Pvt. Ltd,33,420.1,13863.3,2025-08-03T13:59:34.583623
2025-08-03,43907,2025080303018357,MLBL,Neev Securities Pvt. Ltd.,Naasa Securities Co. Ltd.,40,422.0,16880.0,2025-08-03T14:00:34.066061
2025-08-03,43310,2025080303018478,MLBL,Market Securities & Exchange (PVT) Ltd.,Secured Securities Ltd.,100,420.6,42060.0,2025-08-03T14:01:50.211125
2025-08-03,41981,2025080303018736,MLBL,Kohinoor Investment & Securities Pvt. Ltd.,Stoxkarts Securities Limited,300,422.0,126600.0,2025-08-03T14:04:42.502741
2025-08-03,41727,2025080303018772,MLBL,Kohinoor Investment & Securities Pvt. Ltd.,Aryatara Investment & Securities,200,421.0,84200.0,2025-08-03T14:05:29.387926
2025-08-03,41726,2025080303018773,MLBL,Sani Securities Company Ltd.,Aryatara Investment & Securities,300,420.7,126210.0,2025-08-03T14:05:29.387973
2025-08-03,41605,2025080303018793,MLBL,Naasa Securities Co. Ltd.,Dynamic Money Managers Securities Pvt. Ltd.,10,422.9,4229.0,2025-08-03T14:05:50.051643
2025-08-03,41434,2025080303018818,MLBL,Capital Hub P. Ltd,Dynamic Money Managers Securities Pvt. Ltd.,190,422.9,80351.0,2025-08-03T14:06:15.638102
2025-08-03,41433,2025080303018819,MLBL,Capital Hub P. Ltd,Vision Securities Pvt. Ltd,124,423.0,52452.0,2025-08-03T14:06:15.638429
2025-08-03,41432,2025080303018820,MLBL,Capital Hub P. Ltd,Deevyaa Securities & Stock House Pvt. Ltd,100,423.0,42300.0,2025-08-03T14:06:15.638634
2025-08-03,41431,2025080303018821,MLBL,Capital Hub P. Ltd,Vision Securities Pvt. Ltd,500,423.0,211500.0,2025-08-03T14:06:15.63885
2025-08-03,41430,2025080303018822,MLBL,Capital Hub P. Ltd,Capital Max Securities Ltd,23,423.0,9729.0,2025-08-03T14:06:15.63906
2025-08-03,41429,2025080303018823,MLBL,Capital Hub P. Ltd,Agrawal Securities (PVT) Ltd.,63,423.0,26649.0,2025-08-03T14:06:15.639254
2025-08-03,41040,2025080303018907,MLBL,Market Securities & Exchange (PVT) Ltd.,Siprabi Securities Pvt. Ltd.,100,420.6,42060.0,2025-08-03T14:07:20.081628
2025-08-03,40944,2025080303018927,MLBL,Cristal Kanchanjanga Securites Pvt. Ltd.,Creative Securities Pvt Ltd,33,422.8,13952.4,2025-08-03T14:07:35.089589
2025-08-03,39734,2025080303019188,MLBL,Elite Stock House Limited,Vision Securities Pvt. Ltd,502,422.0,211844.0,2025-08-03T14:10:41.346819
2025-08-03,38726,2025080303019375,MLBL,Online Securities Pvt. Ltd.,Sundhara Securities Limited,100,421.3,42130.0,2025-08-03T14:13:01.398445
2025-08-03,38558,2025080303019409,MLBL,Sundhara Securities Limited,Midas Stock Broking Company Private Limited,100,422.0,42200.0,2025-08-03T14:13:27.625806
2025-08-03,38278,2025080303019450,MLBL,Imperial Securities Company Pvt. Ltd.,Midas Stock Broking Company Private Limited,100,421.3,42130.0,2025-08-03T14:14:02.721056
2025-08-03,38188,2025080303019467,MLBL,Elite Stock House Limited,Dipshikha Dhitopatra Karobar Co. Pvt Ltd.,100,421.3,42130.0,2025-08-03T14:14:15.26105
2025-08-03,37220,2025080303019718,MLBL,Premier Securities Company Ltd.,Opal Securities Investment (PVT) Ltd.,65,421.2,27378.0,2025-08-03T14:16:31.088189
2025-08-03,36984,2025080303019789,MLBL,Secured Securities Ltd.,Online Securities Pvt. Ltd.,10,422.7,4227.0,2025-08-03T14:17:06.091925
2025-08-03,36012,2025080303019982,MLBL,Sweta Securities Private Limited,K.B.L. Securities Limited ,500,421.3,210650.0,2025-08-03T14:18:59.91662
2025-08-03,36011,2025080303019983,MLBL,Premier Securities Company Ltd.,K.B.L. Securities Limited ,35,421.2,14742.0,2025-08-03T14:18:59.91696
2025-08-03,36010,2025080303019984,MLBL,Elite Stock House Limited,K.B.L. Securities Limited ,98,421.1,41267.8,2025-08-03T14:18:59.917192
2025-08-03,35645,2025080303020038,MLBL,Opal Securities Investment (PVT) Ltd.,Magnet Securities and Investment Company Private Limited,5,422.0,2110.0,2025-08-03T14:19:44.632067
2025-08-03,35536,2025080303020064,MLBL,Dynamic Money Managers Securities Pvt. Ltd.,Online Securities Pvt. Ltd.,93,420.8,39134.4,2025-08-03T14:19:58.351607
2025-08-03,35115,2025080303020143,MLBL,Market Securities & Exchange (PVT) Ltd.,Online Securities Pvt. Ltd.,10,420.6,4206.0,2025-08-03T14:20:43.170352
2025-08-03,34822,2025080303020202,MLBL,Neev Securities Pvt. Ltd.,Thrive Brokerage House Pvt. Ltd,250,420.7,105175.0,2025-08-03T14:21:24.312446
2025-08-03,34821,2025080303020203,MLBL,Market Securities & Exchange (PVT) Ltd.,Thrive Brokerage House Pvt. Ltd,90,420.6,37854.0,2025-08-03T14:21:24.312566
2025-08-03,34820,2025080303020204,MLBL,Online Securities Pvt. Ltd.,Thrive Brokerage House Pvt. Ltd,722,420.6,303673.2,2025-08-03T14:21:24.312648
2025-08-03,34771,2025080303020225,MLBL,Online Securities Pvt. Ltd.,ABC Securities Private Limited,278,420.6,116926.8,2025-08-03T14:21:30.024721
2025-08-03,34770,2025080303020226,MLBL,Sewa Securities Pvt. Ltd.,ABC Securities Private Limited,484,420.5,203522.0,2025-08-03T14:21:30.024905
2025-08-03,34769,2025080303020227,MLBL,Agrawal Securities (PVT) Ltd.,ABC Securities Private Limited,4000,420.4,1681600.0,2025-08-03T14:21:30.024978
2025-08-03,34768,2025080303020228,MLBL,Agrawal Securities (PVT) Ltd.,ABC Securities Private Limited,1239,420.3,520751.7,2025-08-03T14:21:30.02506
2025-08-03,33710,2025080303020512,MLBL,Agrawal Securities (PVT) Ltd.,Dynamic Money Managers Securities Pvt. Ltd.,200,420.3,84060.0,2025-08-03T14:23:20.899428
2025-08-03,33260,2025080303020584,MLBL,Agrawal Securities (PVT) Ltd.,ABC Securities Private Limited,561,420.3,235788.3,2025-08-03T14:24:02.138825
2025-08-03,33259,2025080303020585,MLBL,Kumari Securities Private Limited,ABC Securities Private Limited,100,420.2,42020.0,2025-08-03T14:24:02.139033
2025-08-03,33258,2025080303020586,MLBL,Market Securities & Exchange (PVT) Ltd.,ABC Securities Private Limited,167,420.1,70156.7,2025-08-03T14:24:02.139101
2025-08-03,33257,2025080303020587,MLBL,J.F. Securites (PVT) Ltd.,ABC Securities Private Limited,100,420.1,42010.0,2025-08-03T14:24:02.139171
2025-08-03,33256,2025080303020588,MLBL,Oxford Securities Pvt. Ltd.,ABC Securities Private Limited,1000,420.1,420100.0,2025-08-03T14:24:02.139232
2025-08-03,33255,2025080303020589,MLBL,Aryatara Investment & Securities,ABC Securities Private Limited,100,420.0,42000.0,2025-08-03T14:24:02.139293
2025-08-03,33254,2025080303020590,MLBL,Dipshikha Dhitopatra Karobar Co. Pvt Ltd.,ABC Securities Private Limited,20,420.0,8400.0,2025-08-03T14:24:02.139355
2025-08-03,33253,2025080303020591,MLBL,Capital Hub P. Ltd,ABC Securities Private Limited,1000,420.0,420000.0,2025-08-03T14:24:02.13946
2025-08-03,33252,2025080303020592,MLBL,Aryatara Investment & Securities,ABC Securities Private Limited,100,420.0,42000.0,2025-08-03T14:24:02.139526
2025-08-03,33251,2025080303020593,MLBL,Sajilo Broker Limited,ABC Securities Private Limited,200,420.0,84000.0,2025-08-03T14:24:02.139621
2025-08-03,33194,2025080303020605,MLBL,Linch Stock Market Ltd.,Sumeru Securities Pvt. Ltd.,90,419.0,37710.0,2025-08-03T14:24:10.173159
2025-08-03,33193,2025080303020606,MLBL,Primo Securities (PVT) Ltd.,Sumeru Securities Pvt. Ltd.,100,419.0,41900.0,2025-08-03T14:24:10.173471
2025-08-03,33192,2025080303020607,MLBL,Sundhara Securities Limited,Sumeru Securities Pvt. Ltd.,10,419.0,4190.0,2025-08-03T14:24:10.173662
2025-08-03,33191,2025080303020608,MLBL,Kalika Securities Pvt. Ltd.,Sumeru Securities Pvt. Ltd.,14,419.0,5866.0,2025-08-03T14:24:10.173848
2025-08-03,32869,2025080303020696,MLBL,Neev Securities Pvt. Ltd.,ABC Securities Private Limited,652,420.0,273840.0,2025-08-03T14:24:35.360309
2025-08-03,32513,2025080303020795,MLBL,Imperial Securities Company Pvt. Ltd.,Oxford Securities Pvt. Ltd.,500,420.0,210000.0,2025-08-03T14:25:05.608332
2025-08-03,32512,2025080303020796,MLBL,Trisul Securities & Invt. Ltd.,Oxford Securities Pvt. Ltd.,1,420.0,420.0,2025-08-03T14:25:05.608512
2025-08-03,28552,2025080303021722,MLBL,Dynamic Money Managers Securities Pvt. Ltd.,Cristal Kanchanjanga Securites Pvt. Ltd.,17,420.7,7151.9,2025-08-03T14:31:27.148922
2025-08-03,27660,2025080303021909,MLBL,Aryatara Investment & Securities,ABC Securities Private Limited,100,420.0,42000.0,2025-08-03T14:32:39.553089
2025-08-03,27659,2025080303021910,MLBL,Sewa Securities Pvt. Ltd.,ABC Securities Private Limited,200,420.0,84000.0,2025-08-03T14:32:39.553373
2025-08-03,27658,2025080303021911,MLBL,Creative Securities Pvt Ltd,ABC Securities Private Limited,10,419.5,4195.0,2025-08-03T14:32:39.553466
2025-08-03,27657,2025080303021912,MLBL,Market Securities & Exchange (PVT) Ltd.,ABC Securities Private Limited,200,419.3,83860.0,2025-08-03T14:32:39.553578
2025-08-03,27656,2025080303021913,MLBL,Online Securities Pvt. Ltd.,ABC Securities Private Limited,500,419.3,209650.0,2025-08-03T14:32:39.553696
2025-08-03,27655,2025080303021914,MLBL,Sri Hari Securities Pvt. Ltd.,ABC Securities Private Limited,200,419.2,83840.0,2025-08-03T14:32:39.553798
2025-08-03,27654,2025080303021915,MLBL,Property Wiard Limited,ABC Securities Private Limited,25,419.1,10477.5,2025-08-03T14:32:39.553897
2025-08-03,27653,2025080303021916,MLBL,Oxford Securities Pvt. Ltd.,ABC Securities Private Limited,100,419.0,41900.0,2025-08-03T14:32:39.553999
2025-08-03,27652,2025080303021917,MLBL,J.F. Securites (PVT) Ltd.,ABC Securities Private Limited,50,419.0,20950.0,2025-08-03T14:32:39.554157
2025-08-03,27651,2025080303021918,MLBL,Sumeru Securities Pvt. Ltd.,ABC Securities Private Limited,250,418.4,104600.0,2025-08-03T14:32:39.5543
2025-08-03,27650,2025080303021919,MLBL,Kumari Securities Private Limited,ABC Securities Private Limited,150,418.1,62715.0,2025-08-03T14:32:39.554415
2025-08-03,27649,2025080303021920,MLBL,Siprabi Securities Pvt. Ltd.,ABC Securities Private Limited,215,418.1,89891.5,2025-08-03T14:32:39.55454
2025-08-03,27640,2025080303021922,MLBL,Aryatara Investment & Securities,Nepal Investment And Securities Trading Private Limited,100,420.5,42050.0,2025-08-03T14:32:39.624468
2025-08-03,26785,2025080303022116,MLBL,Vision Securities Pvt. Ltd,ABC Securities Private Limited,30,418.2,12546.0,2025-08-03T14:33:51.814405
2025-08-03,26784,2025080303022117,MLBL,Sagarmatha Securities Private Limited,ABC Securities Private Limited,200,418.2,83640.0,2025-08-03T14:33:51.814775
2025-08-03,26783,2025080303022118,MLBL,Siprabi Securities Pvt. Ltd.,ABC Securities Private Limited,285,418.1,119158.5,2025-08-03T14:33:51.814994
2025-08-03,26782,2025080303022119,MLBL,Asian Securities Private Ltd.,ABC Securities Private Limited,1000,418.1,418100.0,2025-08-03T14:33:51.815231
2025-08-03,26781,2025080303022120,MLBL,Bhrikuti Stock Broking Co. Pvt. Ltd.,ABC Securities Private Limited,100,418.0,41800.0,2025-08-03T14:33:51.815444
2025-08-03,26780,2025080303022121,MLBL,Sani Securities Company Ltd.,ABC Securities Private Limited,100,418.0,41800.0,2025-08-03T14:33:51.815642
2025-08-03,26779,2025080303022122,MLBL,Siprabi Securities Pvt. Ltd.,ABC Securities Private Limited,95,418.0,39710.0,2025-08-03T14:33:51.815837
2025-08-03,26778,2025080303022123,MLBL,Online Securities Pvt. Ltd.,ABC Securities Private Limited,400,418.0,167200.0,2025-08-03T14:33:51.81602
2025-08-03,26777,2025080303022124,MLBL,Asian Securities Private Ltd.,ABC Securities Private Limited,50,418.0,20900.0,2025-08-03T14:33:51.816242
2025-08-03,26776,2025080303022125,MLBL,Bhrikuti Stock Broking Co. Pvt. Ltd.,ABC Securities Private Limited,1000,418.0,418000.0,2025-08-03T14:33:51.816438
2025-08-03,26775,2025080303022126,MLBL,South Asian Bulls Pvt. Ltd.,ABC Securities Private Limited,700,418.0,292600.0,2025-08-03T14:33:51.816652
2025-08-03,26774,2025080303022127,MLBL,Agrawal Securities (PVT) Ltd.,ABC Securities Private Limited,40,418.0,16720.0,2025-08-03T14:33:51.816849
2025-08-03,26307,2025080303022241,MLBL,Sri Hari Securities Pvt. Ltd.,J.F. Securites (PVT) Ltd.,50,419.0,20950.0,2025-08-03T14:34:30.93444
2025-08-03,26188,2025080303022257,MLBL,Imperial Securities Company Pvt. Ltd.,Bhrikuti Stock Broking Co. Pvt. Ltd.,14,418.1,5853.4,2025-08-03T14:34:35.486139
2025-08-03,26018,2025080303022292,MLBL,Property Wiard Limited,Naasa Securities Co. Ltd.,10,418.2,4182.0,2025-08-03T14:34:51.421707
2025-08-03,25727,2025080303022330,MLBL,Market Securities & Exchange (PVT) Ltd.,K.B.L. Securities Limited ,70,418.2,29274.0,2025-08-03T14:35:12.82364
2025-08-03,25726,2025080303022331,MLBL,Imperial Securities Company Pvt. Ltd.,K.B.L. Securities Limited ,44,418.1,18396.4,2025-08-03T14:35:12.823823
2025-08-03,25512,2025080303022368,MLBL,Trishakti Securities Public Limited,J.F. Securites (PVT) Ltd.,15,419.0,6285.0,2025-08-03T14:35:30.790357
2025-08-03,25081,2025080303022492,MLBL,Trishakti Securities Public Limited,Deevyaa Securities & Stock House Pvt. Ltd,200,419.0,83800.0,2025-08-03T14:36:05.062973
2025-08-03,24251,2025080303022673,MLBL,Naasa Securities Co. Ltd.,Nepal Investment And Securities Trading Private Limited,14,418.2,5854.8,2025-08-03T14:37:11.817137
2025-08-03,23786,2025080303022725,MLBL,Naasa Securities Co. Ltd.,Malla & Malla Stock Broking Company Pvt. Limited,19,418.2,7945.8,2025-08-03T14:37:48.876259
2025-08-03,23710,2025080303022739,MLBL,Neev Securities Pvt. Ltd.,Online Securities Pvt. Ltd.,100,419.5,41950.0,2025-08-03T14:37:57.044094
2025-08-03,23599,2025080303022778,MLBL,Naasa Securities Co. Ltd.,Online Securities Pvt. Ltd.,167,418.2,69839.4,2025-08-03T14:38:06.595155
2025-08-03,23598,2025080303022779,MLBL,Online Securities Pvt. Ltd.,Online Securities Pvt. Ltd.,833,418.2,348360.6,2025-08-03T14:38:06.59535
2025-08-03,23472,2025080303022802,MLBL,Online Securities Pvt. Ltd.,Thrive Brokerage House Pvt. Ltd,167,418.2,69839.4,2025-08-03T14:38:18.478066
2025-08-03,23460,2025080303022804,MLBL,Kalika Securities Pvt. Ltd.,Thrive Brokerage House Pvt. Ltd,500,418.2,209100.0,2025-08-03T14:38:19.266889
2025-08-03,23454,2025080303022806,MLBL,Trishakti Securities Public Limited,Thrive Brokerage House Pvt. Ltd,11,418.2,4600.2,2025-08-03T14:38:19.869138
2025-08-03,23424,2025080303022809,MLBL,Trishakti Securities Public Limited,Online Securities Pvt. Ltd.,289,419.0,121091.0,2025-08-03T14:38:22.996234
2025-08-03,23423,2025080303022810,MLBL,Imperial Securities Company Pvt. Ltd.,Online Securities Pvt. Ltd.,394,418.1,164731.4,2025-08-03T14:38:22.996894
2025-08-03,22989,2025080303022893,MLBL,Imperial Securities Company Pvt. Ltd.,Sumeru Securities Pvt. Ltd.,185,418.1,77348.5,2025-08-03T14:39:01.191542
2025-08-03,22937,2025080303022900,MLBL,Imperial Securities Company Pvt. Ltd.,Online Securities Pvt. Ltd.,363,418.1,151770.3,2025-08-03T14:39:06.833629
2025-08-03,22936,2025080303022901,MLBL,Agrawal Securities (PVT) Ltd.,Online Securities Pvt. Ltd.,60,418.0,25080.0,2025-08-03T14:39:06.833828
2025-08-03,22935,2025080303022902,MLBL,Aryatara Investment & Securities,Online Securities Pvt. Ltd.,200,418.0,83600.0,2025-08-03T14:39:06.833905
2025-08-03,22934,2025080303022903,MLBL,Kalika Securities Pvt. Ltd.,Online Securities Pvt. Ltd.,150,418.0,62700.0,2025-08-03T14:39:06.833975
2025-08-03,22751,2025080303022959,MLBL,Neev Securities Pvt. Ltd.,Online Securities Pvt. Ltd.,227,418.0,94886.0,2025-08-03T14:39:23.757633
2025-08-03,22684,2025080303022973,MLBL,K.B.L. Securities Limited ,Dipshikha Dhitopatra Karobar Co. Pvt Ltd.,300,417.8,125340.0,2025-08-03T14:39:29.38579
2025-08-03,22457,2025080303023002,MLBL,K.B.L. Securities Limited ,Thrive Brokerage House Pvt. Ltd,500,417.8,208900.0,2025-08-03T14:39:52.99819
2025-08-03,22209,2025080303023050,MLBL,K.B.L. Securities Limited ,Sumeru Securities Pvt. Ltd.,10,417.8,4178.0,2025-08-03T14:40:09.740746
2025-08-03,22128,2025080303023074,MLBL,K.B.L. Securities Limited ,Secured Securities Ltd.,309,417.8,129100.2,2025-08-03T14:40:16.258782
2025-08-03,22027,2025080303023088,MLBL,K.B.L. Securities Limited ,Primo Securities (PVT) Ltd.,500,417.8,208900.0,2025-08-03T14:40:26.602301
2025-08-03,21753,2025080303023137,MLBL,Naasa Securities Co. Ltd.,ABC Securities Private Limited,10,419.5,4195.0,2025-08-03T14:40:53.349505
2025-08-03,21675,2025080303023146,MLBL,K.B.L. Securities Limited ,Cristal Kanchanjanga Securites Pvt. Ltd.,183,417.8,76457.4,2025-08-03T14:40:58.307537
2025-08-03,21105,2025080303023262,MLBL,K.B.L. Securities Limited ,Cristal Kanchanjanga Securites Pvt. Ltd.,62,417.8,25903.6,2025-08-03T14:41:39.54685
2025-08-03,20447,2025080303023384,MLBL,Online Securities Pvt. Ltd.,Oxford Securities Pvt. Ltd.,30,418.0,12540.0,2025-08-03T14:42:19.924935
2025-08-03,20361,2025080303023407,MLBL,Online Securities Pvt. Ltd.,Vision Securities Pvt. Ltd,90,418.0,37620.0,2025-08-03T14:42:25.719797
2025-08-03,19733,2025080303023516,MLBL,K.B.L. Securities Limited ,Online Securities Pvt. Ltd.,50,417.8,20890.0,2025-08-03T14:43:13.452939
2025-08-03,19600,2025080303023537,MLBL,K.B.L. Securities Limited ,Sipla Securities Private Limited,86,417.8,35930.8,2025-08-03T14:43:24.240672
2025-08-03,18916,2025080303023702,MLBL,Sundhara Securities Limited,Sipla Securities Private Limited,10,417.8,4178.0,2025-08-03T14:44:19.88171
2025-08-03,18666,2025080303023746,MLBL,Kumari Securities Private Limited,Naasa Securities Co. Ltd.,300,417.5,125250.0,2025-08-03T14:44:33.261805
2025-08-03,17704,2025080303024005,MLBL,Kumari Securities Private Limited,Kohinoor Investment & Securities Pvt. Ltd.,58,417.5,24215.0,2025-08-03T14:45:36.079803
2025-08-03,17236,2025080303024090,MLBL,Kumari Securities Private Limited,Midas Stock Broking Company Private Limited,500,417.5,208750.0,2025-08-03T14:46:19.655226
2025-08-03,16679,2025080303024234,MLBL,R.B.B. Securities Company Ltd,Aryatara Investment & Securities,50,417.9,20895.0,2025-08-03T14:47:01.919063
2025-08-03,16644,2025080303024250,MLBL,Kumari Securities Private Limited,Dakshinkali Investment & Securities Pvt. Ltd.,35,417.5,14612.5,2025-08-03T14:47:04.475537
2025-08-03,16619,2025080303024253,MLBL,Sumeru Securities Pvt. Ltd.,Aryatara Investment & Securities,150,417.9,62685.0,2025-08-03T14:47:06.589486
2025-08-03,16618,2025080303024254,MLBL,Sumeru Securities Pvt. Ltd.,Vision Securities Pvt. Ltd,350,418.0,146300.0,2025-08-03T14:47:06.589692
2025-08-03,16566,2025080303024257,MLBL,Imperial Securities Company Pvt. Ltd.,Vision Securities Pvt. Ltd,560,418.0,234080.0,2025-08-03T14:47:10.086314
2025-08-03,16331,2025080303024296,MLBL,Imperial Securities Company Pvt. Ltd.,Online Securities Pvt. Ltd.,410,418.0,171380.0,2025-08-03T14:47:22.369046
2025-08-03,16082,2025080303024328,MLBL,R.B.B. Securities Company Ltd,Online Securities Pvt. Ltd.,50,418.0,20900.0,2025-08-03T14:47:35.01307
2025-08-03,16074,2025080303024330,MLBL,South Asian Bulls Pvt. Ltd.,Online Securities Pvt. Ltd.,549,418.0,229482.0,2025-08-03T14:47:35.593748
2025-08-03,15854,2025080303024381,MLBL,Agrawal Securities (PVT) Ltd.,Vision Securities Pvt. Ltd,300,419.0,125700.0,2025-08-03T14:47:51.830259
2025-08-03,15749,2025080303024397,MLBL,Imperial Securities Company Pvt. Ltd.,Vision Securities Pvt. Ltd,190,419.0,79610.0,2025-08-03T14:48:00.477615
2025-08-03,15748,2025080303024398,MLBL,Imperial Securities Company Pvt. Ltd.,Vision Securities Pvt. Ltd,100,419.0,41900.0,2025-08-03T14:48:00.477805
2025-08-03,15747,2025080303024399,MLBL,Imperial Securities Company Pvt. Ltd.,ABC Securities Private Limited,10,419.0,4190.0,2025-08-03T14:48:00.47788
2025-08-03,15523,2025080303024450,MLBL,Garima Securities Limited,ABC Securities Private Limited,70,419.0,29330.0,2025-08-03T14:48:14.789143
2025-08-03,14887,2025080303024557,MLBL,Vision Securities Pvt. Ltd,Sipla Securities Private Limited,4,417.8,1671.2,2025-08-03T14:49:01.178211
2025-08-03,14717,2025080303024599,MLBL,Dynamic Money Managers Securities Pvt. Ltd.,ABC Securities Private Limited,300,419.5,125850.0,2025-08-03T14:49:12.744722
2025-08-03,14675,2025080303024610,MLBL,South Asian Bulls Pvt. Ltd.,ABC Securities Private Limited,90,419.5,37755.0,2025-08-03T14:49:16.906593
2025-08-03,14609,2025080303024636,MLBL,South Asian Bulls Pvt. Ltd.,Infinity Securities Limited,300,419.5,125850.0,2025-08-03T14:49:21.413283
2025-08-03,14608,2025080303024637,MLBL,Garima Securities Limited,Infinity Securities Limited,150,419.0,62850.0,2025-08-03T14:49:21.413319
2025-08-03,14607,2025080303024638,MLBL,Sani Securities Company Ltd.,Infinity Securities Limited,10,419.0,4190.0,2025-08-03T14:49:21.413349
2025-08-03,14606,2025080303024639,MLBL,Sani Securities Company Ltd.,Infinity Securities Limited,200,418.0,83600.0,2025-08-03T14:49:21.413373
2025-08-03,14605,2025080303024640,MLBL,South Asian Bulls Pvt. Ltd.,Infinity Securities Limited,340,417.6,141984.0,2025-08-03T14:49:21.413412
2025-08-03,14548,2025080303024655,MLBL,Naasa Securities Co. Ltd.,Vision Securities Pvt. Ltd,10,420.0,4200.0,2025-08-03T14:49:28.16367
2025-08-03,12829,2025080303025011,MLBL,South Asian Bulls Pvt. Ltd.,Aryatara Investment & Securities,100,419.5,41950.0,2025-08-03T14:51:18.604638
2025-08-03,12828,2025080303025012,MLBL,South Asian Bulls Pvt. Ltd.,Sewa Securities Pvt. Ltd.,500,419.5,209750.0,2025-08-03T14:51:18.604832
2025-08-03,12827,2025080303025013,MLBL,South Asian Bulls Pvt. Ltd.,Vision Securities Pvt. Ltd,490,420.0,205800.0,2025-08-03T14:51:18.604928
2025-08-03,12826,2025080303025014,MLBL,South Asian Bulls Pvt. Ltd.,Dynamic Money Managers Securities Pvt. Ltd.,10,420.0,4200.0,2025-08-03T14:51:18.605005
2025-08-03,12452,2025080303025131,MLBL,Online Securities Pvt. Ltd.,Dynamic Money Managers Securities Pvt. Ltd.,602,420.0,252840.0,2025-08-03T14:51:42.782173
2025-08-03,12451,2025080303025132,MLBL,Online Securities Pvt. Ltd.,Sewa Securities Pvt. Ltd.,250,420.0,105000.0,2025-08-03T14:51:42.782363
2025-08-03,12450,2025080303025133,MLBL,Online Securities Pvt. Ltd.,ABC Securities Private Limited,218,420.0,91560.0,2025-08-03T14:51:42.782465
2025-08-03,11347,2025080303025335,MLBL,Linch Stock Market Ltd.,Dakshinkali Investment & Securities Pvt. Ltd.,100,419.0,41900.0,2025-08-03T14:52:45.740777
2025-08-03,10694,2025080303025452,MLBL,Imperial Securities Company Pvt. Ltd.,Dakshinkali Investment & Securities Pvt. Ltd.,55,419.0,23045.0,2025-08-03T14:53:30.13587
2025-08-03,10565,2025080303025481,MLBL,Sani Securities Company Ltd.,Naasa Securities Co. Ltd.,47,418.0,19646.0,2025-08-03T14:53:37.271982
2025-08-03,10238,2025080303025565,MLBL,Sani Securities Company Ltd.,Neev Securities Pvt. Ltd.,53,418.0,22154.0,2025-08-03T14:54:00.679245
2025-08-03,10237,2025080303025566,MLBL,Himalayan Brokerage Company Limited,Neev Securities Pvt. Ltd.,50,418.0,20900.0,2025-08-03T14:54:00.679595
2025-08-03,9649,2025080303025651,MLBL,Online Securities Pvt. Ltd.,Neev Securities Pvt. Ltd.,100,418.0,41800.0,2025-08-03T14:54:28.807101
2025-08-03,9647,2025080303025652,MLBL,Online Securities Pvt. Ltd.,Dakshinkali Investment & Securities Pvt. Ltd.,100,417.8,41780.0,2025-08-03T14:54:29.13016
2025-08-03,9646,2025080303025653,MLBL,Kumari Securities Private Limited,Dakshinkali Investment & Securities Pvt. Ltd.,107,417.5,44672.5,2025-08-03T14:54:29.130416
2025-08-03,9645,2025080303025654,MLBL,Sundhara Securities Limited,Dakshinkali Investment & Securities Pvt. Ltd.,10,417.5,4175.0,2025-08-03T14:54:29.130493
2025-08-03,9644,2025080303025655,MLBL,Asian Securities Private Ltd.,Dakshinkali Investment & Securities Pvt. Ltd.,628,417.5,262190.0,2025-08-03T14:54:29.130571
2025-08-03,9283,2025080303025734,MLBL,South Asian Bulls Pvt. Ltd.,Neev Securities Pvt. Ltd.,297,418.0,124146.0,2025-08-03T14:54:44.499196
2025-08-03,9282,2025080303025735,MLBL,South Asian Bulls Pvt. Ltd.,Nabil Stock Dealer Ltd.,1065,418.0,445170.0,2025-08-03T14:54:44.499386
2025-08-03,8649,2025080303025858,MLBL,South Asian Bulls Pvt. Ltd.,J.F. Securites (PVT) Ltd.,500,417.6,208800.0,2025-08-03T14:55:16.048255
2025-08-03,8330,2025080303025930,MLBL,South Asian Bulls Pvt. Ltd.,Vision Securities Pvt. Ltd,20,417.6,8352.0,2025-08-03T14:55:27.12774
2025-08-03,8220,2025080303025944,MLBL,South Asian Bulls Pvt. Ltd.,Kohinoor Investment & Securities Pvt. Ltd.,480,417.6,200448.0,2025-08-03T14:55:32.505592
2025-08-03,8219,2025080303025945,MLBL,Stoxkarts Securities Limited,Kohinoor Investment & Securities Pvt. Ltd.,162,417.5,67635.0,2025-08-03T14:55:32.505805
2025-08-03,7436,2025080303026135,MLBL,Neev Securities Pvt. Ltd.,Sani Securities Company Ltd.,400,419.0,167600.0,2025-08-03T14:56:16.389623
2025-08-03,6428,2025080303026330,MLBL,Vision Securities Pvt. Ltd,Naasa Securities Co. Ltd.,200,418.0,83600.0,2025-08-03T14:56:57.862666
2025-08-03,5712,2025080303026418,MLBL,Vision Securities Pvt. Ltd,Elite Stock House Limited,100,418.0,41800.0,2025-08-03T14:57:18.915451
2025-08-03,5711,2025080303026419,MLBL,Kalika Securities Pvt. Ltd.,Elite Stock House Limited,345,418.0,144210.0,2025-08-03T14:57:18.915652
2025-08-03,5418,2025080303026498,MLBL,Indira securities pvt. ltd,Elite Stock House Limited,100,418.0,41800.0,2025-08-03T14:57:32.106039
2025-08-03,5325,2025080303026525,MLBL,Shree Krishna Securities Ltd.,Elite Stock House Limited,155,418.0,64790.0,2025-08-03T14:57:36.726155
2025-08-03,5324,2025080303026526,MLBL,Shree Krishna Securities Ltd.,Aryatara Investment & Securities,10,419.0,4190.0,2025-08-03T14:57:36.726374
2025-08-03,5112,2025080303026562,MLBL,Shree Krishna Securities Ltd.,Primo Securities (PVT) Ltd.,75,419.0,31425.0,2025-08-03T14:57:41.82307
2025-08-03,3842,2025080303026829,MLBL,Imperial Securities Company Pvt. Ltd.,Secured Securities Ltd.,200,418.0,83600.0,2025-08-03T14:58:29.546717
2025-08-03,3841,2025080303026830,MLBL,Sundhara Securities Limited,Secured Securities Ltd.,47,417.9,19641.3,2025-08-03T14:58:29.546914
2025-08-03,3840,2025080303026831,MLBL,KALASH STOCK MARKET PVT. LTD.,Secured Securities Ltd.,100,417.9,41790.0,2025-08-03T14:58:29.546993
2025-08-03,3839,2025080303026832,MLBL,Dakshinkali Investment & Securities Pvt. Ltd.,Secured Securities Ltd.,100,417.8,41780.0,2025-08-03T14:58:29.547077
2025-08-03,3838,2025080303026833,MLBL,Stoxkarts Securities Limited,Secured Securities Ltd.,38,417.5,15865.0,2025-08-03T14:58:29.547152
2025-08-03,3837,2025080303026834,MLBL,ABC Securities Private Limited,Secured Securities Ltd.,70,417.5,29225.0,2025-08-03T14:58:29.547224
2025-08-03,3836,2025080303026835,MLBL,Online Securities Pvt. Ltd.,Secured Securities Ltd.,45,417.5,18787.5,2025-08-03T14:58:29.547291
2025-08-03,3295,2025080303026934,MLBL,Neev Securities Pvt. Ltd.,Sagarmatha Securities Private Limited,10,418.0,4180.0,2025-08-03T14:58:48.678189
2025-08-03,3294,2025080303026935,MLBL,Neev Securities Pvt. Ltd.,Primo Securities (PVT) Ltd.,115,419.0,48185.0,2025-08-03T14:58:48.678386
2025-08-03,1340,2025080303027292,MLBL,Kalika Securities Pvt. Ltd.,Cristal Kanchanjanga Securites Pvt. Ltd.,10,418.0,4180.0,2025-08-03T14:59:35.576307
2025-08-03,1339,2025080303027293,MLBL,Online Securities Pvt. Ltd.,Cristal Kanchanjanga Securites Pvt. Ltd.,205,417.5,85587.5,2025-08-03T14:59:35.576635
2025-08-03,1338,2025080303027294,MLBL,Linch Stock Market Ltd.,Cristal Kanchanjanga Securites Pvt. Ltd.,785,417.2,327502.0,2025-08-03T14:59:35.576861
2025-08-03,969,2025080303027371,MLBL,Midas Stock Broking Company Private Limited,Dynamic Money Managers Securities Pvt. Ltd.,10,418.9,4189.0,2025-08-03T14:59:43.870834
2025-08-03,514,2025080303027455,MLBL,Cristal Kanchanjanga Securites Pvt. Ltd.,Cristal Kanchanjanga Securites Pvt. Ltd.,100,418.0,41800.0,2025-08-03T14:59:52.729332
2025-08-03,513,2025080303027456,MLBL,Linch Stock Market Ltd.,Cristal Kanchanjanga Securites Pvt. Ltd.,215,417.2,89698.0,2025-08-03T14:59:52.72954
2025-08-03,512,2025080303027457,MLBL,Bhrikuti Stock Broking Co. Pvt. Ltd.,Cristal Kanchanjanga Securites Pvt. Ltd.,685,417.1,285713.5,2025-08-03T14:59:52.72962
2025-08-03,34,2025080303027561,MLBL,Bhrikuti Stock Broking Co. Pvt. Ltd.,Deevyaa Securities & Stock House Pvt. Ltd,200,417.1,83420.0,2025-08-03T14:59:59.561001
