Date,S.N.,Contract ID,Symbol,Buyer Broker,Seller Broker,volume,rate,amount,transaction_time
2025-08-03,152028,2025080304000043,NGPL,Asian Securities Private Ltd.,Online Securities Pvt. Ltd.,61,430.0,26230.0,2025-08-03T11:00:59.639464
2025-08-03,151624,2025080304000074,NGPL,Cristal Kanchanjanga Securites Pvt. Ltd.,Sumeru Securities Pvt. Ltd.,400,430.1,172040.0,2025-08-03T11:01:42.787184
2025-08-03,151423,2025080304000088,NGPL,Cristal Kanchanjanga Securites Pvt. Ltd.,Cristal Kanchanjanga Securites Pvt. Ltd.,100,430.1,43010.0,2025-08-03T11:02:05.205308
2025-08-03,151422,2025080304000089,NGPL,Midas Stock Broking Company Private Limited,Cristal Kanchanjanga Securites Pvt. Ltd.,1000,430.1,430100.0,2025-08-03T11:02:05.205406
2025-08-03,151421,2025080304000090,NGPL,Asian Securities Private Ltd.,Cristal Kanchanjanga Securites Pvt. Ltd.,639,430.0,274770.0,2025-08-03T11:02:05.205444
2025-08-03,151420,2025080304000091,NGPL,Sumeru Securities Pvt. Ltd.,Cristal Kanchanjanga Securites Pvt. Ltd.,1261,430.0,542230.0,2025-08-03T11:02:05.20549
2025-08-03,151180,2025080304000116,NGPL,Oxford Securities Pvt. Ltd.,Vision Securities Pvt. Ltd,300,432.0,129600.0,2025-08-03T11:02:24.920859
2025-08-03,151179,2025080304000117,NGPL,Sumeru Securities Pvt. Ltd.,Vision Securities Pvt. Ltd,400,430.0,172000.0,2025-08-03T11:02:24.920948
2025-08-03,150936,2025080304000130,NGPL,Nepal Investment And Securities Trading Private Limited,Online Securities Pvt. Ltd.,1000,432.0,432000.0,2025-08-03T11:02:45.724704
2025-08-03,150922,2025080304000132,NGPL,Nepal Investment And Securities Trading Private Limited,Cristal Kanchanjanga Securites Pvt. Ltd.,225,432.0,97200.0,2025-08-03T11:02:47.306252
2025-08-03,150678,2025080304000142,NGPL,Nepal Investment And Securities Trading Private Limited,Global IME Securities Limited,775,432.0,334800.0,2025-08-03T11:03:08.416911
2025-08-03,150677,2025080304000143,NGPL,ABC Securities Private Limited,Global IME Securities Limited,50,432.0,21600.0,2025-08-03T11:03:08.417027
2025-08-03,150585,2025080304000153,NGPL,Hatemalo Financial Services Private Limited,Global IME Securities Limited,100,432.0,43200.0,2025-08-03T11:03:17.485754
2025-08-03,150393,2025080304000171,NGPL,Shree Krishna Securities Ltd.,Cristal Kanchanjanga Securites Pvt. Ltd.,50,431.0,21550.0,2025-08-03T11:03:36.5427
2025-08-03,150297,2025080304000182,NGPL,Shree Krishna Securities Ltd.,MILKY WAY SHARE BROKER COMPANY LTD ,25,431.1,10777.5,2025-08-03T11:03:44.148271
2025-08-03,150296,2025080304000183,NGPL,Shree Krishna Securities Ltd.,MILKY WAY SHARE BROKER COMPANY LTD ,150,431.0,64650.0,2025-08-03T11:03:44.148399
2025-08-03,150295,2025080304000184,NGPL,Sumeru Securities Pvt. Ltd.,MILKY WAY SHARE BROKER COMPANY LTD ,339,430.0,145770.0,2025-08-03T11:03:44.148449
2025-08-03,150294,2025080304000185,NGPL,Asian Securities Private Ltd.,MILKY WAY SHARE BROKER COMPANY LTD ,100,430.0,43000.0,2025-08-03T11:03:44.148496
2025-08-03,150293,2025080304000186,NGPL,Online Securities Pvt. Ltd.,MILKY WAY SHARE BROKER COMPANY LTD ,386,430.0,165980.0,2025-08-03T11:03:44.148539
2025-08-03,150248,2025080304000189,NGPL,Opal Securities Investment (PVT) Ltd.,Global IME Securities Limited,100,432.0,43200.0,2025-08-03T11:03:48.498836
2025-08-03,150201,2025080304000206,NGPL,Imperial Securities Company Pvt. Ltd.,Global IME Securities Limited,500,432.0,216000.0,2025-08-03T11:03:52.052422
2025-08-03,149973,2025080304000228,NGPL,Sani Securities Company Ltd.,MILKY WAY SHARE BROKER COMPANY LTD ,700,430.1,301070.0,2025-08-03T11:04:10.221064
2025-08-03,149972,2025080304000229,NGPL,Online Securities Pvt. Ltd.,MILKY WAY SHARE BROKER COMPANY LTD ,74,430.0,31820.0,2025-08-03T11:04:10.221187
2025-08-03,149971,2025080304000230,NGPL,Agrawal Securities (PVT) Ltd.,MILKY WAY SHARE BROKER COMPANY LTD ,20,430.0,8600.0,2025-08-03T11:04:10.221234
2025-08-03,149970,2025080304000231,NGPL,Linch Stock Market Ltd.,MILKY WAY SHARE BROKER COMPANY LTD ,206,430.0,88580.0,2025-08-03T11:04:10.221279
2025-08-03,149852,2025080304000244,NGPL,Naasa Securities Co. Ltd.,Trishakti Securities Public Limited,100,430.0,43000.0,2025-08-03T11:04:22.358528
2025-08-03,149816,2025080304000248,NGPL,Linch Stock Market Ltd.,Trishakti Securities Public Limited,20,430.0,8600.0,2025-08-03T11:04:25.905547
2025-08-03,149676,2025080304000275,NGPL,Vision Securities Pvt. Ltd,Trishakti Securities Public Limited,260,430.0,111800.0,2025-08-03T11:04:35.149016
2025-08-03,149407,2025080304000303,NGPL,Prabhu Stock Market Limited,Trishakti Securities Public Limited,100,429.9,42990.0,2025-08-03T11:04:57.119402
2025-08-03,149263,2025080304000324,NGPL,Agrawal Securities (PVT) Ltd.,Trishakti Securities Public Limited,50,429.0,21450.0,2025-08-03T11:05:13.401651
2025-08-03,149262,2025080304000325,NGPL,Trademow Securities Private Limited,Trishakti Securities Public Limited,250,428.1,107025.0,2025-08-03T11:05:13.401786
2025-08-03,149261,2025080304000326,NGPL,Asian Securities Private Ltd.,Trishakti Securities Public Limited,200,428.0,85600.0,2025-08-03T11:05:13.401839
2025-08-03,149260,2025080304000327,NGPL,Sweta Securities Private Limited,Trishakti Securities Public Limited,200,428.0,85600.0,2025-08-03T11:05:13.401911
2025-08-03,149259,2025080304000328,NGPL,Agrawal Securities (PVT) Ltd.,Trishakti Securities Public Limited,100,428.0,42800.0,2025-08-03T11:05:13.40196
2025-08-03,149258,2025080304000329,NGPL,Linch Stock Market Ltd.,Trishakti Securities Public Limited,200,428.0,85600.0,2025-08-03T11:05:13.402008
2025-08-03,149242,2025080304000332,NGPL,Cristal Kanchanjanga Securites Pvt. Ltd.,Trishakti Securities Public Limited,720,430.0,309600.0,2025-08-03T11:05:15.242187
2025-08-03,149241,2025080304000333,NGPL,Cristal Kanchanjanga Securites Pvt. Ltd.,Sumeru Securities Pvt. Ltd.,430,430.0,184900.0,2025-08-03T11:05:15.242289
2025-08-03,149201,2025080304000339,NGPL,Cristal Kanchanjanga Securites Pvt. Ltd.,Online Securities Pvt. Ltd.,350,430.0,150500.0,2025-08-03T11:05:20.542309
2025-08-03,148943,2025080304000352,NGPL,Aryatara Investment & Securities,Online Securities Pvt. Ltd.,650,429.0,278850.0,2025-08-03T11:05:49.119737
2025-08-03,148831,2025080304000361,NGPL,Aryatara Investment & Securities,Trishakti Securities Public Limited,350,429.0,150150.0,2025-08-03T11:06:01.87827
2025-08-03,148830,2025080304000362,NGPL,Bhrikuti Stock Broking Co. Pvt. Ltd.,Trishakti Securities Public Limited,150,428.1,64215.0,2025-08-03T11:06:01.878428
2025-08-03,148829,2025080304000363,NGPL,Linch Stock Market Ltd.,Trishakti Securities Public Limited,100,428.0,42800.0,2025-08-03T11:06:01.878483
2025-08-03,148554,2025080304000397,NGPL,Dakshinkali Investment & Securities Pvt. Ltd.,ABC Securities Private Limited,1000,429.1,429100.0,2025-08-03T11:06:32.996439
2025-08-03,148553,2025080304000398,NGPL,Opal Securities Investment (PVT) Ltd.,ABC Securities Private Limited,100,428.0,42800.0,2025-08-03T11:06:32.996481
2025-08-03,148552,2025080304000399,NGPL,Cristal Kanchanjanga Securites Pvt. Ltd.,ABC Securities Private Limited,1000,428.0,428000.0,2025-08-03T11:06:32.996539
2025-08-03,148551,2025080304000400,NGPL,Premier Securities Company Ltd.,ABC Securities Private Limited,122,427.0,52094.0,2025-08-03T11:06:32.99656
2025-08-03,148408,2025080304000415,NGPL,Premier Securities Company Ltd.,ABC Securities Private Limited,378,427.0,161406.0,2025-08-03T11:06:46.10512
2025-08-03,148407,2025080304000416,NGPL,Agrawal Securities (PVT) Ltd.,ABC Securities Private Limited,100,427.0,42700.0,2025-08-03T11:06:46.105156
2025-08-03,148406,2025080304000417,NGPL,Sundhara Securities Limited,ABC Securities Private Limited,20,426.3,8526.0,2025-08-03T11:06:46.105182
2025-08-03,148405,2025080304000418,NGPL,Sweta Securities Private Limited,ABC Securities Private Limited,90,426.3,38367.0,2025-08-03T11:06:46.105209
2025-08-03,148404,2025080304000419,NGPL,Garima Securities Limited,ABC Securities Private Limited,1000,426.2,426200.0,2025-08-03T11:06:46.105235
2025-08-03,148403,2025080304000420,NGPL,Trisul Securities & Invt. Ltd.,ABC Securities Private Limited,500,426.1,213050.0,2025-08-03T11:06:46.10526
2025-08-03,148402,2025080304000421,NGPL,Trisul Securities & Invt. Ltd.,ABC Securities Private Limited,1000,426.1,426100.0,2025-08-03T11:06:46.105282
2025-08-03,148401,2025080304000422,NGPL,Imperial Securities Company Pvt. Ltd.,ABC Securities Private Limited,200,426.0,85200.0,2025-08-03T11:06:46.105307
2025-08-03,148400,2025080304000423,NGPL,Sumeru Securities Pvt. Ltd.,ABC Securities Private Limited,2000,426.0,852000.0,2025-08-03T11:06:46.10534
2025-08-03,148399,2025080304000424,NGPL,Dakshinkali Investment & Securities Pvt. Ltd.,ABC Securities Private Limited,267,425.0,113475.0,2025-08-03T11:06:46.105363
2025-08-03,148187,2025080304000453,NGPL,Asian Securities Private Ltd.,ABC Securities Private Limited,200,428.0,85600.0,2025-08-03T11:07:03.253486
2025-08-03,148186,2025080304000454,NGPL,Dakshinkali Investment & Securities Pvt. Ltd.,ABC Securities Private Limited,1733,425.0,736525.0,2025-08-03T11:07:03.253589
2025-08-03,148185,2025080304000455,NGPL,Asian Securities Private Ltd.,ABC Securities Private Limited,60,425.0,25500.0,2025-08-03T11:07:03.253689
2025-08-03,148184,2025080304000456,NGPL,Ashutosh Brokerage & Securities (PVT) Ltd.,ABC Securities Private Limited,100,425.0,42500.0,2025-08-03T11:07:03.25379
2025-08-03,148183,2025080304000457,NGPL,Naasa Securities Co. Ltd.,ABC Securities Private Limited,20,425.0,8500.0,2025-08-03T11:07:03.253891
2025-08-03,148182,2025080304000458,NGPL,Naasa Securities Co. Ltd.,ABC Securities Private Limited,450,425.0,191250.0,2025-08-03T11:07:03.253986
2025-08-03,148181,2025080304000459,NGPL,Hatemalo Financial Services Private Limited,ABC Securities Private Limited,100,425.0,42500.0,2025-08-03T11:07:03.254076
2025-08-03,148180,2025080304000460,NGPL,INDEX SECURITIES LIMITED,ABC Securities Private Limited,15000,425.0,6375000.0,2025-08-03T11:07:03.254171
2025-08-03,148179,2025080304000461,NGPL,Magnet Securities and Investment Company Private Limited,ABC Securities Private Limited,20,425.0,8500.0,2025-08-03T11:07:03.254249
2025-08-03,148178,2025080304000462,NGPL,Naasa Securities Co. Ltd.,ABC Securities Private Limited,97,425.0,41225.0,2025-08-03T11:07:03.254389
2025-08-03,148075,2025080304000473,NGPL,Sumeru Securities Pvt. Ltd.,ABC Securities Private Limited,1000,426.0,426000.0,2025-08-03T11:07:17.425406
2025-08-03,147981,2025080304000483,NGPL,Nepal Stock House (PVT) Ltd.,Blue Chip Securities Ltd,100,425.1,42510.0,2025-08-03T11:07:28.275406
2025-08-03,147980,2025080304000484,NGPL,Primo Securities (PVT) Ltd.,Blue Chip Securities Ltd,200,425.0,85000.0,2025-08-03T11:07:28.275555
2025-08-03,147979,2025080304000485,NGPL,Bhrikuti Stock Broking Co. Pvt. Ltd.,Blue Chip Securities Ltd,150,425.0,63750.0,2025-08-03T11:07:28.27561
2025-08-03,147978,2025080304000486,NGPL,Dipshikha Dhitopatra Karobar Co. Pvt Ltd.,Blue Chip Securities Ltd,500,425.0,212500.0,2025-08-03T11:07:28.275667
2025-08-03,147977,2025080304000487,NGPL,Agrawal Securities (PVT) Ltd.,Blue Chip Securities Ltd,100,425.0,42500.0,2025-08-03T11:07:28.275716
2025-08-03,147847,2025080304000494,NGPL,Aryatara Investment & Securities,Blue Chip Securities Ltd,100,425.0,42500.0,2025-08-03T11:07:34.729515
2025-08-03,147583,2025080304000517,NGPL,Sundhara Securities Limited,Blue Chip Securities Ltd,500,425.0,212500.0,2025-08-03T11:07:58.765425
2025-08-03,147568,2025080304000518,NGPL,Imperial Securities Company Pvt. Ltd.,Blue Chip Securities Ltd,500,425.0,212500.0,2025-08-03T11:08:00.623986
2025-08-03,147546,2025080304000519,NGPL,Dipshikha Dhitopatra Karobar Co. Pvt Ltd.,Blue Chip Securities Ltd,342,425.0,145350.0,2025-08-03T11:08:02.856681
2025-08-03,147445,2025080304000533,NGPL,Dipshikha Dhitopatra Karobar Co. Pvt Ltd.,Hatemalo Financial Services Private Limited,1000,425.0,425000.0,2025-08-03T11:08:11.341653
2025-08-03,147213,2025080304000572,NGPL,Vision Securities Pvt. Ltd,Sani Securities Company Ltd.,85,429.0,36465.0,2025-08-03T11:08:28.223799
2025-08-03,147101,2025080304000584,NGPL,SUN SECURITIES PVT LTD,Naasa Securities Co. Ltd.,47,425.1,19979.7,2025-08-03T11:08:38.872517
2025-08-03,146890,2025080304000608,NGPL,SUN SECURITIES PVT LTD,Online Securities Pvt. Ltd.,308,425.1,130930.8,2025-08-03T11:08:57.093207
2025-08-03,146208,2025080304000693,NGPL,Kohinoor Investment & Securities Pvt. Ltd.,Midas Stock Broking Company Private Limited,10,426.0,4260.0,2025-08-03T11:09:56.565491
2025-08-03,146087,2025080304000709,NGPL,Cristal Kanchanjanga Securites Pvt. Ltd.,Sharepro Securities Private Limited,430,425.3,182879.0,2025-08-03T11:10:06.009554
2025-08-03,146017,2025080304000717,NGPL,Trishakti Securities Public Limited,Midas Stock Broking Company Private Limited,160,426.0,68160.0,2025-08-03T11:10:12.615733
2025-08-03,145806,2025080304000757,NGPL,Cristal Kanchanjanga Securites Pvt. Ltd.,Thrive Brokerage House Pvt. Ltd,70,425.3,29771.0,2025-08-03T11:10:29.647535
2025-08-03,145805,2025080304000758,NGPL,Naasa Securities Co. Ltd.,Thrive Brokerage House Pvt. Ltd,100,425.3,42530.0,2025-08-03T11:10:29.647676
2025-08-03,145804,2025080304000759,NGPL,Malla & Malla Stock Broking Company Pvt. Limited,Thrive Brokerage House Pvt. Ltd,100,425.3,42530.0,2025-08-03T11:10:29.647737
2025-08-03,145803,2025080304000760,NGPL,Primo Securities (PVT) Ltd.,Thrive Brokerage House Pvt. Ltd,50,425.2,21260.0,2025-08-03T11:10:29.647803
2025-08-03,145802,2025080304000761,NGPL,Sani Securities Company Ltd.,Thrive Brokerage House Pvt. Ltd,116,425.2,49323.2,2025-08-03T11:10:29.647866
2025-08-03,145801,2025080304000762,NGPL,SUN SECURITIES PVT LTD,Thrive Brokerage House Pvt. Ltd,45,425.1,19129.5,2025-08-03T11:10:29.64793
2025-08-03,145800,2025080304000763,NGPL,Asian Securities Private Ltd.,Thrive Brokerage House Pvt. Ltd,200,425.1,85020.0,2025-08-03T11:10:29.647992
2025-08-03,145799,2025080304000764,NGPL,Stoxkarts Securities Limited,Thrive Brokerage House Pvt. Ltd,20,425.1,8502.0,2025-08-03T11:10:29.648053
2025-08-03,145798,2025080304000765,NGPL,Himalayan Brokerage Company Limited,Thrive Brokerage House Pvt. Ltd,449,425.0,190825.0,2025-08-03T11:10:29.648121
2025-08-03,145796,2025080304000766,NGPL,Trishakti Securities Public Limited,Sani Securities Company Ltd.,415,429.0,178035.0,2025-08-03T11:10:29.782474
2025-08-03,145795,2025080304000767,NGPL,Trishakti Securities Public Limited,Vision Securities Pvt. Ltd,85,429.0,36465.0,2025-08-03T11:10:29.782639
2025-08-03,145682,2025080304000783,NGPL,Himalayan Brokerage Company Limited,Thrive Brokerage House Pvt. Ltd,551,425.0,234175.0,2025-08-03T11:10:40.755768
2025-08-03,145681,2025080304000784,NGPL,Stoxkarts Securities Limited,Thrive Brokerage House Pvt. Ltd,30,425.0,12750.0,2025-08-03T11:10:40.756083
2025-08-03,145680,2025080304000785,NGPL,Imperial Securities Company Pvt. Ltd.,Thrive Brokerage House Pvt. Ltd,100,425.0,42500.0,2025-08-03T11:10:40.756305
2025-08-03,145679,2025080304000786,NGPL,Agrawal Securities (PVT) Ltd.,Thrive Brokerage House Pvt. Ltd,100,425.0,42500.0,2025-08-03T11:10:40.756556
2025-08-03,145678,2025080304000787,NGPL,Naasa Securities Co. Ltd.,Thrive Brokerage House Pvt. Ltd,200,425.0,85000.0,2025-08-03T11:10:40.756761
2025-08-03,145677,2025080304000788,NGPL,Dipshikha Dhitopatra Karobar Co. Pvt Ltd.,Thrive Brokerage House Pvt. Ltd,169,425.0,71825.0,2025-08-03T11:10:40.756966
2025-08-03,145375,2025080304000805,NGPL,Vision Securities Pvt. Ltd,Thrive Brokerage House Pvt. Ltd,100,426.0,42600.0,2025-08-03T11:10:59.80903
2025-08-03,145374,2025080304000806,NGPL,Naasa Securities Co. Ltd.,Thrive Brokerage House Pvt. Ltd,1050,425.2,446460.0,2025-08-03T11:10:59.809255
2025-08-03,145267,2025080304000818,NGPL,Online Securities Pvt. Ltd.,K.B.L. Securities Limited ,500,426.1,213050.0,2025-08-03T11:11:07.608717
2025-08-03,145190,2025080304000834,NGPL,Online Securities Pvt. Ltd.,Thrive Brokerage House Pvt. Ltd,500,426.1,213050.0,2025-08-03T11:11:13.86206
2025-08-03,145189,2025080304000835,NGPL,Dipshikha Dhitopatra Karobar Co. Pvt Ltd.,Thrive Brokerage House Pvt. Ltd,331,425.3,140774.3,2025-08-03T11:11:13.862374
2025-08-03,145188,2025080304000836,NGPL,Naasa Securities Co. Ltd.,Thrive Brokerage House Pvt. Ltd,319,425.2,135638.8,2025-08-03T11:11:13.862598
2025-08-03,144807,2025080304000895,NGPL,Online Securities Pvt. Ltd.,K.B.L. Securities Limited ,100,426.2,42620.0,2025-08-03T11:11:41.729551
2025-08-03,144806,2025080304000896,NGPL,Online Securities Pvt. Ltd.,K.B.L. Securities Limited ,200,425.3,85060.0,2025-08-03T11:11:41.729708
2025-08-03,144805,2025080304000897,NGPL,South Asian Bulls Pvt. Ltd.,K.B.L. Securities Limited ,50,425.3,21265.0,2025-08-03T11:11:41.729779
2025-08-03,144804,2025080304000898,NGPL,Naasa Securities Co. Ltd.,K.B.L. Securities Limited ,150,425.2,63780.0,2025-08-03T11:11:41.729846
2025-08-03,144673,2025080304000918,NGPL,Kohinoor Investment & Securities Pvt. Ltd.,K.B.L. Securities Limited ,800,425.3,340240.0,2025-08-03T11:11:52.819749
2025-08-03,144004,2025080304000985,NGPL,Sani Securities Company Ltd.,Deevyaa Securities & Stock House Pvt. Ltd,20,426.0,8520.0,2025-08-03T11:12:28.473605
2025-08-03,144003,2025080304000986,NGPL,J.F. Securites (PVT) Ltd.,Deevyaa Securities & Stock House Pvt. Ltd,1000,425.4,425400.0,2025-08-03T11:12:28.473808
2025-08-03,144002,2025080304000987,NGPL,Bhrikuti Stock Broking Co. Pvt. Ltd.,Deevyaa Securities & Stock House Pvt. Ltd,800,425.4,340320.0,2025-08-03T11:12:28.473885
2025-08-03,144001,2025080304000988,NGPL,Kohinoor Investment & Securities Pvt. Ltd.,Deevyaa Securities & Stock House Pvt. Ltd,200,425.3,85060.0,2025-08-03T11:12:28.473974
2025-08-03,144000,2025080304000989,NGPL,Creative Securities Pvt Ltd,Deevyaa Securities & Stock House Pvt. Ltd,300,425.3,127590.0,2025-08-03T11:12:28.474084
2025-08-03,143999,2025080304000990,NGPL,Trisul Securities & Invt. Ltd.,Deevyaa Securities & Stock House Pvt. Ltd,300,425.3,127590.0,2025-08-03T11:12:28.47417
2025-08-03,143998,2025080304000991,NGPL,Himalayan Brokerage Company Limited,Deevyaa Securities & Stock House Pvt. Ltd,200,425.3,85060.0,2025-08-03T11:12:28.474243
2025-08-03,143997,2025080304000992,NGPL,Naasa Securities Co. Ltd.,Deevyaa Securities & Stock House Pvt. Ltd,1180,425.2,501736.0,2025-08-03T11:12:28.474322
2025-08-03,143843,2025080304001029,NGPL,Naasa Securities Co. Ltd.,Himalayan Brokerage Company Limited,200,425.2,85040.0,2025-08-03T11:12:41.034814
2025-08-03,143336,2025080304001097,NGPL,Cristal Kanchanjanga Securites Pvt. Ltd.,Dakshinkali Investment & Securities Pvt. Ltd.,100,425.5,42550.0,2025-08-03T11:13:18.165984
2025-08-03,143187,2025080304001122,NGPL,Cristal Kanchanjanga Securites Pvt. Ltd.,Naasa Securities Co. Ltd.,33,425.5,14041.5,2025-08-03T11:13:27.710494
2025-08-03,143058,2025080304001134,NGPL,Naasa Securities Co. Ltd.,Sundhara Securities Limited,45,426.0,19170.0,2025-08-03T11:13:38.703746
2025-08-03,143057,2025080304001135,NGPL,Dakshinkali Investment & Securities Pvt. Ltd.,Sundhara Securities Limited,355,426.0,151230.0,2025-08-03T11:13:38.70391
2025-08-03,142872,2025080304001168,NGPL,Sundhara Securities Limited,Thrive Brokerage House Pvt. Ltd,120,427.8,51336.0,2025-08-03T11:13:53.813563
2025-08-03,142583,2025080304001209,NGPL,Dakshinkali Investment & Securities Pvt. Ltd.,Thrive Brokerage House Pvt. Ltd,145,426.0,61770.0,2025-08-03T11:14:20.641892
2025-08-03,142035,2025080304001306,NGPL,Shree Krishna Securities Ltd.,Secured Securities Ltd.,200,427.7,85540.0,2025-08-03T11:15:04.834219
2025-08-03,141795,2025080304001341,NGPL,Property Wiard Limited,Vision Securities Pvt. Ltd,120,426.0,51120.0,2025-08-03T11:15:22.675027
2025-08-03,141794,2025080304001342,NGPL,Naasa Securities Co. Ltd.,Vision Securities Pvt. Ltd,10,426.0,4260.0,2025-08-03T11:15:22.675236
2025-08-03,141793,2025080304001343,NGPL,Trisul Securities & Invt. Ltd.,Vision Securities Pvt. Ltd,200,426.0,85200.0,2025-08-03T11:15:22.675329
2025-08-03,141792,2025080304001344,NGPL,Sri Hari Securities Pvt. Ltd.,Vision Securities Pvt. Ltd,20,426.0,8520.0,2025-08-03T11:15:22.675417
2025-08-03,141752,2025080304001348,NGPL,Dakshinkali Investment & Securities Pvt. Ltd.,Vision Securities Pvt. Ltd,50,426.0,21300.0,2025-08-03T11:15:27.534612
2025-08-03,141383,2025080304001425,NGPL,Kohinoor Investment & Securities Pvt. Ltd.,Secured Securities Ltd.,10,427.7,4277.0,2025-08-03T11:15:58.273796
2025-08-03,141277,2025080304001435,NGPL,Dakshinkali Investment & Securities Pvt. Ltd.,ABC Securities Private Limited,50,426.0,21300.0,2025-08-03T11:16:06.196069
2025-08-03,141276,2025080304001436,NGPL,Naasa Securities Co. Ltd.,ABC Securities Private Limited,100,426.0,42600.0,2025-08-03T11:16:06.196131
2025-08-03,141275,2025080304001437,NGPL,Aryatara Investment & Securities,ABC Securities Private Limited,32,425.7,13622.4,2025-08-03T11:16:06.196162
2025-08-03,141274,2025080304001438,NGPL,Naasa Securities Co. Ltd.,ABC Securities Private Limited,100,425.6,42560.0,2025-08-03T11:16:06.196198
2025-08-03,141273,2025080304001439,NGPL,INDEX SECURITIES LIMITED,ABC Securities Private Limited,1000,425.6,425600.0,2025-08-03T11:16:06.196227
2025-08-03,141272,2025080304001440,NGPL,Cristal Kanchanjanga Securites Pvt. Ltd.,ABC Securities Private Limited,367,425.5,156158.5,2025-08-03T11:16:06.196266
2025-08-03,141271,2025080304001441,NGPL,Linch Stock Market Ltd.,ABC Securities Private Limited,20,425.3,8506.0,2025-08-03T11:16:06.196296
2025-08-03,141270,2025080304001442,NGPL,Vision Securities Pvt. Ltd,ABC Securities Private Limited,553,425.3,235190.9,2025-08-03T11:16:06.196329
2025-08-03,141202,2025080304001457,NGPL,Vision Securities Pvt. Ltd,ABC Securities Private Limited,447,425.3,190109.1,2025-08-03T11:16:14.359231
2025-08-03,141201,2025080304001458,NGPL,Naasa Securities Co. Ltd.,ABC Securities Private Limited,101,425.3,42955.3,2025-08-03T11:16:14.359289
2025-08-03,141200,2025080304001459,NGPL,Aryatara Investment & Securities,ABC Securities Private Limited,100,425.2,42520.0,2025-08-03T11:16:14.359327
2025-08-03,141199,2025080304001460,NGPL,Oxford Securities Pvt. Ltd.,ABC Securities Private Limited,200,425.2,85040.0,2025-08-03T11:16:14.359352
2025-08-03,141198,2025080304001461,NGPL,Kumari Securities Private Limited,ABC Securities Private Limited,500,425.2,212600.0,2025-08-03T11:16:14.359378
2025-08-03,141197,2025080304001462,NGPL,Nepal Stock House (PVT) Ltd.,ABC Securities Private Limited,50,425.2,21260.0,2025-08-03T11:16:14.359401
2025-08-03,141196,2025080304001463,NGPL,Linch Stock Market Ltd.,ABC Securities Private Limited,290,425.1,123279.0,2025-08-03T11:16:14.359427
2025-08-03,141195,2025080304001464,NGPL,Imperial Securities Company Pvt. Ltd.,ABC Securities Private Limited,300,425.0,127500.0,2025-08-03T11:16:14.359471
2025-08-03,141194,2025080304001465,NGPL,Creative Securities Pvt Ltd,ABC Securities Private Limited,115,425.0,48875.0,2025-08-03T11:16:14.359499
2025-08-03,141193,2025080304001466,NGPL,Naasa Securities Co. Ltd.,ABC Securities Private Limited,20,425.0,8500.0,2025-08-03T11:16:14.359521
2025-08-03,141192,2025080304001467,NGPL,Naasa Securities Co. Ltd.,ABC Securities Private Limited,490,425.0,208250.0,2025-08-03T11:16:14.359544
2025-08-03,141191,2025080304001468,NGPL,Sani Securities Company Ltd.,ABC Securities Private Limited,200,425.0,85000.0,2025-08-03T11:16:14.359568
2025-08-03,141190,2025080304001469,NGPL,Naasa Securities Co. Ltd.,ABC Securities Private Limited,100,425.0,42500.0,2025-08-03T11:16:14.359591
2025-08-03,141189,2025080304001470,NGPL,Sumeru Securities Pvt. Ltd.,ABC Securities Private Limited,1000,425.0,425000.0,2025-08-03T11:16:14.359613
2025-08-03,141188,2025080304001471,NGPL,Stoxkarts Securities Limited,ABC Securities Private Limited,50,425.0,21250.0,2025-08-03T11:16:14.359636
2025-08-03,141187,2025080304001472,NGPL,Elite Stock House Limited,ABC Securities Private Limited,1000,425.0,425000.0,2025-08-03T11:16:14.359658
2025-08-03,141186,2025080304001473,NGPL,Nepal Stock House (PVT) Ltd.,ABC Securities Private Limited,100,425.0,42500.0,2025-08-03T11:16:14.35968
2025-08-03,141185,2025080304001474,NGPL,Ashutosh Brokerage & Securities (PVT) Ltd.,ABC Securities Private Limited,492,425.0,209100.0,2025-08-03T11:16:14.359706
2025-08-03,141173,2025080304001482,NGPL,Sundhara Securities Limited,Agrawal Securities (PVT) Ltd.,100,425.0,42500.0,2025-08-03T11:16:14.790704
2025-08-03,140920,2025080304001520,NGPL,Siprabi Securities Pvt. Ltd.,Kohinoor Investment & Securities Pvt. Ltd.,280,426.0,119280.0,2025-08-03T11:16:37.594859
2025-08-03,140919,2025080304001521,NGPL,Naasa Securities Co. Ltd.,Kohinoor Investment & Securities Pvt. Ltd.,100,425.1,42510.0,2025-08-03T11:16:37.595078
2025-08-03,140918,2025080304001522,NGPL,Sundhara Securities Limited,Kohinoor Investment & Securities Pvt. Ltd.,120,425.0,51000.0,2025-08-03T11:16:37.595158
2025-08-03,140332,2025080304001610,NGPL,Secured Securities Ltd.,Siprabi Securities Pvt. Ltd.,100,427.6,42760.0,2025-08-03T11:17:27.948209
2025-08-03,140276,2025080304001620,NGPL,Dipshikha Dhitopatra Karobar Co. Pvt Ltd.,Thrive Brokerage House Pvt. Ltd,40,425.1,17004.0,2025-08-03T11:17:33.395745
2025-08-03,140275,2025080304001621,NGPL,Naasa Securities Co. Ltd.,Thrive Brokerage House Pvt. Ltd,100,425.1,42510.0,2025-08-03T11:17:33.395958
2025-08-03,140274,2025080304001622,NGPL,Vision Securities Pvt. Ltd,Thrive Brokerage House Pvt. Ltd,1000,425.1,425100.0,2025-08-03T11:17:33.396102
2025-08-03,140273,2025080304001623,NGPL,Sweta Securities Private Limited,Thrive Brokerage House Pvt. Ltd,10,425.1,4251.0,2025-08-03T11:17:33.396196
2025-08-03,140199,2025080304001634,NGPL,Sweta Securities Private Limited,Naasa Securities Co. Ltd.,15,425.1,6376.5,2025-08-03T11:17:40.399197
2025-08-03,140108,2025080304001653,NGPL,Naasa Securities Co. Ltd.,Thrive Brokerage House Pvt. Ltd,350,425.2,148820.0,2025-08-03T11:17:48.620787
2025-08-03,140107,2025080304001654,NGPL,Sweta Securities Private Limited,Thrive Brokerage House Pvt. Ltd,175,425.1,74392.5,2025-08-03T11:17:48.620999
2025-08-03,140106,2025080304001655,NGPL,Naasa Securities Co. Ltd.,Thrive Brokerage House Pvt. Ltd,625,425.1,265687.5,2025-08-03T11:17:48.621093
2025-08-03,140101,2025080304001656,NGPL,Naasa Securities Co. Ltd.,Aakashbhairab Securities Ltd.,200,425.1,85020.0,2025-08-03T11:17:49.689354
2025-08-03,139623,2025080304001721,NGPL,Oxford Securities Pvt. Ltd.,Secured Securities Ltd.,200,425.5,85100.0,2025-08-03T11:18:25.189745
2025-08-03,139622,2025080304001722,NGPL,Dynamic Money Managers Securities Pvt. Ltd.,Secured Securities Ltd.,500,425.2,212600.0,2025-08-03T11:18:25.190226
2025-08-03,139621,2025080304001723,NGPL,Naasa Securities Co. Ltd.,Secured Securities Ltd.,175,425.1,74392.5,2025-08-03T11:18:25.190528
2025-08-03,139508,2025080304001739,NGPL,Vision Securities Pvt. Ltd,Secured Securities Ltd.,1000,425.1,425100.0,2025-08-03T11:18:33.967898
2025-08-03,139497,2025080304001741,NGPL,Naasa Securities Co. Ltd.,Secured Securities Ltd.,100,425.1,42510.0,2025-08-03T11:18:35.103396
2025-08-03,139486,2025080304001744,NGPL,Sundhara Securities Limited,Nabil Stock Dealer Ltd.,80,425.0,34000.0,2025-08-03T11:18:36.414958
2025-08-03,139485,2025080304001745,NGPL,Online Securities Pvt. Ltd.,Nabil Stock Dealer Ltd.,100,425.0,42500.0,2025-08-03T11:18:36.415173
2025-08-03,139484,2025080304001746,NGPL,Online Securities Pvt. Ltd.,Nabil Stock Dealer Ltd.,20,425.0,8500.0,2025-08-03T11:18:36.415269
2025-08-03,139397,2025080304001757,NGPL,Online Securities Pvt. Ltd.,MILKY WAY SHARE BROKER COMPANY LTD ,480,425.0,204000.0,2025-08-03T11:18:41.792928
2025-08-03,139396,2025080304001758,NGPL,Aryatara Investment & Securities,MILKY WAY SHARE BROKER COMPANY LTD ,197,425.0,83725.0,2025-08-03T11:18:41.793145
2025-08-03,139395,2025080304001759,NGPL,Dynamic Money Managers Securities Pvt. Ltd.,MILKY WAY SHARE BROKER COMPANY LTD ,1000,425.0,425000.0,2025-08-03T11:18:41.793239
2025-08-03,139394,2025080304001760,NGPL,Himalayan Brokerage Company Limited,MILKY WAY SHARE BROKER COMPANY LTD ,550,425.0,233750.0,2025-08-03T11:18:41.79334
2025-08-03,139393,2025080304001761,NGPL,Sri Hari Securities Pvt. Ltd.,MILKY WAY SHARE BROKER COMPANY LTD ,18,425.0,7650.0,2025-08-03T11:18:41.793437
2025-08-03,139392,2025080304001762,NGPL,N.M.B. SECURITIES LIMITED,MILKY WAY SHARE BROKER COMPANY LTD ,118,425.0,50150.0,2025-08-03T11:18:41.793527
2025-08-03,139391,2025080304001763,NGPL,Nepal Investment And Securities Trading Private Limited,MILKY WAY SHARE BROKER COMPANY LTD ,50,425.0,21250.0,2025-08-03T11:18:41.793615
2025-08-03,139390,2025080304001764,NGPL,Nepal Investment And Securities Trading Private Limited,MILKY WAY SHARE BROKER COMPANY LTD ,300,425.0,127500.0,2025-08-03T11:18:41.793704
2025-08-03,139389,2025080304001765,NGPL,Aakashbhairab Securities Ltd.,MILKY WAY SHARE BROKER COMPANY LTD ,500,425.0,212500.0,2025-08-03T11:18:41.793794
2025-08-03,139388,2025080304001766,NGPL,Imperial Securities Company Pvt. Ltd.,MILKY WAY SHARE BROKER COMPANY LTD ,100,425.0,42500.0,2025-08-03T11:18:41.793883
2025-08-03,139387,2025080304001767,NGPL,Vision Securities Pvt. Ltd,MILKY WAY SHARE BROKER COMPANY LTD ,500,425.0,212500.0,2025-08-03T11:18:41.793974
2025-08-03,139386,2025080304001768,NGPL,Bhrikuti Stock Broking Co. Pvt. Ltd.,MILKY WAY SHARE BROKER COMPANY LTD ,500,425.0,212500.0,2025-08-03T11:18:41.794059
2025-08-03,139385,2025080304001769,NGPL,Property Wiard Limited,MILKY WAY SHARE BROKER COMPANY LTD ,100,425.0,42500.0,2025-08-03T11:18:41.794143
2025-08-03,139188,2025080304001793,NGPL,Naasa Securities Co. Ltd.,Imperial Securities Company Pvt. Ltd.,3,425.1,1275.3,2025-08-03T11:18:53.939269
2025-08-03,139132,2025080304001806,NGPL,Oxford Securities Pvt. Ltd.,MILKY WAY SHARE BROKER COMPANY LTD ,37,425.0,15725.0,2025-08-03T11:18:59.627276
2025-08-03,139094,2025080304001809,NGPL,Prabhu Stock Market Limited,MILKY WAY SHARE BROKER COMPANY LTD ,550,425.0,233750.0,2025-08-03T11:19:02.807471
2025-08-03,139093,2025080304001810,NGPL,Prabhu Stock Market Limited,Kumari Securities Private Limited,37,425.0,15725.0,2025-08-03T11:19:02.807514
2025-08-03,139073,2025080304001818,NGPL,Himalayan Brokerage Company Limited,Kumari Securities Private Limited,83,425.0,35275.0,2025-08-03T11:19:04.529456
2025-08-03,139020,2025080304001824,NGPL,Vision Securities Pvt. Ltd,Secured Securities Ltd.,2805,425.1,1192405.5,2025-08-03T11:19:10.58601
2025-08-03,138524,2025080304001890,NGPL,Vision Securities Pvt. Ltd,Aryatara Investment & Securities,195,425.1,82894.5,2025-08-03T11:19:49.817035
2025-08-03,138523,2025080304001891,NGPL,K.B.L. Securities Limited ,Aryatara Investment & Securities,1000,425.1,425100.0,2025-08-03T11:19:49.81726
2025-08-03,138522,2025080304001892,NGPL,Naasa Securities Co. Ltd.,Aryatara Investment & Securities,500,425.1,212550.0,2025-08-03T11:19:49.817373
2025-08-03,138521,2025080304001893,NGPL,Himalayan Brokerage Company Limited,Aryatara Investment & Securities,17,425.0,7225.0,2025-08-03T11:19:49.817474
2025-08-03,138520,2025080304001894,NGPL,Magnet Securities and Investment Company Private Limited,Aryatara Investment & Securities,50,425.0,21250.0,2025-08-03T11:19:49.81757
2025-08-03,138519,2025080304001895,NGPL,Primo Securities (PVT) Ltd.,Aryatara Investment & Securities,538,425.0,228650.0,2025-08-03T11:19:49.817663
2025-08-03,138489,2025080304001897,NGPL,J.F. Securites (PVT) Ltd.,Naasa Securities Co. Ltd.,114,425.1,48461.4,2025-08-03T11:19:52.966476
2025-08-03,138411,2025080304001909,NGPL,J.F. Securites (PVT) Ltd.,Naasa Securities Co. Ltd.,155,425.1,65890.5,2025-08-03T11:19:58.823541
2025-08-03,138296,2025080304001921,NGPL,Cristal Kanchanjanga Securites Pvt. Ltd.,Thrive Brokerage House Pvt. Ltd,500,427.0,213500.0,2025-08-03T11:20:09.194486
2025-08-03,138150,2025080304001941,NGPL,Online Securities Pvt. Ltd.,Thrive Brokerage House Pvt. Ltd,50,427.0,21350.0,2025-08-03T11:20:20.645979
2025-08-03,138036,2025080304001946,NGPL,Linch Stock Market Ltd.,Online Securities Pvt. Ltd.,100,426.0,42600.0,2025-08-03T11:20:24.767972
2025-08-03,138034,2025080304001947,NGPL,Vision Securities Pvt. Ltd,Thrive Brokerage House Pvt. Ltd,600,427.0,256200.0,2025-08-03T11:20:24.865025
2025-08-03,138033,2025080304001948,NGPL,Vision Securities Pvt. Ltd,Neev Securities Pvt. Ltd.,400,427.0,170800.0,2025-08-03T11:20:24.865222
2025-08-03,137922,2025080304001968,NGPL,Primo Securities (PVT) Ltd.,Neev Securities Pvt. Ltd.,100,427.0,42700.0,2025-08-03T11:20:31.102937
2025-08-03,137576,2025080304002013,NGPL,Cristal Kanchanjanga Securites Pvt. Ltd.,Siprabi Securities Pvt. Ltd.,25,427.6,10690.0,2025-08-03T11:20:48.426754
2025-08-03,137484,2025080304002028,NGPL,Premier Securities Company Ltd.,Siprabi Securities Pvt. Ltd.,125,427.6,53450.0,2025-08-03T11:20:55.84158
2025-08-03,137483,2025080304002029,NGPL,Premier Securities Company Ltd.,Secured Securities Ltd.,490,427.7,209573.0,2025-08-03T11:20:55.841867
2025-08-03,137482,2025080304002030,NGPL,Premier Securities Company Ltd.,Ashutosh Brokerage & Securities (PVT) Ltd.,200,427.7,85540.0,2025-08-03T11:20:55.842051
2025-08-03,137481,2025080304002031,NGPL,Premier Securities Company Ltd.,Thrive Brokerage House Pvt. Ltd,1030,427.8,440634.0,2025-08-03T11:20:55.84218
2025-08-03,137480,2025080304002032,NGPL,Premier Securities Company Ltd.,Thrive Brokerage House Pvt. Ltd,155,427.8,66309.0,2025-08-03T11:20:55.842374
2025-08-03,137158,2025080304002096,NGPL,Online Securities Pvt. Ltd.,Thrive Brokerage House Pvt. Ltd,70,427.8,29946.0,2025-08-03T11:21:20.130017
2025-08-03,136905,2025080304002117,NGPL,Sipla Securities Private Limited,Thrive Brokerage House Pvt. Ltd,30,427.8,12834.0,2025-08-03T11:21:37.670556
2025-08-03,136895,2025080304002118,NGPL,Aryatara Investment & Securities,Thrive Brokerage House Pvt. Ltd,100,427.8,42780.0,2025-08-03T11:21:38.387268
2025-08-03,136735,2025080304002146,NGPL,Shree Krishna Securities Ltd.,Thrive Brokerage House Pvt. Ltd,100,427.8,42780.0,2025-08-03T11:21:49.384785
2025-08-03,136623,2025080304002173,NGPL,Bhrikuti Stock Broking Co. Pvt. Ltd.,Thrive Brokerage House Pvt. Ltd,700,427.8,299460.0,2025-08-03T11:21:54.766509
2025-08-03,136518,2025080304002197,NGPL,Asian Securities Private Ltd.,Pragyan Securities (PVT) Ltd.,900,428.0,385200.0,2025-08-03T11:22:00.742716
2025-08-03,136293,2025080304002213,NGPL,Premier Securities Company Ltd.,Vision Securities Pvt. Ltd,56,429.0,24024.0,2025-08-03T11:22:15.525238
2025-08-03,136292,2025080304002214,NGPL,Premier Securities Company Ltd.,APPLE SECURITIES PRIVATE LIMITED,250,429.0,107250.0,2025-08-03T11:22:15.525512
2025-08-03,136189,2025080304002231,NGPL,Neev Securities Pvt. Ltd.,Sweta Securities Private Limited,500,429.1,214550.0,2025-08-03T11:22:21.942551
2025-08-03,136101,2025080304002240,NGPL,Premier Securities Company Ltd.,MILKY WAY SHARE BROKER COMPANY LTD ,694,429.0,297726.0,2025-08-03T11:22:29.526923
2025-08-03,136100,2025080304002241,NGPL,Deevyaa Securities & Stock House Pvt. Ltd,MILKY WAY SHARE BROKER COMPANY LTD ,306,429.0,131274.0,2025-08-03T11:22:29.527243
2025-08-03,136095,2025080304002243,NGPL,Bhrikuti Stock Broking Co. Pvt. Ltd.,Sweta Securities Private Limited,210,429.1,90111.0,2025-08-03T11:22:30.073137
2025-08-03,136016,2025080304002262,NGPL,Investment Management Nepal Pvt. Ltd.,Sweta Securities Private Limited,10,429.1,4291.0,2025-08-03T11:22:37.370815
2025-08-03,135941,2025080304002282,NGPL,Deevyaa Securities & Stock House Pvt. Ltd,MILKY WAY SHARE BROKER COMPANY LTD ,1694,429.0,726726.0,2025-08-03T11:22:41.56552
2025-08-03,135940,2025080304002283,NGPL,Imperial Securities Company Pvt. Ltd.,MILKY WAY SHARE BROKER COMPANY LTD ,200,429.0,85800.0,2025-08-03T11:22:41.565771
2025-08-03,135939,2025080304002284,NGPL,Sani Securities Company Ltd.,MILKY WAY SHARE BROKER COMPANY LTD ,100,429.0,42900.0,2025-08-03T11:22:41.565887
2025-08-03,135845,2025080304002307,NGPL,Secured Securities Ltd.,Dynamic Money Managers Securities Pvt. Ltd.,500,429.0,214500.0,2025-08-03T11:22:48.166088
2025-08-03,135823,2025080304002317,NGPL,Cristal Kanchanjanga Securites Pvt. Ltd.,Sweta Securities Private Limited,280,429.1,120148.0,2025-08-03T11:22:49.294602
2025-08-03,135821,2025080304002319,NGPL,Imperial Securities Company Pvt. Ltd.,Online Securities Pvt. Ltd.,150,429.5,64425.0,2025-08-03T11:22:49.388363
2025-08-03,135793,2025080304002320,NGPL,Asian Securities Private Ltd.,Online Securities Pvt. Ltd.,118,429.5,50681.0,2025-08-03T11:22:52.305938
2025-08-03,135792,2025080304002321,NGPL,Asian Securities Private Ltd.,Sumeru Securities Pvt. Ltd.,500,430.0,215000.0,2025-08-03T11:22:52.306305
2025-08-03,135791,2025080304002322,NGPL,Asian Securities Private Ltd.,Aryatara Investment & Securities,500,430.0,215000.0,2025-08-03T11:22:52.306434
2025-08-03,135790,2025080304002323,NGPL,Asian Securities Private Ltd.,Deevyaa Securities & Stock House Pvt. Ltd,55,430.0,23650.0,2025-08-03T11:22:52.306569
2025-08-03,135789,2025080304002324,NGPL,Asian Securities Private Ltd.,Asian Securities Private Ltd.,200,430.0,86000.0,2025-08-03T11:22:52.306746
2025-08-03,135788,2025080304002325,NGPL,Asian Securities Private Ltd.,Online Securities Pvt. Ltd.,200,430.0,86000.0,2025-08-03T11:22:52.306862
2025-08-03,135787,2025080304002326,NGPL,Asian Securities Private Ltd.,Dynamic Money Managers Securities Pvt. Ltd.,43,430.0,18490.0,2025-08-03T11:22:52.306967
2025-08-03,135786,2025080304002327,NGPL,Asian Securities Private Ltd.,Sani Securities Company Ltd.,50,430.0,21500.0,2025-08-03T11:22:52.307095
2025-08-03,135785,2025080304002328,NGPL,Asian Securities Private Ltd.,Sani Securities Company Ltd.,100,430.0,43000.0,2025-08-03T11:22:52.307223
2025-08-03,135784,2025080304002329,NGPL,Asian Securities Private Ltd.,Infinity Securities Limited,400,430.0,172000.0,2025-08-03T11:22:52.307338
2025-08-03,135783,2025080304002330,NGPL,Asian Securities Private Ltd.,Naasa Securities Co. Ltd.,200,430.0,86000.0,2025-08-03T11:22:52.307442
2025-08-03,135782,2025080304002331,NGPL,Asian Securities Private Ltd.,Naasa Securities Co. Ltd.,200,430.0,86000.0,2025-08-03T11:22:52.307559
2025-08-03,135781,2025080304002332,NGPL,Asian Securities Private Ltd.,Dakshinkali Investment & Securities Pvt. Ltd.,2000,430.0,860000.0,2025-08-03T11:22:52.307677
2025-08-03,135754,2025080304002333,NGPL,Asian Securities Private Ltd.,Nagarik Stock Dealer ,159,430.0,68370.0,2025-08-03T11:22:53.163056
2025-08-03,134725,2025080304002485,NGPL,Dakshinkali Investment & Securities Pvt. Ltd.,Trishakti Securities Public Limited,100,431.9,43190.0,2025-08-03T11:23:57.9999
2025-08-03,134291,2025080304002582,NGPL,Cristal Kanchanjanga Securites Pvt. Ltd.,Midas Stock Broking Company Private Limited,25,431.0,10775.0,2025-08-03T11:24:29.780076
2025-08-03,134225,2025080304002591,NGPL,Vision Securities Pvt. Ltd,Midas Stock Broking Company Private Limited,50,431.0,21550.0,2025-08-03T11:24:34.219563
2025-08-03,134218,2025080304002592,NGPL,Dakshinkali Investment & Securities Pvt. Ltd.,Midas Stock Broking Company Private Limited,25,431.0,10775.0,2025-08-03T11:24:34.769873
2025-08-03,134149,2025080304002605,NGPL,Trisul Securities & Invt. Ltd.,Trishakti Securities Public Limited,330,431.9,142527.0,2025-08-03T11:24:39.746096
2025-08-03,134116,2025080304002608,NGPL,Dynamic Money Managers Securities Pvt. Ltd.,Trishakti Securities Public Limited,70,431.9,30233.0,2025-08-03T11:24:42.071336
2025-08-03,134115,2025080304002609,NGPL,Dynamic Money Managers Securities Pvt. Ltd.,Sundhara Securities Limited,1000,431.9,431900.0,2025-08-03T11:24:42.071593
2025-08-03,134114,2025080304002610,NGPL,Dynamic Money Managers Securities Pvt. Ltd.,Deevyaa Securities & Stock House Pvt. Ltd,200,431.9,86380.0,2025-08-03T11:24:42.071785
2025-08-03,134113,2025080304002611,NGPL,Dynamic Money Managers Securities Pvt. Ltd.,Vision Securities Pvt. Ltd,680,432.0,293760.0,2025-08-03T11:24:42.072118
2025-08-03,134112,2025080304002612,NGPL,Dynamic Money Managers Securities Pvt. Ltd.,Shree Krishna Securities Ltd.,50,432.0,21600.0,2025-08-03T11:24:42.072463
2025-08-03,134078,2025080304002618,NGPL,Cristal Kanchanjanga Securites Pvt. Ltd.,Shree Krishna Securities Ltd.,50,432.0,21600.0,2025-08-03T11:24:43.941036
2025-08-03,134077,2025080304002619,NGPL,Cristal Kanchanjanga Securites Pvt. Ltd.,Online Securities Pvt. Ltd.,50,432.0,21600.0,2025-08-03T11:24:43.941073
2025-08-03,134076,2025080304002620,NGPL,Premier Securities Company Ltd.,Online Securities Pvt. Ltd.,1000,432.0,432000.0,2025-08-03T11:24:43.981581
2025-08-03,133939,2025080304002649,NGPL,Market Securities & Exchange (PVT) Ltd.,Sweta Securities Private Limited,500,431.8,215900.0,2025-08-03T11:24:55.12822
2025-08-03,133901,2025080304002652,NGPL,Bhrikuti Stock Broking Co. Pvt. Ltd.,MILKY WAY SHARE BROKER COMPANY LTD ,700,431.0,301700.0,2025-08-03T11:24:58.506581
2025-08-03,133886,2025080304002653,NGPL,Cristal Kanchanjanga Securites Pvt. Ltd.,MILKY WAY SHARE BROKER COMPANY LTD ,40,431.0,17240.0,2025-08-03T11:25:00.02399
2025-08-03,133657,2025080304002689,NGPL,Agrawal Securities (PVT) Ltd.,MILKY WAY SHARE BROKER COMPANY LTD ,100,431.0,43100.0,2025-08-03T11:25:18.095786
2025-08-03,133646,2025080304002695,NGPL,Secured Securities Ltd.,MILKY WAY SHARE BROKER COMPANY LTD ,41,431.0,17671.0,2025-08-03T11:25:18.666905
2025-08-03,133645,2025080304002696,NGPL,Secured Securities Ltd.,INDEX SECURITIES LIMITED,459,431.0,197829.0,2025-08-03T11:25:18.667155
2025-08-03,133435,2025080304002729,NGPL,Dipshikha Dhitopatra Karobar Co. Pvt Ltd.,INDEX SECURITIES LIMITED,930,431.0,400830.0,2025-08-03T11:25:36.789003
2025-08-03,133371,2025080304002740,NGPL,Prabhu Stock Market Limited,INDEX SECURITIES LIMITED,500,431.0,215500.0,2025-08-03T11:25:40.92038
2025-08-03,133183,2025080304002769,NGPL,Linch Stock Market Ltd.,Vision Securities Pvt. Ltd,114,430.7,49099.8,2025-08-03T11:25:54.761292
2025-08-03,133182,2025080304002770,NGPL,Cristal Kanchanjanga Securites Pvt. Ltd.,Vision Securities Pvt. Ltd,86,430.6,37031.6,2025-08-03T11:25:54.761549
2025-08-03,132700,2025080304002865,NGPL,Cristal Kanchanjanga Securites Pvt. Ltd.,ABC Securities Private Limited,134,430.6,57700.4,2025-08-03T11:26:24.387918
2025-08-03,132699,2025080304002866,NGPL,Dakshinkali Investment & Securities Pvt. Ltd.,ABC Securities Private Limited,16,430.6,6889.6,2025-08-03T11:26:24.388208
2025-08-03,132643,2025080304002877,NGPL,Dakshinkali Investment & Securities Pvt. Ltd.,INDEX SECURITIES LIMITED,84,430.6,36170.4,2025-08-03T11:26:29.854977
2025-08-03,132642,2025080304002878,NGPL,Himalayan Brokerage Company Limited,INDEX SECURITIES LIMITED,500,430.5,215250.0,2025-08-03T11:26:29.855266
2025-08-03,132641,2025080304002879,NGPL,Opal Securities Investment (PVT) Ltd.,INDEX SECURITIES LIMITED,200,430.1,86020.0,2025-08-03T11:26:29.855396
2025-08-03,132640,2025080304002880,NGPL,Asian Securities Private Ltd.,INDEX SECURITIES LIMITED,216,430.0,92880.0,2025-08-03T11:26:29.855514
2025-08-03,132616,2025080304002892,NGPL,Capital Max Securities Ltd,INDEX SECURITIES LIMITED,111,431.0,47841.0,2025-08-03T11:26:31.593754
2025-08-03,132615,2025080304002893,NGPL,Capital Max Securities Ltd,Trishakti Securities Public Limited,240,431.0,103440.0,2025-08-03T11:26:31.59388
2025-08-03,132614,2025080304002894,NGPL,Capital Max Securities Ltd,Dipshikha Dhitopatra Karobar Co. Pvt Ltd.,740,431.0,318940.0,2025-08-03T11:26:31.593951
2025-08-03,132613,2025080304002895,NGPL,Capital Max Securities Ltd,Sweta Securities Private Limited,500,431.8,215900.0,2025-08-03T11:26:31.59406
2025-08-03,132612,2025080304002896,NGPL,Capital Max Securities Ltd,Market Securities & Exchange (PVT) Ltd.,1000,431.9,431900.0,2025-08-03T11:26:31.594131
2025-08-03,132611,2025080304002897,NGPL,Capital Max Securities Ltd,Nepal Stock House (PVT) Ltd.,100,431.9,43190.0,2025-08-03T11:26:31.594219
2025-08-03,132610,2025080304002898,NGPL,Capital Max Securities Ltd,Online Securities Pvt. Ltd.,1250,432.0,540000.0,2025-08-03T11:26:31.594289
2025-08-03,132609,2025080304002899,NGPL,Capital Max Securities Ltd,Dipshikha Dhitopatra Karobar Co. Pvt Ltd.,500,432.0,216000.0,2025-08-03T11:26:31.594376
2025-08-03,132608,2025080304002900,NGPL,Capital Max Securities Ltd,Himalayan Brokerage Company Limited,500,432.0,216000.0,2025-08-03T11:26:31.594452
2025-08-03,132607,2025080304002901,NGPL,Capital Max Securities Ltd,Asian Securities Private Ltd.,209,432.0,90288.0,2025-08-03T11:26:31.594518
2025-08-03,132606,2025080304002902,NGPL,Capital Max Securities Ltd,Malla & Malla Stock Broking Company Pvt. Limited,850,432.0,367200.0,2025-08-03T11:26:31.594582
2025-08-03,132502,2025080304002918,NGPL,Sipla Securities Private Limited,Malla & Malla Stock Broking Company Pvt. Limited,300,432.0,129600.0,2025-08-03T11:26:41.802928
2025-08-03,131983,2025080304002953,NGPL,Naasa Securities Co. Ltd.,Sharepro Securities Private Limited,20,430.6,8612.0,2025-08-03T11:27:10.688515
2025-08-03,131982,2025080304002954,NGPL,Elite Stock House Limited,Sharepro Securities Private Limited,670,430.6,288502.0,2025-08-03T11:27:10.688558
2025-08-03,131937,2025080304002960,NGPL,Vision Securities Pvt. Ltd,Opal Securities Investment (PVT) Ltd.,615,431.9,265618.5,2025-08-03T11:27:15.637818
2025-08-03,131928,2025080304002961,NGPL,Vision Securities Pvt. Ltd,Sweta Securities Private Limited,385,431.9,166281.5,2025-08-03T11:27:17.172774
2025-08-03,131776,2025080304002967,NGPL,Trishakti Securities Public Limited,Sweta Securities Private Limited,500,431.8,215900.0,2025-08-03T11:27:25.825756
2025-08-03,131681,2025080304002976,NGPL,Trishakti Securities Public Limited,Sweta Securities Private Limited,115,431.8,49657.0,2025-08-03T11:27:33.901011
2025-08-03,131610,2025080304002989,NGPL,Thrive Brokerage House Pvt. Ltd,Malla & Malla Stock Broking Company Pvt. Limited,350,432.0,151200.0,2025-08-03T11:27:40.364696
2025-08-03,131609,2025080304002990,NGPL,Thrive Brokerage House Pvt. Ltd,Sajilo Broker Limited,150,432.0,64800.0,2025-08-03T11:27:40.364988
2025-08-03,131510,2025080304003008,NGPL,Deevyaa Securities & Stock House Pvt. Ltd,Sajilo Broker Limited,300,432.0,129600.0,2025-08-03T11:27:49.674968
2025-08-03,131420,2025080304003025,NGPL,Naasa Securities Co. Ltd.,Sajilo Broker Limited,22,432.0,9504.0,2025-08-03T11:27:55.462458
2025-08-03,131419,2025080304003026,NGPL,Naasa Securities Co. Ltd.,Pragyan Securities (PVT) Ltd.,15,432.0,6480.0,2025-08-03T11:27:55.462747
2025-08-03,131418,2025080304003027,NGPL,Naasa Securities Co. Ltd.,Aryatara Investment & Securities,10,432.0,4320.0,2025-08-03T11:27:55.462869
2025-08-03,131364,2025080304003038,NGPL,INDEX SECURITIES LIMITED,Siprabi Securities Pvt. Ltd.,100,432.9,43290.0,2025-08-03T11:28:02.153594
2025-08-03,131363,2025080304003039,NGPL,INDEX SECURITIES LIMITED,Sundhara Securities Limited,200,432.9,86580.0,2025-08-03T11:28:02.15389
2025-08-03,131362,2025080304003040,NGPL,INDEX SECURITIES LIMITED,Market Securities & Exchange (PVT) Ltd.,1000,432.9,432900.0,2025-08-03T11:28:02.154018
2025-08-03,131361,2025080304003041,NGPL,INDEX SECURITIES LIMITED,Dipshikha Dhitopatra Karobar Co. Pvt Ltd.,1000,433.0,433000.0,2025-08-03T11:28:02.15414
2025-08-03,131360,2025080304003042,NGPL,INDEX SECURITIES LIMITED,Trisul Securities & Invt. Ltd.,500,433.0,216500.0,2025-08-03T11:28:02.154275
2025-08-03,131359,2025080304003043,NGPL,INDEX SECURITIES LIMITED,Opal Securities Investment (PVT) Ltd.,200,433.0,86600.0,2025-08-03T11:28:02.154411
2025-08-03,131358,2025080304003044,NGPL,INDEX SECURITIES LIMITED,Siprabi Securities Pvt. Ltd.,50,433.0,21650.0,2025-08-03T11:28:02.154679
2025-08-03,131357,2025080304003045,NGPL,INDEX SECURITIES LIMITED,ABC Securities Private Limited,1000,433.0,433000.0,2025-08-03T11:28:02.154813
2025-08-03,131356,2025080304003046,NGPL,INDEX SECURITIES LIMITED,Opal Securities Investment (PVT) Ltd.,150,433.0,64950.0,2025-08-03T11:28:02.15494
2025-08-03,131355,2025080304003047,NGPL,INDEX SECURITIES LIMITED,Online Securities Pvt. Ltd.,300,433.0,129900.0,2025-08-03T11:28:02.155064
2025-08-03,131085,2025080304003083,NGPL,Naasa Securities Co. Ltd.,Dynamic Money Managers Securities Pvt. Ltd.,500,432.0,216000.0,2025-08-03T11:28:25.372488
2025-08-03,131030,2025080304003092,NGPL,Naasa Securities Co. Ltd.,Online Securities Pvt. Ltd.,100,433.0,43300.0,2025-08-03T11:28:32.354548
2025-08-03,130892,2025080304003107,NGPL,Premier Securities Company Ltd.,Sri Hari Securities Pvt. Ltd.,500,432.9,216450.0,2025-08-03T11:28:46.128331
2025-08-03,130891,2025080304003108,NGPL,Premier Securities Company Ltd.,Online Securities Pvt. Ltd.,100,433.0,43300.0,2025-08-03T11:28:46.128666
2025-08-03,130890,2025080304003109,NGPL,Premier Securities Company Ltd.,Naasa Securities Co. Ltd.,100,433.0,43300.0,2025-08-03T11:28:46.128794
2025-08-03,130771,2025080304003125,NGPL,Premier Securities Company Ltd.,Trishakti Securities Public Limited,300,433.0,129900.0,2025-08-03T11:28:55.514758
2025-08-03,130752,2025080304003131,NGPL,Asian Securities Private Ltd.,Trishakti Securities Public Limited,100,433.0,43300.0,2025-08-03T11:28:57.918189
2025-08-03,130751,2025080304003132,NGPL,Asian Securities Private Ltd.,Naasa Securities Co. Ltd.,100,433.0,43300.0,2025-08-03T11:28:57.918503
2025-08-03,130552,2025080304003161,NGPL,Naasa Securities Co. Ltd.,Kumari Securities Private Limited,50,432.0,21600.0,2025-08-03T11:29:14.910635
2025-08-03,130549,2025080304003163,NGPL,Naasa Securities Co. Ltd.,Online Securities Pvt. Ltd.,380,432.0,164160.0,2025-08-03T11:29:15.117255
2025-08-03,130534,2025080304003169,NGPL,Stoxkarts Securities Limited,Naasa Securities Co. Ltd.,200,433.0,86600.0,2025-08-03T11:29:17.189554
2025-08-03,130533,2025080304003170,NGPL,Stoxkarts Securities Limited,Market Securities & Exchange (PVT) Ltd.,800,433.4,346720.0,2025-08-03T11:29:17.189843
2025-08-03,130377,2025080304003196,NGPL,Capital Max Securities Ltd,Aryatara Investment & Securities,20,433.3,8666.0,2025-08-03T11:29:33.353677
2025-08-03,130376,2025080304003197,NGPL,Capital Max Securities Ltd,Market Securities & Exchange (PVT) Ltd.,155,433.4,67177.0,2025-08-03T11:29:33.35397
2025-08-03,130263,2025080304003210,NGPL,Stoxkarts Securities Limited,Dipshikha Dhitopatra Karobar Co. Pvt Ltd.,500,433.0,216500.0,2025-08-03T11:29:45.013231
2025-08-03,130117,2025080304003232,NGPL,Sani Securities Company Ltd.,Sweta Securities Private Limited,200,432.9,86580.0,2025-08-03T11:30:02.739517
2025-08-03,129938,2025080304003257,NGPL,Bhrikuti Stock Broking Co. Pvt. Ltd.,Nepal Stock House (PVT) Ltd.,200,432.1,86420.0,2025-08-03T11:30:22.632344
2025-08-03,129793,2025080304003280,NGPL,Capital Max Securities Ltd,Sweta Securities Private Limited,300,432.9,129870.0,2025-08-03T11:30:37.628668
2025-08-03,129792,2025080304003281,NGPL,Capital Max Securities Ltd,Dipshikha Dhitopatra Karobar Co. Pvt Ltd.,1000,433.0,433000.0,2025-08-03T11:30:37.628722
2025-08-03,129791,2025080304003282,NGPL,Capital Max Securities Ltd,Sharepro Securities Private Limited,700,433.0,303100.0,2025-08-03T11:30:37.62875
2025-08-03,129789,2025080304003283,NGPL,Midas Stock Broking Company Private Limited,Sharepro Securities Private Limited,300,433.0,129900.0,2025-08-03T11:30:37.720788
2025-08-03,129736,2025080304003291,NGPL,Midas Stock Broking Company Private Limited,Trisul Securities & Invt. Ltd.,120,433.0,51960.0,2025-08-03T11:30:43.026822
2025-08-03,129652,2025080304003307,NGPL,Midas Stock Broking Company Private Limited,Naasa Securities Co. Ltd.,80,433.0,34640.0,2025-08-03T11:30:51.197506
2025-08-03,129583,2025080304003330,NGPL,Bhrikuti Stock Broking Co. Pvt. Ltd.,South Asian Bulls Pvt. Ltd.,250,432.1,108025.0,2025-08-03T11:31:00.015571
2025-08-03,129574,2025080304003331,NGPL,Vision Securities Pvt. Ltd,South Asian Bulls Pvt. Ltd.,100,432.1,43210.0,2025-08-03T11:31:00.993992
2025-08-03,129523,2025080304003344,NGPL,Naasa Securities Co. Ltd.,Nepal Stock House (PVT) Ltd.,23,432.0,9936.0,2025-08-03T11:31:06.63118
2025-08-03,129522,2025080304003345,NGPL,Sweta Securities Private Limited,Nepal Stock House (PVT) Ltd.,30,432.0,12960.0,2025-08-03T11:31:06.631539
2025-08-03,129521,2025080304003346,NGPL,Sweta Securities Private Limited,Nepal Stock House (PVT) Ltd.,30,432.0,12960.0,2025-08-03T11:31:06.631688
2025-08-03,129520,2025080304003347,NGPL,Neev Securities Pvt. Ltd.,Nepal Stock House (PVT) Ltd.,117,432.0,50544.0,2025-08-03T11:31:06.631844
2025-08-03,129488,2025080304003354,NGPL,Trisul Securities & Invt. Ltd.,Naasa Securities Co. Ltd.,400,433.0,173200.0,2025-08-03T11:31:11.250471
2025-08-03,129455,2025080304003356,NGPL,Malla & Malla Stock Broking Company Pvt. Limited,Kumari Securities Private Limited,45,432.1,19444.5,2025-08-03T11:31:15.722418
2025-08-03,129370,2025080304003369,NGPL,Stoxkarts Securities Limited,Naasa Securities Co. Ltd.,20,433.0,8660.0,2025-08-03T11:31:24.525334
2025-08-03,129369,2025080304003370,NGPL,Stoxkarts Securities Limited,MILKY WAY SHARE BROKER COMPANY LTD ,80,433.0,34640.0,2025-08-03T11:31:24.525677
2025-08-03,129317,2025080304003379,NGPL,Malla & Malla Stock Broking Company Pvt. Limited,South Asian Bulls Pvt. Ltd.,155,432.1,66975.5,2025-08-03T11:31:31.247465
2025-08-03,129316,2025080304003380,NGPL,Naasa Securities Co. Ltd.,South Asian Bulls Pvt. Ltd.,500,432.1,216050.0,2025-08-03T11:31:31.247806
2025-08-03,129264,2025080304003394,NGPL,Naasa Securities Co. Ltd.,MILKY WAY SHARE BROKER COMPANY LTD ,1500,433.0,649500.0,2025-08-03T11:31:39.252908
2025-08-03,129172,2025080304003403,NGPL,Pragyan Securities (PVT) Ltd.,MILKY WAY SHARE BROKER COMPANY LTD ,100,433.0,43300.0,2025-08-03T11:31:47.201505
2025-08-03,128792,2025080304003454,NGPL,Oxford Securities Pvt. Ltd.,South Asian Bulls Pvt. Ltd.,100,432.2,43220.0,2025-08-03T11:32:27.793413
2025-08-03,128791,2025080304003455,NGPL,Neev Securities Pvt. Ltd.,South Asian Bulls Pvt. Ltd.,113,432.0,48816.0,2025-08-03T11:32:27.793738
2025-08-03,128790,2025080304003456,NGPL,Online Securities Pvt. Ltd.,South Asian Bulls Pvt. Ltd.,500,432.0,216000.0,2025-08-03T11:32:27.79388
2025-08-03,128789,2025080304003457,NGPL,Trishakti Securities Public Limited,South Asian Bulls Pvt. Ltd.,400,431.9,172760.0,2025-08-03T11:32:27.794016
2025-08-03,128695,2025080304003468,NGPL,Trishakti Securities Public Limited,Market Securities & Exchange (PVT) Ltd.,45,431.9,19435.5,2025-08-03T11:32:35.175483
2025-08-03,128525,2025080304003496,NGPL,Trishakti Securities Public Limited,Sipla Securities Private Limited,55,431.9,23754.5,2025-08-03T11:32:53.880049
2025-08-03,128485,2025080304003499,NGPL,Sani Securities Company Ltd.,Online Securities Pvt. Ltd.,90,432.0,38880.0,2025-08-03T11:32:57.526751
2025-08-03,128457,2025080304003503,NGPL,South Asian Bulls Pvt. Ltd.,Online Securities Pvt. Ltd.,410,432.0,177120.0,2025-08-03T11:32:59.950917
2025-08-03,128456,2025080304003504,NGPL,South Asian Bulls Pvt. Ltd.,South Asian Bulls Pvt. Ltd.,300,432.9,129870.0,2025-08-03T11:32:59.951222
2025-08-03,128455,2025080304003505,NGPL,South Asian Bulls Pvt. Ltd.,ABC Securities Private Limited,1000,432.9,432900.0,2025-08-03T11:32:59.951369
2025-08-03,128454,2025080304003506,NGPL,South Asian Bulls Pvt. Ltd.,MILKY WAY SHARE BROKER COMPANY LTD ,290,433.0,125570.0,2025-08-03T11:32:59.951506
2025-08-03,128333,2025080304003524,NGPL,Sri Hari Securities Pvt. Ltd.,Vision Securities Pvt. Ltd,300,432.0,129600.0,2025-08-03T11:33:08.964089
2025-08-03,128332,2025080304003525,NGPL,Aryatara Investment & Securities,Vision Securities Pvt. Ltd,115,431.8,49657.0,2025-08-03T11:33:08.96442
2025-08-03,128331,2025080304003526,NGPL,Trishakti Securities Public Limited,Vision Securities Pvt. Ltd,200,431.5,86300.0,2025-08-03T11:33:08.964606
2025-08-03,128330,2025080304003527,NGPL,Trishakti Securities Public Limited,Vision Securities Pvt. Ltd,100,431.0,43100.0,2025-08-03T11:33:08.964797
2025-08-03,128329,2025080304003528,NGPL,Trishakti Securities Public Limited,Vision Securities Pvt. Ltd,150,431.0,64650.0,2025-08-03T11:33:08.96497
2025-08-03,128328,2025080304003529,NGPL,Vision Securities Pvt. Ltd,Vision Securities Pvt. Ltd,1000,430.7,430700.0,2025-08-03T11:33:08.965139
2025-08-03,128327,2025080304003530,NGPL,Elite Stock House Limited,Vision Securities Pvt. Ltd,1330,430.6,572698.0,2025-08-03T11:33:08.965352
2025-08-03,128326,2025080304003531,NGPL,Asian Securities Private Ltd.,Vision Securities Pvt. Ltd,59,430.0,25370.0,2025-08-03T11:33:08.965518
2025-08-03,128325,2025080304003532,NGPL,Miyo Securities Pvt Ltd,Vision Securities Pvt. Ltd,300,430.0,129000.0,2025-08-03T11:33:08.965847
2025-08-03,128324,2025080304003533,NGPL,N.M.B. SECURITIES LIMITED,Vision Securities Pvt. Ltd,500,430.0,215000.0,2025-08-03T11:33:08.965989
2025-08-03,128323,2025080304003534,NGPL,Imperial Securities Company Pvt. Ltd.,Vision Securities Pvt. Ltd,2000,430.0,860000.0,2025-08-03T11:33:08.966125
2025-08-03,128322,2025080304003535,NGPL,Naasa Securities Co. Ltd.,Vision Securities Pvt. Ltd,334,430.0,143620.0,2025-08-03T11:33:08.966264
2025-08-03,128321,2025080304003536,NGPL,Sani Securities Company Ltd.,Vision Securities Pvt. Ltd,300,430.0,129000.0,2025-08-03T11:33:08.966408
2025-08-03,128320,2025080304003537,NGPL,Aryatara Investment & Securities,Vision Securities Pvt. Ltd,100,430.0,43000.0,2025-08-03T11:33:08.966543
2025-08-03,128319,2025080304003538,NGPL,Trisul Securities & Invt. Ltd.,Vision Securities Pvt. Ltd,500,430.0,215000.0,2025-08-03T11:33:08.966679
2025-08-03,128318,2025080304003539,NGPL,Malla & Malla Stock Broking Company Pvt. Limited,Vision Securities Pvt. Ltd,100,430.0,43000.0,2025-08-03T11:33:08.966822
2025-08-03,128317,2025080304003540,NGPL,Secured Securities Ltd.,Vision Securities Pvt. Ltd,50,430.0,21500.0,2025-08-03T11:33:08.966954
2025-08-03,128316,2025080304003541,NGPL,Secured Securities Ltd.,Vision Securities Pvt. Ltd,300,430.0,129000.0,2025-08-03T11:33:08.967085
2025-08-03,128315,2025080304003542,NGPL,Miyo Securities Pvt Ltd,Vision Securities Pvt. Ltd,600,430.0,258000.0,2025-08-03T11:33:08.967217
2025-08-03,128303,2025080304003547,NGPL,South Asian Bulls Pvt. Ltd.,Vision Securities Pvt. Ltd,1000,430.0,430000.0,2025-08-03T11:33:10.03808
2025-08-03,127750,2025080304003643,NGPL,South Asian Bulls Pvt. Ltd.,Vision Securities Pvt. Ltd,200,430.0,86000.0,2025-08-03T11:33:50.613713
2025-08-03,127724,2025080304003649,NGPL,Pragyan Securities (PVT) Ltd.,Vision Securities Pvt. Ltd,50,430.0,21500.0,2025-08-03T11:33:52.905616
2025-08-03,127673,2025080304003653,NGPL,Kalika Securities Pvt. Ltd.,Vision Securities Pvt. Ltd,220,430.0,94600.0,2025-08-03T11:33:56.14197
2025-08-03,127540,2025080304003681,NGPL,Asian Securities Private Ltd.,Vision Securities Pvt. Ltd,3492,430.0,1501560.0,2025-08-03T11:34:03.601798
2025-08-03,127539,2025080304003682,NGPL,Asian Securities Private Ltd.,Dipshikha Dhitopatra Karobar Co. Pvt Ltd.,10,430.0,4300.0,2025-08-03T11:34:03.602121
2025-08-03,127250,2025080304003752,NGPL,Naasa Securities Co. Ltd.,Imperial Securities Company Pvt. Ltd.,100,431.0,43100.0,2025-08-03T11:34:23.611917
2025-08-03,127178,2025080304003766,NGPL,Asian Securities Private Ltd.,MILKY WAY SHARE BROKER COMPANY LTD ,1498,430.0,644140.0,2025-08-03T11:34:27.78821
2025-08-03,127177,2025080304003767,NGPL,Imperial Securities Company Pvt. Ltd.,MILKY WAY SHARE BROKER COMPANY LTD ,50,430.0,21500.0,2025-08-03T11:34:27.788528
2025-08-03,127176,2025080304003768,NGPL,Naasa Securities Co. Ltd.,MILKY WAY SHARE BROKER COMPANY LTD ,2500,430.0,1075000.0,2025-08-03T11:34:27.788666
2025-08-03,127175,2025080304003769,NGPL,Sweta Securities Private Limited,MILKY WAY SHARE BROKER COMPANY LTD ,130,430.0,55900.0,2025-08-03T11:34:27.7888
2025-08-03,127174,2025080304003770,NGPL,Dynamic Money Managers Securities Pvt. Ltd.,MILKY WAY SHARE BROKER COMPANY LTD ,116,430.0,49880.0,2025-08-03T11:34:27.788934
2025-08-03,127173,2025080304003771,NGPL,Trishakti Securities Public Limited,MILKY WAY SHARE BROKER COMPANY LTD ,706,430.0,303580.0,2025-08-03T11:34:27.804037
2025-08-03,127081,2025080304003807,NGPL,Trishakti Securities Public Limited,Primo Securities (PVT) Ltd.,294,430.0,126420.0,2025-08-03T11:34:31.971123
2025-08-03,127080,2025080304003808,NGPL,Dynamic Money Managers Securities Pvt. Ltd.,Primo Securities (PVT) Ltd.,1906,429.0,817674.0,2025-08-03T11:34:31.971217
2025-08-03,127012,2025080304003825,NGPL,Naasa Securities Co. Ltd.,Imperial Securities Company Pvt. Ltd.,900,431.0,387900.0,2025-08-03T11:34:36.91292
2025-08-03,126546,2025080304003889,NGPL,Dynamic Money Managers Securities Pvt. Ltd.,Dakshinkali Investment & Securities Pvt. Ltd.,94,429.0,40326.0,2025-08-03T11:34:59.434672
2025-08-03,126545,2025080304003890,NGPL,Hatemalo Financial Services Private Limited,Dakshinkali Investment & Securities Pvt. Ltd.,300,428.6,128580.0,2025-08-03T11:34:59.434977
2025-08-03,126544,2025080304003891,NGPL,Trisul Securities & Invt. Ltd.,Dakshinkali Investment & Securities Pvt. Ltd.,100,428.5,42850.0,2025-08-03T11:34:59.435116
2025-08-03,126540,2025080304003892,NGPL,Sunrise Securities Limited,MILKY WAY SHARE BROKER COMPANY LTD ,1000,428.5,428500.0,2025-08-03T11:34:59.882443
2025-08-03,126539,2025080304003893,NGPL,Dakshinkali Investment & Securities Pvt. Ltd.,MILKY WAY SHARE BROKER COMPANY LTD ,750,428.2,321150.0,2025-08-03T11:34:59.882756
2025-08-03,126538,2025080304003894,NGPL,Sagarmatha Securities Private Limited,MILKY WAY SHARE BROKER COMPANY LTD ,500,428.1,214050.0,2025-08-03T11:34:59.882899
2025-08-03,126537,2025080304003895,NGPL,Elite Stock House Limited,MILKY WAY SHARE BROKER COMPANY LTD ,200,428.1,85620.0,2025-08-03T11:34:59.883055
2025-08-03,126536,2025080304003896,NGPL,Asian Securities Private Ltd.,MILKY WAY SHARE BROKER COMPANY LTD ,1100,428.0,470800.0,2025-08-03T11:34:59.883215
2025-08-03,126535,2025080304003897,NGPL,Sipla Securities Private Limited,MILKY WAY SHARE BROKER COMPANY LTD ,50,428.0,21400.0,2025-08-03T11:34:59.883402
2025-08-03,126534,2025080304003898,NGPL,Thrive Brokerage House Pvt. Ltd,MILKY WAY SHARE BROKER COMPANY LTD ,500,428.0,214000.0,2025-08-03T11:34:59.883592
2025-08-03,126533,2025080304003899,NGPL,Capital Max Securities Ltd,MILKY WAY SHARE BROKER COMPANY LTD ,600,428.0,256800.0,2025-08-03T11:34:59.883783
2025-08-03,126233,2025080304003949,NGPL,Primo Securities (PVT) Ltd.,MILKY WAY SHARE BROKER COMPANY LTD ,900,427.0,384300.0,2025-08-03T11:35:18.952953
2025-08-03,126232,2025080304003950,NGPL,Sundhara Securities Limited,MILKY WAY SHARE BROKER COMPANY LTD ,100,427.0,42700.0,2025-08-03T11:35:18.953613
2025-08-03,126231,2025080304003951,NGPL,Shree Krishna Securities Ltd.,MILKY WAY SHARE BROKER COMPANY LTD ,100,427.0,42700.0,2025-08-03T11:35:18.954041
2025-08-03,126230,2025080304003952,NGPL,Online Securities Pvt. Ltd.,MILKY WAY SHARE BROKER COMPANY LTD ,1110,427.0,473970.0,2025-08-03T11:35:18.954449
2025-08-03,126229,2025080304003953,NGPL,Nepal Stock House (PVT) Ltd.,MILKY WAY SHARE BROKER COMPANY LTD ,300,426.2,127860.0,2025-08-03T11:35:18.954852
2025-08-03,126228,2025080304003954,NGPL,Linch Stock Market Ltd.,MILKY WAY SHARE BROKER COMPANY LTD ,900,426.0,383400.0,2025-08-03T11:35:18.955305
2025-08-03,126227,2025080304003955,NGPL,Bhrikuti Stock Broking Co. Pvt. Ltd.,MILKY WAY SHARE BROKER COMPANY LTD ,100,426.0,42600.0,2025-08-03T11:35:18.955716
2025-08-03,126226,2025080304003956,NGPL,Agrawal Securities (PVT) Ltd.,MILKY WAY SHARE BROKER COMPANY LTD ,1000,426.0,426000.0,2025-08-03T11:35:18.956118
2025-08-03,126225,2025080304003957,NGPL,Online Securities Pvt. Ltd.,MILKY WAY SHARE BROKER COMPANY LTD ,232,426.0,98832.0,2025-08-03T11:35:18.956577
2025-08-03,126198,2025080304003958,NGPL,Secured Securities Ltd.,MILKY WAY SHARE BROKER COMPANY LTD ,139,426.0,59214.0,2025-08-03T11:35:20.452724
2025-08-03,125999,2025080304003988,NGPL,Asian Securities Private Ltd.,MILKY WAY SHARE BROKER COMPANY LTD ,119,426.0,50694.0,2025-08-03T11:35:34.738262
2025-08-03,125675,2025080304004083,NGPL,Asian Securities Private Ltd.,Kalika Securities Pvt. Ltd.,100,426.0,42600.0,2025-08-03T11:35:58.006748
2025-08-03,125391,2025080304004124,NGPL,Naasa Securities Co. Ltd.,MILKY WAY SHARE BROKER COMPANY LTD ,100,426.1,42610.0,2025-08-03T11:36:22.188378
2025-08-03,125390,2025080304004125,NGPL,Naasa Securities Co. Ltd.,MILKY WAY SHARE BROKER COMPANY LTD ,200,426.1,85220.0,2025-08-03T11:36:22.188991
2025-08-03,125192,2025080304004153,NGPL,Nepal Stock House (PVT) Ltd.,MILKY WAY SHARE BROKER COMPANY LTD ,300,428.0,128400.0,2025-08-03T11:36:33.23797
2025-08-03,125016,2025080304004178,NGPL,Naasa Securities Co. Ltd.,MILKY WAY SHARE BROKER COMPANY LTD ,30,426.2,12786.0,2025-08-03T11:36:46.282528
2025-08-03,125005,2025080304004179,NGPL,Naasa Securities Co. Ltd.,Sewa Securities Pvt. Ltd.,70,426.2,29834.0,2025-08-03T11:36:48.234813
2025-08-03,125004,2025080304004180,NGPL,Naasa Securities Co. Ltd.,Sewa Securities Pvt. Ltd.,100,426.1,42610.0,2025-08-03T11:36:48.235134
2025-08-03,125003,2025080304004181,NGPL,Dakshinkali Investment & Securities Pvt. Ltd.,Sewa Securities Pvt. Ltd.,225,426.1,95872.5,2025-08-03T11:36:48.235271
2025-08-03,125002,2025080304004182,NGPL,Asian Securities Private Ltd.,Sewa Securities Pvt. Ltd.,1105,426.0,470730.0,2025-08-03T11:36:48.235412
2025-08-03,124885,2025080304004193,NGPL,Asian Securities Private Ltd.,MILKY WAY SHARE BROKER COMPANY LTD ,700,426.0,298200.0,2025-08-03T11:36:58.327361
2025-08-03,124847,2025080304004202,NGPL,Asian Securities Private Ltd.,ABC Securities Private Limited,1160,426.0,494160.0,2025-08-03T11:37:01.110596
2025-08-03,124710,2025080304004221,NGPL,Asian Securities Private Ltd.,MILKY WAY SHARE BROKER COMPANY LTD ,1816,426.0,773616.0,2025-08-03T11:37:13.401951
2025-08-03,124709,2025080304004222,NGPL,Asian Securities Private Ltd.,MILKY WAY SHARE BROKER COMPANY LTD ,100,426.0,42600.0,2025-08-03T11:37:13.402282
2025-08-03,124708,2025080304004223,NGPL,Naasa Securities Co. Ltd.,MILKY WAY SHARE BROKER COMPANY LTD ,300,426.0,127800.0,2025-08-03T11:37:13.402441
2025-08-03,124707,2025080304004224,NGPL,Naasa Securities Co. Ltd.,MILKY WAY SHARE BROKER COMPANY LTD ,100,426.0,42600.0,2025-08-03T11:37:13.402588
2025-08-03,124706,2025080304004225,NGPL,Nabil Stock Dealer Ltd.,MILKY WAY SHARE BROKER COMPANY LTD ,30,426.0,12780.0,2025-08-03T11:37:13.402719
2025-08-03,124533,2025080304004252,NGPL,Oxford Securities Pvt. Ltd.,MILKY WAY SHARE BROKER COMPANY LTD ,200,426.0,85200.0,2025-08-03T11:37:27.915862
2025-08-03,124527,2025080304004253,NGPL,Naasa Securities Co. Ltd.,MILKY WAY SHARE BROKER COMPANY LTD ,454,426.0,193404.0,2025-08-03T11:37:28.242287
2025-08-03,124433,2025080304004259,NGPL,Naasa Securities Co. Ltd.,Midas Stock Broking Company Private Limited,21,426.0,8946.0,2025-08-03T11:37:36.983875
2025-08-03,123608,2025080304004389,NGPL,Trishakti Securities Public Limited,Vision Securities Pvt. Ltd,600,427.0,256200.0,2025-08-03T11:38:53.662806
2025-08-03,123303,2025080304004422,NGPL,Linch Stock Market Ltd.,Dynamic Money Managers Securities Pvt. Ltd.,1000,426.3,426300.0,2025-08-03T11:39:19.634067
2025-08-03,123180,2025080304004441,NGPL,Swarna Laxmi Securities Pvt. Ltd.,Vision Securities Pvt. Ltd,50,427.0,21350.0,2025-08-03T11:39:30.011072
2025-08-03,123131,2025080304004448,NGPL,Miyo Securities Pvt Ltd,Vision Securities Pvt. Ltd,20,427.0,8540.0,2025-08-03T11:39:34.658388
2025-08-03,123056,2025080304004454,NGPL,Naasa Securities Co. Ltd.,Vision Securities Pvt. Ltd,300,427.0,128100.0,2025-08-03T11:39:41.991527
2025-08-03,122876,2025080304004484,NGPL,Bhrikuti Stock Broking Co. Pvt. Ltd.,Vision Securities Pvt. Ltd,30,427.0,12810.0,2025-08-03T11:39:55.966085
2025-08-03,122875,2025080304004485,NGPL,Bhrikuti Stock Broking Co. Pvt. Ltd.,Oxford Securities Pvt. Ltd.,77,427.0,32879.0,2025-08-03T11:39:55.966444
2025-08-03,122856,2025080304004487,NGPL,Bhrikuti Stock Broking Co. Pvt. Ltd.,Kalika Securities Pvt. Ltd.,40,427.0,17080.0,2025-08-03T11:39:57.81031
2025-08-03,122729,2025080304004507,NGPL,Bhrikuti Stock Broking Co. Pvt. Ltd.,Sharepro Securities Private Limited,21,427.0,8967.0,2025-08-03T11:40:08.754348
2025-08-03,121058,2025080304004740,NGPL,Kalika Securities Pvt. Ltd.,Aryatara Investment & Securities,400,429.8,171920.0,2025-08-03T11:42:35.122884
2025-08-03,120784,2025080304004773,NGPL,Kalika Securities Pvt. Ltd.,Dynamic Money Managers Securities Pvt. Ltd.,100,429.8,42980.0,2025-08-03T11:42:58.159476
2025-08-03,120783,2025080304004774,NGPL,Vision Securities Pvt. Ltd,Dynamic Money Managers Securities Pvt. Ltd.,10,428.0,4280.0,2025-08-03T11:42:58.159893
2025-08-03,120782,2025080304004775,NGPL,Asian Securities Private Ltd.,Dynamic Money Managers Securities Pvt. Ltd.,490,428.0,209720.0,2025-08-03T11:42:58.160112
2025-08-03,120556,2025080304004803,NGPL,Investment Management Nepal Pvt. Ltd.,Aryatara Investment & Securities,38,429.0,16302.0,2025-08-03T11:43:15.563471
2025-08-03,120555,2025080304004804,NGPL,Investment Management Nepal Pvt. Ltd.,Arun Securities (PVT) Ltd.,462,429.9,198613.8,2025-08-03T11:43:15.563857
2025-08-03,120150,2025080304004843,NGPL,Himalayan Brokerage Company Limited,Dipshikha Dhitopatra Karobar Co. Pvt Ltd.,500,428.1,214050.0,2025-08-03T11:43:58.818979
2025-08-03,120014,2025080304004859,NGPL,Naasa Securities Co. Ltd.,Arun Securities (PVT) Ltd.,32,429.9,13756.8,2025-08-03T11:44:11.060359
2025-08-03,119955,2025080304004868,NGPL,Investment Management Nepal Pvt. Ltd.,Trishakti Securities Public Limited,200,429.8,85960.0,2025-08-03T11:44:17.933093
2025-08-03,119954,2025080304004869,NGPL,Investment Management Nepal Pvt. Ltd.,Arun Securities (PVT) Ltd.,300,429.9,128970.0,2025-08-03T11:44:17.933534
2025-08-03,119697,2025080304004898,NGPL,Sri Hari Securities Pvt. Ltd.,Arun Securities (PVT) Ltd.,2000,429.9,859800.0,2025-08-03T11:44:45.834503
2025-08-03,119651,2025080304004905,NGPL,Sani Securities Company Ltd.,Sumeru Securities Pvt. Ltd.,7,425.3,2977.1,2025-08-03T11:44:52.637874
2025-08-03,119648,2025080304004907,NGPL,Secured Securities Ltd.,Bhrikuti Stock Broking Co. Pvt. Ltd.,20,429.0,8580.0,2025-08-03T11:44:53.039985
2025-08-03,119385,2025080304004931,NGPL,Miyo Securities Pvt Ltd,Naasa Securities Co. Ltd.,20,429.8,8596.0,2025-08-03T11:45:13.471929
2025-08-03,119367,2025080304004933,NGPL,Secured Securities Ltd.,Aryatara Investment & Securities,150,429.0,64350.0,2025-08-03T11:45:14.838511
2025-08-03,119320,2025080304004942,NGPL,Secured Securities Ltd.,Creative Securities Pvt Ltd,16,429.0,6864.0,2025-08-03T11:45:19.170736
2025-08-03,119319,2025080304004943,NGPL,Kalika Securities Pvt. Ltd.,Creative Securities Pvt Ltd,284,429.0,121836.0,2025-08-03T11:45:19.17119
2025-08-03,119318,2025080304004944,NGPL,Kalika Securities Pvt. Ltd.,Swarna Laxmi Securities Pvt. Ltd.,216,429.0,92664.0,2025-08-03T11:45:19.376216
2025-08-03,119292,2025080304004946,NGPL,Trisul Securities & Invt. Ltd.,Swarna Laxmi Securities Pvt. Ltd.,263,429.0,112827.0,2025-08-03T11:45:22.116877
2025-08-03,119291,2025080304004947,NGPL,Trisul Securities & Invt. Ltd.,Naasa Securities Co. Ltd.,25,429.0,10725.0,2025-08-03T11:45:22.117787
2025-08-03,119010,2025080304004978,NGPL,Sani Securities Company Ltd.,Sri Hari Securities Pvt. Ltd.,1,421.4,421.4,2025-08-03T11:45:51.529634
2025-08-03,119008,2025080304004979,NGPL,Trisul Securities & Invt. Ltd.,Midas Stock Broking Company Private Limited,92,429.2,39486.4,2025-08-03T11:45:51.581156
2025-08-03,118807,2025080304005015,NGPL,Sani Securities Company Ltd.,Opal Securities Investment (PVT) Ltd.,1,422.4,422.4,2025-08-03T11:46:10.737637
2025-08-03,118632,2025080304005040,NGPL,Sani Securities Company Ltd.,Vision Securities Pvt. Ltd,1,425.0,425.0,2025-08-03T11:46:25.959934
2025-08-03,118180,2025080304005096,NGPL,Bhrikuti Stock Broking Co. Pvt. Ltd.,Ashutosh Brokerage & Securities (PVT) Ltd.,55,429.0,23595.0,2025-08-03T11:47:06.181577
2025-08-03,117876,2025080304005115,NGPL,Neev Securities Pvt. Ltd.,Nepal Stock House (PVT) Ltd.,500,428.3,214150.0,2025-08-03T11:47:30.544924
2025-08-03,117487,2025080304005155,NGPL,SUN SECURITIES PVT LTD,Nepal Investment And Securities Trading Private Limited,200,428.3,85660.0,2025-08-03T11:48:03.265641
2025-08-03,117486,2025080304005156,NGPL,Cristal Kanchanjanga Securites Pvt. Ltd.,Nepal Investment And Securities Trading Private Limited,200,428.2,85640.0,2025-08-03T11:48:03.266057
2025-08-03,117214,2025080304005192,NGPL,Dakshinkali Investment & Securities Pvt. Ltd.,Nepal Stock House (PVT) Ltd.,200,428.2,85640.0,2025-08-03T11:48:29.149191
2025-08-03,117213,2025080304005193,NGPL,Himalayan Brokerage Company Limited,Nepal Stock House (PVT) Ltd.,800,428.1,342480.0,2025-08-03T11:48:29.149649
2025-08-03,117055,2025080304005220,NGPL,Himalayan Brokerage Company Limited,Nepal Investment And Securities Trading Private Limited,750,428.1,321075.0,2025-08-03T11:48:42.457332
2025-08-03,116922,2025080304005232,NGPL,Asian Securities Private Ltd.,Neev Securities Pvt. Ltd.,1000,428.0,428000.0,2025-08-03T11:48:58.854278
2025-08-03,116502,2025080304005303,NGPL,Asian Securities Private Ltd.,Trishakti Securities Public Limited,16,428.0,6848.0,2025-08-03T11:49:42.194847
2025-08-03,116448,2025080304005310,NGPL,Asian Securities Private Ltd.,Kohinoor Investment & Securities Pvt. Ltd.,200,428.0,85600.0,2025-08-03T11:49:47.465739
2025-08-03,116405,2025080304005316,NGPL,Asian Securities Private Ltd.,Naasa Securities Co. Ltd.,780,428.0,333840.0,2025-08-03T11:49:50.779308
2025-08-03,116112,2025080304005342,NGPL,Prabhu Stock Market Limited,Nepal Investment And Securities Trading Private Limited,250,428.1,107025.0,2025-08-03T11:50:13.995714
2025-08-03,115930,2025080304005368,NGPL,Naasa Securities Co. Ltd.,Sewa Securities Pvt. Ltd.,11,428.1,4709.1,2025-08-03T11:50:31.944463
2025-08-03,115909,2025080304005372,NGPL,Naasa Securities Co. Ltd.,Aakashbhairab Securities Ltd.,59,428.1,25257.9,2025-08-03T11:50:33.55239
2025-08-03,115908,2025080304005373,NGPL,Asian Securities Private Ltd.,Aakashbhairab Securities Ltd.,441,428.0,188748.0,2025-08-03T11:50:33.552831
2025-08-03,115675,2025080304005426,NGPL,Asian Securities Private Ltd.,Agrawal Securities (PVT) Ltd.,73,428.0,31244.0,2025-08-03T11:50:53.724052
2025-08-03,115674,2025080304005427,NGPL,Neev Securities Pvt. Ltd.,Agrawal Securities (PVT) Ltd.,35,428.0,14980.0,2025-08-03T11:50:53.724576
2025-08-03,115673,2025080304005428,NGPL,Nepal Stock House (PVT) Ltd.,Agrawal Securities (PVT) Ltd.,200,428.0,85600.0,2025-08-03T11:50:53.724995
2025-08-03,115672,2025080304005429,NGPL,Stoxkarts Securities Limited,Agrawal Securities (PVT) Ltd.,20,428.0,8560.0,2025-08-03T11:50:53.725283
2025-08-03,115671,2025080304005430,NGPL,Ashutosh Brokerage & Securities (PVT) Ltd.,Agrawal Securities (PVT) Ltd.,23,428.0,9844.0,2025-08-03T11:50:53.725588
2025-08-03,115670,2025080304005431,NGPL,Midas Stock Broking Company Private Limited,Agrawal Securities (PVT) Ltd.,99,427.5,42322.5,2025-08-03T11:50:53.72581
2025-08-03,115535,2025080304005440,NGPL,Midas Stock Broking Company Private Limited,Aryatara Investment & Securities,400,427.5,171000.0,2025-08-03T11:51:04.832462
2025-08-03,115534,2025080304005441,NGPL,Magnet Securities and Investment Company Private Limited,Aryatara Investment & Securities,300,427.3,128190.0,2025-08-03T11:51:04.832508
2025-08-03,114333,2025080304005646,NGPL,Capital Hub P. Ltd,Sani Securities Company Ltd.,60,428.0,25680.0,2025-08-03T11:53:00.519303
2025-08-03,114331,2025080304005647,NGPL,Capital Hub P. Ltd,Naasa Securities Co. Ltd.,140,428.0,59920.0,2025-08-03T11:53:00.519796
2025-08-03,114168,2025080304005665,NGPL,Imperial Securities Company Pvt. Ltd.,Naasa Securities Co. Ltd.,150,428.0,64200.0,2025-08-03T11:53:14.725907
2025-08-03,113914,2025080304005700,NGPL,Primo Securities (PVT) Ltd.,Naasa Securities Co. Ltd.,100,428.0,42800.0,2025-08-03T11:53:34.852186
2025-08-03,113666,2025080304005764,NGPL,Naasa Securities Co. Ltd.,J.F. Securites (PVT) Ltd.,241,427.5,103027.5,2025-08-03T11:53:54.929416
2025-08-03,113659,2025080304005765,NGPL,Swarna Laxmi Securities Pvt. Ltd.,Naasa Securities Co. Ltd.,420,428.0,179760.0,2025-08-03T11:53:55.405264
2025-08-03,113658,2025080304005766,NGPL,Swarna Laxmi Securities Pvt. Ltd.,Sri Hari Securities Pvt. Ltd.,80,428.0,34240.0,2025-08-03T11:53:55.405713
2025-08-03,113633,2025080304005770,NGPL,Naasa Securities Co. Ltd.,Sri Hari Securities Pvt. Ltd.,20,428.0,8560.0,2025-08-03T11:53:58.030085
2025-08-03,113632,2025080304005771,NGPL,Naasa Securities Co. Ltd.,Aakashbhairab Securities Ltd.,20,428.0,8560.0,2025-08-03T11:53:58.030538
2025-08-03,113398,2025080304005795,NGPL,Imperial Securities Company Pvt. Ltd.,Naasa Securities Co. Ltd.,400,428.0,171200.0,2025-08-03T11:54:21.366033
2025-08-03,113202,2025080304005841,NGPL,Stoxkarts Securities Limited,Naasa Securities Co. Ltd.,30,428.0,12840.0,2025-08-03T11:54:39.307745
2025-08-03,113162,2025080304005843,NGPL,Trishakti Securities Public Limited,Naasa Securities Co. Ltd.,570,428.0,243960.0,2025-08-03T11:54:41.939117
2025-08-03,113159,2025080304005844,NGPL,Trishakti Securities Public Limited,Oxford Securities Pvt. Ltd.,70,428.0,29960.0,2025-08-03T11:54:42.235684
2025-08-03,113059,2025080304005868,NGPL,Trishakti Securities Public Limited,Siprabi Securities Pvt. Ltd.,150,428.0,64200.0,2025-08-03T11:54:49.794591
2025-08-03,112986,2025080304005879,NGPL,Trishakti Securities Public Limited,South Asian Bulls Pvt. Ltd.,210,428.0,89880.0,2025-08-03T11:54:57.31138
2025-08-03,112985,2025080304005880,NGPL,Secured Securities Ltd.,South Asian Bulls Pvt. Ltd.,468,428.0,200304.0,2025-08-03T11:54:57.312255
2025-08-03,112984,2025080304005881,NGPL,Stoxkarts Securities Limited,South Asian Bulls Pvt. Ltd.,1472,428.0,630016.0,2025-08-03T11:54:57.312865
2025-08-03,112707,2025080304005915,NGPL,Naasa Securities Co. Ltd.,Primo Securities (PVT) Ltd.,1,420.0,420.0,2025-08-03T11:55:22.797742
2025-08-03,112486,2025080304005960,NGPL,Deevyaa Securities & Stock House Pvt. Ltd,Online Securities Pvt. Ltd.,165,428.5,70702.5,2025-08-03T11:55:41.753271
2025-08-03,112485,2025080304005961,NGPL,Deevyaa Securities & Stock House Pvt. Ltd,Sundhara Securities Limited,35,428.5,14997.5,2025-08-03T11:55:41.753739
2025-08-03,112482,2025080304005962,NGPL,Stoxkarts Securities Limited,Midas Stock Broking Company Private Limited,500,428.0,214000.0,2025-08-03T11:55:42.182132
2025-08-03,112261,2025080304005979,NGPL,Stoxkarts Securities Limited,Imperial Securities Company Pvt. Ltd.,250,428.0,107000.0,2025-08-03T11:55:58.811717
2025-08-03,112181,2025080304005991,NGPL,Stoxkarts Securities Limited,Siprabi Securities Pvt. Ltd.,100,428.0,42800.0,2025-08-03T11:56:06.160961
2025-08-03,112115,2025080304006004,NGPL,Stoxkarts Securities Limited,Sri Hari Securities Pvt. Ltd.,678,428.0,290184.0,2025-08-03T11:56:13.483473
2025-08-03,112114,2025080304006005,NGPL,Stoxkarts Securities Limited,Sri Hari Securities Pvt. Ltd.,50,428.0,21400.0,2025-08-03T11:56:13.4844
2025-08-03,112044,2025080304006021,NGPL,Naasa Securities Co. Ltd.,Sri Hari Securities Pvt. Ltd.,272,428.0,116416.0,2025-08-03T11:56:18.970913
2025-08-03,111986,2025080304006025,NGPL,Sajilo Broker Limited,Sundhara Securities Limited,42,428.5,17997.0,2025-08-03T11:56:24.461475
2025-08-03,111985,2025080304006026,NGPL,Sajilo Broker Limited,Ashutosh Brokerage & Securities (PVT) Ltd.,49,429.0,21021.0,2025-08-03T11:56:24.461517
2025-08-03,111727,2025080304006067,NGPL,Asian Securities Private Ltd.,Malla & Malla Stock Broking Company Pvt. Limited,50,429.0,21450.0,2025-08-03T11:56:49.905394
2025-08-03,111557,2025080304006080,NGPL,Vision Securities Pvt. Ltd,Sri Hari Securities Pvt. Ltd.,20,429.7,8594.0,2025-08-03T11:57:09.571066
2025-08-03,111556,2025080304006081,NGPL,Vision Securities Pvt. Ltd,Nepal Stock House (PVT) Ltd.,480,429.8,206304.0,2025-08-03T11:57:09.572042
2025-08-03,111550,2025080304006082,NGPL,Dipshikha Dhitopatra Karobar Co. Pvt Ltd.,Nepal Stock House (PVT) Ltd.,20,429.8,8596.0,2025-08-03T11:57:10.650628
2025-08-03,111390,2025080304006109,NGPL,Aakashbhairab Securities Ltd.,Arun Securities (PVT) Ltd.,786,429.9,337901.4,2025-08-03T11:57:25.696618
2025-08-03,111389,2025080304006110,NGPL,Aakashbhairab Securities Ltd.,Neev Securities Pvt. Ltd.,2000,429.9,859800.0,2025-08-03T11:57:25.697062
2025-08-03,111388,2025080304006111,NGPL,Aakashbhairab Securities Ltd.,Imperial Securities Company Pvt. Ltd.,100,429.9,42990.0,2025-08-03T11:57:25.697274
2025-08-03,111387,2025080304006112,NGPL,Aakashbhairab Securities Ltd.,Aryatara Investment & Securities,900,430.0,387000.0,2025-08-03T11:57:25.697484
2025-08-03,111386,2025080304006113,NGPL,Aakashbhairab Securities Ltd.,Naasa Securities Co. Ltd.,800,430.0,344000.0,2025-08-03T11:57:25.697682
2025-08-03,111385,2025080304006114,NGPL,Aakashbhairab Securities Ltd.,Kalika Securities Pvt. Ltd.,29,430.0,12470.0,2025-08-03T11:57:25.697885
2025-08-03,111384,2025080304006115,NGPL,Aakashbhairab Securities Ltd.,Dakshinkali Investment & Securities Pvt. Ltd.,15,430.0,6450.0,2025-08-03T11:57:25.698092
2025-08-03,111383,2025080304006116,NGPL,Aakashbhairab Securities Ltd.,ABC Securities Private Limited,500,430.0,215000.0,2025-08-03T11:57:25.698291
2025-08-03,111382,2025080304006117,NGPL,Aakashbhairab Securities Ltd.,Sundhara Securities Limited,101,430.0,43430.0,2025-08-03T11:57:25.698501
2025-08-03,111381,2025080304006118,NGPL,Aakashbhairab Securities Ltd.,Neev Securities Pvt. Ltd.,50,430.0,21500.0,2025-08-03T11:57:25.698694
2025-08-03,111380,2025080304006119,NGPL,Aakashbhairab Securities Ltd.,Sagarmatha Securities Private Limited,200,430.0,86000.0,2025-08-03T11:57:25.698903
2025-08-03,111379,2025080304006120,NGPL,Aakashbhairab Securities Ltd.,Property Wiard Limited,75,430.0,32250.0,2025-08-03T11:57:25.699095
2025-08-03,111378,2025080304006121,NGPL,Aakashbhairab Securities Ltd.,Naasa Securities Co. Ltd.,46,430.0,19780.0,2025-08-03T11:57:25.699295
2025-08-03,111377,2025080304006122,NGPL,Aakashbhairab Securities Ltd.,MILKY WAY SHARE BROKER COMPANY LTD ,3398,430.0,1461140.0,2025-08-03T11:57:25.699493
2025-08-03,111296,2025080304006131,NGPL,Aryatara Investment & Securities,Sumeru Securities Pvt. Ltd.,1000,428.8,428800.0,2025-08-03T11:57:32.698663
2025-08-03,111145,2025080304006149,NGPL,Online Securities Pvt. Ltd.,Sumeru Securities Pvt. Ltd.,2000,429.0,858000.0,2025-08-03T11:57:47.112777
2025-08-03,110416,2025080304006296,NGPL,Dipshikha Dhitopatra Karobar Co. Pvt Ltd.,MILKY WAY SHARE BROKER COMPANY LTD ,500,430.0,215000.0,2025-08-03T11:59:07.67606
2025-08-03,109966,2025080304006352,NGPL,Dipshikha Dhitopatra Karobar Co. Pvt Ltd.,MILKY WAY SHARE BROKER COMPANY LTD ,51,430.0,21930.0,2025-08-03T11:59:46.319742
2025-08-03,109938,2025080304006355,NGPL,Deevyaa Securities & Stock House Pvt. Ltd,MILKY WAY SHARE BROKER COMPANY LTD ,51,430.0,21930.0,2025-08-03T11:59:48.528473
2025-08-03,109937,2025080304006356,NGPL,Deevyaa Securities & Stock House Pvt. Ltd,Naasa Securities Co. Ltd.,300,430.0,129000.0,2025-08-03T11:59:48.528905
2025-08-03,109936,2025080304006357,NGPL,Deevyaa Securities & Stock House Pvt. Ltd,Investment Management Nepal Pvt. Ltd.,500,430.0,215000.0,2025-08-03T11:59:48.529103
2025-08-03,109935,2025080304006358,NGPL,Deevyaa Securities & Stock House Pvt. Ltd,Imperial Securities Company Pvt. Ltd.,70,430.0,30100.0,2025-08-03T11:59:48.529304
2025-08-03,109934,2025080304006359,NGPL,Deevyaa Securities & Stock House Pvt. Ltd,Vision Securities Pvt. Ltd,20,430.0,8600.0,2025-08-03T11:59:48.529519
2025-08-03,109933,2025080304006360,NGPL,Deevyaa Securities & Stock House Pvt. Ltd,Siprabi Securities Pvt. Ltd.,100,430.0,43000.0,2025-08-03T11:59:48.529766
2025-08-03,109689,2025080304006399,NGPL,Deevyaa Securities & Stock House Pvt. Ltd,Online Securities Pvt. Ltd.,51,430.0,21930.0,2025-08-03T12:00:13.321716
2025-08-03,109688,2025080304006400,NGPL,Sweta Securities Private Limited,Online Securities Pvt. Ltd.,50,429.0,21450.0,2025-08-03T12:00:13.322297
2025-08-03,109687,2025080304006401,NGPL,Sumeru Securities Pvt. Ltd.,Online Securities Pvt. Ltd.,20,429.0,8580.0,2025-08-03T12:00:13.322702
2025-08-03,109686,2025080304006402,NGPL,Dakshinkali Investment & Securities Pvt. Ltd.,Online Securities Pvt. Ltd.,100,429.0,42900.0,2025-08-03T12:00:13.322999
2025-08-03,109685,2025080304006403,NGPL,Trishakti Securities Public Limited,Online Securities Pvt. Ltd.,29,429.0,12441.0,2025-08-03T12:00:13.323307
2025-08-03,109398,2025080304006427,NGPL,Online Securities Pvt. Ltd.,Nepal Stock House (PVT) Ltd.,50,431.9,21595.0,2025-08-03T12:00:39.936841
2025-08-03,109397,2025080304006428,NGPL,Online Securities Pvt. Ltd.,ABC Securities Private Limited,1000,431.9,431900.0,2025-08-03T12:00:39.936945
2025-08-03,109396,2025080304006429,NGPL,Online Securities Pvt. Ltd.,ABC Securities Private Limited,500,432.0,216000.0,2025-08-03T12:00:39.937025
2025-08-03,109395,2025080304006430,NGPL,Online Securities Pvt. Ltd.,Vision Securities Pvt. Ltd,85,432.0,36720.0,2025-08-03T12:00:39.9371
2025-08-03,109394,2025080304006431,NGPL,Online Securities Pvt. Ltd.,Vision Securities Pvt. Ltd,302,432.0,130464.0,2025-08-03T12:00:39.937178
2025-08-03,109393,2025080304006432,NGPL,Online Securities Pvt. Ltd.,Aryatara Investment & Securities,63,432.0,27216.0,2025-08-03T12:00:39.937252
2025-08-03,108868,2025080304006512,NGPL,Ashutosh Brokerage & Securities (PVT) Ltd.,Vision Securities Pvt. Ltd,100,430.0,43000.0,2025-08-03T12:01:30.883932
2025-08-03,108801,2025080304006518,NGPL,KALASH STOCK MARKET PVT. LTD.,Vision Securities Pvt. Ltd,400,430.0,172000.0,2025-08-03T12:01:37.29724
2025-08-03,108373,2025080304006580,NGPL,Linch Stock Market Ltd.,Aryatara Investment & Securities,403,432.0,174096.0,2025-08-03T12:02:15.721147
2025-08-03,108246,2025080304006600,NGPL,Naasa Securities Co. Ltd.,Aryatara Investment & Securities,104,432.0,44928.0,2025-08-03T12:02:30.765031
2025-08-03,108211,2025080304006606,NGPL,Online Securities Pvt. Ltd.,Aryatara Investment & Securities,30,432.0,12960.0,2025-08-03T12:02:33.502816
2025-08-03,108210,2025080304006607,NGPL,Online Securities Pvt. Ltd.,MILKY WAY SHARE BROKER COMPANY LTD ,200,432.0,86400.0,2025-08-03T12:02:33.502863
2025-08-03,108209,2025080304006608,NGPL,Online Securities Pvt. Ltd.,Shree Krishna Securities Ltd.,100,432.0,43200.0,2025-08-03T12:02:33.50289
2025-08-03,108208,2025080304006609,NGPL,Online Securities Pvt. Ltd.,Neev Securities Pvt. Ltd.,50,432.0,21600.0,2025-08-03T12:02:33.502913
2025-08-03,108207,2025080304006610,NGPL,Online Securities Pvt. Ltd.,Opal Securities Investment (PVT) Ltd.,25,432.8,10820.0,2025-08-03T12:02:33.50295
2025-08-03,108206,2025080304006611,NGPL,Online Securities Pvt. Ltd.,South Asian Bulls Pvt. Ltd.,131,433.0,56723.0,2025-08-03T12:02:33.503059
2025-08-03,108205,2025080304006612,NGPL,Online Securities Pvt. Ltd.,Dynamic Money Managers Securities Pvt. Ltd.,51,433.0,22083.0,2025-08-03T12:02:33.503098
2025-08-03,108204,2025080304006613,NGPL,Online Securities Pvt. Ltd.,Aryatara Investment & Securities,500,433.0,216500.0,2025-08-03T12:02:33.503125
2025-08-03,108203,2025080304006614,NGPL,Online Securities Pvt. Ltd.,Naasa Securities Co. Ltd.,60,433.0,25980.0,2025-08-03T12:02:33.503152
2025-08-03,108202,2025080304006615,NGPL,Online Securities Pvt. Ltd.,Online Securities Pvt. Ltd.,200,433.0,86600.0,2025-08-03T12:02:33.503175
2025-08-03,108201,2025080304006616,NGPL,Online Securities Pvt. Ltd.,SUN SECURITIES PVT LTD,80,433.0,34640.0,2025-08-03T12:02:33.503199
2025-08-03,108200,2025080304006617,NGPL,Online Securities Pvt. Ltd.,Deevyaa Securities & Stock House Pvt. Ltd,200,433.0,86600.0,2025-08-03T12:02:33.503223
2025-08-03,108199,2025080304006618,NGPL,Online Securities Pvt. Ltd.,Agrawal Securities (PVT) Ltd.,500,433.0,216500.0,2025-08-03T12:02:33.503244
2025-08-03,108198,2025080304006619,NGPL,Online Securities Pvt. Ltd.,Nepal Stock House (PVT) Ltd.,50,433.3,21665.0,2025-08-03T12:02:33.503266
2025-08-03,108197,2025080304006620,NGPL,Online Securities Pvt. Ltd.,Agrawal Securities (PVT) Ltd.,500,433.3,216650.0,2025-08-03T12:02:33.503301
2025-08-03,108196,2025080304006621,NGPL,Online Securities Pvt. Ltd.,Sri Hari Securities Pvt. Ltd.,323,433.4,139988.2,2025-08-03T12:02:33.503345
2025-08-03,108129,2025080304006633,NGPL,Linch Stock Market Ltd.,Neev Securities Pvt. Ltd.,40,432.0,17280.0,2025-08-03T12:02:39.989783
2025-08-03,108127,2025080304006635,NGPL,Sundhara Securities Limited,Neev Securities Pvt. Ltd.,50,432.0,21600.0,2025-08-03T12:02:40.20405
2025-08-03,107784,2025080304006673,NGPL,Nepal Stock House (PVT) Ltd.,Neev Securities Pvt. Ltd.,110,432.0,47520.0,2025-08-03T12:03:12.40205
2025-08-03,107783,2025080304006674,NGPL,Nepal Stock House (PVT) Ltd.,Trishakti Securities Public Limited,19,432.0,8208.0,2025-08-03T12:03:12.402578
2025-08-03,107510,2025080304006716,NGPL,Nepal Stock House (PVT) Ltd.,Sajilo Broker Limited,71,432.0,30672.0,2025-08-03T12:03:35.663605
2025-08-03,107509,2025080304006717,NGPL,Pragyan Securities (PVT) Ltd.,Sajilo Broker Limited,29,432.0,12528.0,2025-08-03T12:03:35.66366
2025-08-03,107498,2025080304006723,NGPL,Imperial Securities Company Pvt. Ltd.,Aakashbhairab Securities Ltd.,100,433.0,43300.0,2025-08-03T12:03:37.132383
2025-08-03,107425,2025080304006733,NGPL,Pragyan Securities (PVT) Ltd.,Sajilo Broker Limited,28,432.0,12096.0,2025-08-03T12:03:44.697996
2025-08-03,107237,2025080304006760,NGPL,Sharepro Securities Private Limited,ABC Securities Private Limited,1000,432.0,432000.0,2025-08-03T12:04:03.653775
2025-08-03,107058,2025080304006801,NGPL,Bhrikuti Stock Broking Co. Pvt. Ltd.,Vision Securities Pvt. Ltd,1,425.0,425.0,2025-08-03T12:04:19.728243
2025-08-03,106963,2025080304006812,NGPL,Linch Stock Market Ltd.,Neev Securities Pvt. Ltd.,100,432.9,43290.0,2025-08-03T12:04:28.98722
2025-08-03,106962,2025080304006813,NGPL,Linch Stock Market Ltd.,Nepal Stock House (PVT) Ltd.,50,432.9,21645.0,2025-08-03T12:04:28.987711
2025-08-03,106961,2025080304006814,NGPL,Linch Stock Market Ltd.,Aakashbhairab Securities Ltd.,100,433.0,43300.0,2025-08-03T12:04:28.987956
2025-08-03,106960,2025080304006815,NGPL,Linch Stock Market Ltd.,Vision Securities Pvt. Ltd,250,433.0,108250.0,2025-08-03T12:04:28.988188
2025-08-03,106930,2025080304006823,NGPL,Trishakti Securities Public Limited,Vision Securities Pvt. Ltd,250,433.0,108250.0,2025-08-03T12:04:33.163492
2025-08-03,106929,2025080304006824,NGPL,Trishakti Securities Public Limited,Naasa Securities Co. Ltd.,67,433.0,29011.0,2025-08-03T12:04:33.164478
2025-08-03,106803,2025080304006844,NGPL,Online Securities Pvt. Ltd.,Sri Hari Securities Pvt. Ltd.,177,433.4,76711.8,2025-08-03T12:04:45.411644
2025-08-03,106802,2025080304006845,NGPL,Online Securities Pvt. Ltd.,Creative Securities Pvt Ltd,100,433.4,43340.0,2025-08-03T12:04:45.412115
2025-08-03,106801,2025080304006846,NGPL,Online Securities Pvt. Ltd.,ABC Securities Private Limited,1000,433.7,433700.0,2025-08-03T12:04:45.412354
2025-08-03,106800,2025080304006847,NGPL,Online Securities Pvt. Ltd.,Dipshikha Dhitopatra Karobar Co. Pvt Ltd.,50,433.7,21685.0,2025-08-03T12:04:45.412576
2025-08-03,106799,2025080304006848,NGPL,Online Securities Pvt. Ltd.,Nepal Stock House (PVT) Ltd.,100,433.9,43390.0,2025-08-03T12:04:45.412792
2025-08-03,106798,2025080304006849,NGPL,Online Securities Pvt. Ltd.,Aryatara Investment & Securities,10,433.9,4339.0,2025-08-03T12:04:45.413008
2025-08-03,106797,2025080304006850,NGPL,Online Securities Pvt. Ltd.,Market Securities & Exchange (PVT) Ltd.,1000,433.9,433900.0,2025-08-03T12:04:45.413217
2025-08-03,106796,2025080304006851,NGPL,Online Securities Pvt. Ltd.,Premier Securities Company Ltd.,58,434.0,25172.0,2025-08-03T12:04:45.413435
2025-08-03,106795,2025080304006852,NGPL,Online Securities Pvt. Ltd.,Vision Securities Pvt. Ltd,310,434.0,134540.0,2025-08-03T12:04:45.413656
2025-08-03,106794,2025080304006853,NGPL,Online Securities Pvt. Ltd.,Vision Securities Pvt. Ltd,195,434.0,84630.0,2025-08-03T12:04:45.413861
2025-08-03,106674,2025080304006877,NGPL,Cristal Kanchanjanga Securites Pvt. Ltd.,Vision Securities Pvt. Ltd,305,434.0,132370.0,2025-08-03T12:05:02.518743
2025-08-03,106673,2025080304006878,NGPL,Cristal Kanchanjanga Securites Pvt. Ltd.,Siprabi Securities Pvt. Ltd.,195,434.0,84630.0,2025-08-03T12:05:02.519288
2025-08-03,106621,2025080304006891,NGPL,Trishakti Securities Public Limited,Siprabi Securities Pvt. Ltd.,105,434.0,45570.0,2025-08-03T12:05:07.498135
2025-08-03,106620,2025080304006892,NGPL,Trishakti Securities Public Limited,Neev Securities Pvt. Ltd.,195,434.0,84630.0,2025-08-03T12:05:07.498601
2025-08-03,106015,2025080304007009,NGPL,Naasa Securities Co. Ltd.,Naasa Securities Co. Ltd.,100,434.0,43400.0,2025-08-03T12:06:13.522028
2025-08-03,105848,2025080304007051,NGPL,Naasa Securities Co. Ltd.,Sani Securities Company Ltd.,1,428.0,428.0,2025-08-03T12:06:30.548634
2025-08-03,105815,2025080304007054,NGPL,Trishakti Securities Public Limited,Bhrikuti Stock Broking Co. Pvt. Ltd.,500,434.0,217000.0,2025-08-03T12:06:34.236555
2025-08-03,105737,2025080304007073,NGPL,Imperial Securities Company Pvt. Ltd.,Kalika Securities Pvt. Ltd.,10,434.0,4340.0,2025-08-03T12:06:45.999572
2025-08-03,105622,2025080304007100,NGPL,Trishakti Securities Public Limited,Kalika Securities Pvt. Ltd.,140,434.0,60760.0,2025-08-03T12:06:57.512129
2025-08-03,105621,2025080304007101,NGPL,Trishakti Securities Public Limited,Sri Hari Securities Pvt. Ltd.,10,434.0,4340.0,2025-08-03T12:06:57.513154
2025-08-03,105620,2025080304007102,NGPL,Trishakti Securities Public Limited,Naasa Securities Co. Ltd.,10,434.0,4340.0,2025-08-03T12:06:57.513946
2025-08-03,105612,2025080304007104,NGPL,SHUBHAKAMANA SECURITIES PVT. LTD,Naasa Securities Co. Ltd.,90,434.0,39060.0,2025-08-03T12:06:58.06348
2025-08-03,105449,2025080304007128,NGPL,SHUBHAKAMANA SECURITIES PVT. LTD,Naasa Securities Co. Ltd.,500,434.0,217000.0,2025-08-03T12:07:20.481942
2025-08-03,105447,2025080304007129,NGPL,SHUBHAKAMANA SECURITIES PVT. LTD,Nepal Investment And Securities Trading Private Limited,200,434.0,86800.0,2025-08-03T12:07:20.615067
2025-08-03,105406,2025080304007138,NGPL,Aryatara Investment & Securities,Vision Securities Pvt. Ltd,1000,434.3,434300.0,2025-08-03T12:07:27.040821
2025-08-03,105405,2025080304007139,NGPL,Pragyan Securities (PVT) Ltd.,Asian Securities Private Ltd.,400,434.1,173640.0,2025-08-03T12:07:27.154807
2025-08-03,105404,2025080304007140,NGPL,SHUBHAKAMANA SECURITIES PVT. LTD,Asian Securities Private Ltd.,100,434.0,43400.0,2025-08-03T12:07:27.155255
2025-08-03,105383,2025080304007148,NGPL,SHUBHAKAMANA SECURITIES PVT. LTD,Sweta Securities Private Limited,110,434.0,47740.0,2025-08-03T12:07:29.236085
2025-08-03,105382,2025080304007149,NGPL,ABC Securities Private Limited,Sweta Securities Private Limited,500,434.0,217000.0,2025-08-03T12:07:29.236592
2025-08-03,105381,2025080304007150,NGPL,Sweta Securities Private Limited,Sweta Securities Private Limited,390,434.0,169260.0,2025-08-03T12:07:29.236811
2025-08-03,105345,2025080304007158,NGPL,ABC Securities Private Limited,Vision Securities Pvt. Ltd,500,434.3,217150.0,2025-08-03T12:07:33.062271
2025-08-03,105285,2025080304007166,NGPL,Dipshikha Dhitopatra Karobar Co. Pvt Ltd.,Vision Securities Pvt. Ltd,20,434.3,8686.0,2025-08-03T12:07:39.010402
2025-08-03,105238,2025080304007171,NGPL,Sweta Securities Private Limited,Naasa Securities Co. Ltd.,110,434.0,47740.0,2025-08-03T12:07:45.571554
2025-08-03,105237,2025080304007172,NGPL,Dynamic Money Managers Securities Pvt. Ltd.,Naasa Securities Co. Ltd.,39,434.0,16926.0,2025-08-03T12:07:45.572056
2025-08-03,105125,2025080304007204,NGPL,Dipshikha Dhitopatra Karobar Co. Pvt Ltd.,Nepal Stock House (PVT) Ltd.,50,434.2,21710.0,2025-08-03T12:07:58.161722
2025-08-03,105124,2025080304007205,NGPL,Dipshikha Dhitopatra Karobar Co. Pvt Ltd.,Vision Securities Pvt. Ltd,50,434.3,21715.0,2025-08-03T12:07:58.16278
2025-08-03,104975,2025080304007246,NGPL,Linch Stock Market Ltd.,Vision Securities Pvt. Ltd,40,434.0,17360.0,2025-08-03T12:08:15.851135
2025-08-03,104974,2025080304007247,NGPL,Linch Stock Market Ltd.,Aryatara Investment & Securities,60,434.0,26040.0,2025-08-03T12:08:15.851677
2025-08-03,104900,2025080304007267,NGPL,Naasa Securities Co. Ltd.,Aryatara Investment & Securities,100,434.0,43400.0,2025-08-03T12:08:25.394349
2025-08-03,104885,2025080304007271,NGPL,Kohinoor Investment & Securities Pvt. Ltd.,Aryatara Investment & Securities,90,434.0,39060.0,2025-08-03T12:08:26.621513
2025-08-03,104884,2025080304007272,NGPL,Kohinoor Investment & Securities Pvt. Ltd.,Vision Securities Pvt. Ltd,390,434.3,169377.0,2025-08-03T12:08:26.622119
2025-08-03,104226,2025080304007369,NGPL,Primo Securities (PVT) Ltd.,Vision Securities Pvt. Ltd,300,434.0,130200.0,2025-08-03T12:09:34.266439
2025-08-03,104203,2025080304007372,NGPL,ABC Securities Private Limited,Vision Securities Pvt. Ltd,500,434.0,217000.0,2025-08-03T12:09:35.33876
2025-08-03,104078,2025080304007396,NGPL,Opal Securities Investment (PVT) Ltd.,Vision Securities Pvt. Ltd,240,434.0,104160.0,2025-08-03T12:09:48.09729
2025-08-03,104077,2025080304007397,NGPL,Opal Securities Investment (PVT) Ltd.,Naasa Securities Co. Ltd.,100,434.3,43430.0,2025-08-03T12:09:48.097802
2025-08-03,104076,2025080304007398,NGPL,Opal Securities Investment (PVT) Ltd.,Elite Stock House Limited,160,434.4,69504.0,2025-08-03T12:09:48.098027
2025-08-03,103724,2025080304007456,NGPL,ABC Securities Private Limited,Sumeru Securities Pvt. Ltd.,500,433.3,216650.0,2025-08-03T12:10:33.047081
2025-08-03,103616,2025080304007469,NGPL,Investment Management Nepal Pvt. Ltd.,Sumeru Securities Pvt. Ltd.,800,433.3,346640.0,2025-08-03T12:10:48.839308
2025-08-03,103499,2025080304007477,NGPL,Online Securities Pvt. Ltd.,Magnet Securities and Investment Company Private Limited,200,433.2,86640.0,2025-08-03T12:10:55.360611
2025-08-03,103278,2025080304007512,NGPL,Trishakti Securities Public Limited,Naasa Securities Co. Ltd.,500,433.1,216550.0,2025-08-03T12:11:20.919014
2025-08-03,103174,2025080304007534,NGPL,Market Securities & Exchange (PVT) Ltd.,Online Securities Pvt. Ltd.,21,433.0,9093.0,2025-08-03T12:11:35.34747
2025-08-03,103143,2025080304007544,NGPL,Market Securities & Exchange (PVT) Ltd.,Sundhara Securities Limited,300,433.0,129900.0,2025-08-03T12:11:40.014191
2025-08-03,103111,2025080304007554,NGPL,Market Securities & Exchange (PVT) Ltd.,Sumeru Securities Pvt. Ltd.,1179,433.0,510507.0,2025-08-03T12:11:43.461414
2025-08-03,103110,2025080304007555,NGPL,Trademow Securities Private Limited,Sumeru Securities Pvt. Ltd.,200,433.0,86600.0,2025-08-03T12:11:43.461973
2025-08-03,103109,2025080304007556,NGPL,Sri Hari Securities Pvt. Ltd.,Sumeru Securities Pvt. Ltd.,1000,433.0,433000.0,2025-08-03T12:11:43.462255
2025-08-03,103108,2025080304007557,NGPL,Cristal Kanchanjanga Securites Pvt. Ltd.,Sumeru Securities Pvt. Ltd.,1000,433.0,433000.0,2025-08-03T12:11:43.462513
2025-08-03,103107,2025080304007558,NGPL,Naasa Securities Co. Ltd.,Sumeru Securities Pvt. Ltd.,38,433.0,16454.0,2025-08-03T12:11:43.462742
2025-08-03,103068,2025080304007581,NGPL,Agrawal Securities (PVT) Ltd.,Sumeru Securities Pvt. Ltd.,283,433.0,122539.0,2025-08-03T12:11:47.035806
2025-08-03,103067,2025080304007582,NGPL,Agrawal Securities (PVT) Ltd.,Naasa Securities Co. Ltd.,17,433.2,7364.4,2025-08-03T12:11:47.03639
2025-08-03,102592,2025080304007683,NGPL,Prabhu Stock Market Limited,Siprabi Securities Pvt. Ltd.,50,433.0,21650.0,2025-08-03T12:12:51.663621
2025-08-03,102591,2025080304007684,NGPL,Prabhu Stock Market Limited,Vision Securities Pvt. Ltd,40,433.0,17320.0,2025-08-03T12:12:51.663731
2025-08-03,102590,2025080304007685,NGPL,Prabhu Stock Market Limited,Malla & Malla Stock Broking Company Pvt. Limited,200,433.1,86620.0,2025-08-03T12:12:51.663832
2025-08-03,102589,2025080304007686,NGPL,Prabhu Stock Market Limited,Naasa Securities Co. Ltd.,273,433.2,118263.6,2025-08-03T12:12:51.663913
2025-08-03,102546,2025080304007693,NGPL,Online Securities Pvt. Ltd.,Naasa Securities Co. Ltd.,281,433.2,121729.2,2025-08-03T12:13:01.504333
2025-08-03,102545,2025080304007694,NGPL,Online Securities Pvt. Ltd.,South Asian Bulls Pvt. Ltd.,400,433.9,173560.0,2025-08-03T12:13:01.505062
2025-08-03,102544,2025080304007695,NGPL,Online Securities Pvt. Ltd.,Vision Securities Pvt. Ltd,2000,433.9,867800.0,2025-08-03T12:13:01.505946
2025-08-03,102543,2025080304007696,NGPL,Online Securities Pvt. Ltd.,Shree Krishna Securities Ltd.,1000,434.0,434000.0,2025-08-03T12:13:01.506824
2025-08-03,102542,2025080304007697,NGPL,Online Securities Pvt. Ltd.,Siprabi Securities Pvt. Ltd.,500,434.3,217150.0,2025-08-03T12:13:01.507748
2025-08-03,102541,2025080304007698,NGPL,Online Securities Pvt. Ltd.,Elite Stock House Limited,340,434.4,147696.0,2025-08-03T12:13:01.50856
2025-08-03,102540,2025080304007699,NGPL,Online Securities Pvt. Ltd.,Elite Stock House Limited,500,434.4,217200.0,2025-08-03T12:13:01.509348
2025-08-03,102539,2025080304007700,NGPL,Online Securities Pvt. Ltd.,Nepal Stock House (PVT) Ltd.,20,434.5,8690.0,2025-08-03T12:13:01.510208
2025-08-03,102538,2025080304007701,NGPL,Online Securities Pvt. Ltd.,Cristal Kanchanjanga Securites Pvt. Ltd.,100,434.5,43450.0,2025-08-03T12:13:01.511013
