Date,S.N.,contract_id,symbol,buyer_broker,seller_broker,volume,price,amount,transaction_time
2025-08-03,146533,2025080304000653,PPCL,Online Securities Pvt. Ltd.,Midas Stock Broking Company Private Limited,10,356.0,3560.0,2025-08-03T11:09:28.443203
2025-08-03,146532,2025080304000654,PPCL,Creative Securities Pvt Ltd,Midas Stock Broking Company Private Limited,18,355.2,6393.6,2025-08-03T11:09:28.443286
2025-08-03,144998,2025080304000868,PPCL,Market Securities & Exchange (PVT) Ltd.,Naasa Securities Co. Ltd.,89,356.1,31692.9,2025-08-03T11:11:28.882075
2025-08-03,141154,2025080304001484,PPCL,Sundhara Securities Limited,Dynamic Money Managers Securities Pvt. Ltd.,1500,358.0,537000.0,2025-08-03T11:16:16.73812
2025-08-03,141153,2025080304001485,PPCL,Nabil Stock Dealer Ltd.,Dynamic Money Managers Securities Pvt. Ltd.,200,357.6,71520.0,2025-08-03T11:16:16.738265
2025-08-03,140658,2025080304001556,PPCL,Dynamic Money Managers Securities Pvt. Ltd.,Nabil Stock Dealer Ltd.,10,360.0,3600.0,2025-08-03T11:17:02.042067
2025-08-03,140657,2025080304001557,PPCL,Dynamic Money Managers Securities Pvt. Ltd.,Dakshinkali Investment & Securities Pvt. Ltd.,1000,360.0,360000.0,2025-08-03T11:17:02.042178
2025-08-03,139175,2025080304001798,PPCL,Trishakti Securities Public Limited,Siprabi Securities Pvt. Ltd.,100,364.0,36400.0,2025-08-03T11:18:55.150174
2025-08-03,139174,2025080304001799,PPCL,Trishakti Securities Public Limited,Secured Securities Ltd.,200,365.0,73000.0,2025-08-03T11:18:55.150272
2025-08-03,134867,2025080304002464,PPCL,Naasa Securities Co. Ltd.,Dynamic Money Managers Securities Pvt. Ltd.,15,363.0,5445.0,2025-08-03T11:23:45.583271
2025-08-03,134066,2025080304002621,PPCL,Investment Management Nepal Pvt. Ltd.,Dynamic Money Managers Securities Pvt. Ltd.,485,363.0,176055.0,2025-08-03T11:24:44.339623
2025-08-03,134065,2025080304002622,PPCL,Investment Management Nepal Pvt. Ltd.,Naasa Securities Co. Ltd.,10,364.0,3640.0,2025-08-03T11:24:44.339717
2025-08-03,134064,2025080304002623,PPCL,Investment Management Nepal Pvt. Ltd.,Sweta Securities Private Limited,102,364.6,37189.2,2025-08-03T11:24:44.339802
2025-08-03,134063,2025080304002624,PPCL,Investment Management Nepal Pvt. Ltd.,Shree Krishna Securities Ltd.,470,364.7,171409.0,2025-08-03T11:24:44.339876
2025-08-03,134062,2025080304002625,PPCL,Investment Management Nepal Pvt. Ltd.,Sweta Securities Private Limited,50,365.0,18250.0,2025-08-03T11:24:44.339948
2025-08-03,134061,2025080304002626,PPCL,Investment Management Nepal Pvt. Ltd.,Himalayan Brokerage Company Limited,883,365.0,322295.0,2025-08-03T11:24:44.340019
2025-08-03,131674,2025080304002980,PPCL,Agrawal Securities (PVT) Ltd.,KALASH STOCK MARKET PVT. LTD.,10,361.1,3611.0,2025-08-03T11:27:35.022366
2025-08-03,131496,2025080304003013,PPCL,Agrawal Securities (PVT) Ltd.,Miyo Securities Pvt Ltd,10,361.1,3611.0,2025-08-03T11:27:50.80936
2025-08-03,131495,2025080304003014,PPCL,Imperial Securities Company Pvt. Ltd.,Miyo Securities Pvt Ltd,20,361.0,7220.0,2025-08-03T11:27:50.809457
2025-08-03,130550,2025080304003162,PPCL,Naasa Securities Co. Ltd.,Midas Stock Broking Company Private Limited,150,360.1,54015.0,2025-08-03T11:29:15.068715
2025-08-03,129895,2025080304003260,PPCL,Sani Securities Company Ltd.,Midas Stock Broking Company Private Limited,100,361.0,36100.0,2025-08-03T11:30:26.579578
2025-08-03,129614,2025080304003323,PPCL,Cristal Kanchanjanga Securites Pvt. Ltd.,Midas Stock Broking Company Private Limited,22,360.0,7920.0,2025-08-03T11:30:57.822152
2025-08-03,128464,2025080304003502,PPCL,Dynamic Money Managers Securities Pvt. Ltd.,Dynamic Money Managers Securities Pvt. Ltd.,100,361.0,36100.0,2025-08-03T11:32:59.341654
2025-08-03,124949,2025080304004187,PPCL,SUN SECURITIES PVT LTD,Primo Securities (PVT) Ltd.,200,360.1,72020.0,2025-08-03T11:36:53.165452
2025-08-03,123959,2025080304004338,PPCL,Investment Management Nepal Pvt. Ltd.,Opal Securities Investment (PVT) Ltd.,90,360.0,32400.0,2025-08-03T11:38:20.007989
2025-08-03,121907,2025080304004620,PPCL,Investment Management Nepal Pvt. Ltd.,Dynamic Money Managers Securities Pvt. Ltd.,300,360.0,108000.0,2025-08-03T11:41:21.912809
2025-08-03,121445,2025080304004692,PPCL,Investment Management Nepal Pvt. Ltd.,Midas Stock Broking Company Private Limited,610,360.0,219600.0,2025-08-03T11:41:58.182827
2025-08-03,121150,2025080304004730,PPCL,Naasa Securities Co. Ltd.,Midas Stock Broking Company Private Limited,25,358.0,8950.0,2025-08-03T11:42:24.766789
2025-08-03,121149,2025080304004731,PPCL,Naasa Securities Co. Ltd.,Midas Stock Broking Company Private Limited,65,358.0,23270.0,2025-08-03T11:42:24.76688
2025-08-03,116425,2025080304005314,PPCL,Market Securities & Exchange (PVT) Ltd.,Arun Securities (PVT) Ltd.,20,360.0,7200.0,2025-08-03T11:49:49.53409
2025-08-03,114176,2025080304005664,PPCL,Nepal Stock House (PVT) Ltd.,Dynamic Money Managers Securities Pvt. Ltd.,1000,360.0,360000.0,2025-08-03T11:53:14.375521
2025-08-03,113242,2025080304005819,PPCL,Asian Securities Private Ltd.,Nepal Investment And Securities Trading Private Limited,35,358.4,12544.0,2025-08-03T11:54:36.686011
2025-08-03,113100,2025080304005860,PPCL,Asian Securities Private Ltd.,Trishakti Securities Public Limited,15,358.4,5376.0,2025-08-03T11:54:46.989394
2025-08-03,112722,2025080304005914,PPCL,Market Securities & Exchange (PVT) Ltd.,Trishakti Securities Public Limited,111,358.3,39771.3,2025-08-03T11:55:21.32537
2025-08-03,112666,2025080304005929,PPCL,Sani Securities Company Ltd.,Trishakti Securities Public Limited,374,358.3,134004.2,2025-08-03T11:55:26.136409
2025-08-03,110022,2025080304006339,PPCL,Imperial Securities Company Pvt. Ltd.,Dynamic Money Managers Securities Pvt. Ltd.,200,358.2,71640.0,2025-08-03T11:59:40.849692
2025-08-03,110021,2025080304006340,PPCL,Sewa Securities Pvt. Ltd.,Dynamic Money Managers Securities Pvt. Ltd.,11,358.2,3940.2,2025-08-03T11:59:40.849832
2025-08-03,110020,2025080304006341,PPCL,SUN SECURITIES PVT LTD,Dynamic Money Managers Securities Pvt. Ltd.,200,358.1,71620.0,2025-08-03T11:59:40.849879
2025-08-03,110019,2025080304006342,PPCL,Sani Securities Company Ltd.,Dynamic Money Managers Securities Pvt. Ltd.,126,358.1,45120.6,2025-08-03T11:59:40.849921
2025-08-03,110018,2025080304006343,PPCL,Imperial Securities Company Pvt. Ltd.,Dynamic Money Managers Securities Pvt. Ltd.,200,358.1,71620.0,2025-08-03T11:59:40.849963
2025-08-03,110017,2025080304006344,PPCL,Naasa Securities Co. Ltd.,Dynamic Money Managers Securities Pvt. Ltd.,45,358.0,16110.0,2025-08-03T11:59:40.850061
2025-08-03,110016,2025080304006345,PPCL,Naasa Securities Co. Ltd.,Dynamic Money Managers Securities Pvt. Ltd.,100,358.0,35800.0,2025-08-03T11:59:40.850118
2025-08-03,110015,2025080304006346,PPCL,Sri Hari Securities Pvt. Ltd.,Dynamic Money Managers Securities Pvt. Ltd.,250,358.0,89500.0,2025-08-03T11:59:40.850158
2025-08-03,110014,2025080304006347,PPCL,Investment Management Nepal Pvt. Ltd.,Dynamic Money Managers Securities Pvt. Ltd.,368,358.0,131744.0,2025-08-03T11:59:40.850198
2025-08-03,109804,2025080304006375,PPCL,Nabil Stock Dealer Ltd.,Dynamic Money Managers Securities Pvt. Ltd.,300,358.1,107430.0,2025-08-03T12:00:00.833775
2025-08-03,109803,2025080304006376,PPCL,Investment Management Nepal Pvt. Ltd.,Dynamic Money Managers Securities Pvt. Ltd.,132,358.0,47256.0,2025-08-03T12:00:00.833888
2025-08-03,109802,2025080304006377,PPCL,Sani Securities Company Ltd.,Dynamic Money Managers Securities Pvt. Ltd.,68,358.0,24344.0,2025-08-03T12:00:00.83393
2025-08-03,109115,2025080304006471,PPCL,Nabil Stock Dealer Ltd.,Online Securities Pvt. Ltd.,100,360.0,36000.0,2025-08-03T12:01:10.454331
2025-08-03,108950,2025080304006501,PPCL,Premier Securities Company Ltd.,Bhrikuti Stock Broking Co. Pvt. Ltd.,200,361.0,72200.0,2025-08-03T12:01:24.027039
2025-08-03,108949,2025080304006502,PPCL,Premier Securities Company Ltd.,Trishakti Securities Public Limited,1000,361.0,361000.0,2025-08-03T12:01:24.027125
2025-08-03,105639,2025080304007090,PPCL,Sweta Securities Private Limited,ABC Securities Private Limited,30,363.0,10890.0,2025-08-03T12:06:56.019779
2025-08-03,105638,2025080304007091,PPCL,Sweta Securities Private Limited,Premier Securities Company Ltd.,100,363.0,36300.0,2025-08-03T12:06:56.019876
2025-08-03,104877,2025080304007278,PPCL,Sweta Securities Private Limited,Sharepro Securities Private Limited,1970,363.0,715110.0,2025-08-03T12:08:27.199641
2025-08-03,103878,2025080304007423,PPCL,Sani Securities Company Ltd.,Vision Securities Pvt. Ltd,10,363.0,3630.0,2025-08-03T12:10:13.104765
2025-08-03,102778,2025080304007639,PPCL,SUN SECURITIES PVT LTD,Vision Securities Pvt. Ltd,22,363.0,7986.0,2025-08-03T12:12:26.704479
2025-08-03,101581,2025080304007869,PPCL,Creative Securities Pvt Ltd,Nepal Stock House (PVT) Ltd.,100,361.0,36100.0,2025-08-03T12:14:59.748554
2025-08-03,100630,2025080304008053,PPCL,Creative Securities Pvt Ltd,Siprabi Securities Pvt. Ltd.,30,361.0,10830.0,2025-08-03T12:17:08.276628
2025-08-03,100579,2025080304008060,PPCL,Creative Securities Pvt Ltd,Vision Securities Pvt. Ltd,268,361.0,96748.0,2025-08-03T12:17:16.286616
2025-08-03,100501,2025080304008067,PPCL,Nabil Stock Dealer Ltd.,Premier Securities Company Ltd.,11,363.0,3993.0,2025-08-03T12:17:25.893594
2025-08-03,97773,2025080304008511,PPCL,Creative Securities Pvt Ltd,Trishakti Securities Public Limited,500,361.0,180500.0,2025-08-03T12:22:27.74186
2025-08-03,96561,2025080304008672,PPCL,Creative Securities Pvt Ltd,Imperial Securities Company Pvt. Ltd.,15,361.0,5415.0,2025-08-03T12:24:57.401033
2025-08-03,95849,2025080304008820,PPCL,Creative Securities Pvt Ltd,Imperial Securities Company Pvt. Ltd.,87,361.0,31407.0,2025-08-03T12:26:12.465731
2025-08-03,95848,2025080304008821,PPCL,Vision Securities Pvt. Ltd,Imperial Securities Company Pvt. Ltd.,50,360.1,18005.0,2025-08-03T12:26:12.465845
2025-08-03,95847,2025080304008822,PPCL,Aryatara Investment & Securities,Imperial Securities Company Pvt. Ltd.,450,360.0,162000.0,2025-08-03T12:26:12.465898
2025-08-03,95846,2025080304008823,PPCL,Opal Securities Investment (PVT) Ltd.,Imperial Securities Company Pvt. Ltd.,200,360.0,72000.0,2025-08-03T12:26:12.465943
2025-08-03,95845,2025080304008824,PPCL,Naasa Securities Co. Ltd.,Imperial Securities Company Pvt. Ltd.,101,359.5,36309.5,2025-08-03T12:26:12.46599
2025-08-03,95844,2025080304008825,PPCL,KALASH STOCK MARKET PVT. LTD.,Imperial Securities Company Pvt. Ltd.,112,359.3,40241.6,2025-08-03T12:26:12.466035
2025-08-03,94902,2025080304008970,PPCL,KALASH STOCK MARKET PVT. LTD.,Online Securities Pvt. Ltd.,10,359.3,3593.0,2025-08-03T12:28:01.416456
2025-08-03,92645,2025080304009272,PPCL,Sani Securities Company Ltd.,Premier Securities Company Ltd.,10,363.0,3630.0,2025-08-03T12:32:29.697861
2025-08-03,89185,2025080304009734,PPCL,Premier Securities Company Ltd.,Imperial Securities Company Pvt. Ltd.,100,362.9,36290.0,2025-08-03T12:39:03.137959
2025-08-03,89184,2025080304009735,PPCL,Premier Securities Company Ltd.,Premier Securities Company Ltd.,100,363.0,36300.0,2025-08-03T12:39:03.138092
2025-08-03,86342,2025080304010236,PPCL,Vision Securities Pvt. Ltd,Dynamic Money Managers Securities Pvt. Ltd.,500,360.0,180000.0,2025-08-03T12:44:09.347998
2025-08-03,86016,2025080304010281,PPCL,South Asian Bulls Pvt. Ltd.,Midas Stock Broking Company Private Limited,10,359.4,3594.0,2025-08-03T12:44:42.410375
2025-08-03,83648,2025080304010644,PPCL,Naasa Securities Co. Ltd.,Sumeru Securities Pvt. Ltd.,250,360.0,90000.0,2025-08-03T12:48:33.234331
2025-08-03,83647,2025080304010645,PPCL,Naasa Securities Co. Ltd.,Linch Stock Market Ltd.,25,360.0,9000.0,2025-08-03T12:48:33.234458
2025-08-03,83646,2025080304010646,PPCL,Naasa Securities Co. Ltd.,Dynamic Money Managers Securities Pvt. Ltd.,125,360.0,45000.0,2025-08-03T12:48:33.234528
2025-08-03,81941,2025080304010940,PPCL,South Asian Bulls Pvt. Ltd.,Sani Securities Company Ltd.,40,359.4,14376.0,2025-08-03T12:50:49.518168
2025-08-03,81940,2025080304010941,PPCL,Vision Securities Pvt. Ltd,Sani Securities Company Ltd.,200,359.4,71880.0,2025-08-03T12:50:49.518299
2025-08-03,81939,2025080304010942,PPCL,KALASH STOCK MARKET PVT. LTD.,Sani Securities Company Ltd.,378,359.3,135815.4,2025-08-03T12:50:49.518381
2025-08-03,81938,2025080304010943,PPCL,Nabil Stock Dealer Ltd.,Sani Securities Company Ltd.,300,359.2,107760.0,2025-08-03T12:50:49.518437
2025-08-03,81937,2025080304010944,PPCL,S.P.S.A. Securities Limited,Sani Securities Company Ltd.,550,359.1,197505.0,2025-08-03T12:50:49.518489
2025-08-03,81936,2025080304010945,PPCL,Vision Securities Pvt. Ltd,Sani Securities Company Ltd.,142,359.1,50992.2,2025-08-03T12:50:49.518539
2025-08-03,81377,2025080304011069,PPCL,Vision Securities Pvt. Ltd,J.F. Securites (PVT) Ltd.,200,359.1,71820.0,2025-08-03T12:51:34.507169
2025-08-03,80405,2025080304011229,PPCL,Imperial Securities Company Pvt. Ltd.,Trishakti Securities Public Limited,100,359.0,35900.0,2025-08-03T12:53:04.326442
2025-08-03,79512,2025080304011449,PPCL,Imperial Securities Company Pvt. Ltd.,Trishakti Securities Public Limited,100,359.0,35900.0,2025-08-03T12:54:18.238449
2025-08-03,78374,2025080304011644,PPCL,Imperial Securities Company Pvt. Ltd.,Miyo Securities Pvt Ltd,105,359.0,37695.0,2025-08-03T12:56:11.209293
2025-08-03,75441,2025080304012249,PPCL,Trishakti Securities Public Limited,Linch Stock Market Ltd.,130,359.1,46683.0,2025-08-03T13:00:35.148662
2025-08-03,75440,2025080304012250,PPCL,Imperial Securities Company Pvt. Ltd.,Linch Stock Market Ltd.,400,359.0,143600.0,2025-08-03T13:00:35.148783
2025-08-03,73006,2025080304012680,PPCL,Premier Securities Company Ltd.,Dynamic Money Managers Securities Pvt. Ltd.,175,360.0,63000.0,2025-08-03T13:04:19.062527
2025-08-03,73005,2025080304012681,PPCL,Premier Securities Company Ltd.,Aryatara Investment & Securities,485,360.0,174600.0,2025-08-03T13:04:19.062585
2025-08-03,73004,2025080304012682,PPCL,Premier Securities Company Ltd.,Linch Stock Market Ltd.,10,360.0,3600.0,2025-08-03T13:04:19.062642
2025-08-03,71273,2025080304012952,PPCL,Aryatara Investment & Securities,Imperial Securities Company Pvt. Ltd.,10,360.0,3600.0,2025-08-03T13:08:12.505838
2025-08-03,71216,2025080304012968,PPCL,Nabil Stock Dealer Ltd.,Sagarmatha Securities Private Limited,17,362.0,6154.0,2025-08-03T13:08:21.919273
2025-08-03,68502,2025080304013479,PPCL,Aryatara Investment & Securities,Linch Stock Market Ltd.,40,360.0,14400.0,2025-08-03T13:14:32.741569
2025-08-03,68501,2025080304013480,PPCL,Trishakti Securities Public Limited,Linch Stock Market Ltd.,90,360.0,32400.0,2025-08-03T13:14:32.741754
2025-08-03,66438,2025080304013850,PPCL,Dipshikha Dhitopatra Karobar Co. Pvt Ltd.,Primo Securities (PVT) Ltd.,10,359.1,3591.0,2025-08-03T13:18:56.171166
2025-08-03,64935,2025080304014145,PPCL,Trishakti Securities Public Limited,Sharepro Securities Private Limited,90,360.0,32400.0,2025-08-03T13:21:39.536805
2025-08-03,64934,2025080304014146,PPCL,Dipshikha Dhitopatra Karobar Co. Pvt Ltd.,Sharepro Securities Private Limited,52,359.1,18673.2,2025-08-03T13:21:39.536961
2025-08-03,64717,2025080304014185,PPCL,Dipshikha Dhitopatra Karobar Co. Pvt Ltd.,Trishakti Securities Public Limited,20,359.1,7182.0,2025-08-03T13:22:07.642095
2025-08-03,63856,2025080304014342,PPCL,Dipshikha Dhitopatra Karobar Co. Pvt Ltd.,Sagarmatha Securities Private Limited,28,359.1,10054.8,2025-08-03T13:23:39.877156
2025-08-03,63855,2025080304014343,PPCL,Bhrikuti Stock Broking Co. Pvt. Ltd.,Sagarmatha Securities Private Limited,100,359.1,35910.0,2025-08-03T13:23:39.877287
2025-08-03,63854,2025080304014344,PPCL,Vision Securities Pvt. Ltd,Sagarmatha Securities Private Limited,100,359.1,35910.0,2025-08-03T13:23:39.877355
2025-08-03,63853,2025080304014345,PPCL,Imperial Securities Company Pvt. Ltd.,Sagarmatha Securities Private Limited,755,359.0,271045.0,2025-08-03T13:23:39.877416
2025-08-03,62962,2025080304014527,PPCL,Nepal Investment And Securities Trading Private Limited,ABC Securities Private Limited,50,360.0,18000.0,2025-08-03T13:25:10.142273
2025-08-03,62297,2025080304014619,PPCL,Imperial Securities Company Pvt. Ltd.,Citizens Share Broker Limited,2000,359.0,718000.0,2025-08-03T13:26:25.101643
2025-08-03,59631,2025080304015103,PPCL,Linch Stock Market Ltd.,ABC Securities Private Limited,50,360.0,18000.0,2025-08-03T13:31:36.045852
2025-08-03,59630,2025080304015104,PPCL,Linch Stock Market Ltd.,Imperial Securities Company Pvt. Ltd.,250,360.0,90000.0,2025-08-03T13:31:36.045982
2025-08-03,58557,2025080304015344,PPCL,Imperial Securities Company Pvt. Ltd.,Dynamic Money Managers Securities Pvt. Ltd.,3000,359.0,1077000.0,2025-08-03T13:33:36.011378
2025-08-03,58535,2025080304015347,PPCL,Himalayan Brokerage Company Limited,Imperial Securities Company Pvt. Ltd.,50,360.0,18000.0,2025-08-03T13:33:38.344294
2025-08-03,58534,2025080304015348,PPCL,Himalayan Brokerage Company Limited,Sani Securities Company Ltd.,10,360.0,3600.0,2025-08-03T13:33:38.344415
2025-08-03,58533,2025080304015349,PPCL,Himalayan Brokerage Company Limited,Vision Securities Pvt. Ltd,10,362.0,3620.0,2025-08-03T13:33:38.344478
2025-08-03,58446,2025080304015361,PPCL,Imperial Securities Company Pvt. Ltd.,Ashutosh Brokerage & Securities (PVT) Ltd.,100,359.0,35900.0,2025-08-03T13:33:47.373457
2025-08-03,58389,2025080304015374,PPCL,Himalayan Brokerage Company Limited,Vision Securities Pvt. Ltd,20,362.0,7240.0,2025-08-03T13:33:52.388307
2025-08-03,58388,2025080304015375,PPCL,Himalayan Brokerage Company Limited,South Asian Bulls Pvt. Ltd.,11,362.9,3991.9,2025-08-03T13:33:52.388364
2025-08-03,58185,2025080304015424,PPCL,Himalayan Brokerage Company Limited,Citizens Share Broker Limited,10,359.1,3591.0,2025-08-03T13:34:16.288244
2025-08-03,57878,2025080304015493,PPCL,Himalayan Brokerage Company Limited,Vision Securities Pvt. Ltd,50,359.1,17955.0,2025-08-03T13:34:51.062289
2025-08-03,56430,2025080304015768,PPCL,Himalayan Brokerage Company Limited,Creative Securities Pvt Ltd,100,360.0,36000.0,2025-08-03T13:37:31.162273
2025-08-03,56429,2025080304015769,PPCL,Himalayan Brokerage Company Limited,Aryatara Investment & Securities,100,360.0,36000.0,2025-08-03T13:37:31.162347
2025-08-03,56428,2025080304015770,PPCL,Himalayan Brokerage Company Limited,South Asian Bulls Pvt. Ltd.,10,362.9,3629.0,2025-08-03T13:37:31.162376
2025-08-03,56371,2025080304015776,PPCL,Trisul Securities & Invt. Ltd.,Dynamic Money Managers Securities Pvt. Ltd.,200,360.0,72000.0,2025-08-03T13:37:39.019436
2025-08-03,56370,2025080304015777,PPCL,Himalayan Brokerage Company Limited,Dynamic Money Managers Securities Pvt. Ltd.,240,359.1,86184.0,2025-08-03T13:37:39.019726
2025-08-03,56369,2025080304015778,PPCL,Imperial Securities Company Pvt. Ltd.,Dynamic Money Managers Securities Pvt. Ltd.,260,359.0,93340.0,2025-08-03T13:37:39.019888
2025-08-03,53806,2025080304016316,PPCL,Imperial Securities Company Pvt. Ltd.,Sumeru Securities Pvt. Ltd.,50,359.0,17950.0,2025-08-03T13:42:08.281343
2025-08-03,51851,2025080304016724,PPCL,Premier Securities Company Ltd.,Bhrikuti Stock Broking Co. Pvt. Ltd.,100,362.0,36200.0,2025-08-03T13:45:15.399192
2025-08-03,48441,2025080304017381,PPCL,Sundhara Securities Limited,Sri Hari Securities Pvt. Ltd.,100,360.0,36000.0,2025-08-03T13:51:25.592677
2025-08-03,45836,2025080304017906,PPCL,Sundhara Securities Limited,Thrive Brokerage House Pvt. Ltd,100,360.0,36000.0,2025-08-03T13:56:38.087789
2025-08-03,44771,2025080304018206,PPCL,Siprabi Securities Pvt. Ltd.,Dipshikha Dhitopatra Karobar Co. Pvt Ltd.,50,361.9,18095.0,2025-08-03T13:58:50.275235
2025-08-03,44196,2025080304018348,PPCL,Secured Securities Ltd.,Trishakti Securities Public Limited,30,361.0,10830.0,2025-08-03T13:59:55.537407
2025-08-03,42923,2025080304018558,PPCL,Vision Securities Pvt. Ltd,Sewa Securities Pvt. Ltd.,158,360.0,56880.0,2025-08-03T14:02:39.519188
2025-08-03,41378,2025080304018913,PPCL,Dakshinkali Investment & Securities Pvt. Ltd.,Vision Securities Pvt. Ltd,200,359.1,71820.0,2025-08-03T14:06:28.824835
2025-08-03,39142,2025080304019508,PPCL,Imperial Securities Company Pvt. Ltd.,Imperial Securities Company Pvt. Ltd.,10,359.0,3590.0,2025-08-03T14:12:11.726659
2025-08-03,38154,2025080304019770,PPCL,Imperial Securities Company Pvt. Ltd.,Naasa Securities Co. Ltd.,30,359.0,10770.0,2025-08-03T14:14:20.886955
2025-08-03,37072,2025080304020019,PPCL,Imperial Securities Company Pvt. Ltd.,Secured Securities Ltd.,90,359.0,32310.0,2025-08-03T14:16:53.334433
2025-08-03,37071,2025080304020020,PPCL,Primo Securities (PVT) Ltd.,Secured Securities Ltd.,10,359.0,3590.0,2025-08-03T14:16:53.334639
2025-08-03,36056,2025080304020390,PPCL,Primo Securities (PVT) Ltd.,Sani Securities Company Ltd.,10,359.0,3590.0,2025-08-03T14:18:58.078471
2025-08-03,33689,2025080304021007,PPCL,Capital Max Securities Ltd,Trishakti Securities Public Limited,150,360.0,54000.0,2025-08-03T14:23:24.47757
2025-08-03,32857,2025080304021173,PPCL,Cristal Kanchanjanga Securites Pvt. Ltd.,Capital Max Securities Ltd,60,359.0,21540.0,2025-08-03T14:24:36.372633
2025-08-03,32231,2025080304021255,PPCL,Naasa Securities Co. Ltd.,Trishakti Securities Public Limited,200,358.4,71680.0,2025-08-03T14:25:39.004708
2025-08-03,32230,2025080304021256,PPCL,Nabil Stock Dealer Ltd.,Trishakti Securities Public Limited,292,358.3,104623.6,2025-08-03T14:25:39.004982
2025-08-03,32166,2025080304021278,PPCL,Nabil Stock Dealer Ltd.,Dynamic Money Managers Securities Pvt. Ltd.,208,358.3,74526.4,2025-08-03T14:25:43.105084
2025-08-03,32165,2025080304021279,PPCL,Vision Securities Pvt. Ltd,Dynamic Money Managers Securities Pvt. Ltd.,100,358.1,35810.0,2025-08-03T14:25:43.105243
2025-08-03,32164,2025080304021280,PPCL,Sani Securities Company Ltd.,Dynamic Money Managers Securities Pvt. Ltd.,12,358.0,4296.0,2025-08-03T14:25:43.105305
2025-08-03,32163,2025080304021281,PPCL,Naasa Securities Co. Ltd.,Dynamic Money Managers Securities Pvt. Ltd.,101,358.0,36158.0,2025-08-03T14:25:43.105398
2025-08-03,32162,2025080304021282,PPCL,Capital Max Securities Ltd,Dynamic Money Managers Securities Pvt. Ltd.,300,358.0,107400.0,2025-08-03T14:25:43.105474
2025-08-03,32161,2025080304021283,PPCL,Dipshikha Dhitopatra Karobar Co. Pvt Ltd.,Dynamic Money Managers Securities Pvt. Ltd.,35,358.0,12530.0,2025-08-03T14:25:43.105532
2025-08-03,32160,2025080304021284,PPCL,Naasa Securities Co. Ltd.,Dynamic Money Managers Securities Pvt. Ltd.,100,358.0,35800.0,2025-08-03T14:25:43.105586
2025-08-03,32159,2025080304021285,PPCL,Imperial Securities Company Pvt. Ltd.,Dynamic Money Managers Securities Pvt. Ltd.,310,358.0,110980.0,2025-08-03T14:25:43.105641
2025-08-03,32158,2025080304021286,PPCL,Naasa Securities Co. Ltd.,Dynamic Money Managers Securities Pvt. Ltd.,250,358.0,89500.0,2025-08-03T14:25:43.105696
2025-08-03,32157,2025080304021287,PPCL,ABC Securities Private Limited,Dynamic Money Managers Securities Pvt. Ltd.,250,358.0,89500.0,2025-08-03T14:25:43.105751
2025-08-03,32043,2025080304021323,PPCL,Vision Securities Pvt. Ltd,Deevyaa Securities & Stock House Pvt. Ltd,100,357.8,35780.0,2025-08-03T14:25:56.04422
2025-08-03,32042,2025080304021324,PPCL,Online Securities Pvt. Ltd.,Deevyaa Securities & Stock House Pvt. Ltd,100,357.8,35780.0,2025-08-03T14:25:56.044391
2025-08-03,32041,2025080304021325,PPCL,Naasa Securities Co. Ltd.,Deevyaa Securities & Stock House Pvt. Ltd,50,357.7,17885.0,2025-08-03T14:25:56.044452
2025-08-03,32040,2025080304021326,PPCL,Vision Securities Pvt. Ltd,Deevyaa Securities & Stock House Pvt. Ltd,100,357.7,35770.0,2025-08-03T14:25:56.04454
2025-08-03,32039,2025080304021327,PPCL,Naasa Securities Co. Ltd.,Deevyaa Securities & Stock House Pvt. Ltd,200,357.7,71540.0,2025-08-03T14:25:56.044592
2025-08-03,32038,2025080304021328,PPCL,Midas Stock Broking Company Private Limited,Deevyaa Securities & Stock House Pvt. Ltd,500,357.6,178800.0,2025-08-03T14:25:56.044647
2025-08-03,32037,2025080304021329,PPCL,Pragyan Securities (PVT) Ltd.,Deevyaa Securities & Stock House Pvt. Ltd,500,357.5,178750.0,2025-08-03T14:25:56.044701
2025-08-03,32036,2025080304021330,PPCL,Trishakti Securities Public Limited,Deevyaa Securities & Stock House Pvt. Ltd,200,357.0,71400.0,2025-08-03T14:25:56.044755
2025-08-03,32035,2025080304021331,PPCL,Imperial Securities Company Pvt. Ltd.,Deevyaa Securities & Stock House Pvt. Ltd,20,357.0,7140.0,2025-08-03T14:25:56.044808
2025-08-03,32034,2025080304021332,PPCL,Secured Securities Ltd.,Deevyaa Securities & Stock House Pvt. Ltd,230,357.0,82110.0,2025-08-03T14:25:56.044863
2025-08-03,31249,2025080304021504,PPCL,Secured Securities Ltd.,Dynamic Money Managers Securities Pvt. Ltd.,100,358.0,35800.0,2025-08-03T14:27:25.26632
2025-08-03,30259,2025080304021751,PPCL,Secured Securities Ltd.,Deevyaa Securities & Stock House Pvt. Ltd,270,357.0,96390.0,2025-08-03T14:28:58.99643
2025-08-03,30258,2025080304021752,PPCL,Nabil Stock Dealer Ltd.,Deevyaa Securities & Stock House Pvt. Ltd,70,357.0,24990.0,2025-08-03T14:28:58.996592
2025-08-03,28405,2025080304022055,PPCL,Vision Securities Pvt. Ltd,Aryatara Investment & Securities,100,356.2,35620.0,2025-08-03T14:31:34.678677
2025-08-03,28404,2025080304022056,PPCL,Himalayan Brokerage Company Limited,Aryatara Investment & Securities,500,356.1,178050.0,2025-08-03T14:31:34.678831
2025-08-03,28403,2025080304022057,PPCL,Premier Securities Company Ltd.,Aryatara Investment & Securities,900,356.1,320490.0,2025-08-03T14:31:34.678886
2025-08-03,28339,2025080304022069,PPCL,Naasa Securities Co. Ltd.,Deevyaa Securities & Stock House Pvt. Ltd,19,357.0,6783.0,2025-08-03T14:31:40.219616
2025-08-03,28227,2025080304022091,PPCL,Premier Securities Company Ltd.,Siprabi Securities Pvt. Ltd.,300,356.1,106830.0,2025-08-03T14:31:49.813363
2025-08-03,28226,2025080304022092,PPCL,J.F. Securites (PVT) Ltd.,Siprabi Securities Pvt. Ltd.,200,356.0,71200.0,2025-08-03T14:31:49.813574
2025-08-03,28225,2025080304022093,PPCL,Himalayan Securities Limited,Siprabi Securities Pvt. Ltd.,50,356.0,17800.0,2025-08-03T14:31:49.813631
2025-08-03,28224,2025080304022094,PPCL,Online Securities Pvt. Ltd.,Siprabi Securities Pvt. Ltd.,300,356.0,106800.0,2025-08-03T14:31:49.813702
2025-08-03,28223,2025080304022095,PPCL,Dipshikha Dhitopatra Karobar Co. Pvt Ltd.,Siprabi Securities Pvt. Ltd.,350,356.0,124600.0,2025-08-03T14:31:49.813757
2025-08-03,28222,2025080304022096,PPCL,Imperial Securities Company Pvt. Ltd.,Siprabi Securities Pvt. Ltd.,500,356.0,178000.0,2025-08-03T14:31:49.813813
2025-08-03,28221,2025080304022097,PPCL,Imperial Securities Company Pvt. Ltd.,Siprabi Securities Pvt. Ltd.,100,356.0,35600.0,2025-08-03T14:31:49.813865
2025-08-03,28220,2025080304022098,PPCL,Vision Securities Pvt. Ltd,Siprabi Securities Pvt. Ltd.,100,356.0,35600.0,2025-08-03T14:31:49.813924
2025-08-03,28219,2025080304022099,PPCL,Sani Securities Company Ltd.,Siprabi Securities Pvt. Ltd.,100,356.0,35600.0,2025-08-03T14:31:49.813994
2025-08-03,28193,2025080304022105,PPCL,Sani Securities Company Ltd.,Deevyaa Securities & Stock House Pvt. Ltd,135,357.0,48195.0,2025-08-03T14:31:54.011537
2025-08-03,28148,2025080304022119,PPCL,Sani Securities Company Ltd.,Siprabi Securities Pvt. Ltd.,400,356.0,142400.0,2025-08-03T14:31:58.968537
2025-08-03,28147,2025080304022120,PPCL,ABC Securities Private Limited,Siprabi Securities Pvt. Ltd.,30,356.0,10680.0,2025-08-03T14:31:58.968741
2025-08-03,28146,2025080304022121,PPCL,Naasa Securities Co. Ltd.,Siprabi Securities Pvt. Ltd.,70,356.0,24920.0,2025-08-03T14:31:58.968818
2025-08-03,27695,2025080304022223,PPCL,Naasa Securities Co. Ltd.,Sani Securities Company Ltd.,20,356.0,7120.0,2025-08-03T14:32:37.952652
2025-08-03,27151,2025080304022371,PPCL,Imperial Securities Company Pvt. Ltd.,Premier Securities Company Ltd.,10,356.9,3569.0,2025-08-03T14:33:22.9335
2025-08-03,24692,2025080304023091,PPCL,Kalika Securities Pvt. Ltd.,S.P.S.A. Securities Limited,13,355.8,4625.4,2025-08-03T14:36:37.105162
2025-08-03,24691,2025080304023092,PPCL,Creative Securities Pvt Ltd,S.P.S.A. Securities Limited,82,355.8,29175.6,2025-08-03T14:36:37.105308
2025-08-03,24690,2025080304023093,PPCL,Sajilo Broker Limited,S.P.S.A. Securities Limited,150,355.8,53370.0,2025-08-03T14:36:37.105383
2025-08-03,24689,2025080304023094,PPCL,Premier Securities Company Ltd.,S.P.S.A. Securities Limited,55,355.7,19563.5,2025-08-03T14:36:37.105441
2025-08-03,24377,2025080304023181,PPCL,Premier Securities Company Ltd.,Dakshinkali Investment & Securities Pvt. Ltd.,750,355.7,266775.0,2025-08-03T14:37:00.032532
2025-08-03,24168,2025080304023247,PPCL,Online Securities Pvt. Ltd.,Trishakti Securities Public Limited,143,355.8,50879.4,2025-08-03T14:37:16.234982
2025-08-03,23947,2025080304023314,PPCL,Premier Securities Company Ltd.,Sharepro Securities Private Limited,695,355.7,247211.5,2025-08-03T14:37:33.291492
2025-08-03,23946,2025080304023315,PPCL,Vision Securities Pvt. Ltd,Sharepro Securities Private Limited,100,355.6,35560.0,2025-08-03T14:37:33.291634
2025-08-03,23945,2025080304023316,PPCL,Dynamic Money Managers Securities Pvt. Ltd.,Sharepro Securities Private Limited,415,355.6,147574.0,2025-08-03T14:37:33.291696
2025-08-03,23331,2025080304023461,PPCL,Dynamic Money Managers Securities Pvt. Ltd.,Naasa Securities Co. Ltd.,100,355.6,35560.0,2025-08-03T14:38:31.785666
2025-08-03,23261,2025080304023469,PPCL,Dynamic Money Managers Securities Pvt. Ltd.,Siprabi Securities Pvt. Ltd.,485,355.6,172466.0,2025-08-03T14:38:38.38007
2025-08-03,22872,2025080304023554,PPCL,Imperial Securities Company Pvt. Ltd.,Malla & Malla Stock Broking Company Pvt. Limited,30,355.4,10662.0,2025-08-03T14:39:12.453497
2025-08-03,22036,2025080304023786,PPCL,Imperial Securities Company Pvt. Ltd.,Deevyaa Securities & Stock House Pvt. Ltd,170,355.4,60418.0,2025-08-03T14:40:25.850255
2025-08-03,22035,2025080304023787,PPCL,Imperial Securities Company Pvt. Ltd.,Deevyaa Securities & Stock House Pvt. Ltd,200,355.1,71020.0,2025-08-03T14:40:25.850525
2025-08-03,22034,2025080304023788,PPCL,Premier Securities Company Ltd.,Deevyaa Securities & Stock House Pvt. Ltd,630,355.1,223713.0,2025-08-03T14:40:25.85068
2025-08-03,20978,2025080304024061,PPCL,Online Securities Pvt. Ltd.,Dakshinkali Investment & Securities Pvt. Ltd.,10,355.2,3552.0,2025-08-03T14:41:47.192813
2025-08-03,20977,2025080304024062,PPCL,Premier Securities Company Ltd.,Dakshinkali Investment & Securities Pvt. Ltd.,82,355.1,29118.2,2025-08-03T14:41:47.19293
2025-08-03,20967,2025080304024065,PPCL,Premier Securities Company Ltd.,Siprabi Securities Pvt. Ltd.,10,355.1,3551.0,2025-08-03T14:41:48.247131
2025-08-03,20512,2025080304024203,PPCL,Premier Securities Company Ltd.,Deevyaa Securities & Stock House Pvt. Ltd,506,355.1,179680.6,2025-08-03T14:42:14.795366
2025-08-03,20407,2025080304024217,PPCL,Premier Securities Company Ltd.,Sweta Securities Private Limited,772,355.1,274137.2,2025-08-03T14:42:22.173606
2025-08-03,20406,2025080304024218,PPCL,Trishakti Securities Public Limited,Sweta Securities Private Limited,28,355.1,9942.8,2025-08-03T14:42:22.173755
2025-08-03,20210,2025080304024276,PPCL,Trishakti Securities Public Limited,Aryatara Investment & Securities,72,355.1,25567.2,2025-08-03T14:42:37.442079
2025-08-03,20209,2025080304024277,PPCL,Investment Management Nepal Pvt. Ltd.,Aryatara Investment & Securities,500,355.0,177500.0,2025-08-03T14:42:37.442207
2025-08-03,20208,2025080304024278,PPCL,Kumari Securities Private Limited,Aryatara Investment & Securities,50,355.0,17750.0,2025-08-03T14:42:37.442258
2025-08-03,20207,2025080304024279,PPCL,ABC Securities Private Limited,Aryatara Investment & Securities,78,355.0,27690.0,2025-08-03T14:42:37.442306
2025-08-03,20204,2025080304024281,PPCL,Nepal Stock House (PVT) Ltd.,Siprabi Securities Pvt. Ltd.,85,355.6,30226.0,2025-08-03T14:42:38.16861
2025-08-03,20154,2025080304024285,PPCL,Primo Securities (PVT) Ltd.,Capital Max Securities Ltd,5,359.0,1795.0,2025-08-03T14:42:42.052774
2025-08-03,19865,2025080304024364,PPCL,Imperial Securities Company Pvt. Ltd.,Dipshikha Dhitopatra Karobar Co. Pvt Ltd.,300,356.0,106800.0,2025-08-03T14:43:06.624486
2025-08-03,19864,2025080304024365,PPCL,Imperial Securities Company Pvt. Ltd.,Online Securities Pvt. Ltd.,10,356.0,3560.0,2025-08-03T14:43:06.624808
2025-08-03,19256,2025080304024482,PPCL,Imperial Securities Company Pvt. Ltd.,Dakshinkali Investment & Securities Pvt. Ltd.,100,356.0,35600.0,2025-08-03T14:43:50.835715
2025-08-03,18901,2025080304024570,PPCL,Premier Securities Company Ltd.,South Asian Bulls Pvt. Ltd.,129,356.8,46027.2,2025-08-03T14:44:21.703814
2025-08-03,18900,2025080304024571,PPCL,Premier Securities Company Ltd.,Dynamic Money Managers Securities Pvt. Ltd.,434,358.0,155372.0,2025-08-03T14:44:21.703864
2025-08-03,18899,2025080304024572,PPCL,Premier Securities Company Ltd.,Linch Stock Market Ltd.,30,360.0,10800.0,2025-08-03T14:44:21.70389
2025-08-03,18898,2025080304024573,PPCL,Premier Securities Company Ltd.,Linch Stock Market Ltd.,30,360.0,10800.0,2025-08-03T14:44:21.703917
2025-08-03,18897,2025080304024574,PPCL,Premier Securities Company Ltd.,Linch Stock Market Ltd.,30,360.0,10800.0,2025-08-03T14:44:21.703939
2025-08-03,18896,2025080304024575,PPCL,Premier Securities Company Ltd.,Dipshikha Dhitopatra Karobar Co. Pvt Ltd.,100,360.0,36000.0,2025-08-03T14:44:21.703964
2025-08-03,18895,2025080304024576,PPCL,Premier Securities Company Ltd.,Online Securities Pvt. Ltd.,100,360.5,36050.0,2025-08-03T14:44:21.703985
2025-08-03,18894,2025080304024577,PPCL,Premier Securities Company Ltd.,Naasa Securities Co. Ltd.,20,361.0,7220.0,2025-08-03T14:44:21.704018
2025-08-03,18893,2025080304024578,PPCL,Premier Securities Company Ltd.,Aryatara Investment & Securities,100,362.0,36200.0,2025-08-03T14:44:21.704041
2025-08-03,18892,2025080304024579,PPCL,Premier Securities Company Ltd.,Capital Max Securities Ltd,25,362.0,9050.0,2025-08-03T14:44:21.704063
2025-08-03,18177,2025080304024726,PPCL,Oxford Securities Pvt. Ltd.,Bhrikuti Stock Broking Co. Pvt. Ltd.,100,360.0,36000.0,2025-08-03T14:45:04.877005
2025-08-03,18176,2025080304024727,PPCL,Oxford Securities Pvt. Ltd.,Sajilo Broker Limited,150,361.0,54150.0,2025-08-03T14:45:04.877153
2025-08-03,18175,2025080304024728,PPCL,Oxford Securities Pvt. Ltd.,Sajilo Broker Limited,40,361.0,14440.0,2025-08-03T14:45:04.877198
2025-08-03,18174,2025080304024729,PPCL,Oxford Securities Pvt. Ltd.,Sajilo Broker Limited,10,361.0,3610.0,2025-08-03T14:45:04.877242
2025-08-03,18173,2025080304024730,PPCL,Oxford Securities Pvt. Ltd.,Himalayan Brokerage Company Limited,500,362.0,181000.0,2025-08-03T14:45:04.877285
2025-08-03,16417,2025080304025138,PPCL,Imperial Securities Company Pvt. Ltd.,Nepal Stock House (PVT) Ltd.,30,356.0,10680.0,2025-08-03T14:47:16.92897
2025-08-03,16378,2025080304025142,PPCL,Premier Securities Company Ltd.,Trisul Securities & Invt. Ltd.,523,360.0,188280.0,2025-08-03T14:47:18.712916
2025-08-03,16377,2025080304025143,PPCL,Premier Securities Company Ltd.,Trishakti Securities Public Limited,77,361.0,27797.0,2025-08-03T14:47:18.712971
2025-08-03,16166,2025080304025239,PPCL,Premier Securities Company Ltd.,Trishakti Securities Public Limited,200,361.0,72200.0,2025-08-03T14:47:32.857653
2025-08-03,13268,2025080304025979,PPCL,KALASH STOCK MARKET PVT. LTD.,Himalayan Brokerage Company Limited,200,360.8,72160.0,2025-08-03T14:50:48.201707
2025-08-03,7830,2025080304027228,PPCL,Sundhara Securities Limited,Thrive Brokerage House Pvt. Ltd,30,357.0,10710.0,2025-08-03T14:55:55.183484
2025-08-03,7125,2025080304027386,PPCL,Online Securities Pvt. Ltd.,Malla & Malla Stock Broking Company Pvt. Limited,10,357.1,3571.0,2025-08-03T14:56:30.970061
2025-08-03,7124,2025080304027387,PPCL,Sundhara Securities Limited,Malla & Malla Stock Broking Company Pvt. Limited,290,357.0,103530.0,2025-08-03T14:56:30.970185
2025-08-03,5892,2025080304027602,PPCL,Sundhara Securities Limited,Himalayan Brokerage Company Limited,175,357.0,62475.0,2025-08-03T14:57:11.092647
2025-08-03,5105,2025080304027755,PPCL,Citizens Share Broker Limited,Imperial Securities Company Pvt. Ltd.,150,357.1,53565.0,2025-08-03T14:57:41.978281
2025-08-03,5104,2025080304027756,PPCL,Sundhara Securities Limited,Imperial Securities Company Pvt. Ltd.,450,357.0,160650.0,2025-08-03T14:57:41.978425
2025-08-03,4543,2025080304027850,PPCL,Sundhara Securities Limited,Secured Securities Ltd.,155,357.0,55335.0,2025-08-03T14:58:03.316051
2025-08-03,4508,2025080304027855,PPCL,Dynamic Money Managers Securities Pvt. Ltd.,Secured Securities Ltd.,45,357.0,16065.0,2025-08-03T14:58:04.35055
2025-08-03,4507,2025080304027856,PPCL,Dynamic Money Managers Securities Pvt. Ltd.,Capital Max Securities Ltd,70,357.1,24997.0,2025-08-03T14:58:04.350797
2025-08-03,3167,2025080304028222,PPCL,Online Securities Pvt. Ltd.,Siprabi Securities Pvt. Ltd.,10,357.0,3570.0,2025-08-03T14:58:51.532556
2025-08-03,1847,2025080304028508,PPCL,Vision Securities Pvt. Ltd,Dakshinkali Investment & Securities Pvt. Ltd.,200,356.4,71280.0,2025-08-03T14:59:24.698581
2025-08-03,1710,2025080304028548,PPCL,Online Securities Pvt. Ltd.,Dakshinkali Investment & Securities Pvt. Ltd.,10,356.4,3564.0,2025-08-03T14:59:27.878476
2025-08-03,1015,2025080304028710,PPCL,Imperial Securities Company Pvt. Ltd.,Aryatara Investment & Securities,20,356.2,7124.0,2025-08-03T14:59:43.282249
2025-08-03,949,2025080304028724,PPCL,Naasa Securities Co. Ltd.,Dakshinkali Investment & Securities Pvt. Ltd.,250,356.4,89100.0,2025-08-03T14:59:44.117251
2025-08-03,575,2025080304028818,PPCL,Imperial Securities Company Pvt. Ltd.,Dakshinkali Investment & Securities Pvt. Ltd.,140,356.4,49896.0,2025-08-03T14:59:51.577457
2025-08-03,318,2025080304028905,PPCL,Premier Securities Company Ltd.,Siprabi Securities Pvt. Ltd.,40,357.0,14280.0,2025-08-03T14:59:55.849969
2025-08-03,317,2025080304028906,PPCL,Premier Securities Company Ltd.,Trishakti Securities Public Limited,260,359.0,93340.0,2025-08-03T14:59:55.850008
