Date,S.N.,Contract ID,Symbol,Buyer Broker,Seller Broker,volume,rate,amount,transaction_time
2025-08-03,152179,2025080304000037,UPPER,Dipshikha Dhitopatra Karobar Co. Pvt Ltd.,ABC Securities Private Limited,10,203.1,2031.0,2025-08-03T11:00:41.956929
2025-08-03,152034,2025080304000042,UPPER,Dipshikha Dhitopatra Karobar Co. Pvt Ltd.,Dipshikha Dhitopatra Karobar Co. Pvt Ltd.,90,203.1,18279.0,2025-08-03T11:00:59.373826
2025-08-03,151668,2025080304000069,UPPER,Trisul Securities & Invt. Ltd.,Dipshikha Dhitopatra Karobar Co. Pvt Ltd.,1500,203.1,304650.0,2025-08-03T11:01:37.785953
2025-08-03,151574,2025080304000077,UPPER,Investment Management Nepal Pvt. Ltd.,Dipshikha Dhitopatra Karobar Co. Pvt Ltd.,20,203.1,4062.0,2025-08-03T11:01:48.984389
2025-08-03,151560,2025080304000078,UPPER,Imperial Securities Company Pvt. Ltd.,Dipshikha Dhitopatra Karobar Co. Pvt Ltd.,15,203.1,3046.5,2025-08-03T11:01:50.066479
2025-08-03,151542,2025080304000079,UPPER,Sharepro Securities Private Limited,Dipshikha Dhitopatra Karobar Co. Pvt Ltd.,110,203.1,22341.0,2025-08-03T11:01:52.403653
2025-08-03,151474,2025080304000083,UPPER,Sani Securities Company Ltd.,Dipshikha Dhitopatra Karobar Co. Pvt Ltd.,50,203.1,10155.0,2025-08-03T11:01:59.544577
2025-08-03,151408,2025080304000094,UPPER,Kohinoor Investment & Securities Pvt. Ltd.,Dipshikha Dhitopatra Karobar Co. Pvt Ltd.,215,203.1,43666.5,2025-08-03T11:02:06.984213
2025-08-03,151321,2025080304000106,UPPER,Kohinoor Investment & Securities Pvt. Ltd.,Capital Hub P. Ltd,60,203.1,12186.0,2025-08-03T11:02:13.534138
2025-08-03,150701,2025080304000139,UPPER,South Asian Bulls Pvt. Ltd.,Online Securities Pvt. Ltd.,50,204.0,10200.0,2025-08-03T11:03:05.830205
2025-08-03,150599,2025080304000150,UPPER,ABC Securities Private Limited,Online Securities Pvt. Ltd.,50,204.0,10200.0,2025-08-03T11:03:15.898964
2025-08-03,150580,2025080304000154,UPPER,Neev Securities Pvt. Ltd.,Bhrikuti Stock Broking Co. Pvt. Ltd.,100,203.2,20320.0,2025-08-03T11:03:18.408048
2025-08-03,150211,2025080304000205,UPPER,Imperial Securities Company Pvt. Ltd.,Sani Securities Company Ltd.,100,204.0,20400.0,2025-08-03T11:03:50.967027
2025-08-03,149613,2025080304000283,UPPER,Imperial Securities Company Pvt. Ltd.,Kohinoor Investment & Securities Pvt. Ltd.,130,204.5,26585.0,2025-08-03T11:04:40.439601
2025-08-03,149510,2025080304000297,UPPER,Sri Hari Securities Pvt. Ltd.,Kohinoor Investment & Securities Pvt. Ltd.,30,204.5,6135.0,2025-08-03T11:04:47.221069
2025-08-03,149267,2025080304000322,UPPER,ABC Securities Private Limited,Aakashbhairab Securities Ltd.,100,204.0,20400.0,2025-08-03T11:05:12.546014
2025-08-03,149266,2025080304000323,UPPER,Kalika Securities Pvt. Ltd.,Aakashbhairab Securities Ltd.,200,204.0,40800.0,2025-08-03T11:05:12.546171
2025-08-03,149256,2025080304000331,UPPER,Sri Hari Securities Pvt. Ltd.,Kohinoor Investment & Securities Pvt. Ltd.,10,204.5,2045.0,2025-08-03T11:05:13.736797
2025-08-03,148578,2025080304000393,UPPER,Linch Stock Market Ltd.,Kohinoor Investment & Securities Pvt. Ltd.,80,204.5,16360.0,2025-08-03T11:06:28.610969
2025-08-03,148198,2025080304000451,UPPER,Linch Stock Market Ltd.,Capital Max Securities Ltd,40,204.5,8180.0,2025-08-03T11:07:01.903402
2025-08-03,147793,2025080304000497,UPPER,Linch Stock Market Ltd.,Opal Securities Investment (PVT) Ltd.,97,204.5,19836.5,2025-08-03T11:07:40.104412
2025-08-03,147102,2025080304000583,UPPER,Linch Stock Market Ltd.,Aryatara Investment & Securities,10,204.5,2045.0,2025-08-03T11:08:38.858877
2025-08-03,146280,2025080304000686,UPPER,Linch Stock Market Ltd.,Naasa Securities Co. Ltd.,273,204.5,55828.5,2025-08-03T11:09:50.963511
2025-08-03,146279,2025080304000687,UPPER,Naasa Securities Co. Ltd.,Naasa Securities Co. Ltd.,300,204.1,61230.0,2025-08-03T11:09:50.963668
2025-08-03,146244,2025080304000689,UPPER,Agrawal Securities (PVT) Ltd.,Malla & Malla Stock Broking Company Pvt. Limited,50,204.1,10205.0,2025-08-03T11:09:52.514722
2025-08-03,145986,2025080304000729,UPPER,Vision Securities Pvt. Ltd,Imperial Securities Company Pvt. Ltd.,125,205.0,25625.0,2025-08-03T11:10:16.624055
2025-08-03,145985,2025080304000730,UPPER,Vision Securities Pvt. Ltd,Aryatara Investment & Securities,50,205.0,10250.0,2025-08-03T11:10:16.624211
2025-08-03,145984,2025080304000731,UPPER,Vision Securities Pvt. Ltd,Online Securities Pvt. Ltd.,25,205.0,5125.0,2025-08-03T11:10:16.624286
2025-08-03,145717,2025080304000776,UPPER,Agrawal Securities (PVT) Ltd.,Online Securities Pvt. Ltd.,57,204.1,11633.7,2025-08-03T11:10:37.585843
2025-08-03,145597,2025080304000789,UPPER,Agrawal Securities (PVT) Ltd.,Miyo Securities Pvt Ltd,93,204.1,18981.3,2025-08-03T11:10:46.112498
2025-08-03,145596,2025080304000790,UPPER,Naasa Securities Co. Ltd.,Miyo Securities Pvt Ltd,50,204.0,10200.0,2025-08-03T11:10:46.112675
2025-08-03,145595,2025080304000791,UPPER,Aryatara Investment & Securities,Miyo Securities Pvt Ltd,57,204.0,11628.0,2025-08-03T11:10:46.112768
2025-08-03,145402,2025080304000804,UPPER,Aryatara Investment & Securities,Dakshinkali Investment & Securities Pvt. Ltd.,143,204.0,29172.0,2025-08-03T11:10:56.497896
2025-08-03,145266,2025080304000819,UPPER,Dipshikha Dhitopatra Karobar Co. Pvt Ltd.,K.B.L. Securities Limited ,25,204.0,5100.0,2025-08-03T11:11:07.612051
2025-08-03,145265,2025080304000820,UPPER,Trishakti Securities Public Limited,K.B.L. Securities Limited ,1000,204.0,204000.0,2025-08-03T11:11:07.612238
2025-08-03,145264,2025080304000821,UPPER,Premier Securities Company Ltd.,K.B.L. Securities Limited ,50,204.0,10200.0,2025-08-03T11:11:07.612308
2025-08-03,145263,2025080304000822,UPPER,Imperial Securities Company Pvt. Ltd.,K.B.L. Securities Limited ,150,204.0,30600.0,2025-08-03T11:11:07.612385
2025-08-03,145262,2025080304000823,UPPER,Sweta Securities Private Limited,K.B.L. Securities Limited ,50,204.0,10200.0,2025-08-03T11:11:07.612452
2025-08-03,145261,2025080304000824,UPPER,Sundhara Securities Limited,K.B.L. Securities Limited ,100,204.0,20400.0,2025-08-03T11:11:07.612524
2025-08-03,145260,2025080304000825,UPPER,Online Securities Pvt. Ltd.,K.B.L. Securities Limited ,100,204.0,20400.0,2025-08-03T11:11:07.612605
2025-08-03,145259,2025080304000826,UPPER,Shree Krishna Securities Ltd.,K.B.L. Securities Limited ,25,204.0,5100.0,2025-08-03T11:11:07.61268
2025-08-03,145047,2025080304000854,UPPER,Shree Krishna Securities Ltd.,Sri Hari Securities Pvt. Ltd.,576,204.0,117504.0,2025-08-03T11:11:24.981062
2025-08-03,145013,2025080304000861,UPPER,Shree Krishna Securities Ltd.,Trishakti Securities Public Limited,399,204.0,81396.0,2025-08-03T11:11:27.556947
2025-08-03,145012,2025080304000862,UPPER,Sani Securities Company Ltd.,Trishakti Securities Public Limited,19,204.0,3876.0,2025-08-03T11:11:27.557106
2025-08-03,145011,2025080304000863,UPPER,Deevyaa Securities & Stock House Pvt. Ltd,Trishakti Securities Public Limited,100,204.0,20400.0,2025-08-03T11:11:27.557176
2025-08-03,144972,2025080304000875,UPPER,Aryatara Investment & Securities,Trishakti Securities Public Limited,490,204.0,99960.0,2025-08-03T11:11:32.490298
2025-08-03,144894,2025080304000888,UPPER,Online Securities Pvt. Ltd.,Trishakti Securities Public Limited,440,204.0,89760.0,2025-08-03T11:11:36.672883
2025-08-03,144795,2025080304000899,UPPER,Vision Securities Pvt. Ltd,Trishakti Securities Public Limited,500,204.0,102000.0,2025-08-03T11:11:42.561304
2025-08-03,144687,2025080304000917,UPPER,Dynamic Money Managers Securities Pvt. Ltd.,Trishakti Securities Public Limited,1000,204.0,204000.0,2025-08-03T11:11:50.877516
2025-08-03,144556,2025080304000932,UPPER,ABC Securities Private Limited,Sri Hari Securities Pvt. Ltd.,10,203.7,2037.0,2025-08-03T11:12:02.018709
2025-08-03,144226,2025080304000959,UPPER,Aryatara Investment & Securities,Trishakti Securities Public Limited,3000,204.0,612000.0,2025-08-03T11:12:15.173711
2025-08-03,144069,2025080304000976,UPPER,ABC Securities Private Limited,K.B.L. Securities Limited ,10,203.6,2036.0,2025-08-03T11:12:24.95347
2025-08-03,144068,2025080304000977,UPPER,INDEX SECURITIES LIMITED,K.B.L. Securities Limited ,170,203.6,34612.0,2025-08-03T11:12:24.953636
2025-08-03,144052,2025080304000980,UPPER,INDEX SECURITIES LIMITED,Imperial Securities Company Pvt. Ltd.,400,203.6,81440.0,2025-08-03T11:12:25.939114
2025-08-03,143912,2025080304001019,UPPER,INDEX SECURITIES LIMITED,K.B.L. Securities Limited ,10,203.6,2036.0,2025-08-03T11:12:34.00026
2025-08-03,143698,2025080304001049,UPPER,Online Securities Pvt. Ltd.,K.B.L. Securities Limited ,72,203.7,14666.4,2025-08-03T11:12:53.11178
2025-08-03,143257,2025080304001113,UPPER,Online Securities Pvt. Ltd.,Ashutosh Brokerage & Securities (PVT) Ltd.,128,203.7,26073.6,2025-08-03T11:13:22.517242
2025-08-03,143137,2025080304001130,UPPER,INDEX SECURITIES LIMITED,Creative Securities Pvt Ltd,34,203.6,6922.4,2025-08-03T11:13:31.626683
2025-08-03,143050,2025080304001137,UPPER,INDEX SECURITIES LIMITED,Bhrikuti Stock Broking Co. Pvt. Ltd.,384,203.6,78182.4,2025-08-03T11:13:39.637662
2025-08-03,143038,2025080304001138,UPPER,INDEX SECURITIES LIMITED,Ashutosh Brokerage & Securities (PVT) Ltd.,872,203.6,177539.2,2025-08-03T11:13:40.669517
2025-08-03,142962,2025080304001153,UPPER,INDEX SECURITIES LIMITED,Oxford Securities Pvt. Ltd.,130,203.6,26468.0,2025-08-03T11:13:45.886809
2025-08-03,142522,2025080304001222,UPPER,Online Securities Pvt. Ltd.,Oxford Securities Pvt. Ltd.,150,203.6,30540.0,2025-08-03T11:14:24.24763
2025-08-03,142417,2025080304001248,UPPER,J.F. Securites (PVT) Ltd.,Oxford Securities Pvt. Ltd.,200,203.6,40720.0,2025-08-03T11:14:35.999269
2025-08-03,142363,2025080304001257,UPPER,Dipshikha Dhitopatra Karobar Co. Pvt Ltd.,Investment Management Nepal Pvt. Ltd.,72,203.5,14652.0,2025-08-03T11:14:41.467294
2025-08-03,142265,2025080304001260,UPPER,Dipshikha Dhitopatra Karobar Co. Pvt Ltd.,Sani Securities Company Ltd.,30,203.5,6105.0,2025-08-03T11:14:44.542513
2025-08-03,142182,2025080304001273,UPPER,Sani Securities Company Ltd.,Oxford Securities Pvt. Ltd.,20,203.6,4072.0,2025-08-03T11:14:51.60687
2025-08-03,142181,2025080304001274,UPPER,Sani Securities Company Ltd.,Kohinoor Investment & Securities Pvt. Ltd.,30,203.6,6108.0,2025-08-03T11:14:51.70529
2025-08-03,142057,2025080304001298,UPPER,Sani Securities Company Ltd.,South Asian Bulls Pvt. Ltd.,950,203.6,193420.0,2025-08-03T11:15:03.73908
2025-08-03,142056,2025080304001299,UPPER,Dipshikha Dhitopatra Karobar Co. Pvt Ltd.,South Asian Bulls Pvt. Ltd.,48,203.5,9768.0,2025-08-03T11:15:03.739264
2025-08-03,142055,2025080304001300,UPPER,Naasa Securities Co. Ltd.,South Asian Bulls Pvt. Ltd.,400,203.5,81400.0,2025-08-03T11:15:03.739356
2025-08-03,142054,2025080304001301,UPPER,Aryatara Investment & Securities,South Asian Bulls Pvt. Ltd.,200,203.5,40700.0,2025-08-03T11:15:03.739436
2025-08-03,141939,2025080304001331,UPPER,Nepal Investment And Securities Trading Private Limited,Aakashbhairab Securities Ltd.,500,203.4,101700.0,2025-08-03T11:15:14.245439
2025-08-03,141454,2025080304001409,UPPER,Ashutosh Brokerage & Securities (PVT) Ltd.,Capital Max Securities Ltd,15,203.5,3052.5,2025-08-03T11:15:51.090789
2025-08-03,141324,2025080304001429,UPPER,Neev Securities Pvt. Ltd.,Online Securities Pvt. Ltd.,100,203.3,20330.0,2025-08-03T11:16:02.270985
2025-08-03,141323,2025080304001430,UPPER,Linch Stock Market Ltd.,Online Securities Pvt. Ltd.,51,203.3,10368.3,2025-08-03T11:16:02.271194
2025-08-03,141322,2025080304001431,UPPER,Naasa Securities Co. Ltd.,Online Securities Pvt. Ltd.,49,203.3,9961.7,2025-08-03T11:16:02.27128
2025-08-03,141209,2025080304001454,UPPER,Naasa Securities Co. Ltd.,Nepal Investment And Securities Trading Private Limited,51,203.3,10368.3,2025-08-03T11:16:13.661032
2025-08-03,141208,2025080304001455,UPPER,Naasa Securities Co. Ltd.,Nepal Investment And Securities Trading Private Limited,422,203.3,85792.6,2025-08-03T11:16:13.661221
2025-08-03,141046,2025080304001498,UPPER,Naasa Securities Co. Ltd.,Siprabi Securities Pvt. Ltd.,20,203.3,4066.0,2025-08-03T11:16:28.258333
2025-08-03,140894,2025080304001523,UPPER,Naasa Securities Co. Ltd.,Capital Max Securities Ltd,58,203.3,11791.4,2025-08-03T11:16:39.57372
2025-08-03,140893,2025080304001524,UPPER,Neev Securities Pvt. Ltd.,Capital Max Securities Ltd,100,203.2,20320.0,2025-08-03T11:16:39.573923
2025-08-03,140892,2025080304001525,UPPER,Neev Securities Pvt. Ltd.,Capital Max Securities Ltd,327,203.2,66446.4,2025-08-03T11:16:39.574007
2025-08-03,140441,2025080304001592,UPPER,Trishakti Securities Public Limited,Naasa Securities Co. Ltd.,150,203.5,30525.0,2025-08-03T11:17:19.382729
2025-08-03,140313,2025080304001614,UPPER,Trishakti Securities Public Limited,Sani Securities Company Ltd.,87,203.5,17704.5,2025-08-03T11:17:29.770713
2025-08-03,139795,2025080304001685,UPPER,Kohinoor Investment & Securities Pvt. Ltd.,Trishakti Securities Public Limited,50,204.0,10200.0,2025-08-03T11:18:10.234897
2025-08-03,138597,2025080304001882,UPPER,Trishakti Securities Public Limited,Kumari Securities Private Limited,50,203.5,10175.0,2025-08-03T11:19:44.088816
2025-08-03,137572,2025080304002014,UPPER,Online Securities Pvt. Ltd.,KALASH STOCK MARKET PVT. LTD.,10,204.0,2040.0,2025-08-03T11:20:48.517327
2025-08-03,137571,2025080304002015,UPPER,Online Securities Pvt. Ltd.,Kohinoor Investment & Securities Pvt. Ltd.,50,204.0,10200.0,2025-08-03T11:20:48.517579
2025-08-03,137570,2025080304002016,UPPER,Online Securities Pvt. Ltd.,Vision Securities Pvt. Ltd,10,204.0,2040.0,2025-08-03T11:20:48.517686
2025-08-03,137569,2025080304002017,UPPER,Online Securities Pvt. Ltd.,South Asian Bulls Pvt. Ltd.,80,204.0,16320.0,2025-08-03T11:20:48.51783
2025-08-03,137568,2025080304002018,UPPER,Online Securities Pvt. Ltd.,Dynamic Money Managers Securities Pvt. Ltd.,350,204.0,71400.0,2025-08-03T11:20:48.517988
2025-08-03,137298,2025080304002063,UPPER,Sweta Securities Private Limited,Kohinoor Investment & Securities Pvt. Ltd.,20,203.6,4072.0,2025-08-03T11:21:09.824724
2025-08-03,136850,2025080304002125,UPPER,Naasa Securities Co. Ltd.,Dynamic Money Managers Securities Pvt. Ltd.,132,204.0,26928.0,2025-08-03T11:21:41.904122
2025-08-03,136790,2025080304002134,UPPER,Kumari Securities Private Limited,Dynamic Money Managers Securities Pvt. Ltd.,10,204.0,2040.0,2025-08-03T11:21:45.764819
2025-08-03,136247,2025080304002219,UPPER,Linch Stock Market Ltd.,Vision Securities Pvt. Ltd,20,204.0,4080.0,2025-08-03T11:22:19.39803
2025-08-03,136073,2025080304002248,UPPER,Linch Stock Market Ltd.,Sewa Securities Pvt. Ltd.,50,204.0,10200.0,2025-08-03T11:22:31.549199
2025-08-03,135949,2025080304002277,UPPER,Linch Stock Market Ltd.,Vision Securities Pvt. Ltd,130,204.0,26520.0,2025-08-03T11:22:41.301146
2025-08-03,135948,2025080304002278,UPPER,Deevyaa Securities & Stock House Pvt. Ltd,Vision Securities Pvt. Ltd,25,203.7,5092.5,2025-08-03T11:22:41.301407
2025-08-03,135947,2025080304002279,UPPER,Imperial Securities Company Pvt. Ltd.,Vision Securities Pvt. Ltd,90,203.7,18333.0,2025-08-03T11:22:41.301533
2025-08-03,135943,2025080304002280,UPPER,Imperial Securities Company Pvt. Ltd.,Secured Securities Ltd.,60,203.7,12222.0,2025-08-03T11:22:41.547445
2025-08-03,135855,2025080304002301,UPPER,Naasa Securities Co. Ltd.,Imperial Securities Company Pvt. Ltd.,29,203.6,5904.4,2025-08-03T11:22:47.329041
2025-08-03,135854,2025080304002302,UPPER,ABC Securities Private Limited,Imperial Securities Company Pvt. Ltd.,51,203.6,10383.6,2025-08-03T11:22:47.329155
2025-08-03,135748,2025080304002334,UPPER,Naasa Securities Co. Ltd.,Secured Securities Ltd.,50,203.7,10185.0,2025-08-03T11:22:53.788994
2025-08-03,135700,2025080304002351,UPPER,ABC Securities Private Limited,Secured Securities Ltd.,34,203.7,6925.8,2025-08-03T11:22:59.986107
2025-08-03,134819,2025080304002479,UPPER,Aryatara Investment & Securities,Sani Securities Company Ltd.,110,204.0,22440.0,2025-08-03T11:23:50.079956
2025-08-03,134722,2025080304002486,UPPER,Aryatara Investment & Securities,Shree Krishna Securities Ltd.,290,204.0,59160.0,2025-08-03T11:23:58.211529
2025-08-03,134606,2025080304002509,UPPER,Online Securities Pvt. Ltd.,Dynamic Money Managers Securities Pvt. Ltd.,100,204.3,20430.0,2025-08-03T11:24:05.626025
2025-08-03,134299,2025080304002580,UPPER,Siprabi Securities Pvt. Ltd.,Ashutosh Brokerage & Securities (PVT) Ltd.,200,204.8,40960.0,2025-08-03T11:24:28.892377
2025-08-03,134083,2025080304002617,UPPER,Deevyaa Securities & Stock House Pvt. Ltd,Opal Securities Investment (PVT) Ltd.,50,204.3,10215.0,2025-08-03T11:24:43.472374
2025-08-03,133995,2025080304002634,UPPER,Naasa Securities Co. Ltd.,Trishakti Securities Public Limited,2,204.0,408.0,2025-08-03T11:24:52.125924
2025-08-03,133744,2025080304002680,UPPER,Online Securities Pvt. Ltd.,Ashutosh Brokerage & Securities (PVT) Ltd.,400,204.8,81920.0,2025-08-03T11:25:12.568695
2025-08-03,133691,2025080304002686,UPPER,Arun Securities (PVT) Ltd.,Ashutosh Brokerage & Securities (PVT) Ltd.,10,204.8,2048.0,2025-08-03T11:25:16.797998
2025-08-03,133207,2025080304002760,UPPER,Naasa Securities Co. Ltd.,Ashutosh Brokerage & Securities (PVT) Ltd.,47,204.8,9625.6,2025-08-03T11:25:52.02933
2025-08-03,133204,2025080304002761,UPPER,Siprabi Securities Pvt. Ltd.,Ashutosh Brokerage & Securities (PVT) Ltd.,300,204.8,61440.0,2025-08-03T11:25:52.629161
2025-08-03,133058,2025080304002776,UPPER,Nepal Stock House (PVT) Ltd.,Ashutosh Brokerage & Securities (PVT) Ltd.,43,204.8,8806.4,2025-08-03T11:25:56.613492
2025-08-03,132905,2025080304002818,UPPER,Pragyan Securities (PVT) Ltd.,Online Securities Pvt. Ltd.,25,205.0,5125.0,2025-08-03T11:26:08.146775
2025-08-03,132904,2025080304002819,UPPER,Pragyan Securities (PVT) Ltd.,Midas Stock Broking Company Private Limited,370,205.0,75850.0,2025-08-03T11:26:08.147035
2025-08-03,132903,2025080304002820,UPPER,Pragyan Securities (PVT) Ltd.,Agrawal Securities (PVT) Ltd.,100,205.0,20500.0,2025-08-03T11:26:08.147154
2025-08-03,132902,2025080304002821,UPPER,Pragyan Securities (PVT) Ltd.,Vision Securities Pvt. Ltd,1000,205.0,205000.0,2025-08-03T11:26:08.147283
2025-08-03,132901,2025080304002822,UPPER,Pragyan Securities (PVT) Ltd.,Opal Securities Investment (PVT) Ltd.,50,205.0,10250.0,2025-08-03T11:26:08.147422
2025-08-03,132900,2025080304002823,UPPER,Pragyan Securities (PVT) Ltd.,Premier Securities Company Ltd.,204,205.0,41820.0,2025-08-03T11:26:08.147543
2025-08-03,132899,2025080304002824,UPPER,Pragyan Securities (PVT) Ltd.,Online Securities Pvt. Ltd.,26,205.0,5330.0,2025-08-03T11:26:08.147656
2025-08-03,132898,2025080304002825,UPPER,Pragyan Securities (PVT) Ltd.,Sani Securities Company Ltd.,225,205.0,46125.0,2025-08-03T11:26:08.147771
2025-08-03,132817,2025080304002841,UPPER,Dakshinkali Investment & Securities Pvt. Ltd.,Sani Securities Company Ltd.,275,205.0,56375.0,2025-08-03T11:26:15.099077
2025-08-03,132816,2025080304002842,UPPER,Dakshinkali Investment & Securities Pvt. Ltd.,Sweta Securities Private Limited,50,205.0,10250.0,2025-08-03T11:26:15.09935
2025-08-03,132815,2025080304002843,UPPER,Dakshinkali Investment & Securities Pvt. Ltd.,Deevyaa Securities & Stock House Pvt. Ltd,40,205.0,8200.0,2025-08-03T11:26:15.099459
2025-08-03,132814,2025080304002844,UPPER,Dakshinkali Investment & Securities Pvt. Ltd.,Capital Max Securities Ltd,60,205.0,12300.0,2025-08-03T11:26:15.099575
2025-08-03,132601,2025080304002903,UPPER,Dakshinkali Investment & Securities Pvt. Ltd.,Online Securities Pvt. Ltd.,1575,205.0,322875.0,2025-08-03T11:26:31.930555
2025-08-03,132497,2025080304002921,UPPER,Dipshikha Dhitopatra Karobar Co. Pvt Ltd.,Online Securities Pvt. Ltd.,100,205.0,20500.0,2025-08-03T11:26:42.28811
2025-08-03,131777,2025080304002966,UPPER,Trishakti Securities Public Limited,Midas Stock Broking Company Private Limited,500,204.9,102450.0,2025-08-03T11:27:25.821715
2025-08-03,131587,2025080304002994,UPPER,Nepal Stock House (PVT) Ltd.,Online Securities Pvt. Ltd.,200,205.0,41000.0,2025-08-03T11:27:43.092364
2025-08-03,130606,2025080304003158,UPPER,Trishakti Securities Public Limited,Capital Max Securities Ltd,500,204.9,102450.0,2025-08-03T11:29:13.260857
2025-08-03,130605,2025080304003159,UPPER,Malla & Malla Stock Broking Company Pvt. Limited,Capital Max Securities Ltd,1000,204.9,204900.0,2025-08-03T11:29:13.261116
2025-08-03,130535,2025080304003168,UPPER,South Asian Bulls Pvt. Ltd.,Capital Max Securities Ltd,725,204.9,148552.5,2025-08-03T11:29:16.782154
2025-08-03,130369,2025080304003199,UPPER,Nepal Stock House (PVT) Ltd.,Swarna Laxmi Securities Pvt. Ltd.,150,204.8,30720.0,2025-08-03T11:29:33.858885
2025-08-03,130279,2025080304003207,UPPER,Nepal Stock House (PVT) Ltd.,Online Securities Pvt. Ltd.,307,204.8,62873.6,2025-08-03T11:29:42.524692
2025-08-03,130278,2025080304003208,UPPER,Bhrikuti Stock Broking Co. Pvt. Ltd.,Online Securities Pvt. Ltd.,100,204.8,20480.0,2025-08-03T11:29:42.524968
2025-08-03,130277,2025080304003209,UPPER,Nabil Stock Dealer Ltd.,Online Securities Pvt. Ltd.,93,204.8,19046.4,2025-08-03T11:29:42.525096
2025-08-03,130225,2025080304003212,UPPER,Dakshinkali Investment & Securities Pvt. Ltd.,Capital Max Securities Ltd,240,204.9,49176.0,2025-08-03T11:29:49.724562
2025-08-03,130070,2025080304003235,UPPER,Cristal Kanchanjanga Securites Pvt. Ltd.,Capital Max Securities Ltd,100,204.9,20490.0,2025-08-03T11:30:07.76251
2025-08-03,130011,2025080304003243,UPPER,ABC Securities Private Limited,Capital Max Securities Ltd,10,204.9,2049.0,2025-08-03T11:30:14.458266
2025-08-03,130009,2025080304003244,UPPER,Sweta Securities Private Limited,Capital Max Securities Ltd,200,204.9,40980.0,2025-08-03T11:30:14.698727
2025-08-03,130005,2025080304003247,UPPER,Nabil Stock Dealer Ltd.,Sundhara Securities Limited,25,204.8,5120.0,2025-08-03T11:30:14.910025
2025-08-03,129809,2025080304003276,UPPER,Naasa Securities Co. Ltd.,Capital Max Securities Ltd,100,204.9,20490.0,2025-08-03T11:30:34.824502
2025-08-03,129794,2025080304003279,UPPER,Nabil Stock Dealer Ltd.,Online Securities Pvt. Ltd.,182,204.8,37273.6,2025-08-03T11:30:37.607643
2025-08-03,129777,2025080304003286,UPPER,Kumari Securities Private Limited,South Asian Bulls Pvt. Ltd.,2,203.0,406.0,2025-08-03T11:30:39.047698
2025-08-03,129720,2025080304003293,UPPER,ABC Securities Private Limited,Online Securities Pvt. Ltd.,10,204.7,2047.0,2025-08-03T11:30:43.666276
2025-08-03,129719,2025080304003294,UPPER,Shree Krishna Securities Ltd.,Online Securities Pvt. Ltd.,10,204.7,2047.0,2025-08-03T11:30:43.666586
2025-08-03,129610,2025080304003324,UPPER,Shree Krishna Securities Ltd.,Naasa Securities Co. Ltd.,100,204.7,20470.0,2025-08-03T11:30:58.354756
2025-08-03,129090,2025080304003411,UPPER,KALASH STOCK MARKET PVT. LTD.,Online Securities Pvt. Ltd.,49,204.8,10035.2,2025-08-03T11:31:57.876235
2025-08-03,129040,2025080304003420,UPPER,Sundhara Securities Limited,Online Securities Pvt. Ltd.,270,204.8,55296.0,2025-08-03T11:32:03.811442
2025-08-03,128359,2025080304003521,UPPER,Dipshikha Dhitopatra Karobar Co. Pvt Ltd.,Online Securities Pvt. Ltd.,1000,204.8,204800.0,2025-08-03T11:33:07.96982
2025-08-03,128314,2025080304003543,UPPER,Trishakti Securities Public Limited,Online Securities Pvt. Ltd.,220,204.8,45056.0,2025-08-03T11:33:09.01619
2025-08-03,128188,2025080304003565,UPPER,Shree Krishna Securities Ltd.,Online Securities Pvt. Ltd.,340,204.7,69598.0,2025-08-03T11:33:18.765225
2025-08-03,127908,2025080304003615,UPPER,Thrive Brokerage House Pvt. Ltd,Online Securities Pvt. Ltd.,5000,204.7,1023500.0,2025-08-03T11:33:39.640884
2025-08-03,127866,2025080304003619,UPPER,ABC Securities Private Limited,Citizens Share Broker Limited,10,204.6,2046.0,2025-08-03T11:33:42.3103
2025-08-03,127865,2025080304003620,UPPER,ABC Securities Private Limited,Citizens Share Broker Limited,966,204.6,197643.6,2025-08-03T11:33:42.310982
2025-08-03,127864,2025080304003621,UPPER,Vision Securities Pvt. Ltd,Citizens Share Broker Limited,50,204.6,10230.0,2025-08-03T11:33:42.311549
2025-08-03,127589,2025080304003663,UPPER,Investment Management Nepal Pvt. Ltd.,Online Securities Pvt. Ltd.,50,204.7,10235.0,2025-08-03T11:34:01.692965
2025-08-03,127515,2025080304003687,UPPER,Imperial Securities Company Pvt. Ltd.,Deevyaa Securities & Stock House Pvt. Ltd,80,204.5,16360.0,2025-08-03T11:34:04.960999
2025-08-03,127331,2025080304003724,UPPER,Imperial Securities Company Pvt. Ltd.,Kalika Securities Pvt. Ltd.,20,204.5,4090.0,2025-08-03T11:34:17.234814
2025-08-03,127330,2025080304003725,UPPER,Trisul Securities & Invt. Ltd.,Kalika Securities Pvt. Ltd.,30,204.5,6135.0,2025-08-03T11:34:17.235128
2025-08-03,127329,2025080304003726,UPPER,Dipshikha Dhitopatra Karobar Co. Pvt Ltd.,Kalika Securities Pvt. Ltd.,10,204.5,2045.0,2025-08-03T11:34:17.235254
2025-08-03,127222,2025080304003760,UPPER,Naasa Securities Co. Ltd.,Aryatara Investment & Securities,40,204.4,8176.0,2025-08-03T11:34:24.902273
2025-08-03,127054,2025080304003819,UPPER,Naasa Securities Co. Ltd.,Oxford Securities Pvt. Ltd.,50,204.4,10220.0,2025-08-03T11:34:33.994671
2025-08-03,126767,2025080304003845,UPPER,Naasa Securities Co. Ltd.,Vision Securities Pvt. Ltd,10,204.4,2044.0,2025-08-03T11:34:44.585588
2025-08-03,126349,2025080304003911,UPPER,Deevyaa Securities & Stock House Pvt. Ltd,Vision Securities Pvt. Ltd,50,204.3,10215.0,2025-08-03T11:35:12.917824
2025-08-03,126166,2025080304003964,UPPER,Imperial Securities Company Pvt. Ltd.,Vision Securities Pvt. Ltd,163,204.3,33300.9,2025-08-03T11:35:22.56887
2025-08-03,125912,2025080304004020,UPPER,Nepal Investment And Securities Trading Private Limited,Citizens Share Broker Limited,100,204.1,20410.0,2025-08-03T11:35:41.489227
2025-08-03,125911,2025080304004021,UPPER,Kumari Securities Private Limited,Citizens Share Broker Limited,20,204.1,4082.0,2025-08-03T11:35:41.489835
2025-08-03,125910,2025080304004022,UPPER,South Asian Bulls Pvt. Ltd.,Citizens Share Broker Limited,100,204.0,20400.0,2025-08-03T11:35:41.490232
2025-08-03,125909,2025080304004023,UPPER,Naasa Securities Co. Ltd.,Citizens Share Broker Limited,304,204.0,62016.0,2025-08-03T11:35:41.490637
2025-08-03,125908,2025080304004024,UPPER,Aryatara Investment & Securities,Citizens Share Broker Limited,100,204.0,20400.0,2025-08-03T11:35:41.491018
2025-08-03,125907,2025080304004025,UPPER,Linch Stock Market Ltd.,Citizens Share Broker Limited,240,204.0,48960.0,2025-08-03T11:35:41.491421
2025-08-03,125906,2025080304004026,UPPER,Sani Securities Company Ltd.,Citizens Share Broker Limited,136,204.0,27744.0,2025-08-03T11:35:41.491802
2025-08-03,125868,2025080304004036,UPPER,Shree Krishna Securities Ltd.,Vision Securities Pvt. Ltd,177,204.3,36161.1,2025-08-03T11:35:43.722804
2025-08-03,125867,2025080304004037,UPPER,Shree Krishna Securities Ltd.,Kalika Securities Pvt. Ltd.,38,204.5,7771.0,2025-08-03T11:35:43.723117
2025-08-03,125866,2025080304004038,UPPER,Shree Krishna Securities Ltd.,Online Securities Pvt. Ltd.,785,204.7,160689.5,2025-08-03T11:35:43.723276
2025-08-03,125386,2025080304004126,UPPER,Naasa Securities Co. Ltd.,Sharepro Securities Private Limited,25,204.3,5107.5,2025-08-03T11:36:22.465055
2025-08-03,125385,2025080304004127,UPPER,Sani Securities Company Ltd.,Sharepro Securities Private Limited,64,204.0,13056.0,2025-08-03T11:36:22.46536
2025-08-03,125384,2025080304004128,UPPER,Sewa Securities Pvt. Ltd.,Sharepro Securities Private Limited,500,204.0,102000.0,2025-08-03T11:36:22.465494
2025-08-03,125383,2025080304004129,UPPER,Naasa Securities Co. Ltd.,Sharepro Securities Private Limited,200,204.0,40800.0,2025-08-03T11:36:22.465623
2025-08-03,125382,2025080304004130,UPPER,Sani Securities Company Ltd.,Sharepro Securities Private Limited,20,204.0,4080.0,2025-08-03T11:36:22.465748
2025-08-03,125381,2025080304004131,UPPER,Naasa Securities Co. Ltd.,Sharepro Securities Private Limited,15,204.0,3060.0,2025-08-03T11:36:22.465875
2025-08-03,125380,2025080304004132,UPPER,Vision Securities Pvt. Ltd,Sharepro Securities Private Limited,10,204.0,2040.0,2025-08-03T11:36:22.465997
2025-08-03,125379,2025080304004133,UPPER,Aryatara Investment & Securities,Sharepro Securities Private Limited,250,204.0,51000.0,2025-08-03T11:36:22.466122
2025-08-03,125378,2025080304004134,UPPER,Aryatara Investment & Securities,Sharepro Securities Private Limited,500,204.0,102000.0,2025-08-03T11:36:22.466248
2025-08-03,125377,2025080304004135,UPPER,Premier Securities Company Ltd.,Sharepro Securities Private Limited,100,204.0,20400.0,2025-08-03T11:36:22.466379
2025-08-03,125376,2025080304004136,UPPER,Investment Management Nepal Pvt. Ltd.,Sharepro Securities Private Limited,816,204.0,166464.0,2025-08-03T11:36:22.466506
2025-08-03,124654,2025080304004227,UPPER,Dipshikha Dhitopatra Karobar Co. Pvt Ltd.,Sundhara Securities Limited,10,204.3,2043.0,2025-08-03T11:37:17.451355
2025-08-03,124653,2025080304004228,UPPER,Investment Management Nepal Pvt. Ltd.,Sundhara Securities Limited,70,204.0,14280.0,2025-08-03T11:37:17.451647
2025-08-03,124469,2025080304004255,UPPER,Dipshikha Dhitopatra Karobar Co. Pvt Ltd.,Online Securities Pvt. Ltd.,10,204.7,2047.0,2025-08-03T11:37:34.462482
2025-08-03,124315,2025080304004282,UPPER,Investment Management Nepal Pvt. Ltd.,Kumari Securities Private Limited,114,204.0,23256.0,2025-08-03T11:37:47.306463
2025-08-03,124314,2025080304004283,UPPER,Sani Securities Company Ltd.,Kumari Securities Private Limited,20,204.0,4080.0,2025-08-03T11:37:47.306766
2025-08-03,124313,2025080304004284,UPPER,Kohinoor Investment & Securities Pvt. Ltd.,Kumari Securities Private Limited,66,204.0,13464.0,2025-08-03T11:37:47.306913
2025-08-03,124305,2025080304004285,UPPER,Kohinoor Investment & Securities Pvt. Ltd.,Dakshinkali Investment & Securities Pvt. Ltd.,34,204.0,6936.0,2025-08-03T11:37:47.875879
2025-08-03,124304,2025080304004286,UPPER,Sani Securities Company Ltd.,Dakshinkali Investment & Securities Pvt. Ltd.,10,204.0,2040.0,2025-08-03T11:37:47.875977
2025-08-03,124303,2025080304004287,UPPER,Vision Securities Pvt. Ltd,Dakshinkali Investment & Securities Pvt. Ltd.,26,203.9,5301.4,2025-08-03T11:37:47.876088
2025-08-03,124131,2025080304004323,UPPER,Naasa Securities Co. Ltd.,Oxford Securities Pvt. Ltd.,31,204.0,6324.0,2025-08-03T11:38:02.591708
2025-08-03,123943,2025080304004340,UPPER,Vision Securities Pvt. Ltd,Aryatara Investment & Securities,30,203.9,6117.0,2025-08-03T11:38:21.385535
2025-08-03,123932,2025080304004343,UPPER,Shree Krishna Securities Ltd.,Oxford Securities Pvt. Ltd.,49,204.0,9996.0,2025-08-03T11:38:23.661083
2025-08-03,123931,2025080304004344,UPPER,Shree Krishna Securities Ltd.,Malla & Malla Stock Broking Company Pvt. Limited,130,204.0,26520.0,2025-08-03T11:38:23.661689
2025-08-03,123138,2025080304004447,UPPER,Shree Krishna Securities Ltd.,Dakshinkali Investment & Securities Pvt. Ltd.,10,204.0,2040.0,2025-08-03T11:39:33.669864
2025-08-03,123010,2025080304004463,UPPER,Nepal Stock House (PVT) Ltd.,Sani Securities Company Ltd.,10,204.5,2045.0,2025-08-03T11:39:43.281529
2025-08-03,122997,2025080304004464,UPPER,Shree Krishna Securities Ltd.,Citizens Share Broker Limited,737,204.0,150348.0,2025-08-03T11:39:44.239379
2025-08-03,122565,2025080304004513,UPPER,Nepal Stock House (PVT) Ltd.,Citizens Share Broker Limited,10,204.0,2040.0,2025-08-03T11:40:17.34865
2025-08-03,122564,2025080304004514,UPPER,Nepal Stock House (PVT) Ltd.,Nabil Stock Dealer Ltd.,91,204.0,18564.0,2025-08-03T11:40:17.348994
2025-08-03,122563,2025080304004515,UPPER,Nepal Stock House (PVT) Ltd.,Naasa Securities Co. Ltd.,65,204.0,13260.0,2025-08-03T11:40:17.349137
2025-08-03,122562,2025080304004516,UPPER,Nepal Stock House (PVT) Ltd.,Sani Securities Company Ltd.,27,204.5,5521.5,2025-08-03T11:40:17.349284
2025-08-03,122350,2025080304004554,UPPER,Vision Securities Pvt. Ltd,Dakshinkali Investment & Securities Pvt. Ltd.,44,203.9,8971.6,2025-08-03T11:40:38.657031
2025-08-03,122349,2025080304004555,UPPER,Sani Securities Company Ltd.,Dakshinkali Investment & Securities Pvt. Ltd.,56,203.7,11407.2,2025-08-03T11:40:38.657085
2025-08-03,122104,2025080304004589,UPPER,Naasa Securities Co. Ltd.,Naasa Securities Co. Ltd.,1000,204.0,204000.0,2025-08-03T11:41:01.708421
2025-08-03,122019,2025080304004602,UPPER,Sani Securities Company Ltd.,Dakshinkali Investment & Securities Pvt. Ltd.,104,203.7,21184.8,2025-08-03T11:41:10.936154
2025-08-03,122018,2025080304004603,UPPER,ABC Securities Private Limited,Dakshinkali Investment & Securities Pvt. Ltd.,49,203.6,9976.4,2025-08-03T11:41:10.936816
2025-08-03,122017,2025080304004604,UPPER,Sani Securities Company Ltd.,Dakshinkali Investment & Securities Pvt. Ltd.,45,203.5,9157.5,2025-08-03T11:41:10.937265
2025-08-03,122016,2025080304004605,UPPER,Online Securities Pvt. Ltd.,Dakshinkali Investment & Securities Pvt. Ltd.,246,203.5,50061.0,2025-08-03T11:41:10.937704
2025-08-03,122015,2025080304004606,UPPER,Naasa Securities Co. Ltd.,Dakshinkali Investment & Securities Pvt. Ltd.,250,203.5,50875.0,2025-08-03T11:41:10.938147
2025-08-03,122014,2025080304004607,UPPER,Vision Securities Pvt. Ltd,Dakshinkali Investment & Securities Pvt. Ltd.,50,203.4,10170.0,2025-08-03T11:41:10.938588
2025-08-03,122013,2025080304004608,UPPER,Dipshikha Dhitopatra Karobar Co. Pvt Ltd.,Dakshinkali Investment & Securities Pvt. Ltd.,50,203.4,10170.0,2025-08-03T11:41:10.939008
2025-08-03,122012,2025080304004609,UPPER,Vision Securities Pvt. Ltd,Dakshinkali Investment & Securities Pvt. Ltd.,10,203.4,2034.0,2025-08-03T11:41:10.939452
2025-08-03,122011,2025080304004610,UPPER,Kumari Securities Private Limited,Dakshinkali Investment & Securities Pvt. Ltd.,20,203.3,4066.0,2025-08-03T11:41:10.939887
2025-08-03,122010,2025080304004611,UPPER,ABC Securities Private Limited,Dakshinkali Investment & Securities Pvt. Ltd.,896,203.3,182156.8,2025-08-03T11:41:10.940304
2025-08-03,122009,2025080304004612,UPPER,Vision Securities Pvt. Ltd,Dakshinkali Investment & Securities Pvt. Ltd.,10,203.3,2033.0,2025-08-03T11:41:10.940727
2025-08-03,122008,2025080304004613,UPPER,Neev Securities Pvt. Ltd.,Dakshinkali Investment & Securities Pvt. Ltd.,270,203.2,54864.0,2025-08-03T11:41:10.941146
2025-08-03,121818,2025080304004644,UPPER,Neev Securities Pvt. Ltd.,Cristal Kanchanjanga Securites Pvt. Ltd.,300,203.2,60960.0,2025-08-03T11:41:29.781503
2025-08-03,121517,2025080304004689,UPPER,Linch Stock Market Ltd.,Secured Securities Ltd.,350,204.0,71400.0,2025-08-03T11:41:52.532597
2025-08-03,121196,2025080304004721,UPPER,Linch Stock Market Ltd.,Nepal Stock House (PVT) Ltd.,10,204.0,2040.0,2025-08-03T11:42:19.687529
2025-08-03,120934,2025080304004764,UPPER,Linch Stock Market Ltd.,Dakshinkali Investment & Securities Pvt. Ltd.,640,204.0,130560.0,2025-08-03T11:42:45.289351
2025-08-03,120933,2025080304004765,UPPER,South Asian Bulls Pvt. Ltd.,Dakshinkali Investment & Securities Pvt. Ltd.,200,204.0,40800.0,2025-08-03T11:42:45.289691
2025-08-03,120932,2025080304004766,UPPER,Online Securities Pvt. Ltd.,Dakshinkali Investment & Securities Pvt. Ltd.,160,204.0,32640.0,2025-08-03T11:42:45.289957
2025-08-03,120781,2025080304004776,UPPER,Online Securities Pvt. Ltd.,Aakashbhairab Securities Ltd.,340,204.0,69360.0,2025-08-03T11:42:58.251166
2025-08-03,120757,2025080304004788,UPPER,Naasa Securities Co. Ltd.,Aakashbhairab Securities Ltd.,40,204.0,8160.0,2025-08-03T11:42:59.323664
2025-08-03,120715,2025080304004790,UPPER,Dipshikha Dhitopatra Karobar Co. Pvt Ltd.,Aakashbhairab Securities Ltd.,50,204.0,10200.0,2025-08-03T11:43:02.329037
2025-08-03,120090,2025080304004847,UPPER,Trishakti Securities Public Limited,Online Securities Pvt. Ltd.,50,203.3,10165.0,2025-08-03T11:44:03.871233
2025-08-03,119393,2025080304004930,UPPER,Trishakti Securities Public Limited,Vision Securities Pvt. Ltd,500,203.3,101650.0,2025-08-03T11:45:12.937621
2025-08-03,119337,2025080304004938,UPPER,Trishakti Securities Public Limited,Dakshinkali Investment & Securities Pvt. Ltd.,450,203.3,91485.0,2025-08-03T11:45:18.079244
2025-08-03,119336,2025080304004939,UPPER,NIMB Stock Markets Limited,Dakshinkali Investment & Securities Pvt. Ltd.,35,203.3,7115.5,2025-08-03T11:45:18.079608
2025-08-03,119335,2025080304004940,UPPER,Neev Securities Pvt. Ltd.,Dakshinkali Investment & Securities Pvt. Ltd.,15,203.2,3048.0,2025-08-03T11:45:18.079766
2025-08-03,119190,2025080304004961,UPPER,Neev Securities Pvt. Ltd.,Midas Stock Broking Company Private Limited,88,203.2,17881.6,2025-08-03T11:45:33.497646
2025-08-03,119189,2025080304004962,UPPER,Aryatara Investment & Securities,Midas Stock Broking Company Private Limited,42,203.2,8534.4,2025-08-03T11:45:33.498002
2025-08-03,119172,2025080304004963,UPPER,Neev Securities Pvt. Ltd.,Ashutosh Brokerage & Securities (PVT) Ltd.,100,203.2,20320.0,2025-08-03T11:45:35.268173
2025-08-03,119171,2025080304004964,UPPER,Vision Securities Pvt. Ltd,Ashutosh Brokerage & Securities (PVT) Ltd.,150,203.2,30480.0,2025-08-03T11:45:35.268501
2025-08-03,118916,2025080304004989,UPPER,Sweta Securities Private Limited,Ashutosh Brokerage & Securities (PVT) Ltd.,100,203.1,20310.0,2025-08-03T11:45:59.428009
2025-08-03,118915,2025080304004990,UPPER,Nepal Stock House (PVT) Ltd.,Ashutosh Brokerage & Securities (PVT) Ltd.,100,203.1,20310.0,2025-08-03T11:45:59.428426
2025-08-03,118914,2025080304004991,UPPER,Swarna Laxmi Securities Pvt. Ltd.,Ashutosh Brokerage & Securities (PVT) Ltd.,382,203.1,77584.2,2025-08-03T11:45:59.428627
2025-08-03,118707,2025080304005033,UPPER,ABC Securities Private Limited,Aryatara Investment & Securities,25,203.5,5087.5,2025-08-03T11:46:17.338884
2025-08-03,118697,2025080304005035,UPPER,Naasa Securities Co. Ltd.,Aakashbhairab Securities Ltd.,45,204.0,9180.0,2025-08-03T11:46:18.504721
2025-08-03,118584,2025080304005046,UPPER,ABC Securities Private Limited,Trisul Securities & Invt. Ltd.,15,203.5,3052.5,2025-08-03T11:46:31.445378
2025-08-03,118583,2025080304005047,UPPER,Dipshikha Dhitopatra Karobar Co. Pvt Ltd.,Trisul Securities & Invt. Ltd.,119,203.2,24180.8,2025-08-03T11:46:31.445715
2025-08-03,118076,2025080304005104,UPPER,Deevyaa Securities & Stock House Pvt. Ltd,Naasa Securities Co. Ltd.,200,203.3,40660.0,2025-08-03T11:47:16.281488
2025-08-03,117415,2025080304005169,UPPER,Agrawal Securities (PVT) Ltd.,Sri Hari Securities Pvt. Ltd.,10,203.4,2034.0,2025-08-03T11:48:08.673206
2025-08-03,117054,2025080304005221,UPPER,Agrawal Securities (PVT) Ltd.,Sweta Securities Private Limited,48,203.4,9763.2,2025-08-03T11:48:42.815616
2025-08-03,116598,2025080304005283,UPPER,Agrawal Securities (PVT) Ltd.,Naasa Securities Co. Ltd.,40,203.4,8136.0,2025-08-03T11:49:32.35333
2025-08-03,116103,2025080304005344,UPPER,Agrawal Securities (PVT) Ltd.,Vision Securities Pvt. Ltd,12,203.4,2440.8,2025-08-03T11:50:14.921663
2025-08-03,116102,2025080304005345,UPPER,Sundhara Securities Limited,Vision Securities Pvt. Ltd,100,203.4,20340.0,2025-08-03T11:50:14.92242
2025-08-03,116101,2025080304005346,UPPER,Online Securities Pvt. Ltd.,Vision Securities Pvt. Ltd,133,203.4,27052.2,2025-08-03T11:50:14.92293
2025-08-03,116029,2025080304005357,UPPER,Online Securities Pvt. Ltd.,Aryatara Investment & Securities,67,203.4,13627.8,2025-08-03T11:50:21.919923
2025-08-03,116028,2025080304005358,UPPER,Deevyaa Securities & Stock House Pvt. Ltd,Aryatara Investment & Securities,63,203.3,12807.9,2025-08-03T11:50:21.920372
2025-08-03,115898,2025080304005377,UPPER,Deevyaa Securities & Stock House Pvt. Ltd,Aryatara Investment & Securities,10,203.3,2033.0,2025-08-03T11:50:34.305291
2025-08-03,115778,2025080304005402,UPPER,Deevyaa Securities & Stock House Pvt. Ltd,Blue Chip Securities Ltd,80,203.3,16264.0,2025-08-03T11:50:43.646205
2025-08-03,115703,2025080304005421,UPPER,Deevyaa Securities & Stock House Pvt. Ltd,Aakashbhairab Securities Ltd.,725,203.3,147392.5,2025-08-03T11:50:50.606695
2025-08-03,115575,2025080304005436,UPPER,Deevyaa Securities & Stock House Pvt. Ltd,Magnet Securities and Investment Company Private Limited,122,203.3,24802.6,2025-08-03T11:51:00.854334
2025-08-03,115574,2025080304005437,UPPER,Kumari Securities Private Limited,Magnet Securities and Investment Company Private Limited,300,203.3,60990.0,2025-08-03T11:51:00.854718
2025-08-03,115573,2025080304005438,UPPER,Online Securities Pvt. Ltd.,Magnet Securities and Investment Company Private Limited,488,203.3,99210.4,2025-08-03T11:51:00.854901
2025-08-03,115468,2025080304005456,UPPER,Secured Securities Ltd.,Primo Securities (PVT) Ltd.,18,204.0,3672.0,2025-08-03T11:51:13.123112
2025-08-03,115467,2025080304005457,UPPER,Secured Securities Ltd.,Naasa Securities Co. Ltd.,150,204.0,30600.0,2025-08-03T11:51:13.123888
2025-08-03,115466,2025080304005458,UPPER,Secured Securities Ltd.,Naasa Securities Co. Ltd.,64,204.0,13056.0,2025-08-03T11:51:13.12445
2025-08-03,115413,2025080304005465,UPPER,Online Securities Pvt. Ltd.,Oxford Securities Pvt. Ltd.,12,203.3,2439.6,2025-08-03T11:51:17.898616
2025-08-03,115412,2025080304005466,UPPER,Nepal Investment And Securities Trading Private Limited,Oxford Securities Pvt. Ltd.,22,203.3,4472.6,2025-08-03T11:51:17.899019
2025-08-03,115404,2025080304005468,UPPER,Nepal Investment And Securities Trading Private Limited,Magnet Securities and Investment Company Private Limited,1000,203.3,203300.0,2025-08-03T11:51:18.917565
2025-08-03,113949,2025080304005698,UPPER,Kumari Securities Private Limited,Naasa Securities Co. Ltd.,50,204.0,10200.0,2025-08-03T11:53:31.957502
2025-08-03,113827,2025080304005707,UPPER,Aryatara Investment & Securities,Naasa Securities Co. Ltd.,386,204.0,78744.0,2025-08-03T11:53:43.980749
2025-08-03,113826,2025080304005708,UPPER,Aryatara Investment & Securities,Kohinoor Investment & Securities Pvt. Ltd.,500,204.0,102000.0,2025-08-03T11:53:43.981585
2025-08-03,113825,2025080304005709,UPPER,Aryatara Investment & Securities,Imperial Securities Company Pvt. Ltd.,30,204.0,6120.0,2025-08-03T11:53:43.982193
2025-08-03,113824,2025080304005710,UPPER,Aryatara Investment & Securities,Creative Securities Pvt Ltd,240,204.0,48960.0,2025-08-03T11:53:43.982804
2025-08-03,113823,2025080304005711,UPPER,Aryatara Investment & Securities,Malla & Malla Stock Broking Company Pvt. Limited,2000,204.0,408000.0,2025-08-03T11:53:43.983405
2025-08-03,113822,2025080304005712,UPPER,Aryatara Investment & Securities,Sri Hari Securities Pvt. Ltd.,1500,204.0,306000.0,2025-08-03T11:53:43.98401
2025-08-03,113821,2025080304005713,UPPER,Aryatara Investment & Securities,Sagarmatha Securities Private Limited,200,204.0,40800.0,2025-08-03T11:53:43.984644
2025-08-03,113820,2025080304005714,UPPER,Aryatara Investment & Securities,Opal Securities Investment (PVT) Ltd.,104,204.0,21216.0,2025-08-03T11:53:43.985232
2025-08-03,113819,2025080304005715,UPPER,Aryatara Investment & Securities,Aryatara Investment & Securities,40,204.0,8160.0,2025-08-03T11:53:43.985857
2025-08-03,113467,2025080304005790,UPPER,Nepal Stock House (PVT) Ltd.,Aryatara Investment & Securities,10,204.0,2040.0,2025-08-03T11:54:14.924074
2025-08-03,113466,2025080304005791,UPPER,Nepal Stock House (PVT) Ltd.,Thrive Brokerage House Pvt. Ltd,90,204.0,18360.0,2025-08-03T11:54:14.924477
2025-08-03,113144,2025080304005850,UPPER,Naasa Securities Co. Ltd.,Imperial Securities Company Pvt. Ltd.,50,203.8,10190.0,2025-08-03T11:54:43.277735
2025-08-03,113134,2025080304005854,UPPER,Deevyaa Securities & Stock House Pvt. Ltd,Thrive Brokerage House Pvt. Ltd,10,204.0,2040.0,2025-08-03T11:54:44.286201
2025-08-03,113133,2025080304005855,UPPER,Deevyaa Securities & Stock House Pvt. Ltd,Kohinoor Investment & Securities Pvt. Ltd.,90,204.0,18360.0,2025-08-03T11:54:44.286612
2025-08-03,112568,2025080304005948,UPPER,Naasa Securities Co. Ltd.,Kohinoor Investment & Securities Pvt. Ltd.,450,203.8,91710.0,2025-08-03T11:55:34.325933
2025-08-03,112513,2025080304005958,UPPER,Kohinoor Investment & Securities Pvt. Ltd.,Kohinoor Investment & Securities Pvt. Ltd.,122,203.8,24863.6,2025-08-03T11:55:38.403598
2025-08-03,112454,2025080304005963,UPPER,Kumari Securities Private Limited,J.F. Securites (PVT) Ltd.,2,200.0,400.0,2025-08-03T11:55:43.880125
2025-08-03,112189,2025080304005990,UPPER,Online Securities Pvt. Ltd.,Kohinoor Investment & Securities Pvt. Ltd.,100,203.8,20380.0,2025-08-03T11:56:05.676147
2025-08-03,112056,2025080304006017,UPPER,Naasa Securities Co. Ltd.,Kohinoor Investment & Securities Pvt. Ltd.,220,203.7,44814.0,2025-08-03T11:56:17.771131
2025-08-03,111984,2025080304006027,UPPER,Kumari Securities Private Limited,Aryatara Investment & Securities,100,203.6,20360.0,2025-08-03T11:56:25.240912
2025-08-03,111976,2025080304006028,UPPER,Neev Securities Pvt. Ltd.,ABC Securities Private Limited,85,203.5,17297.5,2025-08-03T11:56:25.977516
2025-08-03,111832,2025080304006042,UPPER,Ashutosh Brokerage & Securities (PVT) Ltd.,Kohinoor Investment & Securities Pvt. Ltd.,208,203.7,42369.6,2025-08-03T11:56:37.865747
2025-08-03,111831,2025080304006043,UPPER,Ashutosh Brokerage & Securities (PVT) Ltd.,Kohinoor Investment & Securities Pvt. Ltd.,100,203.8,20380.0,2025-08-03T11:56:37.866213
2025-08-03,111830,2025080304006044,UPPER,Ashutosh Brokerage & Securities (PVT) Ltd.,Kohinoor Investment & Securities Pvt. Ltd.,10,204.0,2040.0,2025-08-03T11:56:37.866469
2025-08-03,111829,2025080304006045,UPPER,Ashutosh Brokerage & Securities (PVT) Ltd.,Sani Securities Company Ltd.,622,204.0,126888.0,2025-08-03T11:56:37.866678
2025-08-03,111724,2025080304006068,UPPER,Neev Securities Pvt. Ltd.,Naasa Securities Co. Ltd.,100,203.5,20350.0,2025-08-03T11:56:51.150374
2025-08-03,111658,2025080304006072,UPPER,Oxford Securities Pvt. Ltd.,Sani Securities Company Ltd.,50,203.6,10180.0,2025-08-03T11:56:58.82959
2025-08-03,111033,2025080304006178,UPPER,Nepal Stock House (PVT) Ltd.,Sani Securities Company Ltd.,900,204.0,183600.0,2025-08-03T11:58:00.809281
2025-08-03,110948,2025080304006195,UPPER,Sundhara Securities Limited,Online Securities Pvt. Ltd.,6,201.0,1206.0,2025-08-03T11:58:10.449469
2025-08-03,110656,2025080304006257,UPPER,Linch Stock Market Ltd.,Sani Securities Company Ltd.,3000,204.0,612000.0,2025-08-03T11:58:42.232357
2025-08-03,109759,2025080304006380,UPPER,Sani Securities Company Ltd.,Sani Securities Company Ltd.,68,204.0,13872.0,2025-08-03T12:00:05.784444
2025-08-03,109758,2025080304006381,UPPER,Sani Securities Company Ltd.,Naasa Securities Co. Ltd.,15,204.0,3060.0,2025-08-03T12:00:05.785339
2025-08-03,109757,2025080304006382,UPPER,Sani Securities Company Ltd.,Nepal Stock House (PVT) Ltd.,37,204.0,7548.0,2025-08-03T12:00:05.785956
2025-08-03,109723,2025080304006393,UPPER,Sweta Securities Private Limited,Sani Securities Company Ltd.,50,203.9,10195.0,2025-08-03T12:00:08.828154
2025-08-03,109405,2025080304006425,UPPER,Dipshikha Dhitopatra Karobar Co. Pvt Ltd.,Dipshikha Dhitopatra Karobar Co. Pvt Ltd.,48,204.0,9792.0,2025-08-03T12:00:38.726435
2025-08-03,109191,2025080304006457,UPPER,Naasa Securities Co. Ltd.,Nepal Stock House (PVT) Ltd.,100,204.0,20400.0,2025-08-03T12:01:00.755927
2025-08-03,109062,2025080304006484,UPPER,Sweta Securities Private Limited,Dipshikha Dhitopatra Karobar Co. Pvt Ltd.,10,203.9,2039.0,2025-08-03T12:01:14.279945
2025-08-03,108672,2025080304006530,UPPER,Sweta Securities Private Limited,Trisul Securities & Invt. Ltd.,140,203.9,28546.0,2025-08-03T12:01:50.26582
2025-08-03,108671,2025080304006531,UPPER,Naasa Securities Co. Ltd.,Trisul Securities & Invt. Ltd.,197,203.7,40128.9,2025-08-03T12:01:50.266271
2025-08-03,108670,2025080304006532,UPPER,Oxford Securities Pvt. Ltd.,Trisul Securities & Invt. Ltd.,87,203.6,17713.2,2025-08-03T12:01:50.266533
2025-08-03,107539,2025080304006709,UPPER,Dipshikha Dhitopatra Karobar Co. Pvt Ltd.,South Asian Bulls Pvt. Ltd.,2,204.0,408.0,2025-08-03T12:03:30.919679
2025-08-03,106990,2025080304006807,UPPER,Sewa Securities Pvt. Ltd.,Nepal Stock House (PVT) Ltd.,200,204.0,40800.0,2025-08-03T12:04:25.780113
2025-08-03,106882,2025080304006826,UPPER,Sani Securities Company Ltd.,Nepal Stock House (PVT) Ltd.,147,204.0,29988.0,2025-08-03T12:04:36.317602
2025-08-03,106703,2025080304006873,UPPER,Dakshinkali Investment & Securities Pvt. Ltd.,Linch Stock Market Ltd.,73,203.8,14877.4,2025-08-03T12:04:58.92737
2025-08-03,106702,2025080304006874,UPPER,Dakshinkali Investment & Securities Pvt. Ltd.,Nepal Stock House (PVT) Ltd.,57,204.0,11628.0,2025-08-03T12:04:58.927806
2025-08-03,106592,2025080304006901,UPPER,Imperial Securities Company Pvt. Ltd.,Nepal Stock House (PVT) Ltd.,250,204.0,51000.0,2025-08-03T12:05:10.91579
2025-08-03,106388,2025080304006930,UPPER,Sani Securities Company Ltd.,Nepal Stock House (PVT) Ltd.,100,204.0,20400.0,2025-08-03T12:05:35.222997
2025-08-03,106049,2025080304007004,UPPER,ABC Securities Private Limited,South Asian Bulls Pvt. Ltd.,11,203.7,2240.7,2025-08-03T12:06:08.064612
2025-08-03,106048,2025080304007005,UPPER,Opal Securities Investment (PVT) Ltd.,South Asian Bulls Pvt. Ltd.,39,203.7,7944.3,2025-08-03T12:06:08.065602
2025-08-03,105760,2025080304007068,UPPER,ABC Securities Private Limited,Linch Stock Market Ltd.,14,203.9,2854.6,2025-08-03T12:06:41.052977
2025-08-03,105759,2025080304007069,UPPER,Siprabi Securities Pvt. Ltd.,Linch Stock Market Ltd.,21,203.8,4279.8,2025-08-03T12:06:41.053434
2025-08-03,105758,2025080304007070,UPPER,Opal Securities Investment (PVT) Ltd.,Linch Stock Market Ltd.,15,203.7,3055.5,2025-08-03T12:06:41.053701
2025-08-03,105605,2025080304007105,UPPER,Investment Management Nepal Pvt. Ltd.,Nepal Stock House (PVT) Ltd.,760,204.0,155040.0,2025-08-03T12:06:58.652326
2025-08-03,105368,2025080304007151,UPPER,Online Securities Pvt. Ltd.,Nepal Stock House (PVT) Ltd.,35,204.0,7140.0,2025-08-03T12:07:30.413452
2025-08-03,105041,2025080304007239,UPPER,Sewa Securities Pvt. Ltd.,Sani Securities Company Ltd.,200,203.9,40780.0,2025-08-03T12:08:07.379652
2025-08-03,104867,2025080304007281,UPPER,Sewa Securities Pvt. Ltd.,Online Securities Pvt. Ltd.,50,203.9,10195.0,2025-08-03T12:08:28.616326
2025-08-03,104750,2025080304007312,UPPER,South Asian Bulls Pvt. Ltd.,Nepal Stock House (PVT) Ltd.,151,204.0,30804.0,2025-08-03T12:08:41.38492
2025-08-03,104749,2025080304007313,UPPER,South Asian Bulls Pvt. Ltd.,South Asian Bulls Pvt. Ltd.,10,204.0,2040.0,2025-08-03T12:08:41.385429
2025-08-03,104748,2025080304007314,UPPER,South Asian Bulls Pvt. Ltd.,Dynamic Money Managers Securities Pvt. Ltd.,500,204.0,102000.0,2025-08-03T12:08:41.385676
2025-08-03,104747,2025080304007315,UPPER,South Asian Bulls Pvt. Ltd.,Imperial Securities Company Pvt. Ltd.,10,204.0,2040.0,2025-08-03T12:08:41.385908
2025-08-03,104746,2025080304007316,UPPER,South Asian Bulls Pvt. Ltd.,Vision Securities Pvt. Ltd,10,204.0,2040.0,2025-08-03T12:08:41.386223
2025-08-03,104745,2025080304007317,UPPER,South Asian Bulls Pvt. Ltd.,Naasa Securities Co. Ltd.,115,204.0,23460.0,2025-08-03T12:08:41.386714
2025-08-03,104744,2025080304007318,UPPER,South Asian Bulls Pvt. Ltd.,Naasa Securities Co. Ltd.,70,204.0,14280.0,2025-08-03T12:08:41.387219
2025-08-03,104743,2025080304007319,UPPER,South Asian Bulls Pvt. Ltd.,Trisul Securities & Invt. Ltd.,20,204.0,4080.0,2025-08-03T12:08:41.387736
2025-08-03,103980,2025080304007414,UPPER,Agrawal Securities (PVT) Ltd.,Sani Securities Company Ltd.,400,204.2,81680.0,2025-08-03T12:09:58.789558
2025-08-03,103639,2025080304007466,UPPER,Agrawal Securities (PVT) Ltd.,Naasa Securities Co. Ltd.,100,204.2,20420.0,2025-08-03T12:10:45.930498
2025-08-03,103372,2025080304007491,UPPER,South Asian Bulls Pvt. Ltd.,Naasa Securities Co. Ltd.,50,204.0,10200.0,2025-08-03T12:11:07.608405
2025-08-03,103281,2025080304007509,UPPER,Online Securities Pvt. Ltd.,Naasa Securities Co. Ltd.,116,204.2,23687.2,2025-08-03T12:11:20.899238
2025-08-03,103280,2025080304007510,UPPER,Online Securities Pvt. Ltd.,Cristal Kanchanjanga Securites Pvt. Ltd.,500,204.3,102150.0,2025-08-03T12:11:20.899747
2025-08-03,103279,2025080304007511,UPPER,Online Securities Pvt. Ltd.,Aryatara Investment & Securities,384,204.4,78489.6,2025-08-03T12:11:20.900157
2025-08-03,103045,2025080304007586,UPPER,Kalika Securities Pvt. Ltd.,Swarna Laxmi Securities Pvt. Ltd.,100,204.2,20420.0,2025-08-03T12:11:50.417839
2025-08-03,102700,2025080304007658,UPPER,Sewa Securities Pvt. Ltd.,Aryatara Investment & Securities,50,204.4,10220.0,2025-08-03T12:12:37.929668
2025-08-03,102670,2025080304007661,UPPER,South Asian Bulls Pvt. Ltd.,Nepal Stock House (PVT) Ltd.,40,204.0,8160.0,2025-08-03T12:12:41.439907
2025-08-03,102504,2025080304007726,UPPER,South Asian Bulls Pvt. Ltd.,Dipshikha Dhitopatra Karobar Co. Pvt Ltd.,10,204.0,2040.0,2025-08-03T12:13:04.3133
2025-08-03,102341,2025080304007743,UPPER,South Asian Bulls Pvt. Ltd.,Naasa Securities Co. Ltd.,14,204.0,2856.0,2025-08-03T12:13:24.978502
2025-08-03,102340,2025080304007744,UPPER,Aryatara Investment & Securities,Naasa Securities Co. Ltd.,500,204.0,102000.0,2025-08-03T12:13:24.978996
2025-08-03,102339,2025080304007745,UPPER,Deevyaa Securities & Stock House Pvt. Ltd,Naasa Securities Co. Ltd.,72,204.0,14688.0,2025-08-03T12:13:24.979257
2025-08-03,102161,2025080304007773,UPPER,Creative Securities Pvt Ltd,ABC Securities Private Limited,40,204.1,8164.0,2025-08-03T12:13:46.362706
2025-08-03,102027,2025080304007783,UPPER,Sani Securities Company Ltd.,Opal Securities Investment (PVT) Ltd.,50,204.2,10210.0,2025-08-03T12:14:02.627475
2025-08-03,101700,2025080304007844,UPPER,Creative Securities Pvt Ltd,Midas Stock Broking Company Private Limited,10,204.1,2041.0,2025-08-03T12:14:43.240416
2025-08-03,101699,2025080304007845,UPPER,Deevyaa Securities & Stock House Pvt. Ltd,Midas Stock Broking Company Private Limited,28,204.0,5712.0,2025-08-03T12:14:43.24089
2025-08-03,101129,2025080304007960,UPPER,Naasa Securities Co. Ltd.,Sani Securities Company Ltd.,190,204.3,38817.0,2025-08-03T12:16:03.135355
2025-08-03,101035,2025080304007986,UPPER,Linch Stock Market Ltd.,Siprabi Securities Pvt. Ltd.,140,204.0,28560.0,2025-08-03T12:16:20.422377
2025-08-03,101003,2025080304007989,UPPER,Creative Securities Pvt Ltd,Hatemalo Financial Services Private Limited,50,204.0,10200.0,2025-08-03T12:16:25.319604
2025-08-03,100452,2025080304008078,UPPER,Investment Management Nepal Pvt. Ltd.,Hatemalo Financial Services Private Limited,30,204.0,6120.0,2025-08-03T12:17:32.371012
2025-08-03,100451,2025080304008079,UPPER,Investment Management Nepal Pvt. Ltd.,Vision Securities Pvt. Ltd,300,204.0,61200.0,2025-08-03T12:17:32.372017
2025-08-03,100450,2025080304008080,UPPER,Investment Management Nepal Pvt. Ltd.,Online Securities Pvt. Ltd.,25,204.0,5100.0,2025-08-03T12:17:32.372757
2025-08-03,99995,2025080304008140,UPPER,Online Securities Pvt. Ltd.,Sani Securities Company Ltd.,34,204.3,6946.2,2025-08-03T12:18:27.930162
2025-08-03,99994,2025080304008141,UPPER,Online Securities Pvt. Ltd.,Dynamic Money Managers Securities Pvt. Ltd.,250,204.3,51075.0,2025-08-03T12:18:27.930656
2025-08-03,99993,2025080304008142,UPPER,Online Securities Pvt. Ltd.,Aryatara Investment & Securities,1566,204.4,320090.4,2025-08-03T12:18:27.931067
2025-08-03,99992,2025080304008143,UPPER,Online Securities Pvt. Ltd.,Online Securities Pvt. Ltd.,1000,204.4,204400.0,2025-08-03T12:18:27.931444
2025-08-03,99991,2025080304008144,UPPER,Online Securities Pvt. Ltd.,Sani Securities Company Ltd.,963,204.5,196933.5,2025-08-03T12:18:27.931755
2025-08-03,99990,2025080304008145,UPPER,Online Securities Pvt. Ltd.,Opal Securities Investment (PVT) Ltd.,10,204.5,2045.0,2025-08-03T12:18:27.932145
2025-08-03,99989,2025080304008146,UPPER,Online Securities Pvt. Ltd.,Capital Max Securities Ltd,125,204.9,25612.5,2025-08-03T12:18:27.932504
2025-08-03,99988,2025080304008147,UPPER,Online Securities Pvt. Ltd.,Primo Securities (PVT) Ltd.,68,204.9,13933.2,2025-08-03T12:18:27.932915
2025-08-03,99987,2025080304008148,UPPER,Online Securities Pvt. Ltd.,Sri Hari Securities Pvt. Ltd.,600,204.9,122940.0,2025-08-03T12:18:27.933328
2025-08-03,99986,2025080304008149,UPPER,Online Securities Pvt. Ltd.,Sani Securities Company Ltd.,10,204.9,2049.0,2025-08-03T12:18:27.933722
2025-08-03,99985,2025080304008150,UPPER,Online Securities Pvt. Ltd.,South Asian Bulls Pvt. Ltd.,374,205.0,76670.0,2025-08-03T12:18:27.934118
2025-08-03,99870,2025080304008167,UPPER,Investment Management Nepal Pvt. Ltd.,Siprabi Securities Pvt. Ltd.,90,204.0,18360.0,2025-08-03T12:18:42.489881
2025-08-03,99546,2025080304008218,UPPER,Vision Securities Pvt. Ltd,Sunrise Securities Limited,50,204.2,10210.0,2025-08-03T12:19:25.565043
2025-08-03,99545,2025080304008219,UPPER,Oxford Securities Pvt. Ltd.,Sunrise Securities Limited,750,204.1,153075.0,2025-08-03T12:19:25.565691
2025-08-03,99032,2025080304008339,UPPER,Oxford Securities Pvt. Ltd.,Siprabi Securities Pvt. Ltd.,70,204.1,14287.0,2025-08-03T12:20:22.435158
2025-08-03,98975,2025080304008348,UPPER,Oxford Securities Pvt. Ltd.,Linch Stock Market Ltd.,157,204.1,32043.7,2025-08-03T12:20:28.964364
2025-08-03,98283,2025080304008429,UPPER,ABC Securities Private Limited,Bhrikuti Stock Broking Co. Pvt. Ltd.,30,204.2,6126.0,2025-08-03T12:21:38.268673
2025-08-03,98205,2025080304008437,UPPER,ABC Securities Private Limited,Dynamic Money Managers Securities Pvt. Ltd.,170,204.2,34714.0,2025-08-03T12:21:44.164047
2025-08-03,98204,2025080304008438,UPPER,Oxford Securities Pvt. Ltd.,Dynamic Money Managers Securities Pvt. Ltd.,80,204.1,16328.0,2025-08-03T12:21:44.16455
2025-08-03,97748,2025080304008512,UPPER,Imperial Securities Company Pvt. Ltd.,Sunrise Securities Limited,40,204.4,8176.0,2025-08-03T12:22:28.138441
2025-08-03,97747,2025080304008513,UPPER,Kalika Securities Pvt. Ltd.,Sunrise Securities Limited,260,204.3,53118.0,2025-08-03T12:22:28.138933
2025-08-03,97601,2025080304008538,UPPER,Kalika Securities Pvt. Ltd.,Naasa Securities Co. Ltd.,40,204.3,8172.0,2025-08-03T12:22:49.754668
2025-08-03,96648,2025080304008656,UPPER,Oxford Securities Pvt. Ltd.,Capital Max Securities Ltd,100,204.9,20490.0,2025-08-03T12:24:45.163259
2025-08-03,96563,2025080304008671,UPPER,Kalika Securities Pvt. Ltd.,Aryatara Investment & Securities,100,204.3,20430.0,2025-08-03T12:24:56.776051
2025-08-03,95909,2025080304008808,UPPER,Kalika Securities Pvt. Ltd.,Arun Securities (PVT) Ltd.,270,204.3,55161.0,2025-08-03T12:26:05.13381
2025-08-03,95561,2025080304008859,UPPER,Kalika Securities Pvt. Ltd.,Sunrise Securities Limited,100,204.3,20430.0,2025-08-03T12:26:50.01721
2025-08-03,95425,2025080304008876,UPPER,Kalika Securities Pvt. Ltd.,Trishakti Securities Public Limited,80,204.3,16344.0,2025-08-03T12:27:02.76885
2025-08-03,95368,2025080304008882,UPPER,Oxford Securities Pvt. Ltd.,Naasa Securities Co. Ltd.,10,204.1,2041.0,2025-08-03T12:27:09.318324
2025-08-03,95198,2025080304008910,UPPER,Oxford Securities Pvt. Ltd.,Aryatara Investment & Securities,124,204.1,25308.4,2025-08-03T12:27:28.201278
2025-08-03,95179,2025080304008920,UPPER,Oxford Securities Pvt. Ltd.,Naasa Securities Co. Ltd.,119,204.1,24287.9,2025-08-03T12:27:30.366015
2025-08-03,95178,2025080304008921,UPPER,Investment Management Nepal Pvt. Ltd.,Naasa Securities Co. Ltd.,255,204.0,52020.0,2025-08-03T12:27:30.36661
2025-08-03,95177,2025080304008922,UPPER,Bhrikuti Stock Broking Co. Pvt. Ltd.,Naasa Securities Co. Ltd.,126,204.0,25704.0,2025-08-03T12:27:30.36696
2025-08-03,95159,2025080304008925,UPPER,Bhrikuti Stock Broking Co. Pvt. Ltd.,Kohinoor Investment & Securities Pvt. Ltd.,374,204.0,76296.0,2025-08-03T12:27:32.110545
2025-08-03,95158,2025080304008926,UPPER,Agrawal Securities (PVT) Ltd.,Kohinoor Investment & Securities Pvt. Ltd.,50,204.0,10200.0,2025-08-03T12:27:32.111821
2025-08-03,95157,2025080304008927,UPPER,Trishakti Securities Public Limited,Kohinoor Investment & Securities Pvt. Ltd.,50,204.0,10200.0,2025-08-03T12:27:32.112907
2025-08-03,95156,2025080304008928,UPPER,Kumari Securities Private Limited,Kohinoor Investment & Securities Pvt. Ltd.,375,204.0,76500.0,2025-08-03T12:27:32.114052
2025-08-03,95155,2025080304008929,UPPER,Sewa Securities Pvt. Ltd.,Kohinoor Investment & Securities Pvt. Ltd.,60,204.0,12240.0,2025-08-03T12:27:32.115171
2025-08-03,95154,2025080304008930,UPPER,Nepal Investment And Securities Trading Private Limited,Kohinoor Investment & Securities Pvt. Ltd.,1091,204.0,222564.0,2025-08-03T12:27:32.115756
2025-08-03,94943,2025080304008966,UPPER,Nepal Investment And Securities Trading Private Limited,Trishakti Securities Public Limited,130,204.0,26520.0,2025-08-03T12:27:56.364713
2025-08-03,94911,2025080304008968,UPPER,Nepal Investment And Securities Trading Private Limited,Online Securities Pvt. Ltd.,600,204.0,122400.0,2025-08-03T12:28:00.387699
2025-08-03,94834,2025080304008981,UPPER,J.F. Securites (PVT) Ltd.,Linch Stock Market Ltd.,96,204.2,19603.2,2025-08-03T12:28:08.775953
2025-08-03,94279,2025080304009047,UPPER,ABC Securities Private Limited,Dipshikha Dhitopatra Karobar Co. Pvt Ltd.,150,204.4,30660.0,2025-08-03T12:29:18.030522
2025-08-03,93900,2025080304009100,UPPER,Naasa Securities Co. Ltd.,Naasa Securities Co. Ltd.,2,201.0,402.0,2025-08-03T12:29:59.756454
2025-08-03,93768,2025080304009117,UPPER,Naasa Securities Co. Ltd.,Bhrikuti Stock Broking Co. Pvt. Ltd.,8,203.0,1624.0,2025-08-03T12:30:16.494068
2025-08-03,92796,2025080304009254,UPPER,J.F. Securites (PVT) Ltd.,Vision Securities Pvt. Ltd,250,204.3,51075.0,2025-08-03T12:32:07.554288
2025-08-03,92765,2025080304009257,UPPER,J.F. Securites (PVT) Ltd.,Nagarik Stock Dealer ,154,204.3,31462.2,2025-08-03T12:32:11.979996
2025-08-03,92764,2025080304009258,UPPER,Nepal Investment And Securities Trading Private Limited,Nagarik Stock Dealer ,679,204.0,138516.0,2025-08-03T12:32:11.980524
2025-08-03,92763,2025080304009259,UPPER,Trishakti Securities Public Limited,Nagarik Stock Dealer ,25,204.0,5100.0,2025-08-03T12:32:11.980801
2025-08-03,92584,2025080304009279,UPPER,Sani Securities Company Ltd.,Nagarik Stock Dealer ,190,204.0,38760.0,2025-08-03T12:32:37.868067
2025-08-03,92242,2025080304009336,UPPER,ABC Securities Private Limited,Nagarik Stock Dealer ,28,204.0,5712.0,2025-08-03T12:33:17.267524
2025-08-03,92125,2025080304009356,UPPER,ABC Securities Private Limited,Online Securities Pvt. Ltd.,10,203.9,2039.0,2025-08-03T12:33:33.36431
2025-08-03,91325,2025080304009467,UPPER,ABC Securities Private Limited,Premier Securities Company Ltd.,11,203.8,2241.8,2025-08-03T12:34:53.554671
2025-08-03,91324,2025080304009468,UPPER,ABC Securities Private Limited,Premier Securities Company Ltd.,39,203.8,7948.2,2025-08-03T12:34:53.55518
2025-08-03,90968,2025080304009498,UPPER,ABC Securities Private Limited,Imperial Securities Company Pvt. Ltd.,461,203.8,93951.8,2025-08-03T12:35:36.581723
2025-08-03,90967,2025080304009499,UPPER,Sri Hari Securities Pvt. Ltd.,Imperial Securities Company Pvt. Ltd.,39,203.8,7948.2,2025-08-03T12:35:36.582242
2025-08-03,90734,2025080304009535,UPPER,ABC Securities Private Limited,Aryatara Investment & Securities,12,203.7,2444.4,2025-08-03T12:36:02.764752
2025-08-03,90733,2025080304009536,UPPER,Online Securities Pvt. Ltd.,Aryatara Investment & Securities,100,203.7,20370.0,2025-08-03T12:36:02.765253
2025-08-03,90732,2025080304009537,UPPER,Deevyaa Securities & Stock House Pvt. Ltd,Aryatara Investment & Securities,238,203.7,48480.6,2025-08-03T12:36:02.765536
2025-08-03,90587,2025080304009547,UPPER,ABC Securities Private Limited,Nagarik Stock Dealer ,1000,203.8,203800.0,2025-08-03T12:36:22.658244
2025-08-03,90586,2025080304009548,UPPER,Deevyaa Securities & Stock House Pvt. Ltd,Nagarik Stock Dealer ,924,203.7,188218.8,2025-08-03T12:36:22.65878
2025-08-03,90322,2025080304009581,UPPER,Deevyaa Securities & Stock House Pvt. Ltd,Vision Securities Pvt. Ltd,34,203.7,6925.8,2025-08-03T12:36:51.151262
2025-08-03,90178,2025080304009601,UPPER,Deevyaa Securities & Stock House Pvt. Ltd,Sumeru Securities Pvt. Ltd.,40,203.7,8148.0,2025-08-03T12:37:08.205639
2025-08-03,90142,2025080304009605,UPPER,Deevyaa Securities & Stock House Pvt. Ltd,Siprabi Securities Pvt. Ltd.,100,203.7,20370.0,2025-08-03T12:37:14.062992
2025-08-03,90097,2025080304009614,UPPER,Deevyaa Securities & Stock House Pvt. Ltd,Primo Securities (PVT) Ltd.,28,203.7,5703.6,2025-08-03T12:37:18.532467
2025-08-03,89979,2025080304009624,UPPER,Deevyaa Securities & Stock House Pvt. Ltd,Agrawal Securities (PVT) Ltd.,100,203.7,20370.0,2025-08-03T12:37:31.242932
2025-08-03,89975,2025080304009625,UPPER,Deevyaa Securities & Stock House Pvt. Ltd,Vision Securities Pvt. Ltd,34,203.7,6925.8,2025-08-03T12:37:32.5891
2025-08-03,89762,2025080304009659,UPPER,Deevyaa Securities & Stock House Pvt. Ltd,Vision Securities Pvt. Ltd,34,203.7,6925.8,2025-08-03T12:37:54.880115
2025-08-03,89610,2025080304009680,UPPER,Deevyaa Securities & Stock House Pvt. Ltd,Nabil Stock Dealer Ltd.,200,203.7,40740.0,2025-08-03T12:38:10.815917
2025-08-03,89574,2025080304009684,UPPER,Deevyaa Securities & Stock House Pvt. Ltd,Imperial Securities Company Pvt. Ltd.,268,203.7,54591.6,2025-08-03T12:38:15.922473
2025-08-03,89573,2025080304009685,UPPER,Dipshikha Dhitopatra Karobar Co. Pvt Ltd.,Imperial Securities Company Pvt. Ltd.,100,203.7,20370.0,2025-08-03T12:38:15.923586
2025-08-03,89124,2025080304009742,UPPER,Oxford Securities Pvt. Ltd.,Linch Stock Market Ltd.,96,203.6,19545.6,2025-08-03T12:39:07.872631
2025-08-03,89051,2025080304009745,UPPER,Oxford Securities Pvt. Ltd.,Thrive Brokerage House Pvt. Ltd,90,203.6,18324.0,2025-08-03T12:39:14.444158
2025-08-03,88988,2025080304009753,UPPER,Oxford Securities Pvt. Ltd.,Vision Securities Pvt. Ltd,146,203.6,29725.6,2025-08-03T12:39:22.774133
2025-08-03,88730,2025080304009802,UPPER,Oxford Securities Pvt. Ltd.,Thrive Brokerage House Pvt. Ltd,10,203.6,2036.0,2025-08-03T12:39:49.640398
2025-08-03,88576,2025080304009836,UPPER,Oxford Securities Pvt. Ltd.,Creative Securities Pvt Ltd,21,203.6,4275.6,2025-08-03T12:40:08.678124
2025-08-03,88575,2025080304009837,UPPER,ABC Securities Private Limited,Creative Securities Pvt Ltd,13,203.6,2646.8,2025-08-03T12:40:08.678719
2025-08-03,88416,2025080304009866,UPPER,ABC Securities Private Limited,Deevyaa Securities & Stock House Pvt. Ltd,100,203.6,20360.0,2025-08-03T12:40:25.729575
2025-08-03,88154,2025080304009903,UPPER,ABC Securities Private Limited,Nepal Stock House (PVT) Ltd.,10,203.6,2036.0,2025-08-03T12:40:52.986081
2025-08-03,87916,2025080304009974,UPPER,Creative Securities Pvt Ltd,Imperial Securities Company Pvt. Ltd.,132,203.7,26888.4,2025-08-03T12:41:25.325095
2025-08-03,87006,2025080304010142,UPPER,Sri Hari Securities Pvt. Ltd.,Oxford Securities Pvt. Ltd.,25,203.8,5095.0,2025-08-03T12:43:06.366844
2025-08-03,86725,2025080304010175,UPPER,Opal Securities Investment (PVT) Ltd.,Dipshikha Dhitopatra Karobar Co. Pvt Ltd.,153,203.7,31166.1,2025-08-03T12:43:34.165183
2025-08-03,85725,2025080304010322,UPPER,Opal Securities Investment (PVT) Ltd.,Dipshikha Dhitopatra Karobar Co. Pvt Ltd.,200,203.7,40740.0,2025-08-03T12:45:12.704545
2025-08-03,85000,2025080304010414,UPPER,Opal Securities Investment (PVT) Ltd.,Linch Stock Market Ltd.,647,203.7,131793.9,2025-08-03T12:46:22.015143
2025-08-03,84999,2025080304010415,UPPER,Opal Securities Investment (PVT) Ltd.,Linch Stock Market Ltd.,793,203.7,161534.1,2025-08-03T12:46:22.015708
2025-08-03,84997,2025080304010416,UPPER,Dipshikha Dhitopatra Karobar Co. Pvt Ltd.,Oxford Securities Pvt. Ltd.,10,203.8,2038.0,2025-08-03T12:46:22.420445
2025-08-03,84440,2025080304010527,UPPER,Naasa Securities Co. Ltd.,Vision Securities Pvt. Ltd,12,203.8,2445.6,2025-08-03T12:47:16.282499
2025-08-03,84325,2025080304010540,UPPER,Opal Securities Investment (PVT) Ltd.,Online Securities Pvt. Ltd.,207,203.7,42165.9,2025-08-03T12:47:27.456563
2025-08-03,84324,2025080304010541,UPPER,Kohinoor Investment & Securities Pvt. Ltd.,Online Securities Pvt. Ltd.,20,203.7,4074.0,2025-08-03T12:47:27.457123
2025-08-03,84323,2025080304010542,UPPER,Opal Securities Investment (PVT) Ltd.,Online Securities Pvt. Ltd.,173,203.7,35240.1,2025-08-03T12:47:27.457446
2025-08-03,83621,2025080304010648,UPPER,Opal Securities Investment (PVT) Ltd.,Nepal Investment And Securities Trading Private Limited,500,203.7,101850.0,2025-08-03T12:48:35.123372
2025-08-03,83236,2025080304010686,UPPER,Opal Securities Investment (PVT) Ltd.,Imperial Securities Company Pvt. Ltd.,264,203.7,53776.8,2025-08-03T12:49:03.153429
2025-08-03,83101,2025080304010708,UPPER,Oxford Securities Pvt. Ltd.,Naasa Securities Co. Ltd.,30,204.0,6120.0,2025-08-03T12:49:13.800216
2025-08-03,83040,2025080304010720,UPPER,Opal Securities Investment (PVT) Ltd.,Roadshow securities limited,63,203.7,12833.1,2025-08-03T12:49:21.009675
2025-08-03,83039,2025080304010721,UPPER,Opal Securities Investment (PVT) Ltd.,Roadshow securities limited,17,203.7,3462.9,2025-08-03T12:49:21.010214
2025-08-03,82893,2025080304010754,UPPER,Opal Securities Investment (PVT) Ltd.,Kohinoor Investment & Securities Pvt. Ltd.,383,203.7,78017.1,2025-08-03T12:49:30.701
2025-08-03,82892,2025080304010755,UPPER,Dipshikha Dhitopatra Karobar Co. Pvt Ltd.,Kohinoor Investment & Securities Pvt. Ltd.,100,203.7,20370.0,2025-08-03T12:49:30.70231
2025-08-03,82891,2025080304010756,UPPER,Dipshikha Dhitopatra Karobar Co. Pvt Ltd.,Kohinoor Investment & Securities Pvt. Ltd.,17,203.7,3462.9,2025-08-03T12:49:30.703329
2025-08-03,82568,2025080304010808,UPPER,Dipshikha Dhitopatra Karobar Co. Pvt Ltd.,Dipshikha Dhitopatra Karobar Co. Pvt Ltd.,50,203.7,10185.0,2025-08-03T12:49:58.870619
2025-08-03,82477,2025080304010825,UPPER,Agrawal Securities (PVT) Ltd.,Naasa Securities Co. Ltd.,20,204.0,4080.0,2025-08-03T12:50:06.208386
2025-08-03,82465,2025080304010828,UPPER,Dipshikha Dhitopatra Karobar Co. Pvt Ltd.,K.B.L. Securities Limited ,33,203.7,6722.1,2025-08-03T12:50:07.465857
2025-08-03,82464,2025080304010829,UPPER,Dipshikha Dhitopatra Karobar Co. Pvt Ltd.,K.B.L. Securities Limited ,100,203.7,20370.0,2025-08-03T12:50:07.465953
2025-08-03,82463,2025080304010830,UPPER,Citizens Share Broker Limited,K.B.L. Securities Limited ,200,203.6,40720.0,2025-08-03T12:50:07.46598
2025-08-03,82462,2025080304010831,UPPER,Vision Securities Pvt. Ltd,K.B.L. Securities Limited ,1000,203.6,203600.0,2025-08-03T12:50:07.466004
2025-08-03,82461,2025080304010832,UPPER,Neev Securities Pvt. Ltd.,K.B.L. Securities Limited ,315,203.5,64102.5,2025-08-03T12:50:07.466028
2025-08-03,82460,2025080304010833,UPPER,Sri Hari Securities Pvt. Ltd.,K.B.L. Securities Limited ,15,203.5,3052.5,2025-08-03T12:50:07.466053
2025-08-03,82459,2025080304010834,UPPER,Sweta Securities Private Limited,K.B.L. Securities Limited ,100,203.5,20350.0,2025-08-03T12:50:07.466078
2025-08-03,82458,2025080304010835,UPPER,Thrive Brokerage House Pvt. Ltd,K.B.L. Securities Limited ,500,203.5,101750.0,2025-08-03T12:50:07.466098
2025-08-03,82457,2025080304010836,UPPER,Aryatara Investment & Securities,K.B.L. Securities Limited ,500,203.5,101750.0,2025-08-03T12:50:07.466174
2025-08-03,82456,2025080304010837,UPPER,Online Securities Pvt. Ltd.,K.B.L. Securities Limited ,100,203.5,20350.0,2025-08-03T12:50:07.4662
2025-08-03,82455,2025080304010838,UPPER,Naasa Securities Co. Ltd.,K.B.L. Securities Limited ,10,203.5,2035.0,2025-08-03T12:50:07.46622
2025-08-03,82454,2025080304010839,UPPER,Naasa Securities Co. Ltd.,K.B.L. Securities Limited ,127,203.5,25844.5,2025-08-03T12:50:07.466242
2025-08-03,81689,2025080304011002,UPPER,Imperial Securities Company Pvt. Ltd.,South Asian Bulls Pvt. Ltd.,500,203.6,101800.0,2025-08-03T12:51:10.519022
2025-08-03,81688,2025080304011003,UPPER,Naasa Securities Co. Ltd.,South Asian Bulls Pvt. Ltd.,213,203.5,43345.5,2025-08-03T12:51:10.519578
2025-08-03,81687,2025080304011004,UPPER,Creative Securities Pvt Ltd,South Asian Bulls Pvt. Ltd.,188,203.5,38258.0,2025-08-03T12:51:10.519871
2025-08-03,81525,2025080304011032,UPPER,Creative Securities Pvt Ltd,Swarna Laxmi Securities Pvt. Ltd.,312,203.5,63492.0,2025-08-03T12:51:21.359829
2025-08-03,81524,2025080304011033,UPPER,Nepal Stock House (PVT) Ltd.,Swarna Laxmi Securities Pvt. Ltd.,88,203.5,17908.0,2025-08-03T12:51:21.360362
2025-08-03,80283,2025080304011281,UPPER,Nepal Stock House (PVT) Ltd.,Kumari Securities Private Limited,300,203.5,61050.0,2025-08-03T12:53:13.378748
2025-08-03,79404,2025080304011456,UPPER,Naasa Securities Co. Ltd.,Naasa Securities Co. Ltd.,10,203.7,2037.0,2025-08-03T12:54:30.194945
2025-08-03,79241,2025080304011487,UPPER,Linch Stock Market Ltd.,Naasa Securities Co. Ltd.,62,203.7,12629.4,2025-08-03T12:54:47.162945
2025-08-03,79240,2025080304011488,UPPER,Linch Stock Market Ltd.,Oxford Securities Pvt. Ltd.,174,203.8,35461.2,2025-08-03T12:54:47.164091
2025-08-03,78943,2025080304011540,UPPER,Linch Stock Market Ltd.,Oxford Securities Pvt. Ltd.,62,203.8,12635.6,2025-08-03T12:55:17.458502
2025-08-03,78820,2025080304011561,UPPER,Opal Securities Investment (PVT) Ltd.,Online Securities Pvt. Ltd.,20,203.6,4072.0,2025-08-03T12:55:30.257617
2025-08-03,78568,2025080304011603,UPPER,Linch Stock Market Ltd.,K.B.L. Securities Limited ,300,203.8,61140.0,2025-08-03T12:55:56.70053
2025-08-03,78445,2025080304011622,UPPER,Online Securities Pvt. Ltd.,Naasa Securities Co. Ltd.,85,203.8,17323.0,2025-08-03T12:56:03.862236
2025-08-03,78337,2025080304011661,UPPER,Online Securities Pvt. Ltd.,Dakshinkali Investment & Securities Pvt. Ltd.,15,203.8,3057.0,2025-08-03T12:56:13.772682
2025-08-03,78336,2025080304011662,UPPER,Opal Securities Investment (PVT) Ltd.,Dakshinkali Investment & Securities Pvt. Ltd.,10,203.7,2037.0,2025-08-03T12:56:13.772796
2025-08-03,78335,2025080304011663,UPPER,Opal Securities Investment (PVT) Ltd.,Dakshinkali Investment & Securities Pvt. Ltd.,80,203.6,16288.0,2025-08-03T12:56:13.772873
2025-08-03,78334,2025080304011664,UPPER,Naasa Securities Co. Ltd.,Dakshinkali Investment & Securities Pvt. Ltd.,346,203.6,70445.6,2025-08-03T12:56:13.772976
2025-08-03,78333,2025080304011665,UPPER,Nepal Stock House (PVT) Ltd.,Dakshinkali Investment & Securities Pvt. Ltd.,549,203.5,111721.5,2025-08-03T12:56:13.77304
2025-08-03,78144,2025080304011698,UPPER,Creative Securities Pvt Ltd,Dynamic Money Managers Securities Pvt. Ltd.,100,203.6,20360.0,2025-08-03T12:56:32.426231
2025-08-03,78066,2025080304011714,UPPER,Linch Stock Market Ltd.,Dynamic Money Managers Securities Pvt. Ltd.,100,203.6,20360.0,2025-08-03T12:56:39.972176
2025-08-03,77043,2025080304011912,UPPER,Nepal Stock House (PVT) Ltd.,Kohinoor Investment & Securities Pvt. Ltd.,63,203.5,12820.5,2025-08-03T12:58:13.06736
2025-08-03,77042,2025080304011913,UPPER,ABC Securities Private Limited,Kohinoor Investment & Securities Pvt. Ltd.,37,203.5,7529.5,2025-08-03T12:58:13.068002
2025-08-03,76918,2025080304011921,UPPER,Nepal Stock House (PVT) Ltd.,Kohinoor Investment & Securities Pvt. Ltd.,10,203.7,2037.0,2025-08-03T12:58:22.377494
2025-08-03,76748,2025080304011955,UPPER,ABC Securities Private Limited,Dipshikha Dhitopatra Karobar Co. Pvt Ltd.,68,203.5,13838.0,2025-08-03T12:58:36.79595
2025-08-03,76591,2025080304011992,UPPER,Linch Stock Market Ltd.,Kohinoor Investment & Securities Pvt. Ltd.,290,203.7,59073.0,2025-08-03T12:58:49.145694
2025-08-03,76415,2025080304012039,UPPER,Siprabi Securities Pvt. Ltd.,Asian Securities Private Ltd.,200,203.9,40780.0,2025-08-03T12:59:07.650816
2025-08-03,75959,2025080304012147,UPPER,Online Securities Pvt. Ltd.,Asian Securities Private Ltd.,800,203.9,163120.0,2025-08-03T12:59:51.12502
2025-08-03,75958,2025080304012148,UPPER,Online Securities Pvt. Ltd.,Opal Securities Investment (PVT) Ltd.,200,204.0,40800.0,2025-08-03T12:59:51.126188
2025-08-03,75860,2025080304012162,UPPER,Siprabi Securities Pvt. Ltd.,Naasa Securities Co. Ltd.,10,203.6,2036.0,2025-08-03T13:00:00.568191
2025-08-03,75745,2025080304012175,UPPER,Siprabi Securities Pvt. Ltd.,Cristal Kanchanjanga Securites Pvt. Ltd.,140,203.6,28504.0,2025-08-03T13:00:11.68793
2025-08-03,75744,2025080304012176,UPPER,Midas Stock Broking Company Private Limited,Cristal Kanchanjanga Securites Pvt. Ltd.,350,203.6,71260.0,2025-08-03T13:00:11.688511
2025-08-03,75743,2025080304012177,UPPER,ABC Securities Private Limited,Cristal Kanchanjanga Securites Pvt. Ltd.,172,203.5,35002.0,2025-08-03T13:00:11.688813
2025-08-03,75742,2025080304012178,UPPER,Deevyaa Securities & Stock House Pvt. Ltd,Cristal Kanchanjanga Securites Pvt. Ltd.,300,203.5,61050.0,2025-08-03T13:00:11.689108
2025-08-03,75741,2025080304012179,UPPER,Kohinoor Investment & Securities Pvt. Ltd.,Cristal Kanchanjanga Securites Pvt. Ltd.,980,203.5,199430.0,2025-08-03T13:00:11.689409
2025-08-03,75740,2025080304012180,UPPER,Online Securities Pvt. Ltd.,Cristal Kanchanjanga Securites Pvt. Ltd.,500,203.5,101750.0,2025-08-03T13:00:11.689732
2025-08-03,75568,2025080304012229,UPPER,Linch Stock Market Ltd.,Cristal Kanchanjanga Securites Pvt. Ltd.,58,203.5,11803.0,2025-08-03T13:00:24.064174
2025-08-03,75133,2025080304012330,UPPER,Malla & Malla Stock Broking Company Pvt. Limited,Dipshikha Dhitopatra Karobar Co. Pvt Ltd.,45,203.6,9162.0,2025-08-03T13:01:03.545624
2025-08-03,75036,2025080304012349,UPPER,Linch Stock Market Ltd.,Dipshikha Dhitopatra Karobar Co. Pvt Ltd.,51,203.6,10383.6,2025-08-03T13:01:11.573916
2025-08-03,73110,2025080304012655,UPPER,Pragyan Securities (PVT) Ltd.,Oxford Securities Pvt. Ltd.,500,203.5,101750.0,2025-08-03T13:04:06.389072
2025-08-03,73021,2025080304012679,UPPER,Premier Securities Company Ltd.,Sagarmatha Securities Private Limited,30,203.8,6114.0,2025-08-03T13:04:15.033981
2025-08-03,72127,2025080304012821,UPPER,Oxford Securities Pvt. Ltd.,Aryatara Investment & Securities,70,203.7,14259.0,2025-08-03T13:06:08.273847
2025-08-03,71984,2025080304012842,UPPER,Kumari Securities Private Limited,Sagarmatha Securities Private Limited,10,203.8,2038.0,2025-08-03T13:06:33.361389
2025-08-03,71894,2025080304012853,UPPER,Neev Securities Pvt. Ltd.,Sagarmatha Securities Private Limited,460,203.8,93748.0,2025-08-03T13:06:46.673569
2025-08-03,71893,2025080304012854,UPPER,Neev Securities Pvt. Ltd.,Dynamic Money Managers Securities Pvt. Ltd.,40,203.8,8152.0,2025-08-03T13:06:46.674148
2025-08-03,71790,2025080304012858,UPPER,Naasa Securities Co. Ltd.,Dynamic Money Managers Securities Pvt. Ltd.,38,203.8,7744.4,2025-08-03T13:06:58.871616
2025-08-03,71488,2025080304012910,UPPER,Oxford Securities Pvt. Ltd.,Sani Securities Company Ltd.,930,203.7,189441.0,2025-08-03T13:07:36.520497
2025-08-03,71487,2025080304012911,UPPER,Nepal Stock House (PVT) Ltd.,Sani Securities Company Ltd.,70,203.7,14259.0,2025-08-03T13:07:36.931287
2025-08-03,71486,2025080304012912,UPPER,Nepal Stock House (PVT) Ltd.,Dynamic Money Managers Securities Pvt. Ltd.,30,203.8,6114.0,2025-08-03T13:07:36.932592
2025-08-03,71244,2025080304012958,UPPER,Dipshikha Dhitopatra Karobar Co. Pvt Ltd.,Dynamic Money Managers Securities Pvt. Ltd.,142,203.8,28939.6,2025-08-03T13:08:17.607038
2025-08-03,71243,2025080304012959,UPPER,Dipshikha Dhitopatra Karobar Co. Pvt Ltd.,Aryatara Investment & Securities,358,203.8,72960.4,2025-08-03T13:08:17.607669
2025-08-03,71231,2025080304012964,UPPER,Kohinoor Investment & Securities Pvt. Ltd.,Aryatara Investment & Securities,42,203.8,8559.6,2025-08-03T13:08:19.288887
2025-08-03,71230,2025080304012965,UPPER,Kohinoor Investment & Securities Pvt. Ltd.,Imperial Securities Company Pvt. Ltd.,58,203.9,11826.2,2025-08-03T13:08:19.290195
2025-08-03,71164,2025080304012978,UPPER,Premier Securities Company Ltd.,Neev Securities Pvt. Ltd.,72,203.6,14659.2,2025-08-03T13:08:33.26368
2025-08-03,71143,2025080304012982,UPPER,Premier Securities Company Ltd.,Dakshinkali Investment & Securities Pvt. Ltd.,128,203.6,26060.8,2025-08-03T13:08:37.10023
2025-08-03,71142,2025080304012983,UPPER,Vision Securities Pvt. Ltd,Dakshinkali Investment & Securities Pvt. Ltd.,100,203.5,20350.0,2025-08-03T13:08:37.101593
2025-08-03,71141,2025080304012984,UPPER,Investment Management Nepal Pvt. Ltd.,Dakshinkali Investment & Securities Pvt. Ltd.,12,203.5,2442.0,2025-08-03T13:08:37.102677
2025-08-03,70268,2025080304013184,UPPER,Online Securities Pvt. Ltd.,K.B.L. Securities Limited ,80,203.8,16304.0,2025-08-03T13:10:50.692637
2025-08-03,70181,2025080304013212,UPPER,Kohinoor Investment & Securities Pvt. Ltd.,Imperial Securities Company Pvt. Ltd.,142,203.9,28953.8,2025-08-03T13:11:03.665187
2025-08-03,70180,2025080304013213,UPPER,Kohinoor Investment & Securities Pvt. Ltd.,Dynamic Money Managers Securities Pvt. Ltd.,58,203.9,11826.2,2025-08-03T13:11:03.665872
2025-08-03,70124,2025080304013219,UPPER,Online Securities Pvt. Ltd.,Cristal Kanchanjanga Securites Pvt. Ltd.,920,203.8,187496.0,2025-08-03T13:11:11.930135
2025-08-03,70123,2025080304013220,UPPER,Naasa Securities Co. Ltd.,Cristal Kanchanjanga Securites Pvt. Ltd.,2000,203.8,407600.0,2025-08-03T13:11:11.930777
2025-08-03,69818,2025080304013291,UPPER,Investment Management Nepal Pvt. Ltd.,Cristal Kanchanjanga Securites Pvt. Ltd.,180,203.5,36630.0,2025-08-03T13:11:52.354478
2025-08-03,69626,2025080304013315,UPPER,Linch Stock Market Ltd.,Dynamic Money Managers Securities Pvt. Ltd.,17,203.9,3466.3,2025-08-03T13:12:18.58838
2025-08-03,69495,2025080304013325,UPPER,Sewa Securities Pvt. Ltd.,Opal Securities Investment (PVT) Ltd.,150,204.0,30600.0,2025-08-03T13:12:31.549607
2025-08-03,69494,2025080304013326,UPPER,Sewa Securities Pvt. Ltd.,Online Securities Pvt. Ltd.,100,204.0,20400.0,2025-08-03T13:12:31.550918
2025-08-03,69493,2025080304013327,UPPER,Sewa Securities Pvt. Ltd.,Kumari Securities Private Limited,750,204.0,153000.0,2025-08-03T13:12:31.551972
2025-08-03,69471,2025080304013329,UPPER,Linch Stock Market Ltd.,Dipshikha Dhitopatra Karobar Co. Pvt Ltd.,83,203.9,16923.7,2025-08-03T13:12:33.945565
2025-08-03,69279,2025080304013350,UPPER,Naasa Securities Co. Ltd.,Dipshikha Dhitopatra Karobar Co. Pvt Ltd.,10,203.9,2039.0,2025-08-03T13:12:56.442387
2025-08-03,69183,2025080304013364,UPPER,Premier Securities Company Ltd.,J.F. Securites (PVT) Ltd.,40,203.9,8156.0,2025-08-03T13:13:07.994293
2025-08-03,69182,2025080304013365,UPPER,Premier Securities Company Ltd.,Kumari Securities Private Limited,250,204.0,51000.0,2025-08-03T13:13:07.994928
2025-08-03,69181,2025080304013366,UPPER,Premier Securities Company Ltd.,Dipshikha Dhitopatra Karobar Co. Pvt Ltd.,500,204.0,102000.0,2025-08-03T13:13:07.995433
2025-08-03,69180,2025080304013367,UPPER,Premier Securities Company Ltd.,Kohinoor Investment & Securities Pvt. Ltd.,210,204.0,42840.0,2025-08-03T13:13:07.995862
2025-08-03,68983,2025080304013411,UPPER,Investment Management Nepal Pvt. Ltd.,Vision Securities Pvt. Ltd,24,203.5,4884.0,2025-08-03T13:13:35.234855
2025-08-03,68962,2025080304013417,UPPER,Investment Management Nepal Pvt. Ltd.,Sweta Securities Private Limited,59,203.5,12006.5,2025-08-03T13:13:39.226965
2025-08-03,68961,2025080304013418,UPPER,Online Securities Pvt. Ltd.,Sweta Securities Private Limited,100,203.5,20350.0,2025-08-03T13:13:39.228268
2025-08-03,68960,2025080304013419,UPPER,Naasa Securities Co. Ltd.,Sweta Securities Private Limited,500,203.5,101750.0,2025-08-03T13:13:39.229623
2025-08-03,68959,2025080304013420,UPPER,Trisul Securities & Invt. Ltd.,Sweta Securities Private Limited,11,203.4,2237.4,2025-08-03T13:13:39.230913
2025-08-03,68102,2025080304013536,UPPER,Linch Stock Market Ltd.,Trishakti Securities Public Limited,50,203.9,10195.0,2025-08-03T13:15:24.107001
2025-08-03,67656,2025080304013600,UPPER,Naasa Securities Co. Ltd.,Asian Securities Private Ltd.,10,203.8,2038.0,2025-08-03T13:16:22.066497
2025-08-03,67603,2025080304013608,UPPER,Siprabi Securities Pvt. Ltd.,Asian Securities Private Ltd.,500,203.8,101900.0,2025-08-03T13:16:25.465404
2025-08-03,67052,2025080304013728,UPPER,Linch Stock Market Ltd.,Sani Securities Company Ltd.,100,203.5,20350.0,2025-08-03T13:17:28.680381
2025-08-03,67051,2025080304013729,UPPER,Sundhara Securities Limited,Sani Securities Company Ltd.,20,203.5,4070.0,2025-08-03T13:17:28.681944
2025-08-03,66950,2025080304013738,UPPER,Sundhara Securities Limited,Kohinoor Investment & Securities Pvt. Ltd.,64,203.5,13024.0,2025-08-03T13:17:39.976551
2025-08-03,66790,2025080304013781,UPPER,Sundhara Securities Limited,Dipshikha Dhitopatra Karobar Co. Pvt Ltd.,50,203.5,10175.0,2025-08-03T13:18:02.17036
2025-08-03,66485,2025080304013843,UPPER,Sundhara Securities Limited,Cristal Kanchanjanga Securites Pvt. Ltd.,586,203.5,119251.0,2025-08-03T13:18:49.835151
2025-08-03,66484,2025080304013844,UPPER,Oxford Securities Pvt. Ltd.,Cristal Kanchanjanga Securites Pvt. Ltd.,14,203.5,2849.0,2025-08-03T13:18:49.836525
2025-08-03,66196,2025080304013890,UPPER,Oxford Securities Pvt. Ltd.,ABC Securities Private Limited,248,203.5,50468.0,2025-08-03T13:19:30.440749
2025-08-03,66195,2025080304013891,UPPER,Aryatara Investment & Securities,ABC Securities Private Limited,452,203.5,91982.0,2025-08-03T13:19:30.441475
2025-08-03,65803,2025080304013954,UPPER,Aryatara Investment & Securities,Imperial Securities Company Pvt. Ltd.,48,203.5,9768.0,2025-08-03T13:20:13.169487
2025-08-03,65802,2025080304013955,UPPER,Online Securities Pvt. Ltd.,Imperial Securities Company Pvt. Ltd.,32,203.5,6512.0,2025-08-03T13:20:13.170167
2025-08-03,65546,2025080304014011,UPPER,Online Securities Pvt. Ltd.,Primo Securities (PVT) Ltd.,20,203.5,4070.0,2025-08-03T13:20:43.724011
2025-08-03,65320,2025080304014072,UPPER,Online Securities Pvt. Ltd.,Capital Max Securities Ltd,85,203.5,17297.5,2025-08-03T13:21:06.470588
2025-08-03,65319,2025080304014073,UPPER,Trisul Securities & Invt. Ltd.,Capital Max Securities Ltd,1489,203.4,302862.6,2025-08-03T13:21:06.47136
2025-08-03,65318,2025080304014074,UPPER,Siprabi Securities Pvt. Ltd.,Capital Max Securities Ltd,245,203.4,49833.0,2025-08-03T13:21:06.471833
2025-08-03,65317,2025080304014075,UPPER,Naasa Securities Co. Ltd.,Capital Max Securities Ltd,18,203.4,3661.2,2025-08-03T13:21:06.472304
2025-08-03,65316,2025080304014076,UPPER,Nepal Investment And Securities Trading Private Limited,Capital Max Securities Ltd,478,203.3,97177.4,2025-08-03T13:21:06.472708
2025-08-03,65315,2025080304014077,UPPER,Sewa Securities Pvt. Ltd.,Capital Max Securities Ltd,200,203.3,40660.0,2025-08-03T13:21:06.473087
2025-08-03,65314,2025080304014078,UPPER,Cristal Kanchanjanga Securites Pvt. Ltd.,Capital Max Securities Ltd,385,203.3,78270.5,2025-08-03T13:21:06.473469
2025-08-03,65159,2025080304014103,UPPER,Creative Securities Pvt Ltd,Naasa Securities Co. Ltd.,100,203.5,20350.0,2025-08-03T13:21:20.651621
2025-08-03,65158,2025080304014104,UPPER,Cristal Kanchanjanga Securites Pvt. Ltd.,Naasa Securities Co. Ltd.,115,203.3,23379.5,2025-08-03T13:21:20.651728
2025-08-03,65157,2025080304014105,UPPER,Beni Securities Pvt.Ltd.,Naasa Securities Co. Ltd.,125,203.3,25412.5,2025-08-03T13:21:20.651757
2025-08-03,65156,2025080304014106,UPPER,Trishakti Securities Public Limited,Naasa Securities Co. Ltd.,50,203.3,10165.0,2025-08-03T13:21:20.6518
2025-08-03,65155,2025080304014107,UPPER,Sri Hari Securities Pvt. Ltd.,Naasa Securities Co. Ltd.,110,203.2,22352.0,2025-08-03T13:21:20.65184
2025-08-03,65140,2025080304014110,UPPER,Sri Hari Securities Pvt. Ltd.,Midas Stock Broking Company Private Limited,100,203.2,20320.0,2025-08-03T13:21:21.812676
2025-08-03,64863,2025080304014156,UPPER,Sri Hari Securities Pvt. Ltd.,Thrive Brokerage House Pvt. Ltd,50,203.2,10160.0,2025-08-03T13:21:46.863503
2025-08-03,64862,2025080304014157,UPPER,Vision Securities Pvt. Ltd,Thrive Brokerage House Pvt. Ltd,50,203.2,10160.0,2025-08-03T13:21:46.864254
2025-08-03,64458,2025080304014235,UPPER,Vision Securities Pvt. Ltd,Malla & Malla Stock Broking Company Pvt. Limited,50,203.2,10160.0,2025-08-03T13:22:31.469052
2025-08-03,64457,2025080304014236,UPPER,Global IME Securities Limited,Malla & Malla Stock Broking Company Pvt. Limited,30,203.2,6096.0,2025-08-03T13:22:31.469704
2025-08-03,64455,2025080304014237,UPPER,Sani Securities Company Ltd.,Malla & Malla Stock Broking Company Pvt. Limited,110,203.2,22352.0,2025-08-03T13:22:31.470069
2025-08-03,64454,2025080304014238,UPPER,Online Securities Pvt. Ltd.,Malla & Malla Stock Broking Company Pvt. Limited,100,203.2,20320.0,2025-08-03T13:22:31.470425
2025-08-03,64453,2025080304014239,UPPER,Siprabi Securities Pvt. Ltd.,Malla & Malla Stock Broking Company Pvt. Limited,310,203.2,62992.0,2025-08-03T13:22:31.470857
2025-08-03,64407,2025080304014247,UPPER,Siprabi Securities Pvt. Ltd.,ABC Securities Private Limited,200,203.2,40640.0,2025-08-03T13:22:37.16201
2025-08-03,64406,2025080304014248,UPPER,Naasa Securities Co. Ltd.,ABC Securities Private Limited,130,203.2,26416.0,2025-08-03T13:22:37.163556
2025-08-03,64405,2025080304014249,UPPER,Creative Securities Pvt Ltd,ABC Securities Private Limited,100,203.2,20320.0,2025-08-03T13:22:37.164886
2025-08-03,64373,2025080304014257,UPPER,Sri Hari Securities Pvt. Ltd.,ABC Securities Private Limited,370,203.2,75184.0,2025-08-03T13:22:40.536008
2025-08-03,64233,2025080304014274,UPPER,Secured Securities Ltd.,Sundhara Securities Limited,103,203.7,20981.1,2025-08-03T13:22:55.188836
2025-08-03,63947,2025080304014327,UPPER,Imperial Securities Company Pvt. Ltd.,Sundhara Securities Limited,27,203.7,5499.9,2025-08-03T13:23:28.483553
2025-08-03,63946,2025080304014328,UPPER,Imperial Securities Company Pvt. Ltd.,Asian Securities Private Ltd.,73,203.7,14870.1,2025-08-03T13:23:28.484249
2025-08-03,63934,2025080304014333,UPPER,Sagarmatha Securities Private Limited,Opal Securities Investment (PVT) Ltd.,14,203.2,2844.8,2025-08-03T13:23:29.60329
2025-08-03,63933,2025080304014334,UPPER,Sri Hari Securities Pvt. Ltd.,Opal Securities Investment (PVT) Ltd.,32,203.2,6502.4,2025-08-03T13:23:29.605156
2025-08-03,63811,2025080304014360,UPPER,Agrawal Securities (PVT) Ltd.,Sumeru Securities Pvt. Ltd.,500,203.3,101650.0,2025-08-03T13:23:44.199922
2025-08-03,63810,2025080304014361,UPPER,Sri Hari Securities Pvt. Ltd.,Sumeru Securities Pvt. Ltd.,468,203.2,95097.6,2025-08-03T13:23:44.200528
2025-08-03,63809,2025080304014362,UPPER,Dynamic Money Managers Securities Pvt. Ltd.,Sumeru Securities Pvt. Ltd.,500,203.2,101600.0,2025-08-03T13:23:44.200925
2025-08-03,63808,2025080304014363,UPPER,Swarna Laxmi Securities Pvt. Ltd.,Sumeru Securities Pvt. Ltd.,118,203.1,23965.8,2025-08-03T13:23:44.201335
2025-08-03,63807,2025080304014364,UPPER,Vision Securities Pvt. Ltd,Sumeru Securities Pvt. Ltd.,14,203.1,2843.4,2025-08-03T13:23:44.201845
2025-08-03,63546,2025080304014421,UPPER,Naasa Securities Co. Ltd.,Aryatara Investment & Securities,500,203.2,101600.0,2025-08-03T13:24:11.943525
2025-08-03,63445,2025080304014432,UPPER,Vision Securities Pvt. Ltd,Online Securities Pvt. Ltd.,86,203.1,17466.6,2025-08-03T13:24:22.706079
2025-08-03,63444,2025080304014433,UPPER,Trishakti Securities Public Limited,Online Securities Pvt. Ltd.,993,203.1,201678.3,2025-08-03T13:24:22.706804
2025-08-03,62913,2025080304014531,UPPER,Vision Securities Pvt. Ltd,Sumeru Securities Pvt. Ltd.,200,203.1,40620.0,2025-08-03T13:25:16.171844
2025-08-03,62912,2025080304014532,UPPER,Secured Securities Ltd.,Sumeru Securities Pvt. Ltd.,120,203.1,24372.0,2025-08-03T13:25:16.172542
2025-08-03,62911,2025080304014533,UPPER,Imperial Securities Company Pvt. Ltd.,Sumeru Securities Pvt. Ltd.,170,203.1,34527.0,2025-08-03T13:25:16.172948
2025-08-03,62910,2025080304014534,UPPER,Dipshikha Dhitopatra Karobar Co. Pvt Ltd.,Sumeru Securities Pvt. Ltd.,100,203.1,20310.0,2025-08-03T13:25:16.173325
2025-08-03,62909,2025080304014535,UPPER,Naasa Securities Co. Ltd.,Sumeru Securities Pvt. Ltd.,100,203.1,20310.0,2025-08-03T13:25:16.173713
2025-08-03,62908,2025080304014536,UPPER,Kumari Securities Private Limited,Sumeru Securities Pvt. Ltd.,20,203.1,4062.0,2025-08-03T13:25:16.174098
2025-08-03,62907,2025080304014537,UPPER,Citizens Share Broker Limited,Sumeru Securities Pvt. Ltd.,200,203.1,40620.0,2025-08-03T13:25:16.174475
2025-08-03,62906,2025080304014538,UPPER,Sewa Securities Pvt. Ltd.,Sumeru Securities Pvt. Ltd.,150,203.1,30465.0,2025-08-03T13:25:16.17484
2025-08-03,62905,2025080304014539,UPPER,Sweta Securities Private Limited,Sumeru Securities Pvt. Ltd.,495,203.0,100485.0,2025-08-03T13:25:16.175214
2025-08-03,62904,2025080304014540,UPPER,Dipshikha Dhitopatra Karobar Co. Pvt Ltd.,Sumeru Securities Pvt. Ltd.,25,203.0,5075.0,2025-08-03T13:25:16.175597
2025-08-03,62903,2025080304014541,UPPER,Sundhara Securities Limited,Sumeru Securities Pvt. Ltd.,35,203.0,7105.0,2025-08-03T13:25:16.175962
2025-08-03,62902,2025080304014542,UPPER,Naasa Securities Co. Ltd.,Sumeru Securities Pvt. Ltd.,393,203.0,79779.0,2025-08-03T13:25:16.176328
2025-08-03,62621,2025080304014569,UPPER,Creative Securities Pvt Ltd,Elite Stock House Limited,80,203.2,16256.0,2025-08-03T13:25:48.510815
2025-08-03,62411,2025080304014599,UPPER,Sani Securities Company Ltd.,Asian Securities Private Ltd.,828,203.7,168663.6,2025-08-03T13:26:11.414891
2025-08-03,62410,2025080304014600,UPPER,Sani Securities Company Ltd.,Dynamic Money Managers Securities Pvt. Ltd.,300,203.7,61110.0,2025-08-03T13:26:11.416461
2025-08-03,62409,2025080304014601,UPPER,Sani Securities Company Ltd.,Imperial Securities Company Pvt. Ltd.,200,203.7,40740.0,2025-08-03T13:26:11.416977
2025-08-03,62408,2025080304014602,UPPER,Sani Securities Company Ltd.,Sunrise Securities Limited,150,203.7,30555.0,2025-08-03T13:26:11.417388
2025-08-03,62407,2025080304014603,UPPER,Sani Securities Company Ltd.,Kumari Securities Private Limited,972,203.7,197996.4,2025-08-03T13:26:11.41783
2025-08-03,62172,2025080304014659,UPPER,Sewa Securities Pvt. Ltd.,Kohinoor Investment & Securities Pvt. Ltd.,10,203.3,2033.0,2025-08-03T13:26:37.553461
2025-08-03,61564,2025080304014749,UPPER,Naasa Securities Co. Ltd.,Naasa Securities Co. Ltd.,20,203.2,4064.0,2025-08-03T13:27:45.128951
2025-08-03,61405,2025080304014771,UPPER,Nepal Stock House (PVT) Ltd.,Naasa Securities Co. Ltd.,60,203.2,12192.0,2025-08-03T13:28:01.715377
2025-08-03,61387,2025080304014772,UPPER,Nepal Stock House (PVT) Ltd.,Kohinoor Investment & Securities Pvt. Ltd.,40,203.2,8128.0,2025-08-03T13:28:03.527767
2025-08-03,61386,2025080304014773,UPPER,Agrawal Securities (PVT) Ltd.,Kohinoor Investment & Securities Pvt. Ltd.,450,203.1,91395.0,2025-08-03T13:28:03.528655
2025-08-03,61368,2025080304014778,UPPER,Premier Securities Company Ltd.,Primo Securities (PVT) Ltd.,100,203.3,20330.0,2025-08-03T13:28:04.616848
2025-08-03,61283,2025080304014791,UPPER,Agrawal Securities (PVT) Ltd.,Imperial Securities Company Pvt. Ltd.,50,203.1,10155.0,2025-08-03T13:28:15.783549
2025-08-03,61282,2025080304014792,UPPER,Nepal Stock House (PVT) Ltd.,Imperial Securities Company Pvt. Ltd.,30,203.1,6093.0,2025-08-03T13:28:15.784395
2025-08-03,61281,2025080304014793,UPPER,Dipshikha Dhitopatra Karobar Co. Pvt Ltd.,Imperial Securities Company Pvt. Ltd.,200,203.1,40620.0,2025-08-03T13:28:15.785091
2025-08-03,61280,2025080304014794,UPPER,Creative Securities Pvt Ltd,Imperial Securities Company Pvt. Ltd.,220,203.1,44682.0,2025-08-03T13:28:15.785686
2025-08-03,61149,2025080304014815,UPPER,Creative Securities Pvt Ltd,Premier Securities Company Ltd.,700,203.1,142170.0,2025-08-03T13:28:28.770648
2025-08-03,61148,2025080304014816,UPPER,Kumari Securities Private Limited,Premier Securities Company Ltd.,300,203.1,60930.0,2025-08-03T13:28:28.771333
2025-08-03,60337,2025080304014975,UPPER,Kumari Securities Private Limited,Kohinoor Investment & Securities Pvt. Ltd.,100,203.1,20310.0,2025-08-03T13:30:05.638545
2025-08-03,60042,2025080304015033,UPPER,Asian Securities Private Ltd.,Aryatara Investment & Securities,20,203.5,4070.0,2025-08-03T13:30:49.737202
2025-08-03,60041,2025080304015034,UPPER,Asian Securities Private Ltd.,Sweta Securities Private Limited,480,203.6,97728.0,2025-08-03T13:30:49.738698
2025-08-03,59368,2025080304015194,UPPER,Dipshikha Dhitopatra Karobar Co. Pvt Ltd.,Sweta Securities Private Limited,12,203.6,2443.2,2025-08-03T13:32:04.945596
2025-08-03,58900,2025080304015291,UPPER,Online Securities Pvt. Ltd.,Trishakti Securities Public Limited,55,203.6,11198.0,2025-08-03T13:32:59.890871
2025-08-03,58809,2025080304015296,UPPER,Online Securities Pvt. Ltd.,Trishakti Securities Public Limited,300,203.6,61080.0,2025-08-03T13:33:08.986935
2025-08-03,58566,2025080304015341,UPPER,Naasa Securities Co. Ltd.,Investment Management Nepal Pvt. Ltd.,10,203.3,2033.0,2025-08-03T13:33:34.921592
2025-08-03,58464,2025080304015358,UPPER,Online Securities Pvt. Ltd.,Aryatara Investment & Securities,18,203.4,3661.2,2025-08-03T13:33:45.560515
2025-08-03,58463,2025080304015359,UPPER,Naasa Securities Co. Ltd.,Aryatara Investment & Securities,40,203.3,8132.0,2025-08-03T13:33:45.561248
2025-08-03,58225,2025080304015418,UPPER,Sewa Securities Pvt. Ltd.,Online Securities Pvt. Ltd.,100,203.2,20320.0,2025-08-03T13:34:09.111554
2025-08-03,58029,2025080304015453,UPPER,Kumari Securities Private Limited,Sri Hari Securities Pvt. Ltd.,600,203.1,121860.0,2025-08-03T13:34:35.683872
2025-08-03,58028,2025080304015454,UPPER,Sri Hari Securities Pvt. Ltd.,Sri Hari Securities Pvt. Ltd.,300,203.1,60930.0,2025-08-03T13:34:35.68457
2025-08-03,58027,2025080304015455,UPPER,Nepal Investment And Securities Trading Private Limited,Sri Hari Securities Pvt. Ltd.,50,203.1,10155.0,2025-08-03T13:34:35.685064
2025-08-03,58026,2025080304015456,UPPER,Sri Hari Securities Pvt. Ltd.,Sri Hari Securities Pvt. Ltd.,250,203.1,50775.0,2025-08-03T13:34:35.685507
2025-08-03,57901,2025080304015486,UPPER,Sri Hari Securities Pvt. Ltd.,Primo Securities (PVT) Ltd.,750,203.1,152325.0,2025-08-03T13:34:49.561574
2025-08-03,57900,2025080304015487,UPPER,Agrawal Securities (PVT) Ltd.,Primo Securities (PVT) Ltd.,500,203.1,101550.0,2025-08-03T13:34:49.563048
2025-08-03,57898,2025080304015488,UPPER,Naasa Securities Co. Ltd.,Primo Securities (PVT) Ltd.,607,203.0,123221.0,2025-08-03T13:34:49.564575
2025-08-03,57897,2025080304015489,UPPER,Midas Stock Broking Company Private Limited,Primo Securities (PVT) Ltd.,143,203.0,29029.0,2025-08-03T13:34:49.566131
2025-08-03,57757,2025080304015507,UPPER,Shree Krishna Securities Ltd.,Blue Chip Securities Ltd,33,203.1,6702.3,2025-08-03T13:35:05.738588
2025-08-03,57740,2025080304015515,UPPER,Neev Securities Pvt. Ltd.,Blue Chip Securities Ltd,100,203.1,20310.0,2025-08-03T13:35:08.951285
2025-08-03,57573,2025080304015552,UPPER,Asian Securities Private Ltd.,Blue Chip Securities Ltd,300,203.1,60930.0,2025-08-03T13:35:28.318676
2025-08-03,57541,2025080304015555,UPPER,Nepal Stock House (PVT) Ltd.,Blue Chip Securities Ltd,500,203.1,101550.0,2025-08-03T13:35:31.324401
2025-08-03,57414,2025080304015580,UPPER,Midas Stock Broking Company Private Limited,Oxford Securities Pvt. Ltd.,34,203.0,6902.0,2025-08-03T13:35:43.198888
2025-08-03,57353,2025080304015590,UPPER,Midas Stock Broking Company Private Limited,Naasa Securities Co. Ltd.,45,203.0,9135.0,2025-08-03T13:35:49.367667
2025-08-03,57352,2025080304015591,UPPER,Trisul Securities & Invt. Ltd.,Naasa Securities Co. Ltd.,655,203.0,132965.0,2025-08-03T13:35:49.368389
2025-08-03,56832,2025080304015691,UPPER,Trisul Securities & Invt. Ltd.,Online Securities Pvt. Ltd.,200,203.0,40600.0,2025-08-03T13:36:42.712386
2025-08-03,56822,2025080304015692,UPPER,Arun Securities (PVT) Ltd.,Blue Chip Securities Ltd,40,203.1,8124.0,2025-08-03T13:36:44.867442
2025-08-03,56521,2025080304015749,UPPER,Trisul Securities & Invt. Ltd.,Kohinoor Investment & Securities Pvt. Ltd.,145,203.0,29435.0,2025-08-03T13:37:20.475346
2025-08-03,56520,2025080304015750,UPPER,Kumari Securities Private Limited,Kohinoor Investment & Securities Pvt. Ltd.,50,203.0,10150.0,2025-08-03T13:37:20.47679
2025-08-03,56519,2025080304015751,UPPER,Shree Krishna Securities Ltd.,Kohinoor Investment & Securities Pvt. Ltd.,95,203.0,19285.0,2025-08-03T13:37:20.477923
2025-08-03,56425,2025080304015771,UPPER,Shree Krishna Securities Ltd.,Vision Securities Pvt. Ltd,68,203.0,13804.0,2025-08-03T13:37:32.043362
2025-08-03,56406,2025080304015772,UPPER,Kumari Securities Private Limited,Online Securities Pvt. Ltd.,7,203.6,1425.2,2025-08-03T13:37:34.403061
2025-08-03,56345,2025080304015784,UPPER,Shree Krishna Securities Ltd.,Sani Securities Company Ltd.,837,203.0,169911.0,2025-08-03T13:37:41.88882
2025-08-03,56344,2025080304015785,UPPER,Dynamic Money Managers Securities Pvt. Ltd.,Sani Securities Company Ltd.,50,203.0,10150.0,2025-08-03T13:37:41.889521
2025-08-03,56343,2025080304015786,UPPER,South Asian Bulls Pvt. Ltd.,Sani Securities Company Ltd.,113,203.0,22939.0,2025-08-03T13:37:41.88991
2025-08-03,56217,2025080304015802,UPPER,South Asian Bulls Pvt. Ltd.,Naasa Securities Co. Ltd.,269,203.0,54607.0,2025-08-03T13:37:54.775209
2025-08-03,55902,2025080304015879,UPPER,Dipshikha Dhitopatra Karobar Co. Pvt Ltd.,Blue Chip Securities Ltd,27,203.1,5483.7,2025-08-03T13:38:25.519803
2025-08-03,55573,2025080304015931,UPPER,Dipshikha Dhitopatra Karobar Co. Pvt Ltd.,Agrawal Securities (PVT) Ltd.,100,203.1,20310.0,2025-08-03T13:39:03.234117
2025-08-03,55319,2025080304015978,UPPER,Asian Securities Private Ltd.,Online Securities Pvt. Ltd.,80,203.2,16256.0,2025-08-03T13:39:31.50536
2025-08-03,55318,2025080304015979,UPPER,Asian Securities Private Ltd.,Naasa Securities Co. Ltd.,80,203.2,16256.0,2025-08-03T13:39:31.505994
