Date,S.N.,contract_id,symbol,buyer_broker,seller_broker,volume,price,amount,transaction_time
2025-08-13,67536,2025081304000531,NHPC,Naasa Securities Co. Ltd.,Dipshikha Dhitopatra Karobar Co. Pvt Ltd.,383,211.0,80813.0,2025-08-13 11:13:37.711220
2025-08-13,67190,2025081304000663,NHPC,Kohinoor Investment & Securities Pvt. Ltd.,Opal Securities Investment (PVT) Ltd.,800,211.1,168880.0,2025-08-13 11:15:20.941630
2025-08-13,67189,2025081304000664,NHPC,Naasa Securities Co. Ltd.,Opal Securities Investment (PVT) Ltd.,87,211.0,18357.0,2025-08-13 11:15:20.941750
2025-08-13,67188,2025081304000665,NHPC,Vision Securities Pvt. Ltd,Opal Securities Investment (PVT) Ltd.,613,211.0,129343.0,2025-08-13 11:15:20.941795
2025-08-13,66707,2025081304000765,NHPC,Kohinoor Investment & Securities Pvt. Ltd.,Linch Stock Market Ltd.,11,213.9,2352.9,2025-08-13 11:17:30.568361
2025-08-13,65881,2025081304000977,NHPC,Kumari Securities Private Limited,Sweta Securities Private Limited,250,212.0,53000.0,2025-08-13 11:20:56.237391
2025-08-13,65555,2025081304001080,NHPC,Kohinoor Investment & Securities Pvt. Ltd.,Linch Stock Market Ltd.,11,213.9,2352.9,2025-08-13 11:22:04.904146
2025-08-13,65526,2025081304001097,NHPC,Sani Securities Company Ltd.,Sri Hari Securities Pvt. Ltd.,629,213.0,133977.0,2025-08-13 11:22:13.868407
2025-08-13,65230,2025081304001154,NHPC,Sani Securities Company Ltd.,Dipshikha Dhitopatra Karobar Co. Pvt Ltd.,124,213.0,26412.0,2025-08-13 11:23:03.345584
2025-08-13,65023,2025081304001215,NHPC,Asian Securities Private Ltd.,Linch Stock Market Ltd.,50,213.9,10695.0,2025-08-13 11:23:48.779742
2025-08-13,64917,2025081304001235,NHPC,Sani Securities Company Ltd.,Imperial Securities Company Pvt. Ltd.,10,213.0,2130.0,2025-08-13 11:24:14.597384
2025-08-13,64837,2025081304001255,NHPC,Asian Securities Private Ltd.,Linch Stock Market Ltd.,28,213.9,5989.2,2025-08-13 11:24:47.018387
2025-08-13,64836,2025081304001256,NHPC,Asian Securities Private Ltd.,Bhrikuti Stock Broking Co. Pvt. Ltd.,350,214.0,74900.0,2025-08-13 11:24:47.018430
2025-08-13,64835,2025081304001257,NHPC,Asian Securities Private Ltd.,Online Securities Pvt. Ltd.,254,214.0,54356.0,2025-08-13 11:24:47.018452
2025-08-13,64834,2025081304001258,NHPC,Asian Securities Private Ltd.,Sundhara Securities Limited,168,214.5,36036.0,2025-08-13 11:24:47.018475
2025-08-13,63768,2025081304001487,NHPC,Asian Securities Private Ltd.,Malla & Malla Stock Broking Company Pvt. Limited,100,213.1,21310.0,2025-08-13 11:29:04.562878
2025-08-13,63767,2025081304001488,NHPC,Sani Securities Company Ltd.,Malla & Malla Stock Broking Company Pvt. Limited,237,213.0,50481.0,2025-08-13 11:29:04.563008
2025-08-13,63766,2025081304001489,NHPC,Kumari Securities Private Limited,Malla & Malla Stock Broking Company Pvt. Limited,250,212.0,53000.0,2025-08-13 11:29:04.563071
2025-08-13,63765,2025081304001490,NHPC,Agrawal Securities (PVT) Ltd.,Malla & Malla Stock Broking Company Pvt. Limited,400,211.9,84760.0,2025-08-13 11:29:04.563116
2025-08-13,63764,2025081304001491,NHPC,Vision Securities Pvt. Ltd,Malla & Malla Stock Broking Company Pvt. Limited,513,211.0,108243.0,2025-08-13 11:29:04.563161
2025-08-13,62470,2025081304001850,NHPC,Agrawal Securities (PVT) Ltd.,Vision Securities Pvt. Ltd,5,208.0,1040.0,2025-08-13 11:33:17.249576
2025-08-13,62371,2025081304001877,NHPC,Agrawal Securities (PVT) Ltd.,Pragyan Securities (PVT) Ltd.,1,207.0,207.0,2025-08-13 11:33:35.439778
2025-08-13,61424,2025081304002102,NHPC,Asian Securities Private Ltd.,Dipshikha Dhitopatra Karobar Co. Pvt Ltd.,100,211.1,21110.0,2025-08-13 11:37:16.203090
2025-08-13,61423,2025081304002103,NHPC,Vision Securities Pvt. Ltd,Dipshikha Dhitopatra Karobar Co. Pvt Ltd.,615,211.0,129765.0,2025-08-13 11:37:16.203175
2025-08-13,61271,2025081304002137,NHPC,Vision Securities Pvt. Ltd,Creative Securities Pvt Ltd,11,211.0,2321.0,2025-08-13 11:37:58.933592
2025-08-13,59508,2025081304002616,NHPC,Kohinoor Investment & Securities Pvt. Ltd.,Primo Securities (PVT) Ltd.,11,213.0,2343.0,2025-08-13 11:44:32.168333
2025-08-13,59042,2025081304002754,NHPC,J.F. Securites (PVT) Ltd.,Primo Securities (PVT) Ltd.,200,213.0,42600.0,2025-08-13 11:46:19.312838
2025-08-13,58505,2025081304002869,NHPC,J.F. Securites (PVT) Ltd.,Primo Securities (PVT) Ltd.,39,213.0,8307.0,2025-08-13 11:48:33.916512
2025-08-13,58504,2025081304002870,NHPC,J.F. Securites (PVT) Ltd.,Premier Securities Company Ltd.,111,213.9,23742.9,2025-08-13 11:48:33.916707
2025-08-13,58392,2025081304002905,NHPC,J.F. Securites (PVT) Ltd.,Premier Securities Company Ltd.,100,213.9,21390.0,2025-08-13 11:49:12.128970
2025-08-13,58291,2025081304002945,NHPC,J.F. Securites (PVT) Ltd.,Premier Securities Company Ltd.,200,213.9,42780.0,2025-08-13 11:49:40.369936
2025-08-13,57519,2025081304003141,NHPC,J.F. Securites (PVT) Ltd.,Linch Stock Market Ltd.,150,213.0,31950.0,2025-08-13 11:52:53.287625
2025-08-13,57280,2025081304003193,NHPC,Secured Securities Ltd.,Linch Stock Market Ltd.,12,213.0,2556.0,2025-08-13 11:54:00.222804
2025-08-13,57232,2025081304003212,NHPC,Asian Securities Private Ltd.,Nepal Stock House (PVT) Ltd.,100,211.8,21180.0,2025-08-13 11:54:15.058152
2025-08-13,57231,2025081304003213,NHPC,Capital Max Securities Ltd,Nepal Stock House (PVT) Ltd.,690,211.8,146142.0,2025-08-13 11:54:15.058308
2025-08-13,56926,2025081304003300,NHPC,J.F. Securites (PVT) Ltd.,Vision Securities Pvt. Ltd,50,211.6,10580.0,2025-08-13 11:55:26.177622
2025-08-13,56903,2025081304003303,NHPC,Online Securities Pvt. Ltd.,Nepal Stock House (PVT) Ltd.,200,211.8,42360.0,2025-08-13 11:55:31.329054
2025-08-13,56729,2025081304003337,NHPC,Investment Management Nepal Pvt. Ltd.,Nepal Stock House (PVT) Ltd.,194,211.7,41069.8,2025-08-13 11:56:07.895002
2025-08-13,56438,2025081304003404,NHPC,Secured Securities Ltd.,Linch Stock Market Ltd.,338,213.0,71994.0,2025-08-13 11:57:24.418350
2025-08-13,56437,2025081304003405,NHPC,Secured Securities Ltd.,Sweta Securities Private Limited,107,213.0,22791.0,2025-08-13 11:57:24.418633
2025-08-13,56373,2025081304003411,NHPC,Secured Securities Ltd.,Agrawal Securities (PVT) Ltd.,200,213.5,42700.0,2025-08-13 11:57:37.617171
2025-08-13,56333,2025081304003420,NHPC,Secured Securities Ltd.,Agrawal Securities (PVT) Ltd.,55,213.5,11742.5,2025-08-13 11:57:47.602509
2025-08-13,56139,2025081304003445,NHPC,Secured Securities Ltd.,Agrawal Securities (PVT) Ltd.,95,213.5,20282.5,2025-08-13 11:58:36.090883
2025-08-13,54679,2025081304003732,NHPC,Siprabi Securities Pvt. Ltd.,Hatemalo Financial Services Private Limited,200,213.1,42620.0,2025-08-13 12:04:13.847828
2025-08-13,54168,2025081304003851,NHPC,Kohinoor Investment & Securities Pvt. Ltd.,Hatemalo Financial Services Private Limited,11,213.4,2347.4,2025-08-13 12:06:14.851998
2025-08-13,52690,2025081304004188,NHPC,Aakashbhairab Securities Ltd.,Aryatara Investment & Securities,50,213.3,10665.0,2025-08-13 12:12:37.283947
2025-08-13,52213,2025081304004291,NHPC,Creative Securities Pvt Ltd,Dipshikha Dhitopatra Karobar Co. Pvt Ltd.,20,213.0,4260.0,2025-08-13 12:14:16.079211
2025-08-13,52104,2025081304004320,NHPC,Siprabi Securities Pvt. Ltd.,Trisul Securities & Invt. Ltd.,130,212.1,27573.0,2025-08-13 12:14:46.132458
2025-08-13,51268,2025081304004552,NHPC,Shree Krishna Securities Ltd.,Sumeru Securities Pvt. Ltd.,500,212.7,106350.0,2025-08-13 12:18:41.373303
2025-08-13,51267,2025081304004553,NHPC,Shree Krishna Securities Ltd.,Dipshikha Dhitopatra Karobar Co. Pvt Ltd.,502,213.0,106926.0,2025-08-13 12:18:41.373510
2025-08-13,50013,2025081304004826,NHPC,Premier Securities Company Ltd.,Secured Securities Ltd.,10,212.3,2123.0,2025-08-13 12:24:10.921566
2025-08-13,49781,2025081304004883,NHPC,Trishakti Securities Public Limited,Sani Securities Company Ltd.,10,212.2,2122.0,2025-08-13 12:25:16.162516
2025-08-13,49595,2025081304004916,NHPC,Malla & Malla Stock Broking Company Pvt. Limited,Secured Securities Ltd.,50,212.3,10615.0,2025-08-13 12:25:48.958252
2025-08-13,49518,2025081304004933,NHPC,Sani Securities Company Ltd.,Secured Securities Ltd.,200,212.3,42460.0,2025-08-13 12:26:06.577523
2025-08-13,49416,2025081304004951,NHPC,Trishakti Securities Public Limited,Hatemalo Financial Services Private Limited,50,212.2,10610.0,2025-08-13 12:26:42.294178
2025-08-13,49415,2025081304004952,NHPC,Siprabi Securities Pvt. Ltd.,Hatemalo Financial Services Private Limited,103,212.1,21846.3,2025-08-13 12:26:42.294391
2025-08-13,49414,2025081304004953,NHPC,Secured Securities Ltd.,Hatemalo Financial Services Private Limited,36,212.0,7632.0,2025-08-13 12:26:42.294460
2025-08-13,49066,2025081304005050,NHPC,Dynamic Money Managers Securities Pvt. Ltd.,Secured Securities Ltd.,40,212.3,8492.0,2025-08-13 12:28:30.108774
2025-08-13,49065,2025081304005051,NHPC,Dynamic Money Managers Securities Pvt. Ltd.,Dipshikha Dhitopatra Karobar Co. Pvt Ltd.,578,213.0,123114.0,2025-08-13 12:28:30.108995
2025-08-13,48723,2025081304005120,NHPC,Dynamic Money Managers Securities Pvt. Ltd.,Dipshikha Dhitopatra Karobar Co. Pvt Ltd.,382,213.0,81366.0,2025-08-13 12:30:01.031769
2025-08-13,47790,2025081304005323,NHPC,Hatemalo Financial Services Private Limited,Dipshikha Dhitopatra Karobar Co. Pvt Ltd.,100,213.0,21300.0,2025-08-13 12:33:51.350759
2025-08-13,47360,2025081304005440,NHPC,Secured Securities Ltd.,Aryatara Investment & Securities,164,212.0,34768.0,2025-08-13 12:35:48.978030
2025-08-13,47359,2025081304005441,NHPC,Capital Max Securities Ltd,Aryatara Investment & Securities,36,212.0,7632.0,2025-08-13 12:35:48.978200
2025-08-13,47227,2025081304005476,NHPC,Capital Max Securities Ltd,Midas Stock Broking Company Private Limited,100,212.0,21200.0,2025-08-13 12:36:25.625110
2025-08-13,45961,2025081304005693,NHPC,Capital Max Securities Ltd,Secured Securities Ltd.,100,212.0,21200.0,2025-08-13 12:41:19.963556
2025-08-13,45867,2025081304005720,NHPC,J.F. Securites (PVT) Ltd.,Dipshikha Dhitopatra Karobar Co. Pvt Ltd.,618,213.0,131634.0,2025-08-13 12:41:35.204856
2025-08-13,44957,2025081304005881,NHPC,Malla & Malla Stock Broking Company Pvt. Limited,Agrawal Securities (PVT) Ltd.,50,213.5,10675.0,2025-08-13 12:45:02.170444
2025-08-13,44956,2025081304005882,NHPC,Malla & Malla Stock Broking Company Pvt. Limited,INDEX SECURITIES LIMITED,25,213.5,5337.5,2025-08-13 12:45:02.170516
2025-08-13,44955,2025081304005883,NHPC,Malla & Malla Stock Broking Company Pvt. Limited,Premier Securities Company Ltd.,175,213.9,37432.5,2025-08-13 12:45:02.170547
2025-08-13,44011,2025081304006070,NHPC,Agrawal Securities (PVT) Ltd.,Dipshikha Dhitopatra Karobar Co. Pvt Ltd.,5,212.0,1060.0,2025-08-13 12:48:47.263331
2025-08-13,43978,2025081304006082,NHPC,Agrawal Securities (PVT) Ltd.,Linch Stock Market Ltd.,8,213.0,1704.0,2025-08-13 12:48:55.318578
2025-08-13,41650,2025081304006595,NHPC,Sri Hari Securities Pvt. Ltd.,Premier Securities Company Ltd.,20,213.9,4278.0,2025-08-13 12:57:36.789603
2025-08-13,41300,2025081304006654,NHPC,South Asian Bulls Pvt. Ltd.,Premier Securities Company Ltd.,10,213.9,2139.0,2025-08-13 12:59:23.772817
2025-08-13,39940,2025081304006930,NHPC,Oxford Securities Pvt. Ltd.,Imperial Securities Company Pvt. Ltd.,40,213.0,8520.0,2025-08-13 13:03:50.767860
2025-08-13,39939,2025081304006931,NHPC,Kumari Securities Private Limited,Imperial Securities Company Pvt. Ltd.,200,213.0,42600.0,2025-08-13 13:03:50.768430
2025-08-13,39938,2025081304006932,NHPC,Vision Securities Pvt. Ltd,Imperial Securities Company Pvt. Ltd.,200,213.0,42600.0,2025-08-13 13:03:50.768841
2025-08-13,39937,2025081304006933,NHPC,Sipla Securities Private Limited,Imperial Securities Company Pvt. Ltd.,760,213.0,161880.0,2025-08-13 13:03:50.769371
2025-08-13,39928,2025081304006939,NHPC,Sipla Securities Private Limited,Malla & Malla Stock Broking Company Pvt. Limited,240,213.0,51120.0,2025-08-13 13:03:52.703364
2025-08-13,39927,2025081304006940,NHPC,Imperial Securities Company Pvt. Ltd.,Malla & Malla Stock Broking Company Pvt. Limited,900,213.0,191700.0,2025-08-13 13:03:52.703572
2025-08-13,38703,2025081304007338,NHPC,Capital Max Securities Ltd,Malla & Malla Stock Broking Company Pvt. Limited,44,212.0,9328.0,2025-08-13 13:07:41.473201
2025-08-13,38702,2025081304007339,NHPC,Sri Hari Securities Pvt. Ltd.,Malla & Malla Stock Broking Company Pvt. Limited,20,212.0,4240.0,2025-08-13 13:07:41.473439
2025-08-13,38701,2025081304007340,NHPC,Secured Securities Ltd.,Malla & Malla Stock Broking Company Pvt. Limited,200,212.0,42400.0,2025-08-13 13:07:41.473517
2025-08-13,38700,2025081304007341,NHPC,Oxford Securities Pvt. Ltd.,Malla & Malla Stock Broking Company Pvt. Limited,40,212.0,8480.0,2025-08-13 13:07:41.473591
2025-08-13,38699,2025081304007342,NHPC,Vision Securities Pvt. Ltd,Malla & Malla Stock Broking Company Pvt. Limited,56,212.0,11872.0,2025-08-13 13:07:41.473666
2025-08-13,38537,2025081304007398,NHPC,Naasa Securities Co. Ltd.,Premier Securities Company Ltd.,551,212.1,116867.1,2025-08-13 13:08:17.783158
2025-08-13,38536,2025081304007399,NHPC,Vision Securities Pvt. Ltd,Premier Securities Company Ltd.,449,212.0,95188.0,2025-08-13 13:08:17.783367
2025-08-13,37096,2025081304007775,NHPC,Vision Securities Pvt. Ltd,Oxford Securities Pvt. Ltd.,110,212.0,23320.0,2025-08-13 13:14:28.062983
2025-08-13,36227,2025081304007952,NHPC,Vision Securities Pvt. Ltd,Bhrikuti Stock Broking Co. Pvt. Ltd.,1385,212.0,293620.0,2025-08-13 13:18:38.974587
2025-08-13,36226,2025081304007953,NHPC,Thrive Brokerage House Pvt. Ltd,Bhrikuti Stock Broking Co. Pvt. Ltd.,50,212.0,10600.0,2025-08-13 13:18:38.974677
2025-08-13,36225,2025081304007954,NHPC,Oxford Securities Pvt. Ltd.,Bhrikuti Stock Broking Co. Pvt. Ltd.,322,212.0,68264.0,2025-08-13 13:18:38.974705
2025-08-13,36224,2025081304007955,NHPC,Vision Securities Pvt. Ltd,Bhrikuti Stock Broking Co. Pvt. Ltd.,10,212.0,2120.0,2025-08-13 13:18:38.974746
2025-08-13,36223,2025081304007956,NHPC,Secured Securities Ltd.,Bhrikuti Stock Broking Co. Pvt. Ltd.,200,212.0,42400.0,2025-08-13 13:18:38.974772
2025-08-13,36222,2025081304007957,NHPC,J.F. Securites (PVT) Ltd.,Bhrikuti Stock Broking Co. Pvt. Ltd.,932,211.8,197397.6,2025-08-13 13:18:38.974802
2025-08-13,36221,2025081304007958,NHPC,Investment Management Nepal Pvt. Ltd.,Bhrikuti Stock Broking Co. Pvt. Ltd.,906,211.7,191800.2,2025-08-13 13:18:38.974826
2025-08-13,36220,2025081304007959,NHPC,Dipshikha Dhitopatra Karobar Co. Pvt Ltd.,Bhrikuti Stock Broking Co. Pvt. Ltd.,1000,211.7,211700.0,2025-08-13 13:18:38.974849
2025-08-13,36219,2025081304007960,NHPC,Sani Securities Company Ltd.,Bhrikuti Stock Broking Co. Pvt. Ltd.,195,211.5,41242.5,2025-08-13 13:18:38.974875
2025-08-13,34227,2025081304008319,NHPC,Secured Securities Ltd.,Agrawal Securities (PVT) Ltd.,120,211.7,25404.0,2025-08-13 13:28:18.381412
2025-08-13,33586,2025081304008495,NHPC,Secured Securities Ltd.,Midas Stock Broking Company Private Limited,14,211.7,2963.8,2025-08-13 13:31:24.387429
2025-08-13,33106,2025081304008584,NHPC,Secured Securities Ltd.,Kumari Securities Private Limited,66,211.7,13972.2,2025-08-13 13:34:14.211603
2025-08-13,33105,2025081304008585,NHPC,Sani Securities Company Ltd.,Kumari Securities Private Limited,934,211.6,197634.4,2025-08-13 13:34:14.211811
2025-08-13,31791,2025081304008822,NHPC,Secured Securities Ltd.,Dipshikha Dhitopatra Karobar Co. Pvt Ltd.,18,212.5,3825.0,2025-08-13 13:41:23.748368
2025-08-13,31712,2025081304008834,NHPC,Secured Securities Ltd.,Dipshikha Dhitopatra Karobar Co. Pvt Ltd.,60,212.5,12750.0,2025-08-13 13:41:44.192614
2025-08-13,31276,2025081304008912,NHPC,Asian Securities Private Ltd.,Secured Securities Ltd.,100,211.7,21170.0,2025-08-13 13:43:57.636253
2025-08-13,30006,2025081304009155,NHPC,Trademow Securities Private Limited,Dipshikha Dhitopatra Karobar Co. Pvt Ltd.,300,212.0,63600.0,2025-08-13 13:50:20.541381
2025-08-13,29847,2025081304009181,NHPC,Linch Stock Market Ltd.,Dipshikha Dhitopatra Karobar Co. Pvt Ltd.,100,212.5,21250.0,2025-08-13 13:51:02.109451
2025-08-13,29783,2025081304009191,NHPC,Trademow Securities Private Limited,Dipshikha Dhitopatra Karobar Co. Pvt Ltd.,122,212.5,25925.0,2025-08-13 13:51:20.763448
2025-08-13,29276,2025081304009286,NHPC,Trademow Securities Private Limited,Naasa Securities Co. Ltd.,178,213.0,37914.0,2025-08-13 13:53:04.133716
2025-08-13,27478,2025081304009678,NHPC,Sweta Securities Private Limited,Hatemalo Financial Services Private Limited,100,212.0,21200.0,2025-08-13 14:00:13.340372
2025-08-13,26506,2025081304009898,NHPC,Sweta Securities Private Limited,ABC Securities Private Limited,200,212.0,42400.0,2025-08-13 14:04:01.428871
2025-08-13,26505,2025081304009899,NHPC,Imperial Securities Company Pvt. Ltd.,ABC Securities Private Limited,500,211.8,105900.0,2025-08-13 14:04:01.429075
2025-08-13,25306,2025081304010168,NHPC,Asian Securities Private Ltd.,Neev Securities Pvt. Ltd.,400,211.7,84680.0,2025-08-13 14:07:13.681169
2025-08-13,25305,2025081304010169,NHPC,Oxford Securities Pvt. Ltd.,Neev Securities Pvt. Ltd.,40,211.6,8464.0,2025-08-13 14:07:13.681612
2025-08-13,25304,2025081304010170,NHPC,Opal Securities Investment (PVT) Ltd.,Neev Securities Pvt. Ltd.,250,211.5,52875.0,2025-08-13 14:07:13.681882
2025-08-13,25303,2025081304010171,NHPC,Linch Stock Market Ltd.,Neev Securities Pvt. Ltd.,400,211.5,84600.0,2025-08-13 14:07:13.682133
2025-08-13,25302,2025081304010172,NHPC,Agrawal Securities (PVT) Ltd.,Neev Securities Pvt. Ltd.,130,211.5,27495.0,2025-08-13 14:07:13.682399
2025-08-13,25301,2025081304010173,NHPC,Sweta Securities Private Limited,Neev Securities Pvt. Ltd.,150,211.5,31725.0,2025-08-13 14:07:13.682644
2025-08-13,25300,2025081304010174,NHPC,Online Securities Pvt. Ltd.,Neev Securities Pvt. Ltd.,485,211.5,102577.5,2025-08-13 14:07:13.682786
2025-08-13,25299,2025081304010175,NHPC,Trisul Securities & Invt. Ltd.,Neev Securities Pvt. Ltd.,5000,211.3,1056500.0,2025-08-13 14:07:13.682873
2025-08-13,25298,2025081304010176,NHPC,Trisul Securities & Invt. Ltd.,Neev Securities Pvt. Ltd.,1145,211.3,241938.5,2025-08-13 14:07:13.682959
2025-08-13,25215,2025081304010190,NHPC,Trisul Securities & Invt. Ltd.,Neev Securities Pvt. Ltd.,405,211.3,85576.5,2025-08-13 14:07:27.736068
2025-08-13,25214,2025081304010191,NHPC,Sweta Securities Private Limited,Neev Securities Pvt. Ltd.,200,211.2,42240.0,2025-08-13 14:07:27.736489
2025-08-13,25213,2025081304010192,NHPC,Naasa Securities Co. Ltd.,Neev Securities Pvt. Ltd.,50,211.1,10555.0,2025-08-13 14:07:27.736736
2025-08-13,25212,2025081304010193,NHPC,Vision Securities Pvt. Ltd,Neev Securities Pvt. Ltd.,548,211.0,115628.0,2025-08-13 14:07:27.737006
2025-08-13,25211,2025081304010194,NHPC,Kohinoor Investment & Securities Pvt. Ltd.,Neev Securities Pvt. Ltd.,20,211.0,4220.0,2025-08-13 14:07:27.737281
2025-08-13,25210,2025081304010195,NHPC,Vision Securities Pvt. Ltd,Neev Securities Pvt. Ltd.,350,211.0,73850.0,2025-08-13 14:07:27.737540
2025-08-13,25209,2025081304010196,NHPC,Trisul Securities & Invt. Ltd.,Neev Securities Pvt. Ltd.,155,211.0,32705.0,2025-08-13 14:07:27.737799
2025-08-13,25208,2025081304010197,NHPC,Kumari Securities Private Limited,Neev Securities Pvt. Ltd.,500,211.0,105500.0,2025-08-13 14:07:27.738063
2025-08-13,25207,2025081304010198,NHPC,Naasa Securities Co. Ltd.,Neev Securities Pvt. Ltd.,566,211.0,119426.0,2025-08-13 14:07:27.738351
2025-08-13,25206,2025081304010199,NHPC,Imperial Securities Company Pvt. Ltd.,Neev Securities Pvt. Ltd.,1000,211.0,211000.0,2025-08-13 14:07:27.738651
2025-08-13,25205,2025081304010200,NHPC,Vision Securities Pvt. Ltd,Neev Securities Pvt. Ltd.,250,211.0,52750.0,2025-08-13 14:07:27.738933
2025-08-13,25204,2025081304010201,NHPC,Investment Management Nepal Pvt. Ltd.,Neev Securities Pvt. Ltd.,500,211.0,105500.0,2025-08-13 14:07:27.739246
2025-08-13,25203,2025081304010202,NHPC,Midas Stock Broking Company Private Limited,Neev Securities Pvt. Ltd.,500,211.0,105500.0,2025-08-13 14:07:27.739581
2025-08-13,25202,2025081304010203,NHPC,Naasa Securities Co. Ltd.,Neev Securities Pvt. Ltd.,50,211.0,10550.0,2025-08-13 14:07:27.739821
2025-08-13,25201,2025081304010204,NHPC,Dakshinkali Investment & Securities Pvt. Ltd.,Neev Securities Pvt. Ltd.,906,211.0,191166.0,2025-08-13 14:07:27.740056
2025-08-13,24524,2025081304010257,NHPC,Secured Securities Ltd.,Sumeru Securities Pvt. Ltd.,150,212.9,31935.0,2025-08-13 14:08:31.028210
2025-08-13,24413,2025081304010276,NHPC,Secured Securities Ltd.,Siprabi Securities Pvt. Ltd.,25,212.9,5322.5,2025-08-13 14:08:52.003697
2025-08-13,22783,2025081304010657,NHPC,Trisul Securities & Invt. Ltd.,Cristal Kanchanjanga Securites Pvt. Ltd.,450,211.1,94995.0,2025-08-13 14:13:52.626873
2025-08-13,20543,2025081304011198,NHPC,Imperial Securities Company Pvt. Ltd.,Agrawal Securities (PVT) Ltd.,50,211.3,10565.0,2025-08-13 14:20:05.213920
2025-08-13,19247,2025081304011437,NHPC,Imperial Securities Company Pvt. Ltd.,Naasa Securities Co. Ltd.,160,211.3,33808.0,2025-08-13 14:24:15.848911
2025-08-13,18714,2025081304011585,NHPC,Imperial Securities Company Pvt. Ltd.,Agrawal Securities (PVT) Ltd.,80,211.3,16904.0,2025-08-13 14:26:15.365906
2025-08-13,18446,2025081304011650,NHPC,Aryatara Investment & Securities,Agrawal Securities (PVT) Ltd.,120,211.3,25356.0,2025-08-13 14:27:14.955141
2025-08-13,18325,2025081304011674,NHPC,Aryatara Investment & Securities,Market Securities & Exchange (PVT) Ltd.,100,211.3,21130.0,2025-08-13 14:27:36.808235
2025-08-13,17971,2025081304011736,NHPC,Aryatara Investment & Securities,Dipshikha Dhitopatra Karobar Co. Pvt Ltd.,280,211.3,59164.0,2025-08-13 14:28:33.208514
2025-08-13,17970,2025081304011737,NHPC,Linch Stock Market Ltd.,Dipshikha Dhitopatra Karobar Co. Pvt Ltd.,700,211.2,147840.0,2025-08-13 14:28:33.208752
2025-08-13,17969,2025081304011738,NHPC,Oxford Securities Pvt. Ltd.,Dipshikha Dhitopatra Karobar Co. Pvt Ltd.,200,211.2,42240.0,2025-08-13 14:28:33.208843
2025-08-13,17968,2025081304011739,NHPC,Trisul Securities & Invt. Ltd.,Dipshikha Dhitopatra Karobar Co. Pvt Ltd.,320,211.1,67552.0,2025-08-13 14:28:33.208930
2025-08-13,17717,2025081304011804,NHPC,Nepal Stock House (PVT) Ltd.,Sanima Securities Limited,500,212.0,106000.0,2025-08-13 14:29:16.877735
2025-08-13,17716,2025081304011805,NHPC,Nepal Stock House (PVT) Ltd.,Dipshikha Dhitopatra Karobar Co. Pvt Ltd.,500,212.0,106000.0,2025-08-13 14:29:16.878168
2025-08-13,16756,2025081304012009,NHPC,Kohinoor Investment & Securities Pvt. Ltd.,Dynamic Money Managers Securities Pvt. Ltd.,50,212.0,10600.0,2025-08-13 14:32:28.447391
2025-08-13,16559,2025081304012058,NHPC,Kohinoor Investment & Securities Pvt. Ltd.,Imperial Securities Company Pvt. Ltd.,475,211.2,100320.0,2025-08-13 14:33:06.940237
2025-08-13,16558,2025081304012059,NHPC,Trisul Securities & Invt. Ltd.,Imperial Securities Company Pvt. Ltd.,1575,211.1,332482.5,2025-08-13 14:33:06.940520
2025-08-13,15025,2025081304012393,NHPC,Linch Stock Market Ltd.,Thrive Brokerage House Pvt. Ltd,100,211.2,21120.0,2025-08-13 14:37:03.355680
2025-08-13,14477,2025081304012462,NHPC,Secured Securities Ltd.,Naasa Securities Co. Ltd.,236,211.3,49866.8,2025-08-13 14:38:11.324224
2025-08-13,14476,2025081304012463,NHPC,Sri Hari Securities Pvt. Ltd.,Naasa Securities Co. Ltd.,103,211.3,21763.9,2025-08-13 14:38:11.324456
2025-08-13,14475,2025081304012464,NHPC,Linch Stock Market Ltd.,Naasa Securities Co. Ltd.,500,211.2,105600.0,2025-08-13 14:38:11.324583
2025-08-13,14474,2025081304012465,NHPC,Trisul Securities & Invt. Ltd.,Naasa Securities Co. Ltd.,1152,211.1,243187.2,2025-08-13 14:38:11.324688
2025-08-13,14301,2025081304012508,NHPC,Trishakti Securities Public Limited,Dynamic Money Managers Securities Pvt. Ltd.,50,212.0,10600.0,2025-08-13 14:38:37.470134
2025-08-13,14300,2025081304012509,NHPC,Trishakti Securities Public Limited,Vision Securities Pvt. Ltd,100,212.0,21200.0,2025-08-13 14:38:37.470406
2025-08-13,14040,2025081304012548,NHPC,Trishakti Securities Public Limited,Vision Securities Pvt. Ltd,50,212.0,10600.0,2025-08-13 14:39:08.879023
2025-08-13,14039,2025081304012549,NHPC,Secured Securities Ltd.,Vision Securities Pvt. Ltd,100,211.1,21110.0,2025-08-13 14:39:08.879487
2025-08-13,14038,2025081304012550,NHPC,Sani Securities Company Ltd.,Vision Securities Pvt. Ltd,500,211.1,105550.0,2025-08-13 14:39:08.879764
2025-08-13,14037,2025081304012551,NHPC,Dakshinkali Investment & Securities Pvt. Ltd.,Vision Securities Pvt. Ltd,94,211.0,19834.0,2025-08-13 14:39:08.880037
2025-08-13,14036,2025081304012552,NHPC,Naasa Securities Co. Ltd.,Vision Securities Pvt. Ltd,500,211.0,105500.0,2025-08-13 14:39:08.880296
2025-08-13,14035,2025081304012553,NHPC,Sweta Securities Private Limited,Vision Securities Pvt. Ltd,50,211.0,10550.0,2025-08-13 14:39:08.880573
2025-08-13,14034,2025081304012554,NHPC,Sani Securities Company Ltd.,Vision Securities Pvt. Ltd,200,211.0,42200.0,2025-08-13 14:39:08.880832
2025-08-13,14033,2025081304012555,NHPC,Imperial Securities Company Pvt. Ltd.,Vision Securities Pvt. Ltd,500,211.0,105500.0,2025-08-13 14:39:08.881095
2025-08-13,13593,2025081304012643,NHPC,Online Securities Pvt. Ltd.,Deevyaa Securities & Stock House Pvt. Ltd,50,211.0,10550.0,2025-08-13 14:40:10.958525
2025-08-13,13592,2025081304012644,NHPC,Trishakti Securities Public Limited,Deevyaa Securities & Stock House Pvt. Ltd,10,211.0,2110.0,2025-08-13 14:40:10.958757
2025-08-13,13591,2025081304012645,NHPC,Naasa Securities Co. Ltd.,Deevyaa Securities & Stock House Pvt. Ltd,100,211.0,21100.0,2025-08-13 14:40:10.958846
2025-08-13,13590,2025081304012646,NHPC,Imperial Securities Company Pvt. Ltd.,Deevyaa Securities & Stock House Pvt. Ltd,20,211.0,4220.0,2025-08-13 14:40:10.958933
2025-08-13,13589,2025081304012647,NHPC,Kohinoor Investment & Securities Pvt. Ltd.,Deevyaa Securities & Stock House Pvt. Ltd,50,211.0,10550.0,2025-08-13 14:40:10.959034
2025-08-13,13588,2025081304012648,NHPC,Blue Chip Securities Ltd,Deevyaa Securities & Stock House Pvt. Ltd,300,210.6,63180.0,2025-08-13 14:40:10.959127
2025-08-13,13587,2025081304012649,NHPC,Kohinoor Investment & Securities Pvt. Ltd.,Deevyaa Securities & Stock House Pvt. Ltd,1000,210.6,210600.0,2025-08-13 14:40:10.959212
2025-08-13,13586,2025081304012650,NHPC,Elite Stock House Limited,Deevyaa Securities & Stock House Pvt. Ltd,300,210.5,63150.0,2025-08-13 14:40:10.959301
2025-08-13,13585,2025081304012651,NHPC,Investment Management Nepal Pvt. Ltd.,Deevyaa Securities & Stock House Pvt. Ltd,1100,210.5,231550.0,2025-08-13 14:40:10.959398
2025-08-13,13584,2025081304012652,NHPC,Oxford Securities Pvt. Ltd.,Deevyaa Securities & Stock House Pvt. Ltd,70,210.5,14735.0,2025-08-13 14:40:10.959481
2025-08-13,10820,2025081304013401,NHPC,Creative Securities Pvt Ltd,Sri Hari Securities Pvt. Ltd.,10,211.0,2110.0,2025-08-13 14:45:17.165362
2025-08-13,10819,2025081304013402,NHPC,Trisul Securities & Invt. Ltd.,Sri Hari Securities Pvt. Ltd.,125,211.0,26375.0,2025-08-13 14:45:17.165594
2025-08-13,10718,2025081304013464,NHPC,Trisul Securities & Invt. Ltd.,Blue Chip Securities Ltd,575,211.0,121325.0,2025-08-13 14:45:25.042360
2025-08-13,10717,2025081304013465,NHPC,Miyo Securities Pvt Ltd,Blue Chip Securities Ltd,1300,210.6,273780.0,2025-08-13 14:45:25.042787
2025-08-13,10716,2025081304013466,NHPC,Oxford Securities Pvt. Ltd.,Blue Chip Securities Ltd,30,210.5,6315.0,2025-08-13 14:45:25.043061
2025-08-13,10715,2025081304013467,NHPC,Trisul Securities & Invt. Ltd.,Blue Chip Securities Ltd,1800,210.5,378900.0,2025-08-13 14:45:25.043352
2025-08-13,10714,2025081304013468,NHPC,Trisul Securities & Invt. Ltd.,Blue Chip Securities Ltd,1000,210.5,210500.0,2025-08-13 14:45:25.043609
2025-08-13,10713,2025081304013469,NHPC,Nepal Investment And Securities Trading Private Limited,Blue Chip Securities Ltd,100,210.5,21050.0,2025-08-13 14:45:25.043854
2025-08-13,10712,2025081304013470,NHPC,Sweta Securities Private Limited,Blue Chip Securities Ltd,300,210.2,63060.0,2025-08-13 14:45:25.044118
2025-08-13,10711,2025081304013471,NHPC,Capital Max Securities Ltd,Blue Chip Securities Ltd,54,210.1,11345.4,2025-08-13 14:45:25.044396
2025-08-13,10710,2025081304013472,NHPC,Asian Securities Private Ltd.,Blue Chip Securities Ltd,400,210.1,84040.0,2025-08-13 14:45:25.044648
2025-08-13,10709,2025081304013473,NHPC,Premier Securities Company Ltd.,Blue Chip Securities Ltd,1000,210.1,210100.0,2025-08-13 14:45:25.044897
2025-08-13,10708,2025081304013474,NHPC,Vision Securities Pvt. Ltd,Blue Chip Securities Ltd,1000,210.0,210000.0,2025-08-13 14:45:25.045213
2025-08-13,10707,2025081304013475,NHPC,Vision Securities Pvt. Ltd,Blue Chip Securities Ltd,300,210.0,63000.0,2025-08-13 14:45:25.045504
2025-08-13,10706,2025081304013476,NHPC,Kohinoor Investment & Securities Pvt. Ltd.,Blue Chip Securities Ltd,141,210.0,29610.0,2025-08-13 14:45:25.045762
2025-08-13,10587,2025081304013521,NHPC,Kohinoor Investment & Securities Pvt. Ltd.,APPLE SECURITIES PRIVATE LIMITED,359,210.0,75390.0,2025-08-13 14:45:36.927747
2025-08-13,10586,2025081304013522,NHPC,Sundhara Securities Limited,APPLE SECURITIES PRIVATE LIMITED,60,210.0,12600.0,2025-08-13 14:45:36.927803
2025-08-13,10585,2025081304013523,NHPC,ABC Securities Private Limited,APPLE SECURITIES PRIVATE LIMITED,81,210.0,17010.0,2025-08-13 14:45:36.927831
2025-08-13,10174,2025081304013629,NHPC,SUN SECURITIES PVT LTD,Dipshikha Dhitopatra Karobar Co. Pvt Ltd.,50,211.0,10550.0,2025-08-13 14:46:10.693226
2025-08-13,9178,2025081304013929,NHPC,Agrawal Securities (PVT) Ltd.,Naasa Securities Co. Ltd.,2,210.0,420.0,2025-08-13 14:48:04.731259
2025-08-13,8284,2025081304014105,NHPC,Trishakti Securities Public Limited,Dipshikha Dhitopatra Karobar Co. Pvt Ltd.,50,211.0,10550.0,2025-08-13 14:49:16.737766
2025-08-13,7946,2025081304014189,NHPC,Infinity Securities Limited,J.F. Securites (PVT) Ltd.,50,210.6,10530.0,2025-08-13 14:49:50.607457
2025-08-13,7945,2025081304014190,NHPC,Online Securities Pvt. Ltd.,J.F. Securites (PVT) Ltd.,250,210.5,52625.0,2025-08-13 14:49:50.607896
2025-08-13,7944,2025081304014191,NHPC,Kohinoor Investment & Securities Pvt. Ltd.,J.F. Securites (PVT) Ltd.,100,210.5,21050.0,2025-08-13 14:49:50.608168
2025-08-13,7938,2025081304014197,NHPC,Kohinoor Investment & Securities Pvt. Ltd.,Sri Hari Securities Pvt. Ltd.,42,210.5,8841.0,2025-08-13 14:49:51.229916
2025-08-13,7937,2025081304014198,NHPC,Aryatara Investment & Securities,Sri Hari Securities Pvt. Ltd.,758,210.5,159559.0,2025-08-13 14:49:51.230140
2025-08-13,7775,2025081304014229,NHPC,Aryatara Investment & Securities,J.F. Securites (PVT) Ltd.,250,210.5,52625.0,2025-08-13 14:50:10.740540
2025-08-13,7248,2025081304014332,NHPC,Kohinoor Investment & Securities Pvt. Ltd.,Dipshikha Dhitopatra Karobar Co. Pvt Ltd.,11,211.0,2321.0,2025-08-13 14:51:06.398325
2025-08-13,6896,2025081304014439,NHPC,Aryatara Investment & Securities,Sani Securities Company Ltd.,200,210.3,42060.0,2025-08-13 14:51:37.389087
2025-08-13,6584,2025081304014498,NHPC,Aryatara Investment & Securities,Dipshikha Dhitopatra Karobar Co. Pvt Ltd.,792,210.3,166557.6,2025-08-13 14:52:13.721417
2025-08-13,6081,2025081304014604,NHPC,Online Securities Pvt. Ltd.,Dipshikha Dhitopatra Karobar Co. Pvt Ltd.,97,210.3,20399.1,2025-08-13 14:53:02.050573
2025-08-13,5939,2025081304014629,NHPC,Dynamic Money Managers Securities Pvt. Ltd.,ABC Securities Private Limited,10,211.0,2110.0,2025-08-13 14:53:15.190622
2025-08-13,5360,2025081304014760,NHPC,Bhrikuti Stock Broking Co. Pvt. Ltd.,ABC Securities Private Limited,10,211.0,2110.0,2025-08-13 14:54:17.820402
2025-08-13,4840,2025081304014876,NHPC,Kohinoor Investment & Securities Pvt. Ltd.,Infinity Securities Limited,11,212.0,2332.0,2025-08-13 14:55:06.224357
2025-08-13,4712,2025081304014925,NHPC,Bhrikuti Stock Broking Co. Pvt. Ltd.,Aryatara Investment & Securities,50,211.0,10550.0,2025-08-13 14:55:17.690926
2025-08-13,4437,2025081304015006,NHPC,Premier Securities Company Ltd.,Infinity Securities Limited,100,212.0,21200.0,2025-08-13 14:55:40.258205
2025-08-13,3938,2025081304015114,NHPC,Naasa Securities Co. Ltd.,Infinity Securities Limited,738,212.0,156456.0,2025-08-13 14:56:25.673029
2025-08-13,2619,2025081304015474,NHPC,Bhrikuti Stock Broking Co. Pvt. Ltd.,Nepal Stock House (PVT) Ltd.,140,211.0,29540.0,2025-08-13 14:58:09.534570
2025-08-13,2618,2025081304015475,NHPC,Trishakti Securities Public Limited,Nepal Stock House (PVT) Ltd.,200,211.0,42200.0,2025-08-13 14:58:09.534986
2025-08-13,2617,2025081304015476,NHPC,Trishakti Securities Public Limited,Nepal Stock House (PVT) Ltd.,200,211.0,42200.0,2025-08-13 14:58:09.535334
2025-08-13,2616,2025081304015477,NHPC,Midas Stock Broking Company Private Limited,Nepal Stock House (PVT) Ltd.,205,211.0,43255.0,2025-08-13 14:58:09.535685
2025-08-13,2615,2025081304015478,NHPC,Vision Securities Pvt. Ltd,Nepal Stock House (PVT) Ltd.,250,211.0,52750.0,2025-08-13 14:58:09.535993
2025-08-13,2184,2025081304015571,NHPC,Kohinoor Investment & Securities Pvt. Ltd.,Neev Securities Pvt. Ltd.,11,211.9,2330.9,2025-08-13 14:58:39.967549
2025-08-13,1927,2025081304015642,NHPC,Thrive Brokerage House Pvt. Ltd,Vision Securities Pvt. Ltd,200,211.0,42200.0,2025-08-13 14:58:54.420724
2025-08-13,1926,2025081304015643,NHPC,Thrive Brokerage House Pvt. Ltd,Sweta Securities Private Limited,300,211.0,63300.0,2025-08-13 14:58:54.420923
2025-08-13,482,2025081304015983,NHPC,Kohinoor Investment & Securities Pvt. Ltd.,Sweta Securities Private Limited,100,211.0,21100.0,2025-08-13 14:59:46.547684
2025-08-13,308,2025081304016020,NHPC,Kohinoor Investment & Securities Pvt. Ltd.,Neev Securities Pvt. Ltd.,11,211.9,2330.9,2025-08-13 14:59:53.598593
2025-08-13,194,2025081304016044,NHPC,Trisul Securities & Invt. Ltd.,Neev Securities Pvt. Ltd.,10,211.9,2119.0,2025-08-13 14:59:56.011522
