Date,S.N.,contract_id,symbol,buyer_broker,seller_broker,volume,price,amount,transaction_time
2025-08-13,68587,2025081304000273,RHPL,Nepal Investment And Securities Trading Private Limited,Kohinoor Investment & Securities Pvt. Ltd.,10,310.0,3100.0,2025-08-13 11:08:42.850653
2025-08-13,68524,2025081304000286,RHPL,Online Securities Pvt. Ltd.,Dipshikha Dhitopatra Karobar Co. Pvt Ltd.,80,309.6,24768.0,2025-08-13 11:08:58.364556
2025-08-13,68523,2025081304000287,RHPL,Nepal Investment And Securities Trading Private Limited,Dipshikha Dhitopatra Karobar Co. Pvt Ltd.,10,309.6,3096.0,2025-08-13 11:08:58.364649
2025-08-13,68463,2025081304000295,RHPL,Nepal Investment And Securities Trading Private Limited,Dipshikha Dhitopatra Karobar Co. Pvt Ltd.,10,309.6,3096.0,2025-08-13 11:09:13.774154
2025-08-13,68210,2025081304000339,RHPL,Sani Securities Company Ltd.,Nepal Stock House (PVT) Ltd.,20,312.0,6240.0,2025-08-13 11:10:41.573368
2025-08-13,67872,2025081304000415,RHPL,Sharepro Securities Private Limited,Nepal Stock House (PVT) Ltd.,50,312.0,15600.0,2025-08-13 11:12:08.411748
2025-08-13,66896,2025081304000717,RHPL,Primo Securities (PVT) Ltd.,ABC Securities Private Limited,100,308.5,30850.0,2025-08-13 11:16:51.561434
2025-08-13,66895,2025081304000718,RHPL,Aryatara Investment & Securities,ABC Securities Private Limited,200,308.0,61600.0,2025-08-13 11:16:51.561570
2025-08-13,66638,2025081304000778,RHPL,Aryatara Investment & Securities,Deevyaa Securities & Stock House Pvt. Ltd,14,308.0,4312.0,2025-08-13 11:17:53.530211
2025-08-13,65504,2025081304001101,RHPL,Imperial Securities Company Pvt. Ltd.,NIMB Stock Markets Limited,70,308.9,21623.0,2025-08-13 11:22:18.711578
2025-08-13,65153,2025081304001185,RHPL,South Asian Bulls Pvt. Ltd.,Kalika Securities Pvt. Ltd.,100,309.0,30900.0,2025-08-13 11:23:20.302259
2025-08-13,64939,2025081304001230,RHPL,Nepal Investment And Securities Trading Private Limited,Kalika Securities Pvt. Ltd.,20,309.0,6180.0,2025-08-13 11:24:08.377583
2025-08-13,64046,2025081304001411,RHPL,Miyo Securities Pvt Ltd,Kalika Securities Pvt. Ltd.,380,309.0,117420.0,2025-08-13 11:28:01.939620
2025-08-13,64045,2025081304001412,RHPL,Miyo Securities Pvt Ltd,Naasa Securities Co. Ltd.,50,309.0,15450.0,2025-08-13 11:28:01.939760
2025-08-13,64044,2025081304001413,RHPL,Miyo Securities Pvt Ltd,Aryatara Investment & Securities,200,309.0,61800.0,2025-08-13 11:28:01.939812
2025-08-13,64024,2025081304001418,RHPL,Imperial Securities Company Pvt. Ltd.,Linch Stock Market Ltd.,30,308.9,9267.0,2025-08-13 11:28:08.023626
2025-08-13,64023,2025081304001419,RHPL,Nepal Investment And Securities Trading Private Limited,Linch Stock Market Ltd.,20,308.0,6160.0,2025-08-13 11:28:08.023756
2025-08-13,63958,2025081304001437,RHPL,Online Securities Pvt. Ltd.,Naasa Securities Co. Ltd.,70,308.0,21560.0,2025-08-13 11:28:20.899174
2025-08-13,62759,2025081304001745,RHPL,Global IME Securities Limited,Kohinoor Investment & Securities Pvt. Ltd.,80,308.1,24648.0,2025-08-13 11:32:24.427122
2025-08-13,62607,2025081304001803,RHPL,Global IME Securities Limited,Nabil Stock Dealer Ltd.,40,308.1,12324.0,2025-08-13 11:32:50.638255
2025-08-13,61993,2025081304001989,RHPL,Imperial Securities Company Pvt. Ltd.,Bhrikuti Stock Broking Co. Pvt. Ltd.,30,308.3,9249.0,2025-08-13 11:35:04.115246
2025-08-13,61082,2025081304002184,RHPL,Imperial Securities Company Pvt. Ltd.,Nabil Stock Dealer Ltd.,40,308.8,12352.0,2025-08-13 11:38:50.660008
2025-08-13,60685,2025081304002294,RHPL,Linch Stock Market Ltd.,Premier Securities Company Ltd.,100,308.9,30890.0,2025-08-13 11:40:15.105285
2025-08-13,59980,2025081304002459,RHPL,Imperial Securities Company Pvt. Ltd.,J.F. Securites (PVT) Ltd.,130,308.8,40144.0,2025-08-13 11:42:59.269671
2025-08-13,59979,2025081304002460,RHPL,Naasa Securities Co. Ltd.,J.F. Securites (PVT) Ltd.,100,308.5,30850.0,2025-08-13 11:42:59.269774
2025-08-13,59978,2025081304002461,RHPL,Global IME Securities Limited,J.F. Securites (PVT) Ltd.,1880,308.1,579228.0,2025-08-13 11:42:59.269843
2025-08-13,59977,2025081304002462,RHPL,Online Securities Pvt. Ltd.,J.F. Securites (PVT) Ltd.,30,308.0,9240.0,2025-08-13 11:42:59.269944
2025-08-13,59976,2025081304002463,RHPL,J.F. Securites (PVT) Ltd.,J.F. Securites (PVT) Ltd.,50,308.0,15400.0,2025-08-13 11:42:59.270011
2025-08-13,59975,2025081304002464,RHPL,Ashutosh Brokerage & Securities (PVT) Ltd.,J.F. Securites (PVT) Ltd.,100,308.0,30800.0,2025-08-13 11:42:59.270078
2025-08-13,59974,2025081304002465,RHPL,J.F. Securites (PVT) Ltd.,J.F. Securites (PVT) Ltd.,160,308.0,49280.0,2025-08-13 11:42:59.270143
2025-08-13,59973,2025081304002466,RHPL,Nepal Stock House (PVT) Ltd.,J.F. Securites (PVT) Ltd.,20,308.0,6160.0,2025-08-13 11:42:59.270204
2025-08-13,59972,2025081304002467,RHPL,Naasa Securities Co. Ltd.,J.F. Securites (PVT) Ltd.,50,308.0,15400.0,2025-08-13 11:42:59.270267
2025-08-13,59971,2025081304002468,RHPL,Premier Securities Company Ltd.,J.F. Securites (PVT) Ltd.,10,308.0,3080.0,2025-08-13 11:42:59.270358
2025-08-13,59970,2025081304002469,RHPL,Imperial Securities Company Pvt. Ltd.,J.F. Securites (PVT) Ltd.,350,308.0,107800.0,2025-08-13 11:42:59.270412
2025-08-13,59969,2025081304002470,RHPL,Online Securities Pvt. Ltd.,J.F. Securites (PVT) Ltd.,20,307.5,6150.0,2025-08-13 11:42:59.270471
2025-08-13,59750,2025081304002552,RHPL,Online Securities Pvt. Ltd.,Oxford Securities Pvt. Ltd.,10,307.5,3075.0,2025-08-13 11:43:35.673941
2025-08-13,58890,2025081304002782,RHPL,ABC Securities Private Limited,Naasa Securities Co. Ltd.,300,308.0,92400.0,2025-08-13 11:46:55.898680
2025-08-13,58562,2025081304002858,RHPL,Imperial Securities Company Pvt. Ltd.,Naasa Securities Co. Ltd.,20,308.0,6160.0,2025-08-13 11:48:13.006476
2025-08-13,57962,2025081304003040,RHPL,Shree Krishna Securities Ltd.,Naasa Securities Co. Ltd.,10,307.6,3076.0,2025-08-13 11:50:58.558006
2025-08-13,57481,2025081304003145,RHPL,Sundhara Securities Limited,Naasa Securities Co. Ltd.,25,308.0,7700.0,2025-08-13 11:53:04.271953
2025-08-13,57158,2025081304003237,RHPL,Nepal Investment And Securities Trading Private Limited,Naasa Securities Co. Ltd.,20,308.0,6160.0,2025-08-13 11:54:34.079010
2025-08-13,57054,2025081304003265,RHPL,Shree Krishna Securities Ltd.,Vision Securities Pvt. Ltd,40,307.6,12304.0,2025-08-13 11:54:51.941023
2025-08-13,57053,2025081304003266,RHPL,Nepal Investment And Securities Trading Private Limited,Vision Securities Pvt. Ltd,20,307.5,6150.0,2025-08-13 11:54:51.941174
2025-08-13,57052,2025081304003267,RHPL,Trisul Securities & Invt. Ltd.,Vision Securities Pvt. Ltd,30,307.5,9225.0,2025-08-13 11:54:51.941237
2025-08-13,57051,2025081304003268,RHPL,ABC Securities Private Limited,Vision Securities Pvt. Ltd,40,307.5,12300.0,2025-08-13 11:54:51.941290
2025-08-13,57018,2025081304003279,RHPL,ABC Securities Private Limited,Dakshinkali Investment & Securities Pvt. Ltd.,50,307.5,15375.0,2025-08-13 11:55:01.596178
2025-08-13,56966,2025081304003293,RHPL,Naasa Securities Co. Ltd.,Naasa Securities Co. Ltd.,135,308.0,41580.0,2025-08-13 11:55:17.997545
2025-08-13,55582,2025081304003524,RHPL,Agrawal Securities (PVT) Ltd.,Naasa Securities Co. Ltd.,10,309.0,3090.0,2025-08-13 12:00:32.311441
2025-08-13,55581,2025081304003525,RHPL,Sani Securities Company Ltd.,J.F. Securites (PVT) Ltd.,100,308.0,30800.0,2025-08-13 12:00:32.385094
2025-08-13,55580,2025081304003526,RHPL,Sani Securities Company Ltd.,J.F. Securites (PVT) Ltd.,14,308.0,4312.0,2025-08-13 12:00:32.385245
2025-08-13,55579,2025081304003527,RHPL,Cristal Kanchanjanga Securites Pvt. Ltd.,J.F. Securites (PVT) Ltd.,1986,308.0,611688.0,2025-08-13 12:00:32.385309
2025-08-13,55524,2025081304003536,RHPL,Agrawal Securities (PVT) Ltd.,Naasa Securities Co. Ltd.,70,309.0,21630.0,2025-08-13 12:00:48.460261
2025-08-13,55509,2025081304003542,RHPL,Agrawal Securities (PVT) Ltd.,Market Securities & Exchange (PVT) Ltd.,10,309.8,3098.0,2025-08-13 12:00:54.523607
2025-08-13,55363,2025081304003572,RHPL,Dynamic Money Managers Securities Pvt. Ltd.,J.F. Securites (PVT) Ltd.,20,309.7,6194.0,2025-08-13 12:01:32.559307
2025-08-13,54352,2025081304003810,RHPL,Trishakti Securities Public Limited,Dipshikha Dhitopatra Karobar Co. Pvt Ltd.,50,309.0,15450.0,2025-08-13 12:05:30.836811
2025-08-13,54351,2025081304003811,RHPL,Aryatara Investment & Securities,Dipshikha Dhitopatra Karobar Co. Pvt Ltd.,30,309.0,9270.0,2025-08-13 12:05:30.836966
2025-08-13,54305,2025081304003819,RHPL,Aryatara Investment & Securities,Bhrikuti Stock Broking Co. Pvt. Ltd.,70,309.0,21630.0,2025-08-13 12:05:43.812387
2025-08-13,53814,2025081304003922,RHPL,Aryatara Investment & Securities,Nabil Stock Dealer Ltd.,65,309.0,20085.0,2025-08-13 12:07:42.125395
2025-08-13,53441,2025081304004022,RHPL,Neev Securities Pvt. Ltd.,Online Securities Pvt. Ltd.,25,308.1,7702.5,2025-08-13 12:09:10.269982
2025-08-13,53440,2025081304004023,RHPL,Market Securities & Exchange (PVT) Ltd.,Online Securities Pvt. Ltd.,50,308.1,15405.0,2025-08-13 12:09:10.270156
2025-08-13,53439,2025081304004024,RHPL,Cristal Kanchanjanga Securites Pvt. Ltd.,Online Securities Pvt. Ltd.,14,308.0,4312.0,2025-08-13 12:09:10.270219
2025-08-13,53438,2025081304004025,RHPL,Sani Securities Company Ltd.,Online Securities Pvt. Ltd.,11,308.0,3388.0,2025-08-13 12:09:10.270279
2025-08-13,52826,2025081304004153,RHPL,Sani Securities Company Ltd.,Opal Securities Investment (PVT) Ltd.,70,308.0,21560.0,2025-08-13 12:11:53.188027
2025-08-13,52711,2025081304004184,RHPL,Capital Max Securities Ltd,Nabil Stock Dealer Ltd.,735,309.0,227115.0,2025-08-13 12:12:34.740493
2025-08-13,52710,2025081304004185,RHPL,Capital Max Securities Ltd,Kumari Securities Private Limited,140,309.0,43260.0,2025-08-13 12:12:34.740755
2025-08-13,52034,2025081304004336,RHPL,Naasa Securities Co. Ltd.,J.F. Securites (PVT) Ltd.,10,309.1,3091.0,2025-08-13 12:15:09.683331
2025-08-13,51977,2025081304004343,RHPL,Naasa Securities Co. Ltd.,Kohinoor Investment & Securities Pvt. Ltd.,10,309.1,3091.0,2025-08-13 12:15:20.169651
2025-08-13,51585,2025081304004437,RHPL,Naasa Securities Co. Ltd.,Secured Securities Ltd.,45,309.1,13909.5,2025-08-13 12:17:07.253094
2025-08-13,51584,2025081304004438,RHPL,Nepal Investment And Securities Trading Private Limited,Secured Securities Ltd.,15,309.1,4636.5,2025-08-13 12:17:07.253325
2025-08-13,51510,2025081304004457,RHPL,Nepal Investment And Securities Trading Private Limited,Infinity Securities Limited,85,309.1,26273.5,2025-08-13 12:17:25.945939
2025-08-13,51509,2025081304004458,RHPL,Creative Securities Pvt Ltd,Infinity Securities Limited,415,309.1,128276.5,2025-08-13 12:17:25.946343
2025-08-13,51282,2025081304004543,RHPL,Sewa Securities Pvt. Ltd.,J.F. Securites (PVT) Ltd.,80,309.7,24776.0,2025-08-13 12:18:39.257731
2025-08-13,51276,2025081304004544,RHPL,Online Securities Pvt. Ltd.,J.F. Securites (PVT) Ltd.,600,309.5,185700.0,2025-08-13 12:18:40.674165
2025-08-13,50981,2025081304004621,RHPL,Agrawal Securities (PVT) Ltd.,Market Securities & Exchange (PVT) Ltd.,20,309.8,6196.0,2025-08-13 12:19:39.755782
2025-08-13,50663,2025081304004687,RHPL,Dynamic Money Managers Securities Pvt. Ltd.,Dakshinkali Investment & Securities Pvt. Ltd.,20,309.2,6184.0,2025-08-13 12:21:14.126842
2025-08-13,50662,2025081304004688,RHPL,Creative Securities Pvt Ltd,Dakshinkali Investment & Securities Pvt. Ltd.,50,309.1,15455.0,2025-08-13 12:21:14.127048
2025-08-13,50562,2025081304004704,RHPL,Vision Securities Pvt. Ltd,Market Securities & Exchange (PVT) Ltd.,20,309.8,6196.0,2025-08-13 12:21:45.185169
2025-08-13,50370,2025081304004737,RHPL,Creative Securities Pvt Ltd,J.F. Securites (PVT) Ltd.,35,309.1,10818.5,2025-08-13 12:22:36.783144
2025-08-13,50369,2025081304004738,RHPL,Capital Max Securities Ltd,J.F. Securites (PVT) Ltd.,45,309.0,13905.0,2025-08-13 12:22:36.783208
2025-08-13,50296,2025081304004749,RHPL,Capital Max Securities Ltd,J.F. Securites (PVT) Ltd.,10,309.0,3090.0,2025-08-13 12:22:55.883944
2025-08-13,49739,2025081304004892,RHPL,Capital Max Securities Ltd,Dipshikha Dhitopatra Karobar Co. Pvt Ltd.,40,309.0,12360.0,2025-08-13 12:25:24.074480
2025-08-13,49654,2025081304004905,RHPL,Capital Max Securities Ltd,Swarna Laxmi Securities Pvt. Ltd.,50,309.0,15450.0,2025-08-13 12:25:32.285786
2025-08-13,49557,2025081304004920,RHPL,Naasa Securities Co. Ltd.,Market Securities & Exchange (PVT) Ltd.,450,309.8,139410.0,2025-08-13 12:25:54.699470
2025-08-13,49556,2025081304004921,RHPL,Naasa Securities Co. Ltd.,Vision Securities Pvt. Ltd,30,310.0,9300.0,2025-08-13 12:25:54.699792
2025-08-13,49555,2025081304004922,RHPL,Naasa Securities Co. Ltd.,SUN SECURITIES PVT LTD,150,310.0,46500.0,2025-08-13 12:25:54.700003
2025-08-13,49554,2025081304004923,RHPL,Naasa Securities Co. Ltd.,Vision Securities Pvt. Ltd,40,310.0,12400.0,2025-08-13 12:25:54.700208
2025-08-13,49553,2025081304004924,RHPL,Naasa Securities Co. Ltd.,South Asian Bulls Pvt. Ltd.,50,310.0,15500.0,2025-08-13 12:25:54.700421
2025-08-13,49552,2025081304004925,RHPL,Naasa Securities Co. Ltd.,Trishakti Securities Public Limited,70,310.0,21700.0,2025-08-13 12:25:54.700618
2025-08-13,49551,2025081304004926,RHPL,Naasa Securities Co. Ltd.,Sani Securities Company Ltd.,200,310.0,62000.0,2025-08-13 12:25:54.700804
2025-08-13,49550,2025081304004927,RHPL,Naasa Securities Co. Ltd.,Trademow Securities Private Limited,10,310.0,3100.0,2025-08-13 12:25:54.701002
2025-08-13,48803,2025081304005104,RHPL,Capital Max Securities Ltd,Capital Max Securities Ltd,355,309.0,109695.0,2025-08-13 12:29:38.314841
2025-08-13,48802,2025081304005105,RHPL,Linch Stock Market Ltd.,Capital Max Securities Ltd,175,309.0,54075.0,2025-08-13 12:29:38.315087
2025-08-13,48756,2025081304005110,RHPL,Sani Securities Company Ltd.,Trademow Securities Private Limited,60,310.0,18600.0,2025-08-13 12:29:50.582662
2025-08-13,48755,2025081304005111,RHPL,Sani Securities Company Ltd.,Aryatara Investment & Securities,40,310.0,12400.0,2025-08-13 12:29:50.582884
2025-08-13,48754,2025081304005112,RHPL,Sani Securities Company Ltd.,Online Securities Pvt. Ltd.,270,310.0,83700.0,2025-08-13 12:29:50.582954
2025-08-13,48753,2025081304005113,RHPL,Sani Securities Company Ltd.,Dakshinkali Investment & Securities Pvt. Ltd.,20,310.0,6200.0,2025-08-13 12:29:50.583043
2025-08-13,48273,2025081304005228,RHPL,Sani Securities Company Ltd.,Nepal Stock House (PVT) Ltd.,110,310.0,34100.0,2025-08-13 12:32:11.171889
2025-08-13,47728,2025081304005330,RHPL,Naasa Securities Co. Ltd.,Vision Securities Pvt. Ltd,50,309.3,15465.0,2025-08-13 12:34:07.536801
2025-08-13,47727,2025081304005331,RHPL,Citizens Share Broker Limited,Vision Securities Pvt. Ltd,20,309.2,6184.0,2025-08-13 12:34:07.536987
2025-08-13,47659,2025081304005344,RHPL,Malla & Malla Stock Broking Company Pvt. Limited,Imperial Securities Company Pvt. Ltd.,100,311.7,31170.0,2025-08-13 12:34:15.880402
2025-08-13,47658,2025081304005345,RHPL,Malla & Malla Stock Broking Company Pvt. Limited,Market Securities & Exchange (PVT) Ltd.,150,311.9,46785.0,2025-08-13 12:34:15.880470
2025-08-13,47358,2025081304005442,RHPL,Citizens Share Broker Limited,Trisul Securities & Invt. Ltd.,10,309.2,3092.0,2025-08-13 12:35:49.354272
2025-08-13,45259,2025081304005821,RHPL,Agrawal Securities (PVT) Ltd.,Cristal Kanchanjanga Securites Pvt. Ltd.,10,310.0,3100.0,2025-08-13 12:43:40.511201
2025-08-13,45213,2025081304005825,RHPL,J.F. Securites (PVT) Ltd.,Bhrikuti Stock Broking Co. Pvt. Ltd.,10,309.3,3093.0,2025-08-13 12:43:51.219099
2025-08-13,44979,2025081304005877,RHPL,Asian Securities Private Ltd.,Cristal Kanchanjanga Securites Pvt. Ltd.,60,310.0,18600.0,2025-08-13 12:44:55.267991
2025-08-13,44496,2025081304005965,RHPL,Imperial Securities Company Pvt. Ltd.,Aryatara Investment & Securities,70,310.0,21700.0,2025-08-13 12:46:52.176614
2025-08-13,44115,2025081304006049,RHPL,Imperial Securities Company Pvt. Ltd.,Thrive Brokerage House Pvt. Ltd,10,310.0,3100.0,2025-08-13 12:48:20.704965
2025-08-13,44054,2025081304006061,RHPL,Imperial Securities Company Pvt. Ltd.,Asian Securities Private Ltd.,20,310.0,6200.0,2025-08-13 12:48:33.924407
2025-08-13,44053,2025081304006062,RHPL,Naasa Securities Co. Ltd.,Asian Securities Private Ltd.,80,310.0,24800.0,2025-08-13 12:48:33.924633
2025-08-13,42704,2025081304006380,RHPL,Aryatara Investment & Securities,Neev Securities Pvt. Ltd.,20,310.1,6202.0,2025-08-13 12:53:13.912565
2025-08-13,42003,2025081304006516,RHPL,Aryatara Investment & Securities,J.F. Securites (PVT) Ltd.,10,310.1,3101.0,2025-08-13 12:55:57.494274
2025-08-13,41186,2025081304006660,RHPL,Aryatara Investment & Securities,Dipshikha Dhitopatra Karobar Co. Pvt Ltd.,30,310.1,9303.0,2025-08-13 12:59:58.533059
2025-08-13,40496,2025081304006783,RHPL,Aryatara Investment & Securities,Nepal Stock House (PVT) Ltd.,40,310.1,12404.0,2025-08-13 13:02:32.913512
2025-08-13,40495,2025081304006784,RHPL,Opal Securities Investment (PVT) Ltd.,Nepal Stock House (PVT) Ltd.,200,310.1,62020.0,2025-08-13 13:02:32.913902
2025-08-13,40201,2025081304006866,RHPL,Naasa Securities Co. Ltd.,Agrawal Securities (PVT) Ltd.,20,310.0,6200.0,2025-08-13 13:03:13.604622
2025-08-13,40200,2025081304006867,RHPL,K.B.L. Securities Limited ,Agrawal Securities (PVT) Ltd.,100,310.0,31000.0,2025-08-13 13:03:13.604852
2025-08-13,40199,2025081304006868,RHPL,Linch Stock Market Ltd.,Agrawal Securities (PVT) Ltd.,380,310.0,117800.0,2025-08-13 13:03:13.604937
2025-08-13,40198,2025081304006869,RHPL,Linch Stock Market Ltd.,Naasa Securities Co. Ltd.,5,310.0,1550.0,2025-08-13 13:03:13.605000
2025-08-13,40059,2025081304006892,RHPL,Shree Krishna Securities Ltd.,Nepal Stock House (PVT) Ltd.,500,310.0,155000.0,2025-08-13 13:03:28.595975
2025-08-13,39873,2025081304006957,RHPL,Sumeru Securities Pvt. Ltd.,Siprabi Securities Pvt. Ltd.,50,309.6,15480.0,2025-08-13 13:04:04.679059
2025-08-13,39730,2025081304006992,RHPL,Neev Securities Pvt. Ltd.,Premier Securities Company Ltd.,100,310.0,31000.0,2025-08-13 13:04:27.292394
2025-08-13,39721,2025081304006994,RHPL,Linch Stock Market Ltd.,Premier Securities Company Ltd.,200,310.0,62000.0,2025-08-13 13:04:28.903451
2025-08-13,39720,2025081304006995,RHPL,Linch Stock Market Ltd.,Agrawal Securities (PVT) Ltd.,100,310.0,31000.0,2025-08-13 13:04:28.903656
2025-08-13,39081,2025081304007214,RHPL,Dynamic Money Managers Securities Pvt. Ltd.,Agrawal Securities (PVT) Ltd.,398,310.0,123380.0,2025-08-13 13:06:39.734730
2025-08-13,38947,2025081304007261,RHPL,Agrawal Securities (PVT) Ltd.,Bhrikuti Stock Broking Co. Pvt. Ltd.,20,309.4,6188.0,2025-08-13 13:07:05.695038
2025-08-13,38946,2025081304007262,RHPL,Citizens Share Broker Limited,Bhrikuti Stock Broking Co. Pvt. Ltd.,970,309.2,299924.0,2025-08-13 13:07:05.695555
2025-08-13,38934,2025081304007263,RHPL,Linch Stock Market Ltd.,Dipshikha Dhitopatra Karobar Co. Pvt Ltd.,30,309.0,9270.0,2025-08-13 13:07:08.320457
2025-08-13,38754,2025081304007320,RHPL,Linch Stock Market Ltd.,Nepal Stock House (PVT) Ltd.,95,309.0,29355.0,2025-08-13 13:07:35.375942
2025-08-13,38753,2025081304007321,RHPL,Trishakti Securities Public Limited,Nepal Stock House (PVT) Ltd.,50,309.0,15450.0,2025-08-13 13:07:35.376212
2025-08-13,38752,2025081304007322,RHPL,Imperial Securities Company Pvt. Ltd.,Nepal Stock House (PVT) Ltd.,50,309.0,15450.0,2025-08-13 13:07:35.376303
2025-08-13,38751,2025081304007323,RHPL,Ashutosh Brokerage & Securities (PVT) Ltd.,Nepal Stock House (PVT) Ltd.,30,309.0,9270.0,2025-08-13 13:07:35.376388
2025-08-13,38750,2025081304007324,RHPL,Dakshinkali Investment & Securities Pvt. Ltd.,Nepal Stock House (PVT) Ltd.,100,309.0,30900.0,2025-08-13 13:07:35.376470
2025-08-13,38749,2025081304007325,RHPL,Dakshinkali Investment & Securities Pvt. Ltd.,Nepal Stock House (PVT) Ltd.,100,309.0,30900.0,2025-08-13 13:07:35.376554
2025-08-13,38748,2025081304007326,RHPL,Thrive Brokerage House Pvt. Ltd,Nepal Stock House (PVT) Ltd.,30,309.0,9270.0,2025-08-13 13:07:35.376637
2025-08-13,38747,2025081304007327,RHPL,Market Securities & Exchange (PVT) Ltd.,Nepal Stock House (PVT) Ltd.,100,309.0,30900.0,2025-08-13 13:07:35.376714
2025-08-13,38566,2025081304007390,RHPL,Sweta Securities Private Limited,Imperial Securities Company Pvt. Ltd.,20,308.2,6164.0,2025-08-13 13:08:10.639579
2025-08-13,38565,2025081304007391,RHPL,Sharepro Securities Private Limited,Imperial Securities Company Pvt. Ltd.,60,308.1,18486.0,2025-08-13 13:08:10.639782
2025-08-13,38373,2025081304007447,RHPL,Sharepro Securities Private Limited,Bhrikuti Stock Broking Co. Pvt. Ltd.,140,308.1,43134.0,2025-08-13 13:09:03.472120
2025-08-13,38372,2025081304007448,RHPL,Nepal Investment And Securities Trading Private Limited,Bhrikuti Stock Broking Co. Pvt. Ltd.,20,308.1,6162.0,2025-08-13 13:09:03.472561
2025-08-13,38371,2025081304007449,RHPL,Sani Securities Company Ltd.,Bhrikuti Stock Broking Co. Pvt. Ltd.,239,308.0,73612.0,2025-08-13 13:09:03.472792
2025-08-13,38370,2025081304007450,RHPL,Imperial Securities Company Pvt. Ltd.,Bhrikuti Stock Broking Co. Pvt. Ltd.,50,308.0,15400.0,2025-08-13 13:09:03.473011
2025-08-13,38369,2025081304007451,RHPL,Aakashbhairab Securities Ltd.,Bhrikuti Stock Broking Co. Pvt. Ltd.,176,308.0,54208.0,2025-08-13 13:09:03.473244
2025-08-13,37838,2025081304007631,RHPL,Aakashbhairab Securities Ltd.,Sagarmatha Securities Private Limited,30,308.0,9240.0,2025-08-13 13:10:46.374891
2025-08-13,37806,2025081304007633,RHPL,Aakashbhairab Securities Ltd.,Naasa Securities Co. Ltd.,80,308.0,24640.0,2025-08-13 13:10:53.655966
2025-08-13,37739,2025081304007658,RHPL,Aakashbhairab Securities Ltd.,Agrawal Securities (PVT) Ltd.,10,308.0,3080.0,2025-08-13 13:11:14.035631
2025-08-13,37384,2025081304007723,RHPL,Nepal Investment And Securities Trading Private Limited,Premier Securities Company Ltd.,10,309.0,3090.0,2025-08-13 13:13:07.630773
2025-08-13,36504,2025081304007906,RHPL,Aakashbhairab Securities Ltd.,Aryatara Investment & Securities,70,308.0,21560.0,2025-08-13 13:17:28.576302
2025-08-13,35053,2025081304008179,RHPL,Secured Securities Ltd.,Nepal Stock House (PVT) Ltd.,50,310.6,15530.0,2025-08-13 13:24:30.843390
2025-08-13,34781,2025081304008221,RHPL,Secured Securities Ltd.,Premier Securities Company Ltd.,50,310.6,15530.0,2025-08-13 13:25:51.703188
2025-08-13,33745,2025081304008428,RHPL,Agrawal Securities (PVT) Ltd.,Nepal Stock House (PVT) Ltd.,100,310.0,31000.0,2025-08-13 13:30:50.813020
2025-08-13,33064,2025081304008596,RHPL,Linch Stock Market Ltd.,Online Securities Pvt. Ltd.,40,309.0,12360.0,2025-08-13 13:34:31.089126
2025-08-13,33011,2025081304008605,RHPL,Deevyaa Securities & Stock House Pvt. Ltd,Nepal Stock House (PVT) Ltd.,100,310.5,31050.0,2025-08-13 13:34:51.312259
2025-08-13,32491,2025081304008711,RHPL,Siprabi Securities Pvt. Ltd.,Premier Securities Company Ltd.,10,310.6,3106.0,2025-08-13 13:37:35.119496
2025-08-13,32168,2025081304008761,RHPL,Swarna Laxmi Securities Pvt. Ltd.,Premier Securities Company Ltd.,40,310.6,12424.0,2025-08-13 13:39:44.964195
2025-08-13,32167,2025081304008762,RHPL,Swarna Laxmi Securities Pvt. Ltd.,Nepal Stock House (PVT) Ltd.,50,310.6,15530.0,2025-08-13 13:39:44.964443
2025-08-13,32036,2025081304008792,RHPL,Swarna Laxmi Securities Pvt. Ltd.,Nepal Stock House (PVT) Ltd.,60,310.6,18636.0,2025-08-13 13:40:16.258894
2025-08-13,31512,2025081304008888,RHPL,Secured Securities Ltd.,Dynamic Money Managers Securities Pvt. Ltd.,50,309.2,15460.0,2025-08-13 13:42:55.533182
2025-08-13,30228,2025081304009130,RHPL,Aryatara Investment & Securities,Indira securities pvt. ltd,240,310.0,74400.0,2025-08-13 13:49:10.214690
2025-08-13,30227,2025081304009131,RHPL,Aryatara Investment & Securities,Aryatara Investment & Securities,100,310.0,31000.0,2025-08-13 13:49:10.215108
2025-08-13,29823,2025081304009183,RHPL,Aryatara Investment & Securities,Naasa Securities Co. Ltd.,70,310.0,21700.0,2025-08-13 13:51:08.759231
2025-08-13,29261,2025081304009292,RHPL,Aryatara Investment & Securities,Nepal Stock House (PVT) Ltd.,90,310.0,27900.0,2025-08-13 13:53:08.988019
2025-08-13,29260,2025081304009293,RHPL,Vision Securities Pvt. Ltd,Nepal Stock House (PVT) Ltd.,200,310.0,62000.0,2025-08-13 13:53:08.988437
2025-08-13,29259,2025081304009294,RHPL,Online Securities Pvt. Ltd.,Nepal Stock House (PVT) Ltd.,20,310.0,6200.0,2025-08-13 13:53:08.988687
2025-08-13,28608,2025081304009457,RHPL,Agrawal Securities (PVT) Ltd.,Midas Stock Broking Company Private Limited,10,310.0,3100.0,2025-08-13 13:55:59.204584
2025-08-13,28562,2025081304009467,RHPL,Agrawal Securities (PVT) Ltd.,Himalayan Brokerage Company Limited,10,310.2,3102.0,2025-08-13 13:56:08.280920
2025-08-13,28219,2025081304009549,RHPL,Naasa Securities Co. Ltd.,Secured Securities Ltd.,10,310.0,3100.0,2025-08-13 13:57:17.076926
2025-08-13,28065,2025081304009596,RHPL,Naasa Securities Co. Ltd.,Nepal Stock House (PVT) Ltd.,500,310.0,155000.0,2025-08-13 13:57:44.828293
2025-08-13,28030,2025081304009603,RHPL,Naasa Securities Co. Ltd.,Linch Stock Market Ltd.,30,310.0,9300.0,2025-08-13 13:57:54.053801
2025-08-13,27857,2025081304009627,RHPL,Naasa Securities Co. Ltd.,Nepal Stock House (PVT) Ltd.,200,310.0,62000.0,2025-08-13 13:58:33.769281
2025-08-13,27724,2025081304009646,RHPL,Naasa Securities Co. Ltd.,Sri Hari Securities Pvt. Ltd.,80,310.0,24800.0,2025-08-13 13:59:05.524792
2025-08-13,27417,2025081304009694,RHPL,Naasa Securities Co. Ltd.,Premier Securities Company Ltd.,100,310.0,31000.0,2025-08-13 14:00:31.173870
2025-08-13,27267,2025081304009738,RHPL,Naasa Securities Co. Ltd.,Investment Management Nepal Pvt. Ltd.,20,310.0,6200.0,2025-08-13 14:00:59.215197
2025-08-13,27019,2025081304009793,RHPL,Naasa Securities Co. Ltd.,Himalayan Brokerage Company Limited,383,310.2,118806.6,2025-08-13 14:01:49.888690
2025-08-13,26781,2025081304009841,RHPL,Naasa Securities Co. Ltd.,Sumeru Securities Pvt. Ltd.,100,310.2,31020.0,2025-08-13 14:02:52.163009
2025-08-13,26607,2025081304009865,RHPL,Naasa Securities Co. Ltd.,Nepal Stock House (PVT) Ltd.,17,310.2,5273.4,2025-08-13 14:03:33.946949
2025-08-13,26036,2025081304009994,RHPL,Naasa Securities Co. Ltd.,Nepal Stock House (PVT) Ltd.,39,310.0,12090.0,2025-08-13 14:05:34.267972
2025-08-13,25615,2025081304010107,RHPL,Naasa Securities Co. Ltd.,Sumeru Securities Pvt. Ltd.,21,310.0,6510.0,2025-08-13 14:06:26.937776
2025-08-13,25614,2025081304010108,RHPL,Sani Securities Company Ltd.,Sumeru Securities Pvt. Ltd.,300,309.6,92880.0,2025-08-13 14:06:26.938009
2025-08-13,25613,2025081304010109,RHPL,Secured Securities Ltd.,Sumeru Securities Pvt. Ltd.,150,309.5,46425.0,2025-08-13 14:06:26.938112
2025-08-13,25612,2025081304010110,RHPL,Primo Securities (PVT) Ltd.,Sumeru Securities Pvt. Ltd.,10,309.5,3095.0,2025-08-13 14:06:26.938200
2025-08-13,25611,2025081304010111,RHPL,Sani Securities Company Ltd.,Sumeru Securities Pvt. Ltd.,100,309.3,30930.0,2025-08-13 14:06:26.938286
2025-08-13,25610,2025081304010112,RHPL,Sani Securities Company Ltd.,Sumeru Securities Pvt. Ltd.,100,309.1,30910.0,2025-08-13 14:06:26.938380
2025-08-13,25609,2025081304010113,RHPL,Linch Stock Market Ltd.,Sumeru Securities Pvt. Ltd.,160,309.0,49440.0,2025-08-13 14:06:26.938467
2025-08-13,25608,2025081304010114,RHPL,Siprabi Securities Pvt. Ltd.,Sumeru Securities Pvt. Ltd.,159,309.0,49131.0,2025-08-13 14:06:26.938554
2025-08-13,24303,2025081304010323,RHPL,Dipshikha Dhitopatra Karobar Co. Pvt Ltd.,Premier Securities Company Ltd.,100,309.5,30950.0,2025-08-13 14:09:10.419569
2025-08-13,22546,2025081304010714,RHPL,South Asian Bulls Pvt. Ltd.,Dynamic Money Managers Securities Pvt. Ltd.,20,309.5,6190.0,2025-08-13 14:14:29.930940
2025-08-13,22425,2025081304010756,RHPL,South Asian Bulls Pvt. Ltd.,Indira securities pvt. ltd,10,309.6,3096.0,2025-08-13 14:14:53.947212
2025-08-13,21455,2025081304010950,RHPL,South Asian Bulls Pvt. Ltd.,Property Wiard Limited,40,309.6,12384.0,2025-08-13 14:17:17.782217
2025-08-13,21454,2025081304010951,RHPL,Naasa Securities Co. Ltd.,Property Wiard Limited,100,309.1,30910.0,2025-08-13 14:17:17.782491
2025-08-13,21453,2025081304010952,RHPL,Sani Securities Company Ltd.,Property Wiard Limited,100,309.1,30910.0,2025-08-13 14:17:17.782584
2025-08-13,21452,2025081304010953,RHPL,Siprabi Securities Pvt. Ltd.,Property Wiard Limited,60,309.0,18540.0,2025-08-13 14:17:17.782673
2025-08-13,21359,2025081304010991,RHPL,Siprabi Securities Pvt. Ltd.,ABC Securities Private Limited,10,309.0,3090.0,2025-08-13 14:17:33.720636
2025-08-13,20318,2025081304011239,RHPL,Asian Securities Private Ltd.,Neev Securities Pvt. Ltd.,80,309.1,24728.0,2025-08-13 14:20:52.316250
2025-08-13,18902,2025081304011541,RHPL,Dipshikha Dhitopatra Karobar Co. Pvt Ltd.,Naasa Securities Co. Ltd.,10,309.2,3092.0,2025-08-13 14:25:38.178623
2025-08-13,18330,2025081304011673,RHPL,Dipshikha Dhitopatra Karobar Co. Pvt Ltd.,Kumari Securities Private Limited,250,309.2,77300.0,2025-08-13 14:27:34.276883
2025-08-13,17961,2025081304011740,RHPL,Miyo Securities Pvt Ltd,Sani Securities Company Ltd.,100,309.5,30950.0,2025-08-13 14:28:34.372427
2025-08-13,17342,2025081304011880,RHPL,Sagarmatha Securities Private Limited,Secured Securities Ltd.,25,310.0,7750.0,2025-08-13 14:30:18.078959
2025-08-13,16205,2025081304012137,RHPL,Sani Securities Company Ltd.,Naasa Securities Co. Ltd.,70,309.6,21672.0,2025-08-13 14:34:17.431749
2025-08-13,15832,2025081304012211,RHPL,Sumeru Securities Pvt. Ltd.,Aryatara Investment & Securities,80,310.0,24800.0,2025-08-13 14:35:15.479770
2025-08-13,15831,2025081304012212,RHPL,Sumeru Securities Pvt. Ltd.,Linch Stock Market Ltd.,500,310.0,155000.0,2025-08-13 14:35:15.480090
2025-08-13,15830,2025081304012213,RHPL,Sumeru Securities Pvt. Ltd.,Naasa Securities Co. Ltd.,20,310.0,6200.0,2025-08-13 14:35:15.480190
2025-08-13,15829,2025081304012214,RHPL,Sumeru Securities Pvt. Ltd.,Aryatara Investment & Securities,400,310.0,124000.0,2025-08-13 14:35:15.480281
2025-08-13,15606,2025081304012233,RHPL,Sumeru Securities Pvt. Ltd.,Aryatara Investment & Securities,100,310.0,31000.0,2025-08-13 14:35:39.576178
2025-08-13,15605,2025081304012234,RHPL,Sumeru Securities Pvt. Ltd.,Oxford Securities Pvt. Ltd.,50,310.0,15500.0,2025-08-13 14:35:39.576646
2025-08-13,15604,2025081304012235,RHPL,Sumeru Securities Pvt. Ltd.,Aryatara Investment & Securities,600,310.0,186000.0,2025-08-13 14:35:39.576915
2025-08-13,15603,2025081304012236,RHPL,Sumeru Securities Pvt. Ltd.,Trishakti Securities Public Limited,150,310.7,46605.0,2025-08-13 14:35:39.577188
2025-08-13,15602,2025081304012237,RHPL,Sumeru Securities Pvt. Ltd.,Aryatara Investment & Securities,100,310.7,31070.0,2025-08-13 14:35:39.577495
2025-08-13,14975,2025081304012402,RHPL,Miyo Securities Pvt Ltd,Naasa Securities Co. Ltd.,20,309.5,6190.0,2025-08-13 14:37:10.785405
2025-08-13,14670,2025081304012434,RHPL,Miyo Securities Pvt Ltd,Dynamic Money Managers Securities Pvt. Ltd.,20,309.5,6190.0,2025-08-13 14:37:41.133882
2025-08-13,13466,2025081304012687,RHPL,Sani Securities Company Ltd.,Dipshikha Dhitopatra Karobar Co. Pvt Ltd.,15,310.8,4662.0,2025-08-13 14:40:25.282522
2025-08-13,12745,2025081304012851,RHPL,Deevyaa Securities & Stock House Pvt. Ltd,Imperial Securities Company Pvt. Ltd.,20,310.0,6200.0,2025-08-13 14:42:08.723439
2025-08-13,12351,2025081304012950,RHPL,Miyo Securities Pvt Ltd,Premier Securities Company Ltd.,20,309.5,6190.0,2025-08-13 14:42:48.384254
2025-08-13,11953,2025081304013075,RHPL,Sani Securities Company Ltd.,Imperial Securities Company Pvt. Ltd.,20,310.0,6200.0,2025-08-13 14:43:34.143208
2025-08-13,11952,2025081304013076,RHPL,Sani Securities Company Ltd.,Vision Securities Pvt. Ltd,70,310.0,21700.0,2025-08-13 14:43:34.143438
2025-08-13,11463,2025081304013196,RHPL,Sani Securities Company Ltd.,Naasa Securities Co. Ltd.,40,309.6,12384.0,2025-08-13 14:44:20.234233
2025-08-13,11462,2025081304013197,RHPL,Miyo Securities Pvt Ltd,Naasa Securities Co. Ltd.,240,309.5,74280.0,2025-08-13 14:44:20.234321
2025-08-13,11461,2025081304013198,RHPL,Siprabi Securities Pvt. Ltd.,Naasa Securities Co. Ltd.,80,309.5,24760.0,2025-08-13 14:44:20.234348
2025-08-13,11460,2025081304013199,RHPL,Dynamic Money Managers Securities Pvt. Ltd.,Naasa Securities Co. Ltd.,100,309.5,30950.0,2025-08-13 14:44:20.234374
2025-08-13,11459,2025081304013200,RHPL,Sani Securities Company Ltd.,Naasa Securities Co. Ltd.,100,309.4,30940.0,2025-08-13 14:44:20.234397
2025-08-13,11458,2025081304013201,RHPL,Premier Securities Company Ltd.,Naasa Securities Co. Ltd.,440,309.4,136136.0,2025-08-13 14:44:20.234420
2025-08-13,10723,2025081304013462,RHPL,South Asian Bulls Pvt. Ltd.,Naasa Securities Co. Ltd.,500,309.5,154750.0,2025-08-13 14:45:24.318934
2025-08-13,10722,2025081304013463,RHPL,Premier Securities Company Ltd.,Naasa Securities Co. Ltd.,500,309.4,154700.0,2025-08-13 14:45:24.318992
2025-08-13,10678,2025081304013483,RHPL,Bhrikuti Stock Broking Co. Pvt. Ltd.,Imperial Securities Company Pvt. Ltd.,200,310.0,62000.0,2025-08-13 14:45:28.388358
2025-08-13,8079,2025081304014158,RHPL,Agrawal Securities (PVT) Ltd.,Dipshikha Dhitopatra Karobar Co. Pvt Ltd.,40,310.0,12400.0,2025-08-13 14:49:34.933138
2025-08-13,8078,2025081304014159,RHPL,Agrawal Securities (PVT) Ltd.,Aryatara Investment & Securities,60,310.0,18600.0,2025-08-13 14:49:34.933598
2025-08-13,7578,2025081304014279,RHPL,Sundhara Securities Limited,Nepal Stock House (PVT) Ltd.,105,309.6,32508.0,2025-08-13 14:50:35.067547
2025-08-13,7153,2025081304014355,RHPL,ABC Securities Private Limited,Aryatara Investment & Securities,40,310.0,12400.0,2025-08-13 14:51:16.585083
2025-08-13,6974,2025081304014401,RHPL,Sundhara Securities Limited,Malla & Malla Stock Broking Company Pvt. Limited,15,309.6,4644.0,2025-08-13 14:51:32.023259
2025-08-13,6973,2025081304014402,RHPL,Imperial Securities Company Pvt. Ltd.,Malla & Malla Stock Broking Company Pvt. Limited,100,309.5,30950.0,2025-08-13 14:51:32.023505
2025-08-13,6972,2025081304014403,RHPL,Global IME Securities Limited,Malla & Malla Stock Broking Company Pvt. Limited,480,309.5,148560.0,2025-08-13 14:51:32.023595
2025-08-13,6814,2025081304014449,RHPL,Sani Securities Company Ltd.,Malla & Malla Stock Broking Company Pvt. Limited,100,309.5,30950.0,2025-08-13 14:51:49.594254
2025-08-13,6809,2025081304014453,RHPL,Imperial Securities Company Pvt. Ltd.,Premier Securities Company Ltd.,35,309.4,10829.0,2025-08-13 14:51:50.402509
2025-08-13,6808,2025081304014454,RHPL,Sani Securities Company Ltd.,Premier Securities Company Ltd.,100,309.4,30940.0,2025-08-13 14:51:50.402926
2025-08-13,6604,2025081304014494,RHPL,Opal Securities Investment (PVT) Ltd.,Premier Securities Company Ltd.,165,309.3,51034.5,2025-08-13 14:52:11.546825
2025-08-13,6558,2025081304014505,RHPL,Trishakti Securities Public Limited,Malla & Malla Stock Broking Company Pvt. Limited,105,309.5,32497.5,2025-08-13 14:52:17.080284
2025-08-13,5491,2025081304014737,RHPL,Trishakti Securities Public Limited,Kumari Securities Private Limited,95,309.5,29402.5,2025-08-13 14:54:06.320821
2025-08-13,5490,2025081304014738,RHPL,Opal Securities Investment (PVT) Ltd.,Kumari Securities Private Limited,105,309.3,32476.5,2025-08-13 14:54:06.320865
2025-08-13,4231,2025081304015035,RHPL,Trisul Securities & Invt. Ltd.,Sweta Securities Private Limited,10,309.4,3094.0,2025-08-13 14:55:56.901530
2025-08-13,4230,2025081304015036,RHPL,Opal Securities Investment (PVT) Ltd.,Sweta Securities Private Limited,80,309.3,24744.0,2025-08-13 14:55:56.901974
2025-08-13,3940,2025081304015112,RHPL,Secured Securities Ltd.,Vision Securities Pvt. Ltd,100,309.4,30940.0,2025-08-13 14:56:25.292004
2025-08-13,3939,2025081304015113,RHPL,ABC Securities Private Limited,Vision Securities Pvt. Ltd,100,309.4,30940.0,2025-08-13 14:56:25.292258
2025-08-13,3638,2025081304015185,RHPL,Siprabi Securities Pvt. Ltd.,Vision Securities Pvt. Ltd,200,309.4,61880.0,2025-08-13 14:56:53.752848
2025-08-13,3460,2025081304015215,RHPL,Dynamic Money Managers Securities Pvt. Ltd.,Vision Securities Pvt. Ltd,351,309.4,108599.4,2025-08-13 14:57:08.221577
2025-08-13,3174,2025081304015306,RHPL,Shree Krishna Securities Ltd.,Aryatara Investment & Securities,500,310.0,155000.0,2025-08-13 14:57:30.159667
2025-08-13,2610,2025081304015481,RHPL,Dynamic Money Managers Securities Pvt. Ltd.,Nepal Stock House (PVT) Ltd.,70,309.4,21658.0,2025-08-13 14:58:10.356846
2025-08-13,2325,2025081304015554,RHPL,Miyo Securities Pvt Ltd,Aryatara Investment & Securities,100,310.0,31000.0,2025-08-13 14:58:30.263889
2025-08-13,587,2025081304015961,RHPL,Dipshikha Dhitopatra Karobar Co. Pvt Ltd.,Online Securities Pvt. Ltd.,100,309.9,30990.0,2025-08-13 14:59:43.780812
2025-08-13,586,2025081304015962,RHPL,Dipshikha Dhitopatra Karobar Co. Pvt Ltd.,Aryatara Investment & Securities,340,310.0,105400.0,2025-08-13 14:59:43.781050
2025-08-13,585,2025081304015963,RHPL,Dipshikha Dhitopatra Karobar Co. Pvt Ltd.,Sani Securities Company Ltd.,52,310.0,16120.0,2025-08-13 14:59:43.781182
2025-08-13,584,2025081304015964,RHPL,Dipshikha Dhitopatra Karobar Co. Pvt Ltd.,Trishakti Securities Public Limited,15,310.0,4650.0,2025-08-13 14:59:43.781291
2025-08-13,583,2025081304015965,RHPL,Dipshikha Dhitopatra Karobar Co. Pvt Ltd.,Cristal Kanchanjanga Securites Pvt. Ltd.,40,310.0,12400.0,2025-08-13 14:59:43.781398
2025-08-13,582,2025081304015966,RHPL,Dipshikha Dhitopatra Karobar Co. Pvt Ltd.,Nabil Stock Dealer Ltd.,70,310.0,21700.0,2025-08-13 14:59:43.781498
