Date,S.N.,Contract ID,Symbol,Buyer Broker,Seller Broker,quantity,rate,amount,transaction_time
2025-08-13,70059,2025081305000008,SAHAS,Midas Stock Broking Company Private Limited,Midas Stock Broking Company Private Limited,10,668.9,6689.0,2025-08-13 10:46:00.036813
2025-08-13,69811,2025081305000073,SAHAS,Nepal Investment And Securities Trading Private Limited,Arun Securities (PVT) Ltd.,20,671.0,13420.0,2025-08-13 11:01:12.906363
2025-08-13,69788,2025081305000079,SAHAS,Vision Securities Pvt. Ltd,Nagarik Stock Dealer ,10,673.0,6730.0,2025-08-13 11:01:22.084947
2025-08-13,69641,2025081305000129,SAHAS,Online Securities Pvt. Ltd.,Arun Securities (PVT) Ltd.,20,672.0,13440.0,2025-08-13 11:02:07.592869
2025-08-13,69640,2025081305000130,SAHAS,Online Securities Pvt. Ltd.,Nagarik Stock Dealer ,90,673.0,60570.0,2025-08-13 11:02:07.592942
2025-08-13,69639,2025081305000131,SAHAS,Online Securities Pvt. Ltd.,Sweta Securities Private Limited,260,673.0,174980.0,2025-08-13 11:02:07.592982
2025-08-13,69634,2025081305000133,SAHAS,Online Securities Pvt. Ltd.,Arun Securities (PVT) Ltd.,20,673.0,13460.0,2025-08-13 11:02:10.387541
2025-08-13,69591,2025081305000143,SAHAS,Online Securities Pvt. Ltd.,Ashutosh Brokerage & Securities (PVT) Ltd.,10,673.0,6730.0,2025-08-13 11:02:32.794885
2025-08-13,69548,2025081305000150,SAHAS,Nepal Investment And Securities Trading Private Limited,Sani Securities Company Ltd.,54,671.0,36234.0,2025-08-13 11:02:42.882102
2025-08-13,69416,2025081305000198,SAHAS,Nepal Investment And Securities Trading Private Limited,Dynamic Money Managers Securities Pvt. Ltd.,330,671.0,221430.0,2025-08-13 11:03:42.060673
2025-08-13,69382,2025081305000212,SAHAS,Nepal Investment And Securities Trading Private Limited,Linch Stock Market Ltd.,146,671.0,97966.0,2025-08-13 11:03:57.215303
2025-08-13,69381,2025081305000213,SAHAS,Nepal Investment And Securities Trading Private Limited,Linch Stock Market Ltd.,84,671.0,56364.0,2025-08-13 11:03:57.215432
2025-08-13,69247,2025081305000256,SAHAS,Nepal Investment And Securities Trading Private Limited,Nepal Stock House (PVT) Ltd.,10,671.0,6710.0,2025-08-13 11:04:59.922025
2025-08-13,69146,2025081305000281,SAHAS,Online Securities Pvt. Ltd.,Primo Securities (PVT) Ltd.,1000,670.1,670100.0,2025-08-13 11:05:41.480199
2025-08-13,68871,2025081305000377,SAHAS,Midas Stock Broking Company Private Limited,Sumeru Securities Pvt. Ltd.,406,670.0,272020.0,2025-08-13 11:07:19.459508
2025-08-13,68870,2025081305000378,SAHAS,Blue Chip Securities Ltd,Sumeru Securities Pvt. Ltd.,94,670.0,62980.0,2025-08-13 11:07:19.459614
2025-08-13,68849,2025081305000382,SAHAS,Blue Chip Securities Ltd,Trishakti Securities Public Limited,10,670.0,6700.0,2025-08-13 11:07:27.135615
2025-08-13,68808,2025081305000394,SAHAS,Linch Stock Market Ltd.,Market Securities & Exchange (PVT) Ltd.,500,672.0,336000.0,2025-08-13 11:07:42.517373
2025-08-13,68807,2025081305000395,SAHAS,Linch Stock Market Ltd.,Siprabi Securities Pvt. Ltd.,10,672.0,6720.0,2025-08-13 11:07:42.517505
2025-08-13,68796,2025081305000397,SAHAS,Blue Chip Securities Ltd,Nepal Investment And Securities Trading Private Limited,10,670.0,6700.0,2025-08-13 11:07:45.564919
2025-08-13,68532,2025081305000475,SAHAS,Nepal Investment And Securities Trading Private Limited,Sundhara Securities Limited,10,670.7,6707.0,2025-08-13 11:08:54.632007
2025-08-13,68519,2025081305000478,SAHAS,Primo Securities (PVT) Ltd.,Naasa Securities Co. Ltd.,10,671.0,6710.0,2025-08-13 11:08:59.983701
2025-08-13,68516,2025081305000479,SAHAS,Primo Securities (PVT) Ltd.,Naasa Securities Co. Ltd.,10,671.0,6710.0,2025-08-13 11:09:01.529169
2025-08-13,68482,2025081305000484,SAHAS,Imperial Securities Company Pvt. Ltd.,Shree Krishna Securities Ltd.,100,671.5,67150.0,2025-08-13 11:09:06.510585
2025-08-13,68431,2025081305000507,SAHAS,Nepal Investment And Securities Trading Private Limited,Nepal Stock House (PVT) Ltd.,290,670.7,194503.0,2025-08-13 11:09:27.850413
2025-08-13,68430,2025081305000508,SAHAS,Nepal Investment And Securities Trading Private Limited,Nepal Stock House (PVT) Ltd.,210,670.6,140826.0,2025-08-13 11:09:27.850553
2025-08-13,68041,2025081305000628,SAHAS,Trishakti Securities Public Limited,Nepal Investment And Securities Trading Private Limited,10,672.0,6720.0,2025-08-13 11:11:33.272484
2025-08-13,67810,2025081305000687,SAHAS,Primo Securities (PVT) Ltd.,Aryatara Investment & Securities,10,671.0,6710.0,2025-08-13 11:12:27.461706
2025-08-13,67809,2025081305000688,SAHAS,Imperial Securities Company Pvt. Ltd.,Agrawal Securities (PVT) Ltd.,50,672.0,33600.0,2025-08-13 11:12:27.762008
2025-08-13,67798,2025081305000691,SAHAS,Online Securities Pvt. Ltd.,Primo Securities (PVT) Ltd.,1000,672.0,672000.0,2025-08-13 11:12:29.778421
2025-08-13,67633,2025081305000755,SAHAS,Online Securities Pvt. Ltd.,Cristal Kanchanjanga Securites Pvt. Ltd.,50,672.0,33600.0,2025-08-13 11:13:14.173383
2025-08-13,67423,2025081305000794,SAHAS,Primo Securities (PVT) Ltd.,Shree Krishna Securities Ltd.,40,671.0,26840.0,2025-08-13 11:14:20.266691
2025-08-13,67422,2025081305000795,SAHAS,Himalayan Brokerage Company Limited,Shree Krishna Securities Ltd.,700,670.7,469490.0,2025-08-13 11:14:20.267008
2025-08-13,67421,2025081305000796,SAHAS,Nepal Investment And Securities Trading Private Limited,Shree Krishna Securities Ltd.,290,670.6,194474.0,2025-08-13 11:14:20.267206
2025-08-13,67420,2025081305000797,SAHAS,Primo Securities (PVT) Ltd.,Shree Krishna Securities Ltd.,100,670.5,67050.0,2025-08-13 11:14:20.267423
2025-08-13,67419,2025081305000798,SAHAS,Kohinoor Investment & Securities Pvt. Ltd.,Shree Krishna Securities Ltd.,10,670.5,6705.0,2025-08-13 11:14:20.267615
2025-08-13,67418,2025081305000799,SAHAS,Capital Max Securities Ltd,Shree Krishna Securities Ltd.,200,670.4,134080.0,2025-08-13 11:14:20.267809
2025-08-13,67417,2025081305000800,SAHAS,Midas Stock Broking Company Private Limited,Shree Krishna Securities Ltd.,1660,670.3,1112698.0,2025-08-13 11:14:20.268010
2025-08-13,67403,2025081305000806,SAHAS,Sani Securities Company Ltd.,Cristal Kanchanjanga Securites Pvt. Ltd.,50,672.0,33600.0,2025-08-13 11:14:25.000043
2025-08-13,67007,2025081305000932,SAHAS,Sewa Securities Pvt. Ltd.,Capital Max Securities Ltd,50,672.0,33600.0,2025-08-13 11:16:22.320539
2025-08-13,66945,2025081305000959,SAHAS,Dipshikha Dhitopatra Karobar Co. Pvt Ltd.,Sajilo Broker Limited,54,671.0,36234.0,2025-08-13 11:16:37.423300
2025-08-13,66645,2025081305001047,SAHAS,Dipshikha Dhitopatra Karobar Co. Pvt Ltd.,Miyo Securities Pvt Ltd,446,671.0,299266.0,2025-08-13 11:17:51.437149
2025-08-13,66644,2025081305001048,SAHAS,Sani Securities Company Ltd.,Miyo Securities Pvt Ltd,30,671.0,20130.0,2025-08-13 11:17:51.437362
2025-08-13,66643,2025081305001049,SAHAS,Vision Securities Pvt. Ltd,Miyo Securities Pvt Ltd,24,671.0,16104.0,2025-08-13 11:17:51.437441
2025-08-13,66598,2025081305001066,SAHAS,Vision Securities Pvt. Ltd,Himalayan Securities Limited,10,671.0,6710.0,2025-08-13 11:18:09.751906
2025-08-13,66473,2025081305001105,SAHAS,Blue Chip Securities Ltd,Sajilo Broker Limited,200,671.0,134200.0,2025-08-13 11:18:42.819462
2025-08-13,66441,2025081305001109,SAHAS,Shree Krishna Securities Ltd.,Kohinoor Investment & Securities Pvt. Ltd.,50,672.0,33600.0,2025-08-13 11:18:48.500794
2025-08-13,66440,2025081305001110,SAHAS,Shree Krishna Securities Ltd.,Primo Securities (PVT) Ltd.,450,672.4,302580.0,2025-08-13 11:18:48.500903
2025-08-13,66411,2025081305001121,SAHAS,Blue Chip Securities Ltd,Primo Securities (PVT) Ltd.,186,671.0,124806.0,2025-08-13 11:18:56.981463
2025-08-13,66410,2025081305001122,SAHAS,Midas Stock Broking Company Private Limited,Primo Securities (PVT) Ltd.,340,670.3,227902.0,2025-08-13 11:18:56.981673
2025-08-13,66409,2025081305001123,SAHAS,Ashutosh Brokerage & Securities (PVT) Ltd.,Primo Securities (PVT) Ltd.,1000,670.2,670200.0,2025-08-13 11:18:56.981749
2025-08-13,66408,2025081305001124,SAHAS,Online Securities Pvt. Ltd.,Primo Securities (PVT) Ltd.,700,670.1,469070.0,2025-08-13 11:18:56.981842
2025-08-13,66407,2025081305001125,SAHAS,Himalayan Brokerage Company Limited,Primo Securities (PVT) Ltd.,500,670.1,335050.0,2025-08-13 11:18:56.981914
2025-08-13,66406,2025081305001126,SAHAS,Naasa Securities Co. Ltd.,Primo Securities (PVT) Ltd.,40,670.0,26800.0,2025-08-13 11:18:56.981986
2025-08-13,66405,2025081305001127,SAHAS,Dipshikha Dhitopatra Karobar Co. Pvt Ltd.,Primo Securities (PVT) Ltd.,200,670.0,134000.0,2025-08-13 11:18:56.982056
2025-08-13,66404,2025081305001128,SAHAS,Trishakti Securities Public Limited,Primo Securities (PVT) Ltd.,20,670.0,13400.0,2025-08-13 11:18:56.982123
2025-08-13,66403,2025081305001129,SAHAS,Siprabi Securities Pvt. Ltd.,Primo Securities (PVT) Ltd.,100,670.0,67000.0,2025-08-13 11:18:56.982189
2025-08-13,66402,2025081305001130,SAHAS,Agrawal Securities (PVT) Ltd.,Primo Securities (PVT) Ltd.,64,670.0,42880.0,2025-08-13 11:18:56.982262
2025-08-13,66283,2025081305001155,SAHAS,Online Securities Pvt. Ltd.,Primo Securities (PVT) Ltd.,350,670.0,234500.0,2025-08-13 11:19:26.633399
2025-08-13,65615,2025081305001377,SAHAS,Siprabi Securities Pvt. Ltd.,Nepal Investment And Securities Trading Private Limited,100,669.0,66900.0,2025-08-13 11:21:51.615103
2025-08-13,65614,2025081305001378,SAHAS,Nepal Stock House (PVT) Ltd.,Nepal Investment And Securities Trading Private Limited,100,669.0,66900.0,2025-08-13 11:21:51.615540
2025-08-13,65613,2025081305001379,SAHAS,Sri Hari Securities Pvt. Ltd.,Nepal Investment And Securities Trading Private Limited,800,669.0,535200.0,2025-08-13 11:21:51.615843
2025-08-13,65524,2025081305001397,SAHAS,Sri Hari Securities Pvt. Ltd.,Swarna Laxmi Securities Pvt. Ltd.,100,669.0,66900.0,2025-08-13 11:22:14.942063
2025-08-13,65117,2025081305001528,SAHAS,Sri Hari Securities Pvt. Ltd.,Sewa Securities Pvt. Ltd.,50,669.0,33450.0,2025-08-13 11:23:31.288250
2025-08-13,65058,2025081305001543,SAHAS,Sri Hari Securities Pvt. Ltd.,Online Securities Pvt. Ltd.,50,669.0,33450.0,2025-08-13 11:23:40.761154
2025-08-13,65057,2025081305001544,SAHAS,Himalayan Brokerage Company Limited,Online Securities Pvt. Ltd.,190,669.0,127110.0,2025-08-13 11:23:40.761401
2025-08-13,65056,2025081305001545,SAHAS,Oxford Securities Pvt. Ltd.,Online Securities Pvt. Ltd.,260,669.0,173940.0,2025-08-13 11:23:40.761482
2025-08-13,65055,2025081305001546,SAHAS,Oxford Securities Pvt. Ltd.,Capital Max Securities Ltd,40,669.0,26760.0,2025-08-13 11:23:40.929518
2025-08-13,64345,2025081305001758,SAHAS,Online Securities Pvt. Ltd.,Agrawal Securities (PVT) Ltd.,400,668.1,267240.0,2025-08-13 11:26:46.227629
2025-08-13,64344,2025081305001759,SAHAS,Sani Securities Company Ltd.,Agrawal Securities (PVT) Ltd.,210,668.0,140280.0,2025-08-13 11:26:46.227868
2025-08-13,64343,2025081305001760,SAHAS,Kalika Securities Pvt. Ltd.,Agrawal Securities (PVT) Ltd.,100,668.0,66800.0,2025-08-13 11:26:46.227964
2025-08-13,64342,2025081305001761,SAHAS,Dipshikha Dhitopatra Karobar Co. Pvt Ltd.,Agrawal Securities (PVT) Ltd.,290,668.0,193720.0,2025-08-13 11:26:46.228072
2025-08-13,64266,2025081305001790,SAHAS,Dipshikha Dhitopatra Karobar Co. Pvt Ltd.,ABC Securities Private Limited,10,668.0,6680.0,2025-08-13 11:27:02.786435
2025-08-13,64243,2025081305001798,SAHAS,Siprabi Securities Pvt. Ltd.,Opal Securities Investment (PVT) Ltd.,10,668.0,6680.0,2025-08-13 11:27:09.765885
2025-08-13,64128,2025081305001853,SAHAS,Siprabi Securities Pvt. Ltd.,Asian Securities Private Ltd.,90,668.0,60120.0,2025-08-13 11:27:39.358477
2025-08-13,64127,2025081305001854,SAHAS,Opal Securities Investment (PVT) Ltd.,Asian Securities Private Ltd.,31,667.1,20680.1,2025-08-13 11:27:39.358867
2025-08-13,64126,2025081305001855,SAHAS,Premier Securities Company Ltd.,Asian Securities Private Ltd.,100,667.1,66710.0,2025-08-13 11:27:39.359134
2025-08-13,64125,2025081305001856,SAHAS,Siprabi Securities Pvt. Ltd.,Asian Securities Private Ltd.,100,667.0,66700.0,2025-08-13 11:27:39.359402
2025-08-13,64124,2025081305001857,SAHAS,Market Securities & Exchange (PVT) Ltd.,Asian Securities Private Ltd.,279,667.0,186093.0,2025-08-13 11:27:39.359663
2025-08-13,64033,2025081305001899,SAHAS,Market Securities & Exchange (PVT) Ltd.,Asian Securities Private Ltd.,200,667.0,133400.0,2025-08-13 11:28:03.748744
2025-08-13,63980,2025081305001912,SAHAS,Market Securities & Exchange (PVT) Ltd.,Sewa Securities Pvt. Ltd.,21,667.0,14007.0,2025-08-13 11:28:16.839448
2025-08-13,63878,2025081305001948,SAHAS,J.F. Securites (PVT) Ltd.,Sewa Securities Pvt. Ltd.,11,667.0,7337.0,2025-08-13 11:28:35.462999
2025-08-13,63847,2025081305001955,SAHAS,Online Securities Pvt. Ltd.,Sewa Securities Pvt. Ltd.,88,667.0,58696.0,2025-08-13 11:28:45.613860
2025-08-13,63705,2025081305001997,SAHAS,Online Securities Pvt. Ltd.,Dipshikha Dhitopatra Karobar Co. Pvt Ltd.,10,667.0,6670.0,2025-08-13 11:29:20.338843
2025-08-13,63513,2025081305002060,SAHAS,Agrawal Securities (PVT) Ltd.,Trishakti Securities Public Limited,10,666.4,6664.0,2025-08-13 11:30:08.114061
2025-08-13,63512,2025081305002061,SAHAS,Agrawal Securities (PVT) Ltd.,Trishakti Securities Public Limited,20,666.3,13326.0,2025-08-13 11:30:08.114519
2025-08-13,63511,2025081305002062,SAHAS,Agrawal Securities (PVT) Ltd.,Trishakti Securities Public Limited,30,666.2,19986.0,2025-08-13 11:30:08.114840
2025-08-13,63510,2025081305002063,SAHAS,Online Securities Pvt. Ltd.,Trishakti Securities Public Limited,500,666.2,333100.0,2025-08-13 11:30:08.115130
2025-08-13,63509,2025081305002064,SAHAS,Agrawal Securities (PVT) Ltd.,Trishakti Securities Public Limited,40,666.1,26644.0,2025-08-13 11:30:08.115437
2025-08-13,63508,2025081305002065,SAHAS,Nepal Investment And Securities Trading Private Limited,Trishakti Securities Public Limited,100,666.1,66610.0,2025-08-13 11:30:08.115698
2025-08-13,63507,2025081305002066,SAHAS,Deevyaa Securities & Stock House Pvt. Ltd,Trishakti Securities Public Limited,200,666.1,133220.0,2025-08-13 11:30:08.115953
2025-08-13,63506,2025081305002067,SAHAS,Nepal Investment And Securities Trading Private Limited,Trishakti Securities Public Limited,40,666.0,26640.0,2025-08-13 11:30:08.116259
2025-08-13,63505,2025081305002068,SAHAS,Siprabi Securities Pvt. Ltd.,Trishakti Securities Public Limited,100,666.0,66600.0,2025-08-13 11:30:08.116528
2025-08-13,63504,2025081305002069,SAHAS,ABC Securities Private Limited,Trishakti Securities Public Limited,960,666.0,639360.0,2025-08-13 11:30:08.116814
2025-08-13,63453,2025081305002079,SAHAS,ABC Securities Private Limited,Oxford Securities Pvt. Ltd.,10,666.0,6660.0,2025-08-13 11:30:16.845174
2025-08-13,63407,2025081305002082,SAHAS,Linch Stock Market Ltd.,Vision Securities Pvt. Ltd,10,668.0,6680.0,2025-08-13 11:30:25.972113
2025-08-13,63406,2025081305002083,SAHAS,Linch Stock Market Ltd.,Nepal Investment And Securities Trading Private Limited,10,668.0,6680.0,2025-08-13 11:30:25.972588
2025-08-13,63405,2025081305002084,SAHAS,Linch Stock Market Ltd.,Arun Securities (PVT) Ltd.,20,668.0,13360.0,2025-08-13 11:30:25.972994
2025-08-13,63292,2025081305002145,SAHAS,ABC Securities Private Limited,Dynamic Money Managers Securities Pvt. Ltd.,10,666.0,6660.0,2025-08-13 11:30:40.141519
2025-08-13,63149,2025081305002173,SAHAS,ABC Securities Private Limited,Sani Securities Company Ltd.,20,666.0,13320.0,2025-08-13 11:31:03.633932
2025-08-13,63148,2025081305002174,SAHAS,Vision Securities Pvt. Ltd,Sani Securities Company Ltd.,10,666.0,6660.0,2025-08-13 11:31:03.634161
2025-08-13,62869,2025081305002296,SAHAS,Sumeru Securities Pvt. Ltd.,Capital Max Securities Ltd,200,666.1,133220.0,2025-08-13 11:32:01.595425
2025-08-13,62868,2025081305002297,SAHAS,Trishakti Securities Public Limited,Capital Max Securities Ltd,10,666.1,6661.0,2025-08-13 11:32:01.595480
2025-08-13,62867,2025081305002298,SAHAS,Vision Securities Pvt. Ltd,Capital Max Securities Ltd,590,666.0,392940.0,2025-08-13 11:32:01.595508
2025-08-13,62760,2025081305002342,SAHAS,Vision Securities Pvt. Ltd,Secured Securities Ltd.,10,666.0,6660.0,2025-08-13 11:32:24.072820
2025-08-13,62731,2025081305002353,SAHAS,Vision Securities Pvt. Ltd,Vision Securities Pvt. Ltd,1890,666.0,1258740.0,2025-08-13 11:32:30.838460
2025-08-13,62730,2025081305002354,SAHAS,Shree Krishna Securities Ltd.,Vision Securities Pvt. Ltd,500,666.0,333000.0,2025-08-13 11:32:30.838906
2025-08-13,62729,2025081305002355,SAHAS,Dipshikha Dhitopatra Karobar Co. Pvt Ltd.,Vision Securities Pvt. Ltd,100,666.0,66600.0,2025-08-13 11:32:30.839181
2025-08-13,62259,2025081305002495,SAHAS,Pragyan Securities (PVT) Ltd.,Premier Securities Company Ltd.,10,666.5,6665.0,2025-08-13 11:34:02.209729
2025-08-13,62024,2025081305002545,SAHAS,Pragyan Securities (PVT) Ltd.,Sri Hari Securities Pvt. Ltd.,10,666.5,6665.0,2025-08-13 11:34:55.495233
2025-08-13,62023,2025081305002546,SAHAS,Trishakti Securities Public Limited,Nepal Investment And Securities Trading Private Limited,10,667.0,6670.0,2025-08-13 11:34:55.624460
2025-08-13,61897,2025081305002586,SAHAS,Cristal Kanchanjanga Securites Pvt. Ltd.,Naasa Securities Co. Ltd.,10,666.6,6666.0,2025-08-13 11:35:26.750434
2025-08-13,61704,2025081305002640,SAHAS,Kohinoor Investment & Securities Pvt. Ltd.,Bhrikuti Stock Broking Co. Pvt. Ltd.,10,666.6,6666.0,2025-08-13 11:36:11.390576
2025-08-13,61598,2025081305002667,SAHAS,Kohinoor Investment & Securities Pvt. Ltd.,Dipshikha Dhitopatra Karobar Co. Pvt Ltd.,10,666.6,6666.0,2025-08-13 11:36:34.583947
2025-08-13,61596,2025081305002668,SAHAS,Kohinoor Investment & Securities Pvt. Ltd.,Secured Securities Ltd.,80,666.6,53328.0,2025-08-13 11:36:35.264096
2025-08-13,61511,2025081305002709,SAHAS,Pragyan Securities (PVT) Ltd.,Secured Securities Ltd.,70,666.3,46641.0,2025-08-13 11:36:57.585392
2025-08-13,61426,2025081305002739,SAHAS,Pragyan Securities (PVT) Ltd.,Sumeru Securities Pvt. Ltd.,10,666.3,6663.0,2025-08-13 11:37:15.605993
2025-08-13,61425,2025081305002740,SAHAS,Indira securities pvt. ltd,Sumeru Securities Pvt. Ltd.,190,666.0,126540.0,2025-08-13 11:37:15.606125
2025-08-13,61351,2025081305002777,SAHAS,Indira securities pvt. ltd,Naasa Securities Co. Ltd.,10,666.0,6660.0,2025-08-13 11:37:41.003665
2025-08-13,61287,2025081305002810,SAHAS,Naasa Securities Co. Ltd.,Agrawal Securities (PVT) Ltd.,30,666.0,19980.0,2025-08-13 11:37:55.545548
2025-08-13,61145,2025081305002875,SAHAS,Nepal Investment And Securities Trading Private Limited,Agrawal Securities (PVT) Ltd.,170,666.0,113220.0,2025-08-13 11:38:28.557505
2025-08-13,61144,2025081305002876,SAHAS,Nepal Investment And Securities Trading Private Limited,Sri Hari Securities Pvt. Ltd.,30,666.0,19980.0,2025-08-13 11:38:28.557830
2025-08-13,60840,2025081305002977,SAHAS,Trishakti Securities Public Limited,Sri Hari Securities Pvt. Ltd.,150,666.0,99900.0,2025-08-13 11:39:33.971820
2025-08-13,60813,2025081305002990,SAHAS,Premier Securities Company Ltd.,Sri Hari Securities Pvt. Ltd.,20,666.0,13320.0,2025-08-13 11:39:44.847555
2025-08-13,60812,2025081305002991,SAHAS,Premier Securities Company Ltd.,Vision Securities Pvt. Ltd,10,666.0,6660.0,2025-08-13 11:39:44.847827
2025-08-13,60609,2025081305003064,SAHAS,Premier Securities Company Ltd.,Sani Securities Company Ltd.,10,666.0,6660.0,2025-08-13 11:40:33.634163
2025-08-13,60590,2025081305003078,SAHAS,Premier Securities Company Ltd.,Naasa Securities Co. Ltd.,50,666.0,33300.0,2025-08-13 11:40:38.080753
2025-08-13,60543,2025081305003092,SAHAS,Premier Securities Company Ltd.,Deevyaa Securities & Stock House Pvt. Ltd,60,666.0,39960.0,2025-08-13 11:40:51.402783
2025-08-13,60542,2025081305003093,SAHAS,Kumari Securities Private Limited,Deevyaa Securities & Stock House Pvt. Ltd,150,666.0,99900.0,2025-08-13 11:40:51.403043
2025-08-13,60475,2025081305003119,SAHAS,Agrawal Securities (PVT) Ltd.,Capital Max Securities Ltd,10,665.6,6656.0,2025-08-13 11:41:08.537549
2025-08-13,60474,2025081305003120,SAHAS,Naasa Securities Co. Ltd.,Capital Max Securities Ltd,500,665.5,332750.0,2025-08-13 11:41:08.538083
2025-08-13,60473,2025081305003121,SAHAS,Agrawal Securities (PVT) Ltd.,Capital Max Securities Ltd,10,665.5,6655.0,2025-08-13 11:41:08.538530
2025-08-13,60472,2025081305003122,SAHAS,Agrawal Securities (PVT) Ltd.,Capital Max Securities Ltd,10,665.4,6654.0,2025-08-13 11:41:08.538883
2025-08-13,60471,2025081305003123,SAHAS,Online Securities Pvt. Ltd.,Capital Max Securities Ltd,300,665.3,199590.0,2025-08-13 11:41:08.539309
2025-08-13,60470,2025081305003124,SAHAS,Agrawal Securities (PVT) Ltd.,Capital Max Securities Ltd,10,665.3,6653.0,2025-08-13 11:41:08.539711
2025-08-13,60469,2025081305003125,SAHAS,Agrawal Securities (PVT) Ltd.,Capital Max Securities Ltd,20,665.3,13306.0,2025-08-13 11:41:08.540259
2025-08-13,60468,2025081305003126,SAHAS,Ashutosh Brokerage & Securities (PVT) Ltd.,Capital Max Securities Ltd,140,665.2,93128.0,2025-08-13 11:41:08.540765
2025-08-13,60389,2025081305003168,SAHAS,Ashutosh Brokerage & Securities (PVT) Ltd.,Capital Max Securities Ltd,243,665.2,161643.6,2025-08-13 11:41:22.581172
2025-08-13,60387,2025081305003170,SAHAS,Ashutosh Brokerage & Securities (PVT) Ltd.,Thrive Brokerage House Pvt. Ltd,10,665.2,6652.0,2025-08-13 11:41:23.298815
2025-08-13,60376,2025081305003176,SAHAS,Ashutosh Brokerage & Securities (PVT) Ltd.,Online Securities Pvt. Ltd.,107,665.2,71176.4,2025-08-13 11:41:27.398690
2025-08-13,60223,2025081305003226,SAHAS,Oxford Securities Pvt. Ltd.,Asian Securities Private Ltd.,50,665.1,33255.0,2025-08-13 11:42:06.126014
2025-08-13,60195,2025081305003241,SAHAS,Swarna Laxmi Securities Pvt. Ltd.,Midas Stock Broking Company Private Limited,10,665.2,6652.0,2025-08-13 11:42:11.555763
2025-08-13,60194,2025081305003242,SAHAS,Swarna Laxmi Securities Pvt. Ltd.,Deevyaa Securities & Stock House Pvt. Ltd,40,666.0,26640.0,2025-08-13 11:42:11.556005
2025-08-13,60175,2025081305003251,SAHAS,Oxford Securities Pvt. Ltd.,Malla & Malla Stock Broking Company Pvt. Limited,100,665.1,66510.0,2025-08-13 11:42:18.632528
2025-08-13,60174,2025081305003252,SAHAS,Agrawal Securities (PVT) Ltd.,Malla & Malla Stock Broking Company Pvt. Limited,40,665.1,26604.0,2025-08-13 11:42:18.632785
2025-08-13,60173,2025081305003253,SAHAS,Asian Securities Private Ltd.,Malla & Malla Stock Broking Company Pvt. Limited,50,665.1,33255.0,2025-08-13 11:42:18.632888
2025-08-13,60172,2025081305003254,SAHAS,Agrawal Securities (PVT) Ltd.,Malla & Malla Stock Broking Company Pvt. Limited,30,665.1,19953.0,2025-08-13 11:42:18.632992
2025-08-13,60171,2025081305003255,SAHAS,Agrawal Securities (PVT) Ltd.,Malla & Malla Stock Broking Company Pvt. Limited,40,665.1,26604.0,2025-08-13 11:42:18.633091
2025-08-13,60170,2025081305003256,SAHAS,Naasa Securities Co. Ltd.,Malla & Malla Stock Broking Company Pvt. Limited,20,665.0,13300.0,2025-08-13 11:42:18.633202
2025-08-13,60106,2025081305003276,SAHAS,Kohinoor Investment & Securities Pvt. Ltd.,Deevyaa Securities & Stock House Pvt. Ltd,200,666.0,133200.0,2025-08-13 11:42:32.484852
2025-08-13,60021,2025081305003311,SAHAS,Online Securities Pvt. Ltd.,Kohinoor Investment & Securities Pvt. Ltd.,24,665.1,15962.4,2025-08-13 11:42:51.872898
2025-08-13,60020,2025081305003312,SAHAS,Online Securities Pvt. Ltd.,Deevyaa Securities & Stock House Pvt. Ltd,1526,666.0,1016316.0,2025-08-13 11:42:51.873212
2025-08-13,59855,2025081305003348,SAHAS,Cristal Kanchanjanga Securites Pvt. Ltd.,Deevyaa Securities & Stock House Pvt. Ltd,24,666.0,15984.0,2025-08-13 11:43:20.940931
2025-08-13,59721,2025081305003381,SAHAS,Aryatara Investment & Securities,Online Securities Pvt. Ltd.,10,666.5,6665.0,2025-08-13 11:43:43.248224
2025-08-13,59720,2025081305003382,SAHAS,Aryatara Investment & Securities,Arun Securities (PVT) Ltd.,20,667.0,13340.0,2025-08-13 11:43:43.248488
2025-08-13,59719,2025081305003383,SAHAS,Aryatara Investment & Securities,Online Securities Pvt. Ltd.,10,667.0,6670.0,2025-08-13 11:43:43.248679
2025-08-13,59718,2025081305003384,SAHAS,Aryatara Investment & Securities,Sundhara Securities Limited,10,668.0,6680.0,2025-08-13 11:43:43.248907
2025-08-13,59702,2025081305003394,SAHAS,Cristal Kanchanjanga Securites Pvt. Ltd.,Dynamic Money Managers Securities Pvt. Ltd.,26,666.0,17316.0,2025-08-13 11:43:46.147575
2025-08-13,59701,2025081305003395,SAHAS,Nepal Investment And Securities Trading Private Limited,Dynamic Money Managers Securities Pvt. Ltd.,24,665.1,15962.4,2025-08-13 11:43:46.147845
2025-08-13,59548,2025081305003444,SAHAS,Naasa Securities Co. Ltd.,Dipshikha Dhitopatra Karobar Co. Pvt Ltd.,10,666.0,6660.0,2025-08-13 11:44:22.501842
2025-08-13,59446,2025081305003485,SAHAS,Naasa Securities Co. Ltd.,Dipshikha Dhitopatra Karobar Co. Pvt Ltd.,40,666.0,26640.0,2025-08-13 11:44:47.929827
2025-08-13,59445,2025081305003486,SAHAS,Cristal Kanchanjanga Securites Pvt. Ltd.,Dipshikha Dhitopatra Karobar Co. Pvt Ltd.,50,666.0,33300.0,2025-08-13 11:44:47.930110
2025-08-13,59444,2025081305003487,SAHAS,Nepal Stock House (PVT) Ltd.,Dipshikha Dhitopatra Karobar Co. Pvt Ltd.,20,665.3,13306.0,2025-08-13 11:44:47.930215
2025-08-13,59443,2025081305003488,SAHAS,Sewa Securities Pvt. Ltd.,Dipshikha Dhitopatra Karobar Co. Pvt Ltd.,20,665.2,13304.0,2025-08-13 11:44:47.930328
2025-08-13,59442,2025081305003489,SAHAS,Nepal Investment And Securities Trading Private Limited,Dipshikha Dhitopatra Karobar Co. Pvt Ltd.,276,665.1,183567.6,2025-08-13 11:44:47.930433
2025-08-13,59441,2025081305003490,SAHAS,Secured Securities Ltd.,Dipshikha Dhitopatra Karobar Co. Pvt Ltd.,100,665.1,66510.0,2025-08-13 11:44:47.930537
2025-08-13,59440,2025081305003491,SAHAS,Cristal Kanchanjanga Securites Pvt. Ltd.,Dipshikha Dhitopatra Karobar Co. Pvt Ltd.,50,665.1,33255.0,2025-08-13 11:44:47.930637
2025-08-13,59439,2025081305003492,SAHAS,SHUBHAKAMANA SECURITIES PVT. LTD,Dipshikha Dhitopatra Karobar Co. Pvt Ltd.,144,665.1,95774.4,2025-08-13 11:44:47.930736
2025-08-13,59306,2025081305003538,SAHAS,Online Securities Pvt. Ltd.,Arun Securities (PVT) Ltd.,10,668.0,6680.0,2025-08-13 11:45:15.872946
2025-08-13,59155,2025081305003591,SAHAS,Aryatara Investment & Securities,Arun Securities (PVT) Ltd.,10,668.0,6680.0,2025-08-13 11:45:48.369639
2025-08-13,59154,2025081305003592,SAHAS,Aryatara Investment & Securities,Dakshinkali Investment & Securities Pvt. Ltd.,50,668.0,33400.0,2025-08-13 11:45:48.369897
2025-08-13,59153,2025081305003593,SAHAS,Aryatara Investment & Securities,Property Wiard Limited,10,669.0,6690.0,2025-08-13 11:45:48.370010
2025-08-13,59152,2025081305003594,SAHAS,Aryatara Investment & Securities,Nepal Investment And Securities Trading Private Limited,10,669.0,6690.0,2025-08-13 11:45:48.370117
2025-08-13,59151,2025081305003595,SAHAS,Aryatara Investment & Securities,Arun Securities (PVT) Ltd.,20,669.0,13380.0,2025-08-13 11:45:48.370236
2025-08-13,59150,2025081305003596,SAHAS,Aryatara Investment & Securities,Linch Stock Market Ltd.,150,669.0,100350.0,2025-08-13 11:45:48.370348
2025-08-13,58746,2025081305003768,SAHAS,Dipshikha Dhitopatra Karobar Co. Pvt Ltd.,Trisul Securities & Invt. Ltd.,10,668.0,6680.0,2025-08-13 11:47:34.692211
2025-08-13,58362,2025081305003878,SAHAS,Nepal Stock House (PVT) Ltd.,Naasa Securities Co. Ltd.,10,667.0,6670.0,2025-08-13 11:49:27.153734
2025-08-13,58332,2025081305003883,SAHAS,Dipshikha Dhitopatra Karobar Co. Pvt Ltd.,Sunrise Securities Limited,10,668.0,6680.0,2025-08-13 11:49:30.028571
2025-08-13,58223,2025081305003932,SAHAS,Dipshikha Dhitopatra Karobar Co. Pvt Ltd.,South Asian Bulls Pvt. Ltd.,68,667.0,45356.0,2025-08-13 11:50:00.899420
2025-08-13,57843,2025081305004068,SAHAS,ABC Securities Private Limited,Linch Stock Market Ltd.,216,667.4,144158.4,2025-08-13 11:51:21.511239
2025-08-13,57599,2025081305004175,SAHAS,Ashutosh Brokerage & Securities (PVT) Ltd.,Sani Securities Company Ltd.,10,669.0,6690.0,2025-08-13 11:52:32.324038
2025-08-13,57442,2025081305004217,SAHAS,Nepal Stock House (PVT) Ltd.,Sundhara Securities Limited,100,667.5,66750.0,2025-08-13 11:53:17.325933
2025-08-13,57441,2025081305004218,SAHAS,ABC Securities Private Limited,Sundhara Securities Limited,184,667.4,122801.6,2025-08-13 11:53:17.326209
2025-08-13,57440,2025081305004219,SAHAS,Dipshikha Dhitopatra Karobar Co. Pvt Ltd.,Sundhara Securities Limited,132,667.0,88044.0,2025-08-13 11:53:17.326357
2025-08-13,57439,2025081305004220,SAHAS,Online Securities Pvt. Ltd.,Sundhara Securities Limited,84,667.0,56028.0,2025-08-13 11:53:17.326472
2025-08-13,57162,2025081305004311,SAHAS,Secured Securities Ltd.,ABC Securities Private Limited,100,668.0,66800.0,2025-08-13 11:54:32.079513
2025-08-13,56676,2025081305004495,SAHAS,Machhapuchchhre Securities Limited,NIMB Stock Markets Limited,10,668.0,6680.0,2025-08-13 11:56:14.652721
2025-08-13,56651,2025081305004500,SAHAS,Investment Management Nepal Pvt. Ltd.,Thrive Brokerage House Pvt. Ltd,15,667.7,10015.5,2025-08-13 11:56:23.996118
2025-08-13,56525,2025081305004553,SAHAS,Cristal Kanchanjanga Securites Pvt. Ltd.,Thrive Brokerage House Pvt. Ltd,285,667.7,190294.5,2025-08-13 11:56:58.372946
2025-08-13,56148,2025081305004682,SAHAS,Cristal Kanchanjanga Securites Pvt. Ltd.,Nepal Investment And Securities Trading Private Limited,10,668.0,6680.0,2025-08-13 11:58:32.107537
2025-08-13,55972,2025081305004734,SAHAS,Nepal Stock House (PVT) Ltd.,Kumari Securities Private Limited,10,667.2,6672.0,2025-08-13 11:59:12.330928
2025-08-13,55939,2025081305004743,SAHAS,Machhapuchchhre Securities Limited,Nepal Investment And Securities Trading Private Limited,10,669.0,6690.0,2025-08-13 11:59:22.109386
2025-08-13,55868,2025081305004777,SAHAS,Sani Securities Company Ltd.,Oxford Securities Pvt. Ltd.,50,667.5,33375.0,2025-08-13 11:59:38.359389
2025-08-13,55867,2025081305004778,SAHAS,Asian Securities Private Ltd.,Oxford Securities Pvt. Ltd.,50,667.3,33365.0,2025-08-13 11:59:38.359769
2025-08-13,55411,2025081305004950,SAHAS,Malla & Malla Stock Broking Company Pvt. Limited,Linch Stock Market Ltd.,10,669.0,6690.0,2025-08-13 12:01:21.955662
2025-08-13,55410,2025081305004951,SAHAS,Malla & Malla Stock Broking Company Pvt. Limited,Linch Stock Market Ltd.,240,669.0,160560.0,2025-08-13 12:01:21.956268
2025-08-13,54911,2025081305005128,SAHAS,Himalayan Brokerage Company Limited,R.B.B. Securities Company Ltd,40,669.0,26760.0,2025-08-13 12:03:11.560769
2025-08-13,54910,2025081305005129,SAHAS,Himalayan Brokerage Company Limited,Dipshikha Dhitopatra Karobar Co. Pvt Ltd.,10,669.0,6690.0,2025-08-13 12:03:11.561206
2025-08-13,54909,2025081305005130,SAHAS,Himalayan Brokerage Company Limited,Market Securities & Exchange (PVT) Ltd.,550,669.0,367950.0,2025-08-13 12:03:11.561535
2025-08-13,54804,2025081305005160,SAHAS,Nepal Stock House (PVT) Ltd.,Arun Securities (PVT) Ltd.,20,668.0,13360.0,2025-08-13 12:03:36.350807
2025-08-13,54340,2025081305005308,SAHAS,Nepal Stock House (PVT) Ltd.,Dynamic Money Managers Securities Pvt. Ltd.,10,667.5,6675.0,2025-08-13 12:05:33.841176
2025-08-13,54111,2025081305005372,SAHAS,Arun Securities (PVT) Ltd.,Market Securities & Exchange (PVT) Ltd.,27,669.0,18063.0,2025-08-13 12:06:35.785211
2025-08-13,54094,2025081305005375,SAHAS,Miyo Securities Pvt Ltd,Pragyan Securities (PVT) Ltd.,10,668.0,6680.0,2025-08-13 12:06:41.695364
2025-08-13,53874,2025081305005425,SAHAS,Malla & Malla Stock Broking Company Pvt. Limited,Market Securities & Exchange (PVT) Ltd.,423,669.0,282987.0,2025-08-13 12:07:28.661763
2025-08-13,53873,2025081305005426,SAHAS,Malla & Malla Stock Broking Company Pvt. Limited,Nepal Investment And Securities Trading Private Limited,10,669.0,6690.0,2025-08-13 12:07:28.662076
2025-08-13,53872,2025081305005427,SAHAS,Malla & Malla Stock Broking Company Pvt. Limited,Sewa Securities Pvt. Ltd.,67,669.0,44823.0,2025-08-13 12:07:28.662209
2025-08-13,53736,2025081305005468,SAHAS,Ashutosh Brokerage & Securities (PVT) Ltd.,Sewa Securities Pvt. Ltd.,333,669.0,222777.0,2025-08-13 12:07:57.760540
2025-08-13,53720,2025081305005473,SAHAS,Dakshinkali Investment & Securities Pvt. Ltd.,Dipshikha Dhitopatra Karobar Co. Pvt Ltd.,10,669.0,6690.0,2025-08-13 12:08:03.214526
2025-08-13,53719,2025081305005474,SAHAS,Dakshinkali Investment & Securities Pvt. Ltd.,ABC Securities Private Limited,200,669.4,133880.0,2025-08-13 12:08:03.214627
2025-08-13,53718,2025081305005475,SAHAS,Dakshinkali Investment & Securities Pvt. Ltd.,Dipshikha Dhitopatra Karobar Co. Pvt Ltd.,500,669.5,334750.0,2025-08-13 12:08:03.214658
2025-08-13,53717,2025081305005476,SAHAS,Dakshinkali Investment & Securities Pvt. Ltd.,Midas Stock Broking Company Private Limited,10,670.0,6700.0,2025-08-13 12:08:03.214688
2025-08-13,53716,2025081305005477,SAHAS,Dakshinkali Investment & Securities Pvt. Ltd.,Naasa Securities Co. Ltd.,60,670.0,40200.0,2025-08-13 12:08:03.214717
2025-08-13,53715,2025081305005478,SAHAS,Dakshinkali Investment & Securities Pvt. Ltd.,Arun Securities (PVT) Ltd.,20,670.0,13400.0,2025-08-13 12:08:03.214742
2025-08-13,53714,2025081305005479,SAHAS,Dakshinkali Investment & Securities Pvt. Ltd.,Secured Securities Ltd.,200,670.0,134000.0,2025-08-13 12:08:03.214766
2025-08-13,53698,2025081305005484,SAHAS,Miyo Securities Pvt Ltd,Sani Securities Company Ltd.,108,668.0,72144.0,2025-08-13 12:08:06.617440
2025-08-13,53594,2025081305005513,SAHAS,Miyo Securities Pvt Ltd,Linch Stock Market Ltd.,322,668.0,215096.0,2025-08-13 12:08:30.442086
2025-08-13,53593,2025081305005514,SAHAS,Online Securities Pvt. Ltd.,Linch Stock Market Ltd.,300,668.0,200400.0,2025-08-13 12:08:30.442435
2025-08-13,53454,2025081305005561,SAHAS,Nepal Stock House (PVT) Ltd.,Linch Stock Market Ltd.,15,667.5,10012.5,2025-08-13 12:09:07.774706
2025-08-13,53453,2025081305005562,SAHAS,Online Securities Pvt. Ltd.,Linch Stock Market Ltd.,16,667.5,10680.0,2025-08-13 12:09:07.775067
2025-08-13,53452,2025081305005563,SAHAS,Kalika Securities Pvt. Ltd.,Linch Stock Market Ltd.,120,667.4,80088.0,2025-08-13 12:09:07.775201
2025-08-13,53451,2025081305005564,SAHAS,Asian Securities Private Ltd.,Linch Stock Market Ltd.,50,667.3,33365.0,2025-08-13 12:09:07.775339
2025-08-13,53450,2025081305005565,SAHAS,Imperial Securities Company Pvt. Ltd.,Linch Stock Market Ltd.,500,667.3,333650.0,2025-08-13 12:09:07.775466
2025-08-13,53449,2025081305005566,SAHAS,Nepal Stock House (PVT) Ltd.,Linch Stock Market Ltd.,40,667.2,26688.0,2025-08-13 12:09:07.775597
2025-08-13,53448,2025081305005567,SAHAS,Aakashbhairab Securities Ltd.,Linch Stock Market Ltd.,247,667.2,164798.4,2025-08-13 12:09:07.775724
2025-08-13,53437,2025081305005569,SAHAS,Kalika Securities Pvt. Ltd.,Dynamic Money Managers Securities Pvt. Ltd.,10,668.0,6680.0,2025-08-13 12:09:10.695106
2025-08-13,53264,2025081305005627,SAHAS,Ashutosh Brokerage & Securities (PVT) Ltd.,Sweta Securities Private Limited,10,668.1,6681.0,2025-08-13 12:09:59.233768
2025-08-13,53126,2025081305005669,SAHAS,Ashutosh Brokerage & Securities (PVT) Ltd.,Aryatara Investment & Securities,150,668.1,100215.0,2025-08-13 12:10:40.040286
2025-08-13,52845,2025081305005766,SAHAS,Ashutosh Brokerage & Securities (PVT) Ltd.,Deevyaa Securities & Stock House Pvt. Ltd,10,668.1,6681.0,2025-08-13 12:11:49.814231
2025-08-13,52818,2025081305005773,SAHAS,Ashutosh Brokerage & Securities (PVT) Ltd.,Online Securities Pvt. Ltd.,108,668.1,72154.8,2025-08-13 12:12:00.612904
2025-08-13,52594,2025081305005851,SAHAS,Ashutosh Brokerage & Securities (PVT) Ltd.,Sani Securities Company Ltd.,216,668.1,144309.6,2025-08-13 12:12:58.550759
2025-08-13,52472,2025081305005880,SAHAS,Kalika Securities Pvt. Ltd.,Sri Hari Securities Pvt. Ltd.,10,668.0,6680.0,2025-08-13 12:13:24.063195
2025-08-13,52460,2025081305005886,SAHAS,Kalika Securities Pvt. Ltd.,Imperial Securities Company Pvt. Ltd.,10,668.0,6680.0,2025-08-13 12:13:26.180014
2025-08-13,52459,2025081305005887,SAHAS,Online Securities Pvt. Ltd.,Imperial Securities Company Pvt. Ltd.,500,668.0,334000.0,2025-08-13 12:13:26.180360
2025-08-13,52458,2025081305005888,SAHAS,Aakashbhairab Securities Ltd.,Imperial Securities Company Pvt. Ltd.,253,667.2,168801.6,2025-08-13 12:13:26.180502
2025-08-13,52457,2025081305005889,SAHAS,Kohinoor Investment & Securities Pvt. Ltd.,Imperial Securities Company Pvt. Ltd.,20,667.2,13344.0,2025-08-13 12:13:26.180674
2025-08-13,52456,2025081305005890,SAHAS,Opal Securities Investment (PVT) Ltd.,Imperial Securities Company Pvt. Ltd.,75,667.1,50032.5,2025-08-13 12:13:26.180830
2025-08-13,52455,2025081305005891,SAHAS,Midas Stock Broking Company Private Limited,Imperial Securities Company Pvt. Ltd.,488,667.0,325496.0,2025-08-13 12:13:26.180966
2025-08-13,51719,2025081305006208,SAHAS,Secured Securities Ltd.,Aryatara Investment & Securities,10,668.2,6682.0,2025-08-13 12:16:39.879364
2025-08-13,51485,2025081305006292,SAHAS,Secured Securities Ltd.,Vision Securities Pvt. Ltd,10,668.2,6682.0,2025-08-13 12:17:41.581767
2025-08-13,51301,2025081305006358,SAHAS,J.F. Securites (PVT) Ltd.,Naasa Securities Co. Ltd.,10,668.9,6689.0,2025-08-13 12:18:32.634528
2025-08-13,51085,2025081305006426,SAHAS,Cristal Kanchanjanga Securites Pvt. Ltd.,Online Securities Pvt. Ltd.,10,669.0,6690.0,2025-08-13 12:19:14.408154
2025-08-13,51084,2025081305006427,SAHAS,Cristal Kanchanjanga Securites Pvt. Ltd.,Dynamic Money Managers Securities Pvt. Ltd.,30,669.0,20070.0,2025-08-13 12:19:14.408917
2025-08-13,51009,2025081305006453,SAHAS,Kalika Securities Pvt. Ltd.,Machhapuchchhre Securities Limited,100,668.5,66850.0,2025-08-13 12:19:32.933921
2025-08-13,50961,2025081305006466,SAHAS,Kalika Securities Pvt. Ltd.,Naasa Securities Co. Ltd.,20,668.5,13370.0,2025-08-13 12:19:44.129470
2025-08-13,50894,2025081305006497,SAHAS,Sharepro Securities Private Limited,Naasa Securities Co. Ltd.,88,668.5,58828.0,2025-08-13 12:20:10.557283
2025-08-13,50893,2025081305006498,SAHAS,Sharepro Securities Private Limited,Dynamic Money Managers Securities Pvt. Ltd.,12,669.0,8028.0,2025-08-13 12:20:10.558005
2025-08-13,50792,2025081305006540,SAHAS,Secured Securities Ltd.,Sani Securities Company Ltd.,168,668.2,112257.6,2025-08-13 12:20:35.855060
2025-08-13,50667,2025081305006585,SAHAS,Aryatara Investment & Securities,Sani Securities Company Ltd.,48,668.2,32073.6,2025-08-13 12:21:13.271787
2025-08-13,50620,2025081305006618,SAHAS,Creative Securities Pvt Ltd,Sumeru Securities Pvt. Ltd.,10,668.0,6680.0,2025-08-13 12:21:23.332396
2025-08-13,50495,2025081305006674,SAHAS,Creative Securities Pvt Ltd,ABC Securities Private Limited,20,668.0,13360.0,2025-08-13 12:22:00.671945
2025-08-13,50494,2025081305006675,SAHAS,Midas Stock Broking Company Private Limited,ABC Securities Private Limited,88,668.0,58784.0,2025-08-13 12:22:00.672290
2025-08-13,50491,2025081305006676,SAHAS,Midas Stock Broking Company Private Limited,Dipshikha Dhitopatra Karobar Co. Pvt Ltd.,10,668.0,6680.0,2025-08-13 12:22:02.681140
2025-08-13,49912,2025081305006898,SAHAS,Midas Stock Broking Company Private Limited,Sundhara Securities Limited,10,668.0,6680.0,2025-08-13 12:24:37.583482
2025-08-13,49876,2025081305006917,SAHAS,ABC Securities Private Limited,Dynamic Money Managers Securities Pvt. Ltd.,10,669.0,6690.0,2025-08-13 12:24:46.821017
2025-08-13,49828,2025081305006938,SAHAS,Midas Stock Broking Company Private Limited,Kumari Securities Private Limited,10,668.0,6680.0,2025-08-13 12:25:01.044419
2025-08-13,49767,2025081305006958,SAHAS,Midas Stock Broking Company Private Limited,Shree Krishna Securities Ltd.,500,668.0,334000.0,2025-08-13 12:25:17.069614
2025-08-13,49741,2025081305006965,SAHAS,Midas Stock Broking Company Private Limited,Aryatara Investment & Securities,10,668.9,6689.0,2025-08-13 12:25:22.902660
2025-08-13,49740,2025081305006966,SAHAS,Midas Stock Broking Company Private Limited,Dynamic Money Managers Securities Pvt. Ltd.,20,669.0,13380.0,2025-08-13 12:25:22.903023
2025-08-13,49548,2025081305007080,SAHAS,Midas Stock Broking Company Private Limited,Shree Krishna Securities Ltd.,282,668.0,188376.0,2025-08-13 12:25:56.229621
2025-08-13,49547,2025081305007081,SAHAS,Sani Securities Company Ltd.,Shree Krishna Securities Ltd.,100,668.0,66800.0,2025-08-13 12:25:56.230276
2025-08-13,49546,2025081305007082,SAHAS,Ashutosh Brokerage & Securities (PVT) Ltd.,Shree Krishna Securities Ltd.,500,667.2,333600.0,2025-08-13 12:25:56.230720
2025-08-13,49545,2025081305007083,SAHAS,Midas Stock Broking Company Private Limited,Shree Krishna Securities Ltd.,512,667.0,341504.0,2025-08-13 12:25:56.231150
2025-08-13,49544,2025081305007084,SAHAS,Sharepro Securities Private Limited,Shree Krishna Securities Ltd.,606,667.0,404202.0,2025-08-13 12:25:56.231614
2025-08-13,49058,2025081305007252,SAHAS,Online Securities Pvt. Ltd.,Miyo Securities Pvt Ltd,10,668.0,6680.0,2025-08-13 12:28:32.815091
2025-08-13,48751,2025081305007378,SAHAS,Aakashbhairab Securities Ltd.,Dynamic Money Managers Securities Pvt. Ltd.,28,669.0,18732.0,2025-08-13 12:29:51.955464
2025-08-13,48750,2025081305007379,SAHAS,Aakashbhairab Securities Ltd.,Thrive Brokerage House Pvt. Ltd,10,669.0,6690.0,2025-08-13 12:29:51.956140
2025-08-13,48749,2025081305007380,SAHAS,Aakashbhairab Securities Ltd.,Dipshikha Dhitopatra Karobar Co. Pvt Ltd.,260,669.0,173940.0,2025-08-13 12:29:51.956588
2025-08-13,48728,2025081305007385,SAHAS,Aakashbhairab Securities Ltd.,Dynamic Money Managers Securities Pvt. Ltd.,200,669.0,133800.0,2025-08-13 12:29:58.291652
2025-08-13,48641,2025081305007417,SAHAS,Trishakti Securities Public Limited,Neev Securities Pvt. Ltd.,100,669.0,66900.0,2025-08-13 12:30:25.865960
2025-08-13,48388,2025081305007496,SAHAS,Aakashbhairab Securities Ltd.,Neev Securities Pvt. Ltd.,12,669.0,8028.0,2025-08-13 12:31:42.265857
2025-08-13,48327,2025081305007519,SAHAS,Premier Securities Company Ltd.,Malla & Malla Stock Broking Company Pvt. Limited,100,668.3,66830.0,2025-08-13 12:32:01.390801
2025-08-13,48326,2025081305007520,SAHAS,Arun Securities (PVT) Ltd.,Malla & Malla Stock Broking Company Pvt. Limited,15,668.2,10023.0,2025-08-13 12:32:01.391222
2025-08-13,48325,2025081305007521,SAHAS,Cristal Kanchanjanga Securites Pvt. Ltd.,Malla & Malla Stock Broking Company Pvt. Limited,35,668.2,23387.0,2025-08-13 12:32:01.391395
2025-08-13,48168,2025081305007565,SAHAS,Cristal Kanchanjanga Securites Pvt. Ltd.,Sweta Securities Private Limited,30,668.2,20046.0,2025-08-13 12:32:38.483436
2025-08-13,48143,2025081305007580,SAHAS,Cristal Kanchanjanga Securites Pvt. Ltd.,Dipshikha Dhitopatra Karobar Co. Pvt Ltd.,10,668.2,6682.0,2025-08-13 12:32:45.264555
2025-08-13,48086,2025081305007606,SAHAS,Cristal Kanchanjanga Securites Pvt. Ltd.,ABC Securities Private Limited,200,668.2,133640.0,2025-08-13 12:32:58.449571
2025-08-13,48030,2025081305007621,SAHAS,Cristal Kanchanjanga Securites Pvt. Ltd.,Miyo Securities Pvt Ltd,10,668.2,6682.0,2025-08-13 12:33:08.888212
2025-08-13,47777,2025081305007730,SAHAS,Imperial Securities Company Pvt. Ltd.,Neev Securities Pvt. Ltd.,148,669.0,99012.0,2025-08-13 12:33:55.183566
2025-08-13,47724,2025081305007763,SAHAS,Cristal Kanchanjanga Securites Pvt. Ltd.,Online Securities Pvt. Ltd.,54,668.2,36082.8,2025-08-13 12:34:08.610395
2025-08-13,47575,2025081305007847,SAHAS,Kumari Securities Private Limited,Naasa Securities Co. Ltd.,30,668.3,20049.0,2025-08-13 12:34:34.730488
2025-08-13,47545,2025081305007852,SAHAS,Kumari Securities Private Limited,Naasa Securities Co. Ltd.,10,668.3,6683.0,2025-08-13 12:34:41.681112
2025-08-13,47352,2025081305007911,SAHAS,Kumari Securities Private Limited,Vision Securities Pvt. Ltd,10,668.3,6683.0,2025-08-13 12:35:50.419054
2025-08-13,47348,2025081305007913,SAHAS,Kumari Securities Private Limited,Neev Securities Pvt. Ltd.,10,668.3,6683.0,2025-08-13 12:35:51.066407
2025-08-13,46938,2025081305008046,SAHAS,Dynamic Money Managers Securities Pvt. Ltd.,Dipshikha Dhitopatra Karobar Co. Pvt Ltd.,18,668.6,12034.8,2025-08-13 12:37:41.440519
2025-08-13,46906,2025081305008056,SAHAS,Dynamic Money Managers Securities Pvt. Ltd.,Online Securities Pvt. Ltd.,10,668.6,6686.0,2025-08-13 12:37:49.222868
2025-08-13,46732,2025081305008119,SAHAS,Creative Securities Pvt Ltd,Neev Securities Pvt. Ltd.,10,669.0,6690.0,2025-08-13 12:38:42.321833
2025-08-13,46731,2025081305008120,SAHAS,Creative Securities Pvt Ltd,Sri Hari Securities Pvt. Ltd.,107,669.0,71583.0,2025-08-13 12:38:42.322549
2025-08-13,46730,2025081305008121,SAHAS,Creative Securities Pvt Ltd,Nepal Stock House (PVT) Ltd.,83,669.0,55527.0,2025-08-13 12:38:42.323000
2025-08-13,46708,2025081305008129,SAHAS,Dynamic Money Managers Securities Pvt. Ltd.,Nepal Stock House (PVT) Ltd.,25,669.0,16725.0,2025-08-13 12:38:45.795576
2025-08-13,46630,2025081305008171,SAHAS,SHUBHAKAMANA SECURITIES PVT. LTD,Nepal Investment And Securities Trading Private Limited,30,669.5,20085.0,2025-08-13 12:39:04.858619
2025-08-13,46204,2025081305008408,SAHAS,Siprabi Securities Pvt. Ltd.,Sri Hari Securities Pvt. Ltd.,100,669.4,66940.0,2025-08-13 12:40:25.142277
2025-08-13,46141,2025081305008458,SAHAS,Trishakti Securities Public Limited,Sri Hari Securities Pvt. Ltd.,100,669.4,66940.0,2025-08-13 12:40:35.806598
2025-08-13,45978,2025081305008550,SAHAS,Naasa Securities Co. Ltd.,Sri Hari Securities Pvt. Ltd.,10,669.4,6694.0,2025-08-13 12:41:11.560142
2025-08-13,45948,2025081305008560,SAHAS,Capital Max Securities Ltd,Sri Hari Securities Pvt. Ltd.,490,669.4,328006.0,2025-08-13 12:41:24.779665
2025-08-13,45884,2025081305008598,SAHAS,Sani Securities Company Ltd.,Nepal Investment And Securities Trading Private Limited,100,669.5,66950.0,2025-08-13 12:41:31.491474
2025-08-13,45826,2025081305008628,SAHAS,Capital Max Securities Ltd,Sri Hari Securities Pvt. Ltd.,10,669.4,6694.0,2025-08-13 12:41:45.387508
2025-08-13,45727,2025081305008672,SAHAS,Dipshikha Dhitopatra Karobar Co. Pvt Ltd.,Sri Hari Securities Pvt. Ltd.,60,669.4,40164.0,2025-08-13 12:42:08.058140
2025-08-13,45714,2025081305008678,SAHAS,Vision Securities Pvt. Ltd,Sri Hari Securities Pvt. Ltd.,430,669.4,287842.0,2025-08-13 12:42:10.280167
2025-08-13,45713,2025081305008679,SAHAS,Vision Securities Pvt. Ltd,Nepal Investment And Securities Trading Private Limited,370,669.5,247715.0,2025-08-13 12:42:10.280625
2025-08-13,45712,2025081305008680,SAHAS,Vision Securities Pvt. Ltd,Shree Krishna Securities Ltd.,800,669.5,535600.0,2025-08-13 12:42:10.280815
2025-08-13,45674,2025081305008703,SAHAS,Sani Securities Company Ltd.,Shree Krishna Securities Ltd.,200,669.5,133900.0,2025-08-13 12:42:17.972420
2025-08-13,45673,2025081305008704,SAHAS,Sani Securities Company Ltd.,Sani Securities Company Ltd.,10,669.5,6695.0,2025-08-13 12:42:17.973118
2025-08-13,45639,2025081305008723,SAHAS,Sani Securities Company Ltd.,Malla & Malla Stock Broking Company Pvt. Limited,10,669.5,6695.0,2025-08-13 12:42:28.658696
2025-08-13,45631,2025081305008725,SAHAS,Aryatara Investment & Securities,ABC Securities Private Limited,200,669.9,133980.0,2025-08-13 12:42:31.727814
2025-08-13,45587,2025081305008744,SAHAS,Sumeru Securities Pvt. Ltd.,Sani Securities Company Ltd.,8,665.0,5320.0,2025-08-13 12:42:49.565642
2025-08-13,45579,2025081305008748,SAHAS,Kumari Securities Private Limited,Online Securities Pvt. Ltd.,50,670.0,33500.0,2025-08-13 12:42:52.459175
2025-08-13,45562,2025081305008758,SAHAS,Sumeru Securities Pvt. Ltd.,Online Securities Pvt. Ltd.,1,666.0,666.0,2025-08-13 12:42:58.597106
2025-08-13,45551,2025081305008765,SAHAS,Trishakti Securities Public Limited,Nepal Investment And Securities Trading Private Limited,10,670.0,6700.0,2025-08-13 12:42:59.702146
2025-08-13,45550,2025081305008766,SAHAS,Trishakti Securities Public Limited,Sani Securities Company Ltd.,10,670.0,6700.0,2025-08-13 12:42:59.702546
2025-08-13,45549,2025081305008767,SAHAS,Trishakti Securities Public Limited,Naasa Securities Co. Ltd.,10,670.0,6700.0,2025-08-13 12:42:59.702729
2025-08-13,45548,2025081305008768,SAHAS,Trishakti Securities Public Limited,Kumari Securities Private Limited,50,670.0,33500.0,2025-08-13 12:42:59.702884
2025-08-13,45547,2025081305008769,SAHAS,Trishakti Securities Public Limited,Aryatara Investment & Securities,10,670.0,6700.0,2025-08-13 12:42:59.703037
2025-08-13,45546,2025081305008770,SAHAS,Trishakti Securities Public Limited,Online Securities Pvt. Ltd.,410,670.0,274700.0,2025-08-13 12:42:59.703210
2025-08-13,45448,2025081305008848,SAHAS,Sumeru Securities Pvt. Ltd.,Naasa Securities Co. Ltd.,9,666.0,5994.0,2025-08-13 12:43:07.633417
2025-08-13,45370,2025081305008901,SAHAS,Trishakti Securities Public Limited,Sri Hari Securities Pvt. Ltd.,100,669.9,66990.0,2025-08-13 12:43:18.815005
2025-08-13,45337,2025081305008916,SAHAS,Dakshinkali Investment & Securities Pvt. Ltd.,Sri Hari Securities Pvt. Ltd.,400,669.9,267960.0,2025-08-13 12:43:25.773085
2025-08-13,45336,2025081305008917,SAHAS,Dakshinkali Investment & Securities Pvt. Ltd.,Online Securities Pvt. Ltd.,90,670.0,60300.0,2025-08-13 12:43:25.773497
2025-08-13,45335,2025081305008918,SAHAS,Dakshinkali Investment & Securities Pvt. Ltd.,Dakshinkali Investment & Securities Pvt. Ltd.,10,670.0,6700.0,2025-08-13 12:43:25.773686
2025-08-13,45290,2025081305008945,SAHAS,Dakshinkali Investment & Securities Pvt. Ltd.,Naasa Securities Co. Ltd.,10,670.0,6700.0,2025-08-13 12:43:34.837235
2025-08-13,45289,2025081305008946,SAHAS,Dakshinkali Investment & Securities Pvt. Ltd.,Aryatara Investment & Securities,10,670.0,6700.0,2025-08-13 12:43:34.837918
2025-08-13,45288,2025081305008947,SAHAS,Dakshinkali Investment & Securities Pvt. Ltd.,Agrawal Securities (PVT) Ltd.,100,670.0,67000.0,2025-08-13 12:43:34.838397
2025-08-13,45287,2025081305008948,SAHAS,Dakshinkali Investment & Securities Pvt. Ltd.,Agrawal Securities (PVT) Ltd.,121,670.0,81070.0,2025-08-13 12:43:34.838845
2025-08-13,45286,2025081305008949,SAHAS,Dakshinkali Investment & Securities Pvt. Ltd.,Naasa Securities Co. Ltd.,10,670.0,6700.0,2025-08-13 12:43:34.839340
2025-08-13,45285,2025081305008950,SAHAS,Dakshinkali Investment & Securities Pvt. Ltd.,Agrawal Securities (PVT) Ltd.,50,670.0,33500.0,2025-08-13 12:43:34.839794
2025-08-13,45284,2025081305008951,SAHAS,Dakshinkali Investment & Securities Pvt. Ltd.,Kumari Securities Private Limited,199,670.0,133330.0,2025-08-13 12:43:34.840237
2025-08-13,45244,2025081305008968,SAHAS,Dynamic Money Managers Securities Pvt. Ltd.,Pragyan Securities (PVT) Ltd.,10,669.6,6696.0,2025-08-13 12:43:44.965396
2025-08-13,45221,2025081305008987,SAHAS,SHUBHAKAMANA SECURITIES PVT. LTD,Kumari Securities Private Limited,15,670.0,10050.0,2025-08-13 12:43:47.261272
2025-08-13,45173,2025081305009009,SAHAS,Primo Securities (PVT) Ltd.,Kumari Securities Private Limited,175,670.0,117250.0,2025-08-13 12:43:56.687827
2025-08-13,45110,2025081305009038,SAHAS,Kalika Securities Pvt. Ltd.,Kumari Securities Private Limited,411,670.0,275370.0,2025-08-13 12:44:18.772087
2025-08-13,45109,2025081305009039,SAHAS,Kalika Securities Pvt. Ltd.,Midas Stock Broking Company Private Limited,30,670.0,20100.0,2025-08-13 12:44:18.772812
2025-08-13,45108,2025081305009040,SAHAS,Kalika Securities Pvt. Ltd.,Sani Securities Company Ltd.,270,670.0,180900.0,2025-08-13 12:44:18.773291
2025-08-13,45107,2025081305009041,SAHAS,Kalika Securities Pvt. Ltd.,Sweta Securities Private Limited,289,670.0,193630.0,2025-08-13 12:44:18.773759
2025-08-13,45103,2025081305009042,SAHAS,Trishakti Securities Public Limited,Sweta Securities Private Limited,100,670.0,67000.0,2025-08-13 12:44:20.451114
2025-08-13,45080,2025081305009053,SAHAS,Trishakti Securities Public Limited,Sweta Securities Private Limited,60,670.0,40200.0,2025-08-13 12:44:24.467552
2025-08-13,45075,2025081305009058,SAHAS,Vision Securities Pvt. Ltd,Sweta Securities Private Limited,351,670.0,235170.0,2025-08-13 12:44:25.347374
2025-08-13,45074,2025081305009059,SAHAS,Vision Securities Pvt. Ltd,Premier Securities Company Ltd.,10,670.0,6700.0,2025-08-13 12:44:25.347738
2025-08-13,45073,2025081305009060,SAHAS,Vision Securities Pvt. Ltd,Deevyaa Securities & Stock House Pvt. Ltd,10,670.0,6700.0,2025-08-13 12:44:25.347890
2025-08-13,45072,2025081305009061,SAHAS,Vision Securities Pvt. Ltd,Naasa Securities Co. Ltd.,10,670.0,6700.0,2025-08-13 12:44:25.348033
2025-08-13,44978,2025081305009101,SAHAS,Sri Hari Securities Pvt. Ltd.,Shree Krishna Securities Ltd.,100,670.8,67080.0,2025-08-13 12:44:56.162536
2025-08-13,44949,2025081305009112,SAHAS,Vision Securities Pvt. Ltd,Shree Krishna Securities Ltd.,119,670.8,79825.2,2025-08-13 12:45:04.645021
2025-08-13,44934,2025081305009118,SAHAS,ABC Securities Private Limited,Shree Krishna Securities Ltd.,200,670.8,134160.0,2025-08-13 12:45:08.814395
2025-08-13,44723,2025081305009201,SAHAS,ABC Securities Private Limited,Shree Krishna Securities Ltd.,81,670.8,54334.8,2025-08-13 12:45:47.116494
2025-08-13,44722,2025081305009202,SAHAS,ABC Securities Private Limited,Shree Krishna Securities Ltd.,219,670.8,146905.2,2025-08-13 12:45:47.116927
2025-08-13,44620,2025081305009240,SAHAS,ABC Securities Private Limited,Sri Hari Securities Pvt. Ltd.,50,670.7,33535.0,2025-08-13 12:46:12.335786
2025-08-13,44575,2025081305009261,SAHAS,Linch Stock Market Ltd.,Sri Hari Securities Pvt. Ltd.,100,670.7,67070.0,2025-08-13 12:46:25.361613
2025-08-13,44568,2025081305009266,SAHAS,Nepal Investment And Securities Trading Private Limited,Sundhara Securities Limited,10,670.0,6700.0,2025-08-13 12:46:29.840441
2025-08-13,44561,2025081305009269,SAHAS,Nepal Investment And Securities Trading Private Limited,Arun Securities (PVT) Ltd.,10,670.0,6700.0,2025-08-13 12:46:33.762011
2025-08-13,44560,2025081305009270,SAHAS,Linch Stock Market Ltd.,Arun Securities (PVT) Ltd.,10,670.0,6700.0,2025-08-13 12:46:33.762420
2025-08-13,44499,2025081305009306,SAHAS,Dynamic Money Managers Securities Pvt. Ltd.,ABC Securities Private Limited,30,670.0,20100.0,2025-08-13 12:46:50.739782
2025-08-13,44470,2025081305009323,SAHAS,Cristal Kanchanjanga Securites Pvt. Ltd.,Sri Hari Securities Pvt. Ltd.,80,670.7,53656.0,2025-08-13 12:46:58.965949
2025-08-13,44469,2025081305009324,SAHAS,Cristal Kanchanjanga Securites Pvt. Ltd.,Shree Krishna Securities Ltd.,781,670.8,523894.8,2025-08-13 12:46:58.965989
2025-08-13,44468,2025081305009325,SAHAS,Cristal Kanchanjanga Securites Pvt. Ltd.,Aryatara Investment & Securities,400,670.9,268360.0,2025-08-13 12:46:58.966019
2025-08-13,44467,2025081305009326,SAHAS,Cristal Kanchanjanga Securites Pvt. Ltd.,Nepal Investment And Securities Trading Private Limited,10,671.0,6710.0,2025-08-13 12:46:58.966048
2025-08-13,44466,2025081305009327,SAHAS,Cristal Kanchanjanga Securites Pvt. Ltd.,Arun Securities (PVT) Ltd.,10,671.0,6710.0,2025-08-13 12:46:58.966078
2025-08-13,44465,2025081305009328,SAHAS,Cristal Kanchanjanga Securites Pvt. Ltd.,Naasa Securities Co. Ltd.,10,671.0,6710.0,2025-08-13 12:46:58.966118
2025-08-13,44464,2025081305009329,SAHAS,Cristal Kanchanjanga Securites Pvt. Ltd.,Shree Krishna Securities Ltd.,709,671.0,475739.0,2025-08-13 12:46:58.966142
2025-08-13,44412,2025081305009351,SAHAS,Sani Securities Company Ltd.,Vision Securities Pvt. Ltd,10,670.1,6701.0,2025-08-13 12:47:08.859715
2025-08-13,43473,2025081305009620,SAHAS,Dynamic Money Managers Securities Pvt. Ltd.,Sani Securities Company Ltd.,137,670.3,91831.1,2025-08-13 12:50:47.512840
2025-08-13,43472,2025081305009621,SAHAS,Blue Chip Securities Ltd,Sani Securities Company Ltd.,363,670.2,243282.6,2025-08-13 12:50:47.513286
2025-08-13,43229,2025081305009695,SAHAS,Blue Chip Securities Ltd,Sumeru Securities Pvt. Ltd.,10,670.2,6702.0,2025-08-13 12:51:50.103255
2025-08-13,43054,2025081305009794,SAHAS,Blue Chip Securities Ltd,Cristal Kanchanjanga Securites Pvt. Ltd.,100,670.2,67020.0,2025-08-13 12:52:19.617510
2025-08-13,42986,2025081305009844,SAHAS,Sani Securities Company Ltd.,Shree Krishna Securities Ltd.,291,671.0,195261.0,2025-08-13 12:52:28.819010
2025-08-13,42985,2025081305009845,SAHAS,Sani Securities Company Ltd.,Naasa Securities Co. Ltd.,10,671.0,6710.0,2025-08-13 12:52:28.819781
2025-08-13,42984,2025081305009846,SAHAS,Sani Securities Company Ltd.,Secured Securities Ltd.,10,671.0,6710.0,2025-08-13 12:52:28.820290
2025-08-13,42785,2025081305009926,SAHAS,Sani Securities Company Ltd.,Bhrikuti Stock Broking Co. Pvt. Ltd.,70,671.0,46970.0,2025-08-13 12:53:02.798381
2025-08-13,42706,2025081305009971,SAHAS,Sani Securities Company Ltd.,Sani Securities Company Ltd.,10,671.0,6710.0,2025-08-13 12:53:13.314918
2025-08-13,42679,2025081305009980,SAHAS,Sani Securities Company Ltd.,Primo Securities (PVT) Ltd.,784,671.0,526064.0,2025-08-13 12:53:22.800221
2025-08-13,42678,2025081305009981,SAHAS,Asian Securities Private Ltd.,Primo Securities (PVT) Ltd.,145,671.0,97295.0,2025-08-13 12:53:22.800635
2025-08-13,42576,2025081305010013,SAHAS,Blue Chip Securities Ltd,Linch Stock Market Ltd.,27,670.2,18095.4,2025-08-13 12:53:47.404258
2025-08-13,42575,2025081305010014,SAHAS,Miyo Securities Pvt Ltd,Linch Stock Market Ltd.,100,670.2,67020.0,2025-08-13 12:53:47.404998
2025-08-13,42574,2025081305010015,SAHAS,Sani Securities Company Ltd.,Linch Stock Market Ltd.,40,670.1,26804.0,2025-08-13 12:53:47.405510
2025-08-13,42573,2025081305010016,SAHAS,Aryatara Investment & Securities,Linch Stock Market Ltd.,30,670.1,20103.0,2025-08-13 12:53:47.405982
2025-08-13,42572,2025081305010017,SAHAS,ABC Securities Private Limited,Linch Stock Market Ltd.,250,670.0,167500.0,2025-08-13 12:53:47.406532
2025-08-13,42571,2025081305010018,SAHAS,Naasa Securities Co. Ltd.,Linch Stock Market Ltd.,10,670.0,6700.0,2025-08-13 12:53:47.407028
2025-08-13,42570,2025081305010019,SAHAS,ABC Securities Private Limited,Linch Stock Market Ltd.,43,670.0,28810.0,2025-08-13 12:53:47.407524
2025-08-13,42503,2025081305010037,SAHAS,ABC Securities Private Limited,Linch Stock Market Ltd.,57,670.0,38190.0,2025-08-13 12:53:56.457324
2025-08-13,42304,2025081305010118,SAHAS,Sumeru Securities Pvt. Ltd.,Thrive Brokerage House Pvt. Ltd,4,656.7,2626.8,2025-08-13 12:54:45.553934
2025-08-13,42014,2025081305010245,SAHAS,Online Securities Pvt. Ltd.,Dipshikha Dhitopatra Karobar Co. Pvt Ltd.,86,669.0,57534.0,2025-08-13 12:55:50.912396
2025-08-13,41855,2025081305010295,SAHAS,Machhapuchchhre Securities Limited,Linch Stock Market Ltd.,10,670.0,6700.0,2025-08-13 12:56:45.766097
2025-08-13,41612,2025081305010384,SAHAS,Blue Chip Securities Ltd,Linch Stock Market Ltd.,433,670.0,290110.0,2025-08-13 12:57:56.934866
2025-08-13,41611,2025081305010385,SAHAS,Blue Chip Securities Ltd,Secured Securities Ltd.,10,670.0,6700.0,2025-08-13 12:57:56.935289
2025-08-13,41527,2025081305010426,SAHAS,Blue Chip Securities Ltd,Trisul Securities & Invt. Ltd.,57,670.0,38190.0,2025-08-13 12:58:16.276972
2025-08-13,41451,2025081305010448,SAHAS,Online Securities Pvt. Ltd.,Trisul Securities & Invt. Ltd.,143,670.0,95810.0,2025-08-13 12:58:38.039836
2025-08-13,41385,2025081305010465,SAHAS,Online Securities Pvt. Ltd.,Sani Securities Company Ltd.,10,670.0,6700.0,2025-08-13 12:59:05.695706
2025-08-13,41311,2025081305010482,SAHAS,Online Securities Pvt. Ltd.,Siprabi Securities Pvt. Ltd.,10,670.0,6700.0,2025-08-13 12:59:22.186565
2025-08-13,41298,2025081305010483,SAHAS,Online Securities Pvt. Ltd.,Nabil Stock Dealer Ltd.,10,670.0,6700.0,2025-08-13 12:59:24.776200
2025-08-13,41228,2025081305010504,SAHAS,Online Securities Pvt. Ltd.,Sri Hari Securities Pvt. Ltd.,327,670.0,219090.0,2025-08-13 12:59:45.192798
2025-08-13,40964,2025081305010579,SAHAS,Online Securities Pvt. Ltd.,Agrawal Securities (PVT) Ltd.,10,669.0,6690.0,2025-08-13 13:00:45.233552
2025-08-13,40755,2025081305010666,SAHAS,Online Securities Pvt. Ltd.,Prabhu Stock Market Limited,43,669.0,28767.0,2025-08-13 13:01:39.386698
2025-08-13,40754,2025081305010667,SAHAS,Linch Stock Market Ltd.,Prabhu Stock Market Limited,50,669.0,33450.0,2025-08-13 13:01:39.386753
2025-08-13,40753,2025081305010668,SAHAS,Aryatara Investment & Securities,Prabhu Stock Market Limited,150,669.0,100350.0,2025-08-13 13:01:39.386780
2025-08-13,40752,2025081305010669,SAHAS,Nepal Investment And Securities Trading Private Limited,Prabhu Stock Market Limited,17,668.9,11371.3,2025-08-13 13:01:39.386808
2025-08-13,40245,2025081305010835,SAHAS,Nepal Investment And Securities Trading Private Limited,Sani Securities Company Ltd.,33,668.9,22073.7,2025-08-13 13:03:08.216697
2025-08-13,40244,2025081305010836,SAHAS,Nepal Investment And Securities Trading Private Limited,Sani Securities Company Ltd.,50,668.9,33445.0,2025-08-13 13:03:08.217109
2025-08-13,39801,2025081305010929,SAHAS,Thrive Brokerage House Pvt. Ltd,KALASH STOCK MARKET PVT. LTD.,100,668.3,66830.0,2025-08-13 13:04:17.857832
2025-08-13,39800,2025081305010930,SAHAS,Thrive Brokerage House Pvt. Ltd,KALASH STOCK MARKET PVT. LTD.,100,668.3,66830.0,2025-08-13 13:04:17.858276
2025-08-13,39799,2025081305010931,SAHAS,Cristal Kanchanjanga Securites Pvt. Ltd.,KALASH STOCK MARKET PVT. LTD.,161,668.2,107580.2,2025-08-13 13:04:17.858541
2025-08-13,39798,2025081305010932,SAHAS,Ashutosh Brokerage & Securities (PVT) Ltd.,KALASH STOCK MARKET PVT. LTD.,300,668.1,200430.0,2025-08-13 13:04:17.858764
2025-08-13,39797,2025081305010933,SAHAS,Sri Hari Securities Pvt. Ltd.,KALASH STOCK MARKET PVT. LTD.,339,668.0,226452.0,2025-08-13 13:04:17.858969
2025-08-13,39706,2025081305010982,SAHAS,Sri Hari Securities Pvt. Ltd.,KALASH STOCK MARKET PVT. LTD.,161,668.0,107548.0,2025-08-13 13:04:29.902813
2025-08-13,39705,2025081305010983,SAHAS,Trisul Securities & Invt. Ltd.,KALASH STOCK MARKET PVT. LTD.,839,667.5,560032.5,2025-08-13 13:04:29.903204
2025-08-13,39649,2025081305011006,SAHAS,Trisul Securities & Invt. Ltd.,KALASH STOCK MARKET PVT. LTD.,161,667.5,107467.5,2025-08-13 13:04:41.938609
2025-08-13,39648,2025081305011007,SAHAS,Sharepro Securities Private Limited,KALASH STOCK MARKET PVT. LTD.,144,667.0,96048.0,2025-08-13 13:04:41.939342
2025-08-13,39647,2025081305011008,SAHAS,Dipshikha Dhitopatra Karobar Co. Pvt Ltd.,KALASH STOCK MARKET PVT. LTD.,10,667.0,6670.0,2025-08-13 13:04:41.939824
2025-08-13,39646,2025081305011009,SAHAS,Sani Securities Company Ltd.,KALASH STOCK MARKET PVT. LTD.,10,667.0,6670.0,2025-08-13 13:04:41.940337
2025-08-13,39645,2025081305011010,SAHAS,Secured Securities Ltd.,KALASH STOCK MARKET PVT. LTD.,10,667.0,6670.0,2025-08-13 13:04:41.940808
2025-08-13,39644,2025081305011011,SAHAS,Kalika Securities Pvt. Ltd.,KALASH STOCK MARKET PVT. LTD.,50,667.0,33350.0,2025-08-13 13:04:41.941281
2025-08-13,39643,2025081305011012,SAHAS,KALASH STOCK MARKET PVT. LTD.,KALASH STOCK MARKET PVT. LTD.,100,667.0,66700.0,2025-08-13 13:04:41.941763
2025-08-13,39580,2025081305011026,SAHAS,Cristal Kanchanjanga Securites Pvt. Ltd.,KALASH STOCK MARKET PVT. LTD.,50,666.7,33335.0,2025-08-13 13:04:54.982198
2025-08-13,39579,2025081305011027,SAHAS,Hatemalo Financial Services Private Limited,KALASH STOCK MARKET PVT. LTD.,145,666.7,96671.5,2025-08-13 13:04:54.982601
2025-08-13,39578,2025081305011028,SAHAS,Secured Securities Ltd.,KALASH STOCK MARKET PVT. LTD.,805,666.6,536613.0,2025-08-13 13:04:54.982766
2025-08-13,39439,2025081305011076,SAHAS,Cristal Kanchanjanga Securites Pvt. Ltd.,KALASH STOCK MARKET PVT. LTD.,500,667.0,333500.0,2025-08-13 13:05:20.917645
2025-08-13,39426,2025081305011080,SAHAS,Secured Securities Ltd.,Kumari Securities Private Limited,10,666.6,6666.0,2025-08-13 13:05:23.014418
2025-08-13,39394,2025081305011093,SAHAS,Global IME Securities Limited,KALASH STOCK MARKET PVT. LTD.,15,667.0,10005.0,2025-08-13 13:05:33.089267
2025-08-13,39393,2025081305011094,SAHAS,Global IME Securities Limited,Dakshinkali Investment & Securities Pvt. Ltd.,20,667.0,13340.0,2025-08-13 13:05:33.089684
2025-08-13,38364,2025081305011424,SAHAS,Global IME Securities Limited,Nepal Stock House (PVT) Ltd.,10,667.0,6670.0,2025-08-13 13:09:04.750975
2025-08-13,38210,2025081305011461,SAHAS,Global IME Securities Limited,Imperial Securities Company Pvt. Ltd.,10,667.0,6670.0,2025-08-13 13:09:41.330752
2025-08-13,38181,2025081305011466,SAHAS,Global IME Securities Limited,Online Securities Pvt. Ltd.,145,667.0,96715.0,2025-08-13 13:09:47.256995
2025-08-13,38180,2025081305011467,SAHAS,Swarna Laxmi Securities Pvt. Ltd.,Online Securities Pvt. Ltd.,700,667.0,466900.0,2025-08-13 13:09:47.257413
2025-08-13,38179,2025081305011468,SAHAS,Indira securities pvt. ltd,Online Securities Pvt. Ltd.,185,667.0,123395.0,2025-08-13 13:09:47.257579
2025-08-13,37555,2025081305011716,SAHAS,Nepal Stock House (PVT) Ltd.,J.F. Securites (PVT) Ltd.,10,667.2,6672.0,2025-08-13 13:12:15.581723
2025-08-13,37065,2025081305011902,SAHAS,Vision Securities Pvt. Ltd,Nepal Investment And Securities Trading Private Limited,10,668.0,6680.0,2025-08-13 13:14:38.086917
2025-08-13,36962,2025081305011941,SAHAS,Vision Securities Pvt. Ltd,Sumeru Securities Pvt. Ltd.,10,668.0,6680.0,2025-08-13 13:15:06.737856
2025-08-13,36943,2025081305011946,SAHAS,Vision Securities Pvt. Ltd,Opal Securities Investment (PVT) Ltd.,10,668.0,6680.0,2025-08-13 13:15:11.315176
2025-08-13,36873,2025081305011966,SAHAS,Vision Securities Pvt. Ltd,Arun Securities (PVT) Ltd.,10,668.0,6680.0,2025-08-13 13:15:30.526072
2025-08-13,36542,2025081305012054,SAHAS,Vision Securities Pvt. Ltd,ABC Securities Private Limited,20,668.0,13360.0,2025-08-13 13:17:25.112948
2025-08-13,36541,2025081305012055,SAHAS,Nepal Stock House (PVT) Ltd.,ABC Securities Private Limited,15,667.2,10008.0,2025-08-13 13:17:25.113352
2025-08-13,36540,2025081305012056,SAHAS,Dynamic Money Managers Securities Pvt. Ltd.,ABC Securities Private Limited,100,667.1,66710.0,2025-08-13 13:17:25.113540
2025-08-13,36539,2025081305012057,SAHAS,Indira securities pvt. ltd,ABC Securities Private Limited,115,667.0,76705.0,2025-08-13 13:17:25.113705
2025-08-13,36538,2025081305012058,SAHAS,Naasa Securities Co. Ltd.,ABC Securities Private Limited,50,667.0,33350.0,2025-08-13 13:17:25.113879
2025-08-13,36500,2025081305012080,SAHAS,Cristal Kanchanjanga Securites Pvt. Ltd.,Agrawal Securities (PVT) Ltd.,10,666.7,6667.0,2025-08-13 13:17:30.514935
2025-08-13,36499,2025081305012081,SAHAS,Imperial Securities Company Pvt. Ltd.,Agrawal Securities (PVT) Ltd.,35,666.7,23334.5,2025-08-13 13:17:30.515294
2025-08-13,36498,2025081305012082,SAHAS,Secured Securities Ltd.,Agrawal Securities (PVT) Ltd.,175,666.6,116655.0,2025-08-13 13:17:30.515483
2025-08-13,36497,2025081305012083,SAHAS,KALASH STOCK MARKET PVT. LTD.,Agrawal Securities (PVT) Ltd.,100,666.6,66660.0,2025-08-13 13:17:30.515692
2025-08-13,36496,2025081305012084,SAHAS,Nepal Stock House (PVT) Ltd.,Agrawal Securities (PVT) Ltd.,100,666.6,66660.0,2025-08-13 13:17:30.515853
2025-08-13,36495,2025081305012085,SAHAS,Nepal Stock House (PVT) Ltd.,Agrawal Securities (PVT) Ltd.,50,666.5,33325.0,2025-08-13 13:17:30.516051
2025-08-13,36494,2025081305012086,SAHAS,Cristal Kanchanjanga Securites Pvt. Ltd.,Agrawal Securities (PVT) Ltd.,50,666.0,33300.0,2025-08-13 13:17:30.516236
2025-08-13,36493,2025081305012087,SAHAS,Online Securities Pvt. Ltd.,Agrawal Securities (PVT) Ltd.,10,666.0,6660.0,2025-08-13 13:17:30.516419
2025-08-13,36492,2025081305012088,SAHAS,Primo Securities (PVT) Ltd.,Agrawal Securities (PVT) Ltd.,75,666.0,49950.0,2025-08-13 13:17:30.516622
2025-08-13,36491,2025081305012089,SAHAS,Vision Securities Pvt. Ltd,Agrawal Securities (PVT) Ltd.,32,666.0,21312.0,2025-08-13 13:17:30.516811
2025-08-13,36490,2025081305012090,SAHAS,Kohinoor Investment & Securities Pvt. Ltd.,Agrawal Securities (PVT) Ltd.,15,666.0,9990.0,2025-08-13 13:17:30.517010
2025-08-13,36489,2025081305012091,SAHAS,Trademow Securities Private Limited,Agrawal Securities (PVT) Ltd.,65,666.0,43290.0,2025-08-13 13:17:30.517223
2025-08-13,36488,2025081305012092,SAHAS,Sani Securities Company Ltd.,Agrawal Securities (PVT) Ltd.,25,665.3,16632.5,2025-08-13 13:17:30.517468
2025-08-13,36487,2025081305012093,SAHAS,Dynamic Money Managers Securities Pvt. Ltd.,Agrawal Securities (PVT) Ltd.,258,665.3,171647.4,2025-08-13 13:17:30.517671
2025-08-13,36324,2025081305012154,SAHAS,Machhapuchchhre Securities Limited,ABC Securities Private Limited,10,668.9,6689.0,2025-08-13 13:18:12.733358
2025-08-13,35803,2025081305012327,SAHAS,Cristal Kanchanjanga Securites Pvt. Ltd.,Kohinoor Investment & Securities Pvt. Ltd.,10,666.0,6660.0,2025-08-13 13:20:50.134045
2025-08-13,35772,2025081305012342,SAHAS,Imperial Securities Company Pvt. Ltd.,ABC Securities Private Limited,190,667.9,126901.0,2025-08-13 13:20:58.464515
2025-08-13,35542,2025081305012422,SAHAS,Sri Hari Securities Pvt. Ltd.,Cristal Kanchanjanga Securites Pvt. Ltd.,100,668.0,66800.0,2025-08-13 13:21:51.980222
2025-08-13,35482,2025081305012443,SAHAS,Imperial Securities Company Pvt. Ltd.,Oxford Securities Pvt. Ltd.,10,667.9,6679.0,2025-08-13 13:22:16.670109
2025-08-13,35446,2025081305012463,SAHAS,Cristal Kanchanjanga Securites Pvt. Ltd.,Vision Securities Pvt. Ltd,40,666.0,26640.0,2025-08-13 13:22:25.639515
2025-08-13,35445,2025081305012464,SAHAS,Capital Max Securities Ltd,Vision Securities Pvt. Ltd,158,666.0,105228.0,2025-08-13 13:22:25.639989
2025-08-13,35444,2025081305012465,SAHAS,Dipshikha Dhitopatra Karobar Co. Pvt Ltd.,Vision Securities Pvt. Ltd,100,665.6,66560.0,2025-08-13 13:22:25.640204
2025-08-13,35443,2025081305012466,SAHAS,Nepal Investment And Securities Trading Private Limited,Vision Securities Pvt. Ltd,50,665.6,33280.0,2025-08-13 13:22:25.640416
2025-08-13,35442,2025081305012467,SAHAS,Creative Securities Pvt Ltd,Vision Securities Pvt. Ltd,100,665.6,66560.0,2025-08-13 13:22:25.640637
2025-08-13,35441,2025081305012468,SAHAS,Vision Securities Pvt. Ltd,Vision Securities Pvt. Ltd,2500,665.6,1664000.0,2025-08-13 13:22:25.640878
2025-08-13,35440,2025081305012469,SAHAS,Online Securities Pvt. Ltd.,Vision Securities Pvt. Ltd,52,665.5,34606.0,2025-08-13 13:22:25.641104
2025-08-13,35346,2025081305012506,SAHAS,Trishakti Securities Public Limited,Oxford Securities Pvt. Ltd.,195,667.0,130065.0,2025-08-13 13:22:59.971114
2025-08-13,35308,2025081305012530,SAHAS,Vision Securities Pvt. Ltd,Linch Stock Market Ltd.,10,666.0,6660.0,2025-08-13 13:23:06.744448
2025-08-13,34883,2025081305012692,SAHAS,Vision Securities Pvt. Ltd,Linch Stock Market Ltd.,10,666.0,6660.0,2025-08-13 13:25:17.535503
2025-08-13,34846,2025081305012703,SAHAS,Vision Securities Pvt. Ltd,ABC Securities Private Limited,70,666.0,46620.0,2025-08-13 13:25:28.750492
2025-08-13,34845,2025081305012704,SAHAS,Midas Stock Broking Company Private Limited,ABC Securities Private Limited,105,666.0,69930.0,2025-08-13 13:25:28.750942
2025-08-13,34800,2025081305012714,SAHAS,Dipshikha Dhitopatra Karobar Co. Pvt Ltd.,SUN SECURITIES PVT LTD,200,665.9,133180.0,2025-08-13 13:25:44.488195
2025-08-13,34536,2025081305012772,SAHAS,Dipshikha Dhitopatra Karobar Co. Pvt Ltd.,Bhrikuti Stock Broking Co. Pvt. Ltd.,150,665.8,99870.0,2025-08-13 13:26:33.702033
2025-08-13,34535,2025081305012773,SAHAS,Dipshikha Dhitopatra Karobar Co. Pvt Ltd.,Bhrikuti Stock Broking Co. Pvt. Ltd.,350,665.7,232995.0,2025-08-13 13:26:33.702153
2025-08-13,34224,2025081305012900,SAHAS,Sumeru Securities Pvt. Ltd.,ABC Securities Private Limited,200,667.9,133580.0,2025-08-13 13:28:21.883911
2025-08-13,33755,2025081305013085,SAHAS,Imperial Securities Company Pvt. Ltd.,Siprabi Securities Pvt. Ltd.,200,667.0,133400.0,2025-08-13 13:30:47.655828
2025-08-13,33754,2025081305013086,SAHAS,Dipshikha Dhitopatra Karobar Co. Pvt Ltd.,Siprabi Securities Pvt. Ltd.,80,666.2,53296.0,2025-08-13 13:30:47.656622
2025-08-13,33753,2025081305013087,SAHAS,Pragyan Securities (PVT) Ltd.,Siprabi Securities Pvt. Ltd.,130,666.1,86593.0,2025-08-13 13:30:47.657234
2025-08-13,33752,2025081305013088,SAHAS,Dipshikha Dhitopatra Karobar Co. Pvt Ltd.,Siprabi Securities Pvt. Ltd.,29,666.0,19314.0,2025-08-13 13:30:47.657827
2025-08-13,33727,2025081305013093,SAHAS,Dipshikha Dhitopatra Karobar Co. Pvt Ltd.,Siprabi Securities Pvt. Ltd.,271,666.0,180486.0,2025-08-13 13:30:55.742200
2025-08-13,33726,2025081305013094,SAHAS,Dipshikha Dhitopatra Karobar Co. Pvt Ltd.,Siprabi Securities Pvt. Ltd.,100,665.9,66590.0,2025-08-13 13:30:55.742690
2025-08-13,33725,2025081305013095,SAHAS,Thrive Brokerage House Pvt. Ltd,Siprabi Securities Pvt. Ltd.,129,665.6,85862.4,2025-08-13 13:30:55.742885
2025-08-13,33060,2025081305013330,SAHAS,Sweta Securities Private Limited,Dynamic Money Managers Securities Pvt. Ltd.,10,665.8,6658.0,2025-08-13 13:34:33.242430
2025-08-13,33059,2025081305013331,SAHAS,Nepal Investment And Securities Trading Private Limited,Dynamic Money Managers Securities Pvt. Ltd.,20,665.8,13316.0,2025-08-13 13:34:33.243243
2025-08-13,32853,2025081305013415,SAHAS,Machhapuchchhre Securities Limited,NIMB Stock Markets Limited,10,667.0,6670.0,2025-08-13 13:35:40.280270
2025-08-13,32818,2025081305013432,SAHAS,Nepal Investment And Securities Trading Private Limited,Shree Krishna Securities Ltd.,10,665.8,6658.0,2025-08-13 13:35:53.587059
2025-08-13,32663,2025081305013490,SAHAS,Nepal Investment And Securities Trading Private Limited,Neev Securities Pvt. Ltd.,40,666.0,26640.0,2025-08-13 13:36:41.073099
2025-08-13,32633,2025081305013503,SAHAS,Nepal Investment And Securities Trading Private Limited,Aryatara Investment & Securities,10,666.0,6660.0,2025-08-13 13:36:51.276528
2025-08-13,32539,2025081305013543,SAHAS,Nepal Investment And Securities Trading Private Limited,Neev Securities Pvt. Ltd.,30,666.0,19980.0,2025-08-13 13:37:18.204298
2025-08-13,32439,2025081305013591,SAHAS,Nepal Investment And Securities Trading Private Limited,Neev Securities Pvt. Ltd.,20,666.0,13320.0,2025-08-13 13:37:53.348679
2025-08-13,32438,2025081305013592,SAHAS,Cristal Kanchanjanga Securites Pvt. Ltd.,Neev Securities Pvt. Ltd.,80,666.0,53280.0,2025-08-13 13:37:53.348796
2025-08-13,32423,2025081305013596,SAHAS,Cristal Kanchanjanga Securites Pvt. Ltd.,Dipshikha Dhitopatra Karobar Co. Pvt Ltd.,700,666.0,466200.0,2025-08-13 13:37:58.384213
2025-08-13,32391,2025081305013604,SAHAS,Cristal Kanchanjanga Securites Pvt. Ltd.,Cristal Kanchanjanga Securites Pvt. Ltd.,220,666.0,146520.0,2025-08-13 13:38:14.676192
2025-08-13,32352,2025081305013623,SAHAS,Nepal Investment And Securities Trading Private Limited,Cristal Kanchanjanga Securites Pvt. Ltd.,100,666.0,66600.0,2025-08-13 13:38:29.305345
2025-08-13,32281,2025081305013637,SAHAS,Naasa Securities Co. Ltd.,Cristal Kanchanjanga Securites Pvt. Ltd.,200,666.0,133200.0,2025-08-13 13:38:48.005327
2025-08-13,32271,2025081305013641,SAHAS,Nepal Investment And Securities Trading Private Limited,Cristal Kanchanjanga Securites Pvt. Ltd.,300,666.0,199800.0,2025-08-13 13:38:53.404532
2025-08-13,32249,2025081305013651,SAHAS,Nepal Stock House (PVT) Ltd.,Cristal Kanchanjanga Securites Pvt. Ltd.,25,666.0,16650.0,2025-08-13 13:39:06.508645
2025-08-13,32245,2025081305013653,SAHAS,Nepal Investment And Securities Trading Private Limited,Cristal Kanchanjanga Securites Pvt. Ltd.,555,666.0,369630.0,2025-08-13 13:39:07.470421
2025-08-13,32244,2025081305013654,SAHAS,Nepal Investment And Securities Trading Private Limited,Dipshikha Dhitopatra Karobar Co. Pvt Ltd.,220,666.0,146520.0,2025-08-13 13:39:07.471216
2025-08-13,32243,2025081305013655,SAHAS,Nepal Investment And Securities Trading Private Limited,Oxford Securities Pvt. Ltd.,10,666.0,6660.0,2025-08-13 13:39:07.737298
2025-08-13,31703,2025081305013833,SAHAS,Machhapuchchhre Securities Limited,Bhrikuti Stock Broking Co. Pvt. Ltd.,10,667.0,6670.0,2025-08-13 13:41:52.188728
2025-08-13,31702,2025081305013834,SAHAS,Machhapuchchhre Securities Limited,Primo Securities (PVT) Ltd.,10,667.5,6675.0,2025-08-13 13:41:52.189526
2025-08-13,31648,2025081305013848,SAHAS,Cristal Kanchanjanga Securites Pvt. Ltd.,pahiinvestment,100,666.3,66630.0,2025-08-13 13:42:06.823435
2025-08-13,31647,2025081305013849,SAHAS,Nepal Stock House (PVT) Ltd.,pahiinvestment,25,666.2,16655.0,2025-08-13 13:42:06.823831
2025-08-13,31646,2025081305013850,SAHAS,Nepal Investment And Securities Trading Private Limited,pahiinvestment,15,666.0,9990.0,2025-08-13 13:42:06.824004
2025-08-13,31645,2025081305013851,SAHAS,Cristal Kanchanjanga Securites Pvt. Ltd.,pahiinvestment,10,666.0,6660.0,2025-08-13 13:42:06.824177
2025-08-13,31617,2025081305013861,SAHAS,Machhapuchchhre Securities Limited,Primo Securities (PVT) Ltd.,10,667.5,6675.0,2025-08-13 13:42:17.248404
2025-08-13,31542,2025081305013892,SAHAS,Sani Securities Company Ltd.,Arun Securities (PVT) Ltd.,10,666.1,6661.0,2025-08-13 13:42:50.047427
2025-08-13,31541,2025081305013893,SAHAS,Cristal Kanchanjanga Securites Pvt. Ltd.,Arun Securities (PVT) Ltd.,990,666.0,659340.0,2025-08-13 13:42:50.047851
2025-08-13,31444,2025081305013956,SAHAS,Naasa Securities Co. Ltd.,Neev Securities Pvt. Ltd.,10,666.0,6660.0,2025-08-13 13:43:06.545077
2025-08-13,31419,2025081305013967,SAHAS,Naasa Securities Co. Ltd.,Dipshikha Dhitopatra Karobar Co. Pvt Ltd.,390,666.0,259740.0,2025-08-13 13:43:15.689946
2025-08-13,31418,2025081305013968,SAHAS,Beni Securities Pvt.Ltd.,Dipshikha Dhitopatra Karobar Co. Pvt Ltd.,10,666.0,6660.0,2025-08-13 13:43:15.690414
2025-08-13,31417,2025081305013969,SAHAS,Kohinoor Investment & Securities Pvt. Ltd.,Dipshikha Dhitopatra Karobar Co. Pvt Ltd.,30,666.0,19980.0,2025-08-13 13:43:15.690595
2025-08-13,31415,2025081305013970,SAHAS,Linch Stock Market Ltd.,Dipshikha Dhitopatra Karobar Co. Pvt Ltd.,10,666.0,6660.0,2025-08-13 13:43:16.079783
2025-08-13,31148,2025081305014080,SAHAS,ABC Securities Private Limited,SUN SECURITIES PVT LTD,100,666.3,66630.0,2025-08-13 13:44:35.300182
2025-08-13,31140,2025081305014083,SAHAS,ABC Securities Private Limited,Midas Stock Broking Company Private Limited,100,666.5,66650.0,2025-08-13 13:44:39.131115
2025-08-13,31138,2025081305014085,SAHAS,Imperial Securities Company Pvt. Ltd.,Dipshikha Dhitopatra Karobar Co. Pvt Ltd.,100,667.0,66700.0,2025-08-13 13:44:39.751149
2025-08-13,31092,2025081305014102,SAHAS,Linch Stock Market Ltd.,Dipshikha Dhitopatra Karobar Co. Pvt Ltd.,190,666.0,126540.0,2025-08-13 13:45:01.780640
2025-08-13,31091,2025081305014103,SAHAS,Cristal Kanchanjanga Securites Pvt. Ltd.,Dipshikha Dhitopatra Karobar Co. Pvt Ltd.,530,666.0,352980.0,2025-08-13 13:45:01.781442
2025-08-13,30968,2025081305014146,SAHAS,Sri Hari Securities Pvt. Ltd.,Dipshikha Dhitopatra Karobar Co. Pvt Ltd.,100,667.0,66700.0,2025-08-13 13:45:26.233163
2025-08-13,30901,2025081305014182,SAHAS,Cristal Kanchanjanga Securites Pvt. Ltd.,Sani Securities Company Ltd.,10,666.0,6660.0,2025-08-13 13:45:52.275602
2025-08-13,30768,2025081305014221,SAHAS,Cristal Kanchanjanga Securites Pvt. Ltd.,Miyo Securities Pvt Ltd,275,666.0,183150.0,2025-08-13 13:46:26.501504
2025-08-13,30509,2025081305014322,SAHAS,Sweta Securities Private Limited,Dipshikha Dhitopatra Karobar Co. Pvt Ltd.,16,666.1,10657.6,2025-08-13 13:47:55.771453
2025-08-13,30205,2025081305014404,SAHAS,Linch Stock Market Ltd.,Naasa Securities Co. Ltd.,10,667.4,6674.0,2025-08-13 13:49:19.449013
2025-08-13,30204,2025081305014405,SAHAS,Linch Stock Market Ltd.,Primo Securities (PVT) Ltd.,80,667.5,53400.0,2025-08-13 13:49:19.449446
2025-08-13,30203,2025081305014406,SAHAS,Linch Stock Market Ltd.,ABC Securities Private Limited,200,667.9,133580.0,2025-08-13 13:49:19.449690
2025-08-13,30202,2025081305014407,SAHAS,Linch Stock Market Ltd.,Aryatara Investment & Securities,10,668.0,6680.0,2025-08-13 13:49:19.449956
2025-08-13,29753,2025081305014593,SAHAS,Midas Stock Broking Company Private Limited,Kumari Securities Private Limited,32,668.0,21376.0,2025-08-13 13:51:29.386286
2025-08-13,29305,2025081305014707,SAHAS,Sweta Securities Private Limited,Naasa Securities Co. Ltd.,10,666.1,6661.0,2025-08-13 13:52:53.665257
2025-08-13,29235,2025081305014734,SAHAS,Sweta Securities Private Limited,Agrawal Securities (PVT) Ltd.,10,666.1,6661.0,2025-08-13 13:53:16.799833
2025-08-13,29155,2025081305014763,SAHAS,Bhrikuti Stock Broking Co. Pvt. Ltd.,Sundhara Securities Limited,10,666.2,6662.0,2025-08-13 13:53:39.108249
2025-08-13,28971,2025081305014833,SAHAS,Bhrikuti Stock Broking Co. Pvt. Ltd.,Agrawal Securities (PVT) Ltd.,10,666.2,6662.0,2025-08-13 13:54:36.542805
2025-08-13,28921,2025081305014863,SAHAS,Trishakti Securities Public Limited,ABC Securities Private Limited,30,667.9,20037.0,2025-08-13 13:54:51.497556
2025-08-13,28418,2025081305014991,SAHAS,Bhrikuti Stock Broking Co. Pvt. Ltd.,Opal Securities Investment (PVT) Ltd.,10,666.2,6662.0,2025-08-13 13:56:40.037787
2025-08-13,28415,2025081305014993,SAHAS,Bhrikuti Stock Broking Co. Pvt. Ltd.,KALASH STOCK MARKET PVT. LTD.,858,666.2,571599.6,2025-08-13 13:56:41.800343
2025-08-13,28414,2025081305014994,SAHAS,Sweta Securities Private Limited,KALASH STOCK MARKET PVT. LTD.,464,666.1,309070.4,2025-08-13 13:56:41.801128
2025-08-13,28413,2025081305014995,SAHAS,Midas Stock Broking Company Private Limited,KALASH STOCK MARKET PVT. LTD.,500,666.1,333050.0,2025-08-13 13:56:41.801789
2025-08-13,28412,2025081305014996,SAHAS,Cristal Kanchanjanga Securites Pvt. Ltd.,KALASH STOCK MARKET PVT. LTD.,185,666.0,123210.0,2025-08-13 13:56:41.802348
2025-08-13,28411,2025081305014997,SAHAS,Kalika Securities Pvt. Ltd.,KALASH STOCK MARKET PVT. LTD.,50,666.0,33300.0,2025-08-13 13:56:41.802866
2025-08-13,28410,2025081305014998,SAHAS,Online Securities Pvt. Ltd.,KALASH STOCK MARKET PVT. LTD.,200,666.0,133200.0,2025-08-13 13:56:41.803503
2025-08-13,28409,2025081305014999,SAHAS,Nepal Investment And Securities Trading Private Limited,KALASH STOCK MARKET PVT. LTD.,30,666.0,19980.0,2025-08-13 13:56:41.804177
2025-08-13,28408,2025081305015000,SAHAS,Sundhara Securities Limited,KALASH STOCK MARKET PVT. LTD.,20,666.0,13320.0,2025-08-13 13:56:41.804963
2025-08-13,28407,2025081305015001,SAHAS,Ashutosh Brokerage & Securities (PVT) Ltd.,KALASH STOCK MARKET PVT. LTD.,10,666.0,6660.0,2025-08-13 13:56:41.805754
2025-08-13,28406,2025081305015002,SAHAS,Midas Stock Broking Company Private Limited,KALASH STOCK MARKET PVT. LTD.,200,666.0,133200.0,2025-08-13 13:56:41.806398
2025-08-13,28405,2025081305015003,SAHAS,Linch Stock Market Ltd.,KALASH STOCK MARKET PVT. LTD.,50,665.9,33295.0,2025-08-13 13:56:41.807005
2025-08-13,28404,2025081305015004,SAHAS,Nepal Investment And Securities Trading Private Limited,KALASH STOCK MARKET PVT. LTD.,50,665.9,33295.0,2025-08-13 13:56:41.807613
2025-08-13,28403,2025081305015005,SAHAS,Nepal Investment And Securities Trading Private Limited,KALASH STOCK MARKET PVT. LTD.,50,665.9,33295.0,2025-08-13 13:56:41.808180
2025-08-13,28402,2025081305015006,SAHAS,Malla & Malla Stock Broking Company Pvt. Limited,KALASH STOCK MARKET PVT. LTD.,155,665.9,103214.5,2025-08-13 13:56:41.808710
2025-08-13,28401,2025081305015007,SAHAS,Nepal Investment And Securities Trading Private Limited,KALASH STOCK MARKET PVT. LTD.,70,665.8,46606.0,2025-08-13 13:56:41.809274
2025-08-13,28400,2025081305015008,SAHAS,Cristal Kanchanjanga Securites Pvt. Ltd.,KALASH STOCK MARKET PVT. LTD.,108,665.7,71895.6,2025-08-13 13:56:41.809823
2025-08-13,27770,2025081305015236,SAHAS,Nepal Stock House (PVT) Ltd.,Cristal Kanchanjanga Securites Pvt. Ltd.,25,666.0,16650.0,2025-08-13 13:58:54.920237
2025-08-13,27677,2025081305015285,SAHAS,Trisul Securities & Invt. Ltd.,Cristal Kanchanjanga Securites Pvt. Ltd.,250,666.0,166500.0,2025-08-13 13:59:18.116142
2025-08-13,27674,2025081305015286,SAHAS,Deevyaa Securities & Stock House Pvt. Ltd,Aakashbhairab Securities Ltd.,222,665.8,147807.6,2025-08-13 13:59:19.335105
2025-08-13,27673,2025081305015287,SAHAS,Cristal Kanchanjanga Securites Pvt. Ltd.,Aakashbhairab Securities Ltd.,392,665.7,260954.4,2025-08-13 13:59:19.335243
2025-08-13,27672,2025081305015288,SAHAS,Thrive Brokerage House Pvt. Ltd,Aakashbhairab Securities Ltd.,371,665.6,246937.6,2025-08-13 13:59:19.335286
2025-08-13,27671,2025081305015289,SAHAS,Malla & Malla Stock Broking Company Pvt. Limited,Aakashbhairab Securities Ltd.,30,665.6,19968.0,2025-08-13 13:59:19.335328
2025-08-13,27670,2025081305015290,SAHAS,Online Securities Pvt. Ltd.,Aakashbhairab Securities Ltd.,248,665.5,165044.0,2025-08-13 13:59:19.335361
2025-08-13,27669,2025081305015291,SAHAS,Dipshikha Dhitopatra Karobar Co. Pvt Ltd.,Aakashbhairab Securities Ltd.,100,665.5,66550.0,2025-08-13 13:59:19.335391
2025-08-13,27668,2025081305015292,SAHAS,Dipshikha Dhitopatra Karobar Co. Pvt Ltd.,Aakashbhairab Securities Ltd.,700,665.4,465780.0,2025-08-13 13:59:19.335416
2025-08-13,27667,2025081305015293,SAHAS,Dynamic Money Managers Securities Pvt. Ltd.,Aakashbhairab Securities Ltd.,142,665.3,94472.6,2025-08-13 13:59:19.335455
2025-08-13,27666,2025081305015294,SAHAS,Kohinoor Investment & Securities Pvt. Ltd.,Aakashbhairab Securities Ltd.,10,665.3,6653.0,2025-08-13 13:59:19.335481
2025-08-13,27665,2025081305015295,SAHAS,Ashutosh Brokerage & Securities (PVT) Ltd.,Aakashbhairab Securities Ltd.,1000,665.2,665200.0,2025-08-13 13:59:19.335524
2025-08-13,27664,2025081305015296,SAHAS,SHUBHAKAMANA SECURITIES PVT. LTD,Aakashbhairab Securities Ltd.,856,665.1,569325.6,2025-08-13 13:59:19.335549
2025-08-13,27663,2025081305015297,SAHAS,Kumari Securities Private Limited,Aakashbhairab Securities Ltd.,100,665.1,66510.0,2025-08-13 13:59:19.335574
2025-08-13,27662,2025081305015298,SAHAS,Kumari Securities Private Limited,Aakashbhairab Securities Ltd.,329,665.1,218817.9,2025-08-13 13:59:19.335658
2025-08-13,27380,2025081305015417,SAHAS,Midas Stock Broking Company Private Limited,Shree Krishna Securities Ltd.,10,665.2,6652.0,2025-08-13 14:00:37.034444
2025-08-13,27376,2025081305015421,SAHAS,Midas Stock Broking Company Private Limited,ABC Securities Private Limited,10,665.2,6652.0,2025-08-13 14:00:37.634329
2025-08-13,26969,2025081305015557,SAHAS,Nepal Stock House (PVT) Ltd.,Sani Securities Company Ltd.,25,665.5,16637.5,2025-08-13 14:02:00.463860
2025-08-13,26845,2025081305015611,SAHAS,ABC Securities Private Limited,Market Securities & Exchange (PVT) Ltd.,95,665.3,63203.5,2025-08-13 14:02:35.765625
2025-08-13,26792,2025081305015634,SAHAS,ABC Securities Private Limited,Cristal Kanchanjanga Securites Pvt. Ltd.,100,665.3,66530.0,2025-08-13 14:02:48.510092
2025-08-13,26789,2025081305015635,SAHAS,ABC Securities Private Limited,Vision Securities Pvt. Ltd,55,665.3,36591.5,2025-08-13 14:02:49.040607
2025-08-13,26788,2025081305015636,SAHAS,Midas Stock Broking Company Private Limited,Vision Securities Pvt. Ltd,480,665.2,319296.0,2025-08-13 14:02:49.041430
2025-08-13,26787,2025081305015637,SAHAS,Capital Max Securities Ltd,Vision Securities Pvt. Ltd,60,665.2,39912.0,2025-08-13 14:02:49.041994
2025-08-13,26683,2025081305015667,SAHAS,Capital Max Securities Ltd,ABC Securities Private Limited,40,665.2,26608.0,2025-08-13 14:03:13.045944
2025-08-13,26682,2025081305015668,SAHAS,Kumari Securities Private Limited,ABC Securities Private Limited,130,665.1,86463.0,2025-08-13 14:03:13.046386
2025-08-13,26595,2025081305015712,SAHAS,Kumari Securities Private Limited,Vision Securities Pvt. Ltd,3041,665.1,2022569.1,2025-08-13 14:03:37.550642
2025-08-13,26594,2025081305015713,SAHAS,Naasa Securities Co. Ltd.,Vision Securities Pvt. Ltd,120,665.0,79800.0,2025-08-13 14:03:37.550771
2025-08-13,26593,2025081305015714,SAHAS,Capital Max Securities Ltd,Vision Securities Pvt. Ltd,50,665.0,33250.0,2025-08-13 14:03:37.550847
2025-08-13,26592,2025081305015715,SAHAS,Kumari Securities Private Limited,Vision Securities Pvt. Ltd,100,665.0,66500.0,2025-08-13 14:03:37.550922
2025-08-13,26591,2025081305015716,SAHAS,Premier Securities Company Ltd.,Vision Securities Pvt. Ltd,10,665.0,6650.0,2025-08-13 14:03:37.550996
2025-08-13,26590,2025081305015717,SAHAS,Naasa Securities Co. Ltd.,Vision Securities Pvt. Ltd,100,665.0,66500.0,2025-08-13 14:03:37.551071
2025-08-13,26589,2025081305015718,SAHAS,Online Securities Pvt. Ltd.,Vision Securities Pvt. Ltd,1579,665.0,1050035.0,2025-08-13 14:03:37.551140
2025-08-13,26415,2025081305015783,SAHAS,Sundhara Securities Limited,Trishakti Securities Public Limited,50,665.2,33260.0,2025-08-13 14:04:25.576284
2025-08-13,26414,2025081305015784,SAHAS,Naasa Securities Co. Ltd.,Trishakti Securities Public Limited,130,665.1,86463.0,2025-08-13 14:04:25.576698
2025-08-13,26409,2025081305015789,SAHAS,Naasa Securities Co. Ltd.,Linch Stock Market Ltd.,370,665.1,246087.0,2025-08-13 14:04:25.692004
2025-08-13,26408,2025081305015790,SAHAS,Online Securities Pvt. Ltd.,Linch Stock Market Ltd.,421,665.0,279965.0,2025-08-13 14:04:25.692745
2025-08-13,26407,2025081305015791,SAHAS,Kalika Securities Pvt. Ltd.,Linch Stock Market Ltd.,50,665.0,33250.0,2025-08-13 14:04:25.693271
2025-08-13,26406,2025081305015792,SAHAS,Market Securities & Exchange (PVT) Ltd.,Linch Stock Market Ltd.,500,665.0,332500.0,2025-08-13 14:04:25.693801
2025-08-13,26405,2025081305015793,SAHAS,Malla & Malla Stock Broking Company Pvt. Limited,Linch Stock Market Ltd.,149,665.0,99085.0,2025-08-13 14:04:25.694328
2025-08-13,26332,2025081305015808,SAHAS,Malla & Malla Stock Broking Company Pvt. Limited,Asian Securities Private Ltd.,351,665.0,233415.0,2025-08-13 14:04:37.600237
2025-08-13,26331,2025081305015809,SAHAS,Malla & Malla Stock Broking Company Pvt. Limited,Asian Securities Private Ltd.,30,665.0,19950.0,2025-08-13 14:04:37.600721
2025-08-13,26330,2025081305015810,SAHAS,Nepal Stock House (PVT) Ltd.,Asian Securities Private Ltd.,119,665.0,79135.0,2025-08-13 14:04:37.600932
2025-08-13,26275,2025081305015826,SAHAS,Nepal Stock House (PVT) Ltd.,Creative Securities Pvt Ltd,81,665.0,53865.0,2025-08-13 14:04:50.156090
2025-08-13,26274,2025081305015827,SAHAS,Online Securities Pvt. Ltd.,Creative Securities Pvt Ltd,150,665.0,99750.0,2025-08-13 14:04:50.156515
2025-08-13,26273,2025081305015828,SAHAS,Vision Securities Pvt. Ltd,Creative Securities Pvt Ltd,40,665.0,26600.0,2025-08-13 14:04:50.156690
2025-08-13,26272,2025081305015829,SAHAS,Naasa Securities Co. Ltd.,Creative Securities Pvt Ltd,80,665.0,53200.0,2025-08-13 14:04:50.156860
2025-08-13,26271,2025081305015830,SAHAS,Opal Securities Investment (PVT) Ltd.,Creative Securities Pvt Ltd,230,665.0,152950.0,2025-08-13 14:04:50.157090
2025-08-13,26270,2025081305015831,SAHAS,Sweta Securities Private Limited,Creative Securities Pvt Ltd,100,665.0,66500.0,2025-08-13 14:04:50.157330
2025-08-13,26269,2025081305015832,SAHAS,Trademow Securities Private Limited,Creative Securities Pvt Ltd,15,665.0,9975.0,2025-08-13 14:04:50.157585
2025-08-13,26268,2025081305015833,SAHAS,Aryatara Investment & Securities,Creative Securities Pvt Ltd,50,665.0,33250.0,2025-08-13 14:04:50.157829
2025-08-13,26267,2025081305015834,SAHAS,Sharepro Securities Private Limited,Creative Securities Pvt Ltd,100,665.0,66500.0,2025-08-13 14:04:50.158058
2025-08-13,26266,2025081305015835,SAHAS,Imperial Securities Company Pvt. Ltd.,Creative Securities Pvt Ltd,100,665.0,66500.0,2025-08-13 14:04:50.158279
2025-08-13,26265,2025081305015836,SAHAS,Sani Securities Company Ltd.,Creative Securities Pvt Ltd,54,665.0,35910.0,2025-08-13 14:04:50.158490
2025-08-13,26262,2025081305015838,SAHAS,Sani Securities Company Ltd.,Ashutosh Brokerage & Securities (PVT) Ltd.,36,665.0,23940.0,2025-08-13 14:04:52.112030
2025-08-13,26261,2025081305015839,SAHAS,Kumari Securities Private Limited,Ashutosh Brokerage & Securities (PVT) Ltd.,64,665.0,42560.0,2025-08-13 14:04:52.112095
2025-08-13,26250,2025081305015843,SAHAS,Kumari Securities Private Limited,Secured Securities Ltd.,36,665.0,23940.0,2025-08-13 14:04:56.120444
2025-08-13,26249,2025081305015844,SAHAS,Kumari Securities Private Limited,Secured Securities Ltd.,75,665.0,49875.0,2025-08-13 14:04:56.121193
2025-08-13,26248,2025081305015845,SAHAS,J.F. Securites (PVT) Ltd.,Secured Securities Ltd.,100,665.0,66500.0,2025-08-13 14:04:56.121702
2025-08-13,26247,2025081305015846,SAHAS,Sani Securities Company Ltd.,Secured Securities Ltd.,289,665.0,192185.0,2025-08-13 14:04:56.122195
2025-08-13,26142,2025081305015894,SAHAS,Sani Securities Company Ltd.,Asian Securities Private Ltd.,100,665.0,66500.0,2025-08-13 14:05:22.104888
2025-08-13,25894,2025081305016062,SAHAS,Sani Securities Company Ltd.,Sri Hari Securities Pvt. Ltd.,111,665.0,73815.0,2025-08-13 14:05:42.035701
2025-08-13,25893,2025081305016063,SAHAS,Naasa Securities Co. Ltd.,Sri Hari Securities Pvt. Ltd.,200,665.0,133000.0,2025-08-13 14:05:42.036124
2025-08-13,25892,2025081305016064,SAHAS,Ashutosh Brokerage & Securities (PVT) Ltd.,Sri Hari Securities Pvt. Ltd.,50,665.0,33250.0,2025-08-13 14:05:42.036295
2025-08-13,25891,2025081305016065,SAHAS,Agrawal Securities (PVT) Ltd.,Sri Hari Securities Pvt. Ltd.,10,664.9,6649.0,2025-08-13 14:05:42.036484
2025-08-13,25890,2025081305016066,SAHAS,Agrawal Securities (PVT) Ltd.,Sri Hari Securities Pvt. Ltd.,10,664.8,6648.0,2025-08-13 14:05:42.036652
2025-08-13,25889,2025081305016067,SAHAS,Agrawal Securities (PVT) Ltd.,Sri Hari Securities Pvt. Ltd.,10,664.7,6647.0,2025-08-13 14:05:42.036817
2025-08-13,25888,2025081305016068,SAHAS,Agrawal Securities (PVT) Ltd.,Sri Hari Securities Pvt. Ltd.,10,664.7,6647.0,2025-08-13 14:05:42.036988
2025-08-13,25887,2025081305016069,SAHAS,Agrawal Securities (PVT) Ltd.,Sri Hari Securities Pvt. Ltd.,20,664.6,13292.0,2025-08-13 14:05:42.037145
2025-08-13,25886,2025081305016070,SAHAS,Agrawal Securities (PVT) Ltd.,Sri Hari Securities Pvt. Ltd.,30,664.5,19935.0,2025-08-13 14:05:42.037308
2025-08-13,25885,2025081305016071,SAHAS,Naasa Securities Co. Ltd.,Sri Hari Securities Pvt. Ltd.,250,664.5,166125.0,2025-08-13 14:05:42.037476
2025-08-13,25884,2025081305016072,SAHAS,Agrawal Securities (PVT) Ltd.,Sri Hari Securities Pvt. Ltd.,40,664.4,26576.0,2025-08-13 14:05:42.037640
2025-08-13,25883,2025081305016073,SAHAS,Agrawal Securities (PVT) Ltd.,Sri Hari Securities Pvt. Ltd.,20,664.2,13284.0,2025-08-13 14:05:42.037814
2025-08-13,25882,2025081305016074,SAHAS,Agrawal Securities (PVT) Ltd.,Sri Hari Securities Pvt. Ltd.,40,664.1,26564.0,2025-08-13 14:05:42.037977
2025-08-13,25881,2025081305016075,SAHAS,Vision Securities Pvt. Ltd,Sri Hari Securities Pvt. Ltd.,199,664.0,132136.0,2025-08-13 14:05:42.038139
2025-08-13,25648,2025081305016152,SAHAS,Arun Securities (PVT) Ltd.,Kohinoor Investment & Securities Pvt. Ltd.,50,664.0,33200.0,2025-08-13 14:06:23.549471
2025-08-13,25647,2025081305016153,SAHAS,Ashutosh Brokerage & Securities (PVT) Ltd.,Kohinoor Investment & Securities Pvt. Ltd.,100,664.0,66400.0,2025-08-13 14:06:23.549909
2025-08-13,25646,2025081305016154,SAHAS,Dipshikha Dhitopatra Karobar Co. Pvt Ltd.,Kohinoor Investment & Securities Pvt. Ltd.,120,664.0,79680.0,2025-08-13 14:06:23.550075
2025-08-13,25380,2025081305016273,SAHAS,Dipshikha Dhitopatra Karobar Co. Pvt Ltd.,KALASH STOCK MARKET PVT. LTD.,80,664.0,53120.0,2025-08-13 14:06:59.785041
2025-08-13,25379,2025081305016274,SAHAS,Opal Securities Investment (PVT) Ltd.,KALASH STOCK MARKET PVT. LTD.,230,664.0,152720.0,2025-08-13 14:06:59.785795
2025-08-13,25378,2025081305016275,SAHAS,KALASH STOCK MARKET PVT. LTD.,KALASH STOCK MARKET PVT. LTD.,1000,664.0,664000.0,2025-08-13 14:06:59.786299
2025-08-13,25377,2025081305016276,SAHAS,Trishakti Securities Public Limited,KALASH STOCK MARKET PVT. LTD.,95,664.0,63080.0,2025-08-13 14:06:59.786800
2025-08-13,25376,2025081305016277,SAHAS,Malla & Malla Stock Broking Company Pvt. Limited,KALASH STOCK MARKET PVT. LTD.,250,664.0,166000.0,2025-08-13 14:06:59.787281
2025-08-13,25375,2025081305016278,SAHAS,Imperial Securities Company Pvt. Ltd.,KALASH STOCK MARKET PVT. LTD.,151,664.0,100264.0,2025-08-13 14:06:59.787783
2025-08-13,25374,2025081305016279,SAHAS,Naasa Securities Co. Ltd.,KALASH STOCK MARKET PVT. LTD.,200,663.6,132720.0,2025-08-13 14:06:59.788281
2025-08-13,25373,2025081305016280,SAHAS,Nepal Stock House (PVT) Ltd.,KALASH STOCK MARKET PVT. LTD.,100,663.5,66350.0,2025-08-13 14:06:59.788785
2025-08-13,25372,2025081305016281,SAHAS,Oxford Securities Pvt. Ltd.,KALASH STOCK MARKET PVT. LTD.,100,663.1,66310.0,2025-08-13 14:06:59.789267
2025-08-13,25371,2025081305016282,SAHAS,Sumeru Securities Pvt. Ltd.,KALASH STOCK MARKET PVT. LTD.,500,663.1,331550.0,2025-08-13 14:06:59.789754
2025-08-13,25370,2025081305016283,SAHAS,Thrive Brokerage House Pvt. Ltd,KALASH STOCK MARKET PVT. LTD.,77,663.1,51058.7,2025-08-13 14:06:59.790239
2025-08-13,25369,2025081305016284,SAHAS,Secured Securities Ltd.,KALASH STOCK MARKET PVT. LTD.,40,663.0,26520.0,2025-08-13 14:06:59.790756
2025-08-13,25368,2025081305016285,SAHAS,Infinity Securities Limited,KALASH STOCK MARKET PVT. LTD.,8177,663.0,5421351.0,2025-08-13 14:06:59.791241
2025-08-13,25254,2025081305016331,SAHAS,Infinity Securities Limited,Shree Krishna Securities Ltd.,1823,663.0,1208649.0,2025-08-13 14:07:21.769302
2025-08-13,25253,2025081305016332,SAHAS,Trishakti Securities Public Limited,Shree Krishna Securities Ltd.,177,663.0,117351.0,2025-08-13 14:07:21.769670
2025-08-13,25250,2025081305016334,SAHAS,Trishakti Securities Public Limited,Arun Securities (PVT) Ltd.,31,663.0,20553.0,2025-08-13 14:07:23.812142
2025-08-13,25249,2025081305016335,SAHAS,Malla & Malla Stock Broking Company Pvt. Limited,Arun Securities (PVT) Ltd.,100,663.0,66300.0,2025-08-13 14:07:23.812882
2025-08-13,25131,2025081305016386,SAHAS,Dynamic Money Managers Securities Pvt. Ltd.,Aryatara Investment & Securities,500,662.3,331150.0,2025-08-13 14:07:37.758833
2025-08-13,24592,2025081305016764,SAHAS,Sundhara Securities Limited,Property Wiard Limited,50,662.5,33125.0,2025-08-13 14:08:16.210032
2025-08-13,24591,2025081305016765,SAHAS,Sundhara Securities Limited,Property Wiard Limited,10,662.5,6625.0,2025-08-13 14:08:16.210408
2025-08-13,24590,2025081305016766,SAHAS,Agrawal Securities (PVT) Ltd.,Property Wiard Limited,150,662.2,99330.0,2025-08-13 14:08:16.210596
2025-08-13,24589,2025081305016767,SAHAS,Vision Securities Pvt. Ltd,Property Wiard Limited,200,662.0,132400.0,2025-08-13 14:08:16.210758
2025-08-13,24588,2025081305016768,SAHAS,Primo Securities (PVT) Ltd.,Property Wiard Limited,100,662.0,66200.0,2025-08-13 14:08:16.210924
2025-08-13,24587,2025081305016769,SAHAS,Imperial Securities Company Pvt. Ltd.,Property Wiard Limited,200,662.0,132400.0,2025-08-13 14:08:16.211097
2025-08-13,24502,2025081305016803,SAHAS,Kohinoor Investment & Securities Pvt. Ltd.,Arun Securities (PVT) Ltd.,10,661.1,6611.0,2025-08-13 14:08:35.140880
2025-08-13,24501,2025081305016804,SAHAS,Siprabi Securities Pvt. Ltd.,Arun Securities (PVT) Ltd.,869,661.0,574409.0,2025-08-13 14:08:35.141262
2025-08-13,24452,2025081305016829,SAHAS,Siprabi Securities Pvt. Ltd.,Linch Stock Market Ltd.,50,661.0,33050.0,2025-08-13 14:08:46.590193
2025-08-13,24326,2025081305016871,SAHAS,Siprabi Securities Pvt. Ltd.,Property Wiard Limited,81,661.0,53541.0,2025-08-13 14:09:06.364378
2025-08-13,24325,2025081305016872,SAHAS,ABC Securities Private Limited,Property Wiard Limited,100,661.0,66100.0,2025-08-13 14:09:06.364804
2025-08-13,24324,2025081305016873,SAHAS,Deevyaa Securities & Stock House Pvt. Ltd,Property Wiard Limited,109,661.0,72049.0,2025-08-13 14:09:06.364972
2025-08-13,24323,2025081305016874,SAHAS,Deevyaa Securities & Stock House Pvt. Ltd,Kumari Securities Private Limited,500,661.0,330500.0,2025-08-13 14:09:06.426699
2025-08-13,24301,2025081305016878,SAHAS,Naasa Securities Co. Ltd.,Dakshinkali Investment & Securities Pvt. Ltd.,60,662.0,39720.0,2025-08-13 14:09:12.139683
2025-08-13,24273,2025081305016888,SAHAS,Naasa Securities Co. Ltd.,Cristal Kanchanjanga Securites Pvt. Ltd.,200,662.0,132400.0,2025-08-13 14:09:16.268329
2025-08-13,23885,2025081305017017,SAHAS,Nepal Stock House (PVT) Ltd.,Nepal Stock House (PVT) Ltd.,50,661.5,33075.0,2025-08-13 14:10:33.736595
2025-08-13,23884,2025081305017018,SAHAS,Sweta Securities Private Limited,Nepal Stock House (PVT) Ltd.,10,661.3,6613.0,2025-08-13 14:10:33.737562
2025-08-13,23883,2025081305017019,SAHAS,Sundhara Securities Limited,Nepal Stock House (PVT) Ltd.,100,661.2,66120.0,2025-08-13 14:10:33.738388
2025-08-13,23882,2025081305017020,SAHAS,Kohinoor Investment & Securities Pvt. Ltd.,Nepal Stock House (PVT) Ltd.,10,661.1,6611.0,2025-08-13 14:10:33.739164
2025-08-13,23881,2025081305017021,SAHAS,Naasa Securities Co. Ltd.,Nepal Stock House (PVT) Ltd.,200,661.1,132220.0,2025-08-13 14:10:33.739809
2025-08-13,23880,2025081305017022,SAHAS,Deevyaa Securities & Stock House Pvt. Ltd,Nepal Stock House (PVT) Ltd.,90,661.0,59490.0,2025-08-13 14:10:33.740473
2025-08-13,23824,2025081305017034,SAHAS,Deevyaa Securities & Stock House Pvt. Ltd,Aryatara Investment & Securities,30,661.0,19830.0,2025-08-13 14:10:45.864787
2025-08-13,23787,2025081305017035,SAHAS,Deevyaa Securities & Stock House Pvt. Ltd,Online Securities Pvt. Ltd.,271,661.0,179131.0,2025-08-13 14:10:50.893731
2025-08-13,23786,2025081305017036,SAHAS,KALASH STOCK MARKET PVT. LTD.,Online Securities Pvt. Ltd.,229,661.0,151369.0,2025-08-13 14:10:50.894508
2025-08-13,23781,2025081305017041,SAHAS,KALASH STOCK MARKET PVT. LTD.,Shree Krishna Securities Ltd.,10,661.0,6610.0,2025-08-13 14:10:51.838878
2025-08-13,23689,2025081305017070,SAHAS,KALASH STOCK MARKET PVT. LTD.,Online Securities Pvt. Ltd.,700,661.0,462700.0,2025-08-13 14:11:08.558947
2025-08-13,23621,2025081305017094,SAHAS,KALASH STOCK MARKET PVT. LTD.,Swarna Laxmi Securities Pvt. Ltd.,61,661.0,40321.0,2025-08-13 14:11:15.664039
