Date,S.N.,Contract ID,Symbol,Buyer Broker,Seller Broker,quantity,rate,amount,transaction_time
2025-08-13,70088,2025081304000003,SHPC,Vision Securities Pvt. Ltd,Bhrikuti Stock Broking Co. Pvt. Ltd.,10,582.6,5826.0,2025-08-13 10:46:00.022608
2025-08-13,69546,2025081304000084,SHPC,Aryatara Investment & Securities,Aryatara Investment & Securities,200,578.0,115600.0,2025-08-13 11:02:45.212768
2025-08-13,69417,2025081304000096,SHPC,Opal Securities Investment (PVT) Ltd.,South Asian Bulls Pvt. Ltd.,34,578.0,19652.0,2025-08-13 11:03:41.159120
2025-08-13,69298,2025081304000131,SHPC,Oxford Securities Pvt. Ltd.,Vision Securities Pvt. Ltd,500,575.0,287500.0,2025-08-13 11:04:39.617188
2025-08-13,68686,2025081304000252,SHPC,Sumeru Securities Pvt. Ltd.,Imperial Securities Company Pvt. Ltd.,75,574.0,43050.0,2025-08-13 11:08:21.106557
2025-08-13,68685,2025081304000253,SHPC,Linch Stock Market Ltd.,Imperial Securities Company Pvt. Ltd.,10,573.0,5730.0,2025-08-13 11:08:21.106694
2025-08-13,68684,2025081304000254,SHPC,Siprabi Securities Pvt. Ltd.,Imperial Securities Company Pvt. Ltd.,500,571.1,285550.0,2025-08-13 11:08:21.106824
2025-08-13,68683,2025081304000255,SHPC,Linch Stock Market Ltd.,Imperial Securities Company Pvt. Ltd.,20,571.0,11420.0,2025-08-13 11:08:21.106911
2025-08-13,68682,2025081304000256,SHPC,Sewa Securities Pvt. Ltd.,Imperial Securities Company Pvt. Ltd.,100,571.0,57100.0,2025-08-13 11:08:21.106993
2025-08-13,68681,2025081304000257,SHPC,Creative Securities Pvt Ltd,Imperial Securities Company Pvt. Ltd.,100,571.0,57100.0,2025-08-13 11:08:21.107077
2025-08-13,68680,2025081304000258,SHPC,Trishakti Securities Public Limited,Imperial Securities Company Pvt. Ltd.,995,571.0,568145.0,2025-08-13 11:08:21.107165
2025-08-13,68079,2025081304000382,SHPC,Investment Management Nepal Pvt. Ltd.,Premier Securities Company Ltd.,500,571.0,285500.0,2025-08-13 11:11:19.424209
2025-08-13,67364,2025081304000604,SHPC,Dipshikha Dhitopatra Karobar Co. Pvt Ltd.,Vision Securities Pvt. Ltd,10,573.9,5739.0,2025-08-13 11:14:31.141139
2025-08-13,67363,2025081304000605,SHPC,Dipshikha Dhitopatra Karobar Co. Pvt Ltd.,Deevyaa Securities & Stock House Pvt. Ltd,120,574.0,68880.0,2025-08-13 11:14:31.141249
2025-08-13,67362,2025081304000606,SHPC,Dipshikha Dhitopatra Karobar Co. Pvt Ltd.,Deevyaa Securities & Stock House Pvt. Ltd,640,575.0,368000.0,2025-08-13 11:14:31.141304
2025-08-13,67361,2025081304000607,SHPC,Dipshikha Dhitopatra Karobar Co. Pvt Ltd.,Sri Hari Securities Pvt. Ltd.,180,575.0,103500.0,2025-08-13 11:14:31.141363
2025-08-13,67360,2025081304000608,SHPC,Dipshikha Dhitopatra Karobar Co. Pvt Ltd.,Aryatara Investment & Securities,50,576.0,28800.0,2025-08-13 11:14:31.141413
2025-08-13,66744,2025081304000754,SHPC,Dakshinkali Investment & Securities Pvt. Ltd.,Vision Securities Pvt. Ltd,10,576.9,5769.0,2025-08-13 11:17:20.349245
2025-08-13,66743,2025081304000755,SHPC,Dakshinkali Investment & Securities Pvt. Ltd.,Aryatara Investment & Securities,490,577.0,282730.0,2025-08-13 11:17:20.349499
2025-08-13,66507,2025081304000811,SHPC,Sani Securities Company Ltd.,Aryatara Investment & Securities,10,577.0,5770.0,2025-08-13 11:18:34.541641
2025-08-13,66485,2025081304000825,SHPC,Asian Securities Private Ltd.,Aryatara Investment & Securities,100,577.0,57700.0,2025-08-13 11:18:40.096930
2025-08-13,66351,2025081304000867,SHPC,Trishakti Securities Public Limited,Sani Securities Company Ltd.,205,574.0,117670.0,2025-08-13 11:19:06.923753
2025-08-13,66350,2025081304000868,SHPC,Infinity Securities Limited,Sani Securities Company Ltd.,65,574.0,37310.0,2025-08-13 11:19:06.923878
2025-08-13,66230,2025081304000894,SHPC,Infinity Securities Limited,Imperial Securities Company Pvt. Ltd.,15,574.0,8610.0,2025-08-13 11:19:43.996053
2025-08-13,66229,2025081304000895,SHPC,Nepal Investment And Securities Trading Private Limited,Imperial Securities Company Pvt. Ltd.,20,573.1,11462.0,2025-08-13 11:19:43.996199
2025-08-13,66228,2025081304000896,SHPC,Imperial Securities Company Pvt. Ltd.,Imperial Securities Company Pvt. Ltd.,50,572.2,28610.0,2025-08-13 11:19:43.996258
2025-08-13,66227,2025081304000897,SHPC,Trishakti Securities Public Limited,Imperial Securities Company Pvt. Ltd.,100,572.1,57210.0,2025-08-13 11:19:43.996334
2025-08-13,66226,2025081304000898,SHPC,Investment Management Nepal Pvt. Ltd.,Imperial Securities Company Pvt. Ltd.,315,572.0,180180.0,2025-08-13 11:19:43.996389
2025-08-13,65782,2025081304001007,SHPC,Investment Management Nepal Pvt. Ltd.,Asian Securities Private Ltd.,77,572.0,44044.0,2025-08-13 11:21:17.193748
2025-08-13,65178,2025081304001170,SHPC,Investment Management Nepal Pvt. Ltd.,Imperial Securities Company Pvt. Ltd.,108,572.0,61776.0,2025-08-13 11:23:16.007482
2025-08-13,65177,2025081304001171,SHPC,Indira securities pvt. ltd,Imperial Securities Company Pvt. Ltd.,200,572.0,114400.0,2025-08-13 11:23:16.007620
2025-08-13,65176,2025081304001172,SHPC,Market Securities & Exchange (PVT) Ltd.,Imperial Securities Company Pvt. Ltd.,110,571.1,62821.0,2025-08-13 11:23:16.007681
2025-08-13,65175,2025081304001173,SHPC,Midas Stock Broking Company Private Limited,Imperial Securities Company Pvt. Ltd.,10,571.0,5710.0,2025-08-13 11:23:16.007741
2025-08-13,65174,2025081304001174,SHPC,Midas Stock Broking Company Private Limited,Imperial Securities Company Pvt. Ltd.,50,571.0,28550.0,2025-08-13 11:23:16.007796
2025-08-13,65173,2025081304001175,SHPC,Property Wiard Limited,Imperial Securities Company Pvt. Ltd.,20,571.0,11420.0,2025-08-13 11:23:16.007848
2025-08-13,65172,2025081304001176,SHPC,Vision Securities Pvt. Ltd,Imperial Securities Company Pvt. Ltd.,1000,570.0,570000.0,2025-08-13 11:23:16.007903
2025-08-13,65171,2025081304001177,SHPC,Sumeru Securities Pvt. Ltd.,Imperial Securities Company Pvt. Ltd.,500,570.0,285000.0,2025-08-13 11:23:16.007962
2025-08-13,65170,2025081304001178,SHPC,Dynamic Money Managers Securities Pvt. Ltd.,Imperial Securities Company Pvt. Ltd.,4002,570.0,2281140.0,2025-08-13 11:23:16.008020
2025-08-13,65122,2025081304001191,SHPC,Dynamic Money Managers Securities Pvt. Ltd.,Imperial Securities Company Pvt. Ltd.,998,570.0,568860.0,2025-08-13 11:23:29.121075
2025-08-13,63950,2025081304001438,SHPC,Sundhara Securities Limited,Vision Securities Pvt. Ltd,30,574.9,17247.0,2025-08-13 11:28:21.672209
2025-08-13,63390,2025081304001551,SHPC,Sri Hari Securities Pvt. Ltd.,Asian Securities Private Ltd.,100,572.0,57200.0,2025-08-13 11:30:29.814921
2025-08-13,63171,2025081304001632,SHPC,Deevyaa Securities & Stock House Pvt. Ltd,Vision Securities Pvt. Ltd,270,570.1,153927.0,2025-08-13 11:30:56.938557
2025-08-13,62246,2025081304001895,SHPC,ABC Securities Private Limited,Aakashbhairab Securities Ltd.,100,570.2,57020.0,2025-08-13 11:34:04.411845
2025-08-13,62183,2025081304001924,SHPC,Deevyaa Securities & Stock House Pvt. Ltd,Dynamic Money Managers Securities Pvt. Ltd.,205,570.1,116870.5,2025-08-13 11:34:17.393946
2025-08-13,62182,2025081304001925,SHPC,Asian Securities Private Ltd.,Dynamic Money Managers Securities Pvt. Ltd.,100,570.0,57000.0,2025-08-13 11:34:17.394140
2025-08-13,62181,2025081304001926,SHPC,Naasa Securities Co. Ltd.,Dynamic Money Managers Securities Pvt. Ltd.,100,570.0,57000.0,2025-08-13 11:34:17.394208
2025-08-13,62157,2025081304001932,SHPC,Cristal Kanchanjanga Securites Pvt. Ltd.,Dynamic Money Managers Securities Pvt. Ltd.,95,570.0,54150.0,2025-08-13 11:34:22.582410
2025-08-13,62148,2025081304001934,SHPC,Cristal Kanchanjanga Securites Pvt. Ltd.,Dynamic Money Managers Securities Pvt. Ltd.,105,570.3,59881.5,2025-08-13 11:34:23.782840
2025-08-13,62123,2025081304001939,SHPC,Sri Hari Securities Pvt. Ltd.,Aakashbhairab Securities Ltd.,100,569.9,56990.0,2025-08-13 11:34:30.481624
2025-08-13,62078,2025081304001957,SHPC,Secured Securities Ltd.,Aakashbhairab Securities Ltd.,100,568.0,56800.0,2025-08-13 11:34:40.515700
2025-08-13,62044,2025081304001968,SHPC,Deevyaa Securities & Stock House Pvt. Ltd,Aakashbhairab Securities Ltd.,50,567.1,28355.0,2025-08-13 11:34:50.541142
2025-08-13,62043,2025081304001969,SHPC,Sewa Securities Pvt. Ltd.,Dynamic Money Managers Securities Pvt. Ltd.,100,570.0,57000.0,2025-08-13 11:34:50.856049
2025-08-13,62014,2025081304001974,SHPC,Kohinoor Investment & Securities Pvt. Ltd.,Aakashbhairab Securities Ltd.,50,567.1,28355.0,2025-08-13 11:34:58.562573
2025-08-13,61606,2025081304002063,SHPC,Agrawal Securities (PVT) Ltd.,Property Wiard Limited,50,567.1,28355.0,2025-08-13 11:36:31.006821
2025-08-13,61605,2025081304002064,SHPC,SUN SECURITIES PVT LTD,Property Wiard Limited,1350,567.1,765585.0,2025-08-13 11:36:31.007020
2025-08-13,61556,2025081304002074,SHPC,Sumeru Securities Pvt. Ltd.,Asian Securities Private Ltd.,100,567.2,56720.0,2025-08-13 11:36:47.524154
2025-08-13,61466,2025081304002096,SHPC,ABC Securities Private Limited,Asian Securities Private Ltd.,100,567.2,56720.0,2025-08-13 11:37:06.928358
2025-08-13,61464,2025081304002097,SHPC,N.M.B. SECURITIES LIMITED,Asian Securities Private Ltd.,200,567.2,113440.0,2025-08-13 11:37:07.670713
2025-08-13,61280,2025081304002135,SHPC,Shree Krishna Securities Ltd.,Kohinoor Investment & Securities Pvt. Ltd.,100,569.0,56900.0,2025-08-13 11:37:57.421406
2025-08-13,61102,2025081304002176,SHPC,N.M.B. SECURITIES LIMITED,Imperial Securities Company Pvt. Ltd.,100,567.2,56720.0,2025-08-13 11:38:46.914666
2025-08-13,61101,2025081304002177,SHPC,Asian Securities Private Ltd.,Imperial Securities Company Pvt. Ltd.,1000,567.2,567200.0,2025-08-13 11:38:46.915048
2025-08-13,61100,2025081304002178,SHPC,Sharepro Securities Private Limited,Imperial Securities Company Pvt. Ltd.,200,567.2,113440.0,2025-08-13 11:38:46.915278
2025-08-13,61099,2025081304002179,SHPC,SUN SECURITIES PVT LTD,Imperial Securities Company Pvt. Ltd.,650,567.1,368615.0,2025-08-13 11:38:46.915525
2025-08-13,61098,2025081304002180,SHPC,SUN SECURITIES PVT LTD,Imperial Securities Company Pvt. Ltd.,200,567.0,113400.0,2025-08-13 11:38:46.915743
2025-08-13,61097,2025081304002181,SHPC,SUN SECURITIES PVT LTD,Imperial Securities Company Pvt. Ltd.,180,567.0,102060.0,2025-08-13 11:38:46.915951
2025-08-13,61096,2025081304002182,SHPC,Sumeru Securities Pvt. Ltd.,Imperial Securities Company Pvt. Ltd.,20,567.0,11340.0,2025-08-13 11:38:46.916154
2025-08-13,61095,2025081304002183,SHPC,Investment Management Nepal Pvt. Ltd.,Imperial Securities Company Pvt. Ltd.,1650,567.0,935550.0,2025-08-13 11:38:46.916390
2025-08-13,61035,2025081304002189,SHPC,Investment Management Nepal Pvt. Ltd.,Imperial Securities Company Pvt. Ltd.,1350,567.0,765450.0,2025-08-13 11:38:57.972267
2025-08-13,61034,2025081304002190,SHPC,Naasa Securities Co. Ltd.,Imperial Securities Company Pvt. Ltd.,50,567.0,28350.0,2025-08-13 11:38:57.972491
2025-08-13,61033,2025081304002191,SHPC,Midas Stock Broking Company Private Limited,Imperial Securities Company Pvt. Ltd.,100,567.0,56700.0,2025-08-13 11:38:57.972561
2025-08-13,60837,2025081304002245,SHPC,Midas Stock Broking Company Private Limited,Secured Securities Ltd.,100,567.0,56700.0,2025-08-13 11:39:35.594799
2025-08-13,60775,2025081304002263,SHPC,Imperial Securities Company Pvt. Ltd.,Imperial Securities Company Pvt. Ltd.,5,560.6,2803.0,2025-08-13 11:39:51.405273
2025-08-13,60770,2025081304002264,SHPC,Sani Securities Company Ltd.,Secured Securities Ltd.,100,567.0,56700.0,2025-08-13 11:39:54.281684
2025-08-13,60386,2025081304002342,SHPC,Siprabi Securities Pvt. Ltd.,Dipshikha Dhitopatra Karobar Co. Pvt Ltd.,100,567.0,56700.0,2025-08-13 11:41:23.800005
2025-08-13,59489,2025081304002621,SHPC,Citizens Share Broker Limited,J.F. Securites (PVT) Ltd.,100,568.0,56800.0,2025-08-13 11:44:35.544762
2025-08-13,59452,2025081304002627,SHPC,Aryatara Investment & Securities,J.F. Securites (PVT) Ltd.,100,568.0,56800.0,2025-08-13 11:44:44.912527
2025-08-13,59364,2025081304002649,SHPC,Sanima Securities Limited,J.F. Securites (PVT) Ltd.,295,568.0,167560.0,2025-08-13 11:45:04.594293
2025-08-13,59354,2025081304002652,SHPC,Magnet Securities and Investment Company Private Limited,Naasa Securities Co. Ltd.,40,567.5,22700.0,2025-08-13 11:45:08.687838
2025-08-13,59353,2025081304002653,SHPC,Magnet Securities and Investment Company Private Limited,J.F. Securites (PVT) Ltd.,60,568.0,34080.0,2025-08-13 11:45:08.688420
2025-08-13,59293,2025081304002682,SHPC,Vision Securities Pvt. Ltd,J.F. Securites (PVT) Ltd.,103,568.0,58504.0,2025-08-13 11:45:17.804623
2025-08-13,59292,2025081304002683,SHPC,Vision Securities Pvt. Ltd,Dynamic Money Managers Securities Pvt. Ltd.,295,568.9,167825.5,2025-08-13 11:45:17.804869
2025-08-13,59291,2025081304002684,SHPC,Vision Securities Pvt. Ltd,Kohinoor Investment & Securities Pvt. Ltd.,360,569.0,204840.0,2025-08-13 11:45:17.804959
2025-08-13,59290,2025081304002685,SHPC,Vision Securities Pvt. Ltd,J.F. Securites (PVT) Ltd.,242,569.0,137698.0,2025-08-13 11:45:17.805040
2025-08-13,59246,2025081304002698,SHPC,Nabil Stock Dealer Ltd.,J.F. Securites (PVT) Ltd.,100,569.0,56900.0,2025-08-13 11:45:28.773543
2025-08-13,59203,2025081304002721,SHPC,Sunrise Securities Limited,J.F. Securites (PVT) Ltd.,440,569.0,250360.0,2025-08-13 11:45:37.734669
2025-08-13,59144,2025081304002736,SHPC,Imperial Securities Company Pvt. Ltd.,Pragyan Securities (PVT) Ltd.,2,565.0,1130.0,2025-08-13 11:45:50.826570
2025-08-13,58643,2025081304002834,SHPC,Online Securities Pvt. Ltd.,Nepal Stock House (PVT) Ltd.,10,570.0,5700.0,2025-08-13 11:47:53.938495
2025-08-13,58293,2025081304002943,SHPC,Kumari Securities Private Limited,J.F. Securites (PVT) Ltd.,440,570.0,250800.0,2025-08-13 11:49:40.183056
2025-08-13,58292,2025081304002944,SHPC,Kumari Securities Private Limited,J.F. Securites (PVT) Ltd.,110,570.0,62700.0,2025-08-13 11:49:40.183263
2025-08-13,58067,2025081304002997,SHPC,Online Securities Pvt. Ltd.,J.F. Securites (PVT) Ltd.,339,570.0,193230.0,2025-08-13 11:50:41.017693
2025-08-13,58066,2025081304002998,SHPC,Online Securities Pvt. Ltd.,South Asian Bulls Pvt. Ltd.,166,570.0,94620.0,2025-08-13 11:50:41.018106
2025-08-13,58065,2025081304002999,SHPC,Online Securities Pvt. Ltd.,Imperial Securities Company Pvt. Ltd.,48,570.0,27360.0,2025-08-13 11:50:41.018381
2025-08-13,58064,2025081304003000,SHPC,Online Securities Pvt. Ltd.,Imperial Securities Company Pvt. Ltd.,1000,570.0,570000.0,2025-08-13 11:50:41.018685
2025-08-13,57951,2025081304003042,SHPC,Online Securities Pvt. Ltd.,Nepal Stock House (PVT) Ltd.,842,571.0,480782.0,2025-08-13 11:51:02.147604
2025-08-13,57472,2025081304003148,SHPC,Online Securities Pvt. Ltd.,Investment Management Nepal Pvt. Ltd.,150,571.0,85650.0,2025-08-13 11:53:07.143351
2025-08-13,56818,2025081304003315,SHPC,Secured Securities Ltd.,Vision Securities Pvt. Ltd,30,572.0,17160.0,2025-08-13 11:55:48.958527
2025-08-13,56677,2025081304003347,SHPC,Magnet Securities and Investment Company Private Limited,Vision Securities Pvt. Ltd,100,572.0,57200.0,2025-08-13 11:56:14.532842
2025-08-13,56628,2025081304003365,SHPC,Imperial Securities Company Pvt. Ltd.,Swarna Laxmi Securities Pvt. Ltd.,1,567.0,567.0,2025-08-13 11:56:30.316452
2025-08-13,56358,2025081304003412,SHPC,Nepal Stock House (PVT) Ltd.,Vision Securities Pvt. Ltd,120,572.0,68640.0,2025-08-13 11:57:43.072957
2025-08-13,56357,2025081304003413,SHPC,Nepal Stock House (PVT) Ltd.,Naasa Securities Co. Ltd.,30,572.0,17160.0,2025-08-13 11:57:43.073176
2025-08-13,56356,2025081304003414,SHPC,Nepal Stock House (PVT) Ltd.,Imperial Securities Company Pvt. Ltd.,150,572.0,85800.0,2025-08-13 11:57:43.073269
2025-08-13,56158,2025081304003438,SHPC,Himalayan Brokerage Company Limited,Imperial Securities Company Pvt. Ltd.,92,572.0,52624.0,2025-08-13 11:58:27.735737
2025-08-13,56142,2025081304003444,SHPC,Cristal Kanchanjanga Securites Pvt. Ltd.,Imperial Securities Company Pvt. Ltd.,500,572.0,286000.0,2025-08-13 11:58:34.831678
2025-08-13,56076,2025081304003461,SHPC,Aryatara Investment & Securities,Imperial Securities Company Pvt. Ltd.,132,572.0,75504.0,2025-08-13 11:58:48.271970
2025-08-13,56061,2025081304003464,SHPC,Aryatara Investment & Securities,Imperial Securities Company Pvt. Ltd.,50,572.0,28600.0,2025-08-13 11:58:54.309480
2025-08-13,56060,2025081304003465,SHPC,Capital Max Securities Ltd,Imperial Securities Company Pvt. Ltd.,76,572.0,43472.0,2025-08-13 11:58:54.462260
2025-08-13,55541,2025081304003531,SHPC,Capital Max Securities Ltd,Capital Max Securities Ltd,10,570.1,5701.0,2025-08-13 12:00:42.931503
2025-08-13,55448,2025081304003551,SHPC,Imperial Securities Company Pvt. Ltd.,ABC Securities Private Limited,1,568.0,568.0,2025-08-13 12:01:12.856305
2025-08-13,55357,2025081304003573,SHPC,South Asian Bulls Pvt. Ltd.,Magnet Securities and Investment Company Private Limited,1500,570.5,855750.0,2025-08-13 12:01:35.380561
2025-08-13,55146,2025081304003632,SHPC,Arun Securities (PVT) Ltd.,Sewa Securities Pvt. Ltd.,10,572.5,5725.0,2025-08-13 12:02:29.633386
2025-08-13,55037,2025081304003662,SHPC,Nagarik Stock Dealer ,Imperial Securities Company Pvt. Ltd.,50,570.2,28510.0,2025-08-13 12:02:52.934046
2025-08-13,55036,2025081304003663,SHPC,Premier Securities Company Ltd.,Imperial Securities Company Pvt. Ltd.,10,570.2,5702.0,2025-08-13 12:02:52.934327
2025-08-13,55035,2025081304003664,SHPC,Capital Max Securities Ltd,Imperial Securities Company Pvt. Ltd.,114,570.1,64991.4,2025-08-13 12:02:52.934443
2025-08-13,55034,2025081304003665,SHPC,Online Securities Pvt. Ltd.,Imperial Securities Company Pvt. Ltd.,447,570.0,254790.0,2025-08-13 12:02:52.934539
2025-08-13,55033,2025081304003666,SHPC,South Asian Bulls Pvt. Ltd.,Imperial Securities Company Pvt. Ltd.,500,570.0,285000.0,2025-08-13 12:02:52.934630
2025-08-13,55032,2025081304003667,SHPC,Malla & Malla Stock Broking Company Pvt. Limited,Imperial Securities Company Pvt. Ltd.,25,570.0,14250.0,2025-08-13 12:02:52.934731
2025-08-13,55031,2025081304003668,SHPC,Magnet Securities and Investment Company Private Limited,Imperial Securities Company Pvt. Ltd.,854,570.0,486780.0,2025-08-13 12:02:52.934841
2025-08-13,54715,2025081304003716,SHPC,South Asian Bulls Pvt. Ltd.,Imperial Securities Company Pvt. Ltd.,1500,570.3,855450.0,2025-08-13 12:04:05.748035
2025-08-13,54293,2025081304003825,SHPC,Sri Hari Securities Pvt. Ltd.,Imperial Securities Company Pvt. Ltd.,10,570.2,5702.0,2025-08-13 12:05:46.712200
2025-08-13,54292,2025081304003826,SHPC,Magnet Securities and Investment Company Private Limited,Imperial Securities Company Pvt. Ltd.,146,570.0,83220.0,2025-08-13 12:05:46.712483
2025-08-13,54291,2025081304003827,SHPC,Aryatara Investment & Securities,Imperial Securities Company Pvt. Ltd.,20,570.0,11400.0,2025-08-13 12:05:46.712586
2025-08-13,54290,2025081304003828,SHPC,Online Securities Pvt. Ltd.,Imperial Securities Company Pvt. Ltd.,50,570.0,28500.0,2025-08-13 12:05:46.712681
2025-08-13,54289,2025081304003829,SHPC,Property Wiard Limited,Imperial Securities Company Pvt. Ltd.,50,570.0,28500.0,2025-08-13 12:05:46.712774
2025-08-13,54288,2025081304003830,SHPC,SUN SECURITIES PVT LTD,Imperial Securities Company Pvt. Ltd.,500,570.0,285000.0,2025-08-13 12:05:46.712867
2025-08-13,54287,2025081304003831,SHPC,Sajilo Broker Limited,Imperial Securities Company Pvt. Ltd.,90,570.0,51300.0,2025-08-13 12:05:46.712992
2025-08-13,54127,2025081304003862,SHPC,Sani Securities Company Ltd.,Premier Securities Company Ltd.,20,572.0,11440.0,2025-08-13 12:06:30.367801
2025-08-13,54050,2025081304003875,SHPC,Oxford Securities Pvt. Ltd.,Premier Securities Company Ltd.,300,572.0,171600.0,2025-08-13 12:06:52.666747
2025-08-13,53979,2025081304003890,SHPC,Sajilo Broker Limited,Secured Securities Ltd.,10,570.0,5700.0,2025-08-13 12:07:08.062525
2025-08-13,53978,2025081304003891,SHPC,Swarna Laxmi Securities Pvt. Ltd.,Secured Securities Ltd.,25,570.0,14250.0,2025-08-13 12:07:08.063193
2025-08-13,53898,2025081304003900,SHPC,Sani Securities Company Ltd.,Secured Securities Ltd.,20,570.0,11400.0,2025-08-13 12:07:23.096147
2025-08-13,53847,2025081304003909,SHPC,Primo Securities (PVT) Ltd.,Secured Securities Ltd.,15,570.0,8550.0,2025-08-13 12:07:34.807485
2025-08-13,53846,2025081304003910,SHPC,Primo Securities (PVT) Ltd.,Premier Securities Company Ltd.,135,572.0,77220.0,2025-08-13 12:07:34.807727
2025-08-13,53619,2025081304003980,SHPC,Sipla Securities Private Limited,Imperial Securities Company Pvt. Ltd.,500,570.0,285000.0,2025-08-13 12:08:26.272279
2025-08-13,53079,2025081304004088,SHPC,Premier Securities Company Ltd.,Imperial Securities Company Pvt. Ltd.,10,570.1,5701.0,2025-08-13 12:10:48.159719
2025-08-13,53078,2025081304004089,SHPC,Naasa Securities Co. Ltd.,Imperial Securities Company Pvt. Ltd.,100,570.0,57000.0,2025-08-13 12:10:48.159997
2025-08-13,53077,2025081304004090,SHPC,Naasa Securities Co. Ltd.,Imperial Securities Company Pvt. Ltd.,100,570.0,57000.0,2025-08-13 12:10:48.160095
2025-08-13,52587,2025081304004218,SHPC,Nepal Stock House (PVT) Ltd.,Imperial Securities Company Pvt. Ltd.,50,571.9,28595.0,2025-08-13 12:12:59.119801
2025-08-13,52115,2025081304004314,SHPC,Sweta Securities Private Limited,Naasa Securities Co. Ltd.,150,571.0,85650.0,2025-08-13 12:14:42.795748
2025-08-13,51825,2025081304004376,SHPC,South Asian Bulls Pvt. Ltd.,Imperial Securities Company Pvt. Ltd.,1000,570.4,570400.0,2025-08-13 12:16:04.762813
2025-08-13,51824,2025081304004377,SHPC,South Asian Bulls Pvt. Ltd.,Imperial Securities Company Pvt. Ltd.,1200,570.4,684480.0,2025-08-13 12:16:04.763071
2025-08-13,51823,2025081304004378,SHPC,SUN SECURITIES PVT LTD,Imperial Securities Company Pvt. Ltd.,1800,570.3,1026540.0,2025-08-13 12:16:04.763176
2025-08-13,51805,2025081304004384,SHPC,Miyo Securities Pvt Ltd,Naasa Securities Co. Ltd.,120,571.0,68520.0,2025-08-13 12:16:09.828122
2025-08-13,51698,2025081304004419,SHPC,Capital Max Securities Ltd,Naasa Securities Co. Ltd.,49,571.0,27979.0,2025-08-13 12:16:41.680490
2025-08-13,51697,2025081304004420,SHPC,Capital Max Securities Ltd,Nepal Stock House (PVT) Ltd.,21,571.0,11991.0,2025-08-13 12:16:41.680750
2025-08-13,51692,2025081304004421,SHPC,Kohinoor Investment & Securities Pvt. Ltd.,Premier Securities Company Ltd.,45,572.0,25740.0,2025-08-13 12:16:43.598050
2025-08-13,51691,2025081304004422,SHPC,Kohinoor Investment & Securities Pvt. Ltd.,BHOLE GANESH SECURITIES LTD,55,572.0,31460.0,2025-08-13 12:16:43.598126
2025-08-13,51553,2025081304004447,SHPC,South Asian Bulls Pvt. Ltd.,Imperial Securities Company Pvt. Ltd.,33,571.0,18843.0,2025-08-13 12:17:13.373497
2025-08-13,51552,2025081304004448,SHPC,SUN SECURITIES PVT LTD,Imperial Securities Company Pvt. Ltd.,200,570.3,114060.0,2025-08-13 12:17:13.373786
2025-08-13,51551,2025081304004449,SHPC,Online Securities Pvt. Ltd.,Imperial Securities Company Pvt. Ltd.,800,570.2,456160.0,2025-08-13 12:17:13.373889
2025-08-13,51550,2025081304004450,SHPC,South Asian Bulls Pvt. Ltd.,Imperial Securities Company Pvt. Ltd.,1000,570.1,570100.0,2025-08-13 12:17:13.373994
2025-08-13,51549,2025081304004451,SHPC,Dynamic Money Managers Securities Pvt. Ltd.,Imperial Securities Company Pvt. Ltd.,673,570.0,383610.0,2025-08-13 12:17:13.374094
2025-08-13,51475,2025081304004471,SHPC,Capital Max Securities Ltd,BHOLE GANESH SECURITIES LTD,45,572.0,25740.0,2025-08-13 12:17:42.924006
2025-08-13,51474,2025081304004472,SHPC,Capital Max Securities Ltd,Sani Securities Company Ltd.,60,572.0,34320.0,2025-08-13 12:17:42.924517
2025-08-13,49967,2025081304004833,SHPC,Infinity Securities Limited,Sani Securities Company Ltd.,40,572.0,22880.0,2025-08-13 12:24:20.102320
2025-08-13,49966,2025081304004834,SHPC,Infinity Securities Limited,Nepal Stock House (PVT) Ltd.,480,573.0,275040.0,2025-08-13 12:24:20.102594
2025-08-13,49894,2025081304004858,SHPC,Kohinoor Investment & Securities Pvt. Ltd.,Sundhara Securities Limited,20,571.0,11420.0,2025-08-13 12:24:41.606358
2025-08-13,48956,2025081304005074,SHPC,Imperial Securities Company Pvt. Ltd.,Imperial Securities Company Pvt. Ltd.,502,571.9,287093.8,2025-08-13 12:28:59.192742
2025-08-13,48820,2025081304005099,SHPC,Imperial Securities Company Pvt. Ltd.,J.F. Securites (PVT) Ltd.,11,571.9,6290.9,2025-08-13 12:29:33.769249
2025-08-13,48466,2025081304005179,SHPC,Malla & Malla Stock Broking Company Pvt. Limited,Nepal Stock House (PVT) Ltd.,10,573.0,5730.0,2025-08-13 12:31:17.177861
2025-08-13,48465,2025081304005180,SHPC,Malla & Malla Stock Broking Company Pvt. Limited,Dynamic Money Managers Securities Pvt. Ltd.,10,573.0,5730.0,2025-08-13 12:31:17.178198
2025-08-13,48299,2025081304005217,SHPC,ABC Securities Private Limited,Creative Securities Pvt Ltd,100,572.1,57210.0,2025-08-13 12:32:06.797242
2025-08-13,48169,2025081304005241,SHPC,Trishakti Securities Public Limited,Dynamic Money Managers Securities Pvt. Ltd.,20,573.0,11460.0,2025-08-13 12:32:38.089245
2025-08-13,48013,2025081304005274,SHPC,Vision Securities Pvt. Ltd,Dynamic Money Managers Securities Pvt. Ltd.,50,573.0,28650.0,2025-08-13 12:33:12.170924
2025-08-13,47974,2025081304005281,SHPC,Vision Securities Pvt. Ltd,Asian Securities Private Ltd.,10,574.6,5746.0,2025-08-13 12:33:16.189288
2025-08-13,47573,2025081304005366,SHPC,Aryatara Investment & Securities,Creative Securities Pvt Ltd,100,574.0,57400.0,2025-08-13 12:34:35.400778
2025-08-13,47416,2025081304005424,SHPC,Imperial Securities Company Pvt. Ltd.,Asian Securities Private Ltd.,93,574.6,53437.8,2025-08-13 12:35:32.082028
2025-08-13,47335,2025081304005448,SHPC,Imperial Securities Company Pvt. Ltd.,Asian Securities Private Ltd.,100,574.8,57480.0,2025-08-13 12:35:55.326223
2025-08-13,47334,2025081304005449,SHPC,Imperial Securities Company Pvt. Ltd.,J.F. Securites (PVT) Ltd.,294,574.9,169020.6,2025-08-13 12:35:55.326535
2025-08-13,47254,2025081304005462,SHPC,Primo Securities (PVT) Ltd.,J.F. Securites (PVT) Ltd.,100,574.9,57490.0,2025-08-13 12:36:18.023786
2025-08-13,47038,2025081304005512,SHPC,Naasa Securities Co. Ltd.,Kalika Securities Pvt. Ltd.,100,572.5,57250.0,2025-08-13 12:37:04.742999
2025-08-13,47037,2025081304005513,SHPC,ABC Securities Private Limited,Kalika Securities Pvt. Ltd.,100,572.1,57210.0,2025-08-13 12:37:04.743334
2025-08-13,47036,2025081304005514,SHPC,Premier Securities Company Ltd.,Kalika Securities Pvt. Ltd.,10,572.0,5720.0,2025-08-13 12:37:04.743455
2025-08-13,47035,2025081304005515,SHPC,Kohinoor Investment & Securities Pvt. Ltd.,Kalika Securities Pvt. Ltd.,350,572.0,200200.0,2025-08-13 12:37:04.743569
2025-08-13,47034,2025081304005516,SHPC,Sri Hari Securities Pvt. Ltd.,Kalika Securities Pvt. Ltd.,38,572.0,21736.0,2025-08-13 12:37:04.743691
2025-08-13,47001,2025081304005530,SHPC,Linch Stock Market Ltd.,Kalika Securities Pvt. Ltd.,90,572.0,51480.0,2025-08-13 12:37:15.631326
2025-08-13,46915,2025081304005549,SHPC,Midas Stock Broking Company Private Limited,Kalika Securities Pvt. Ltd.,100,572.0,57200.0,2025-08-13 12:37:45.963569
2025-08-13,46869,2025081304005555,SHPC,Sani Securities Company Ltd.,Kalika Securities Pvt. Ltd.,100,572.0,57200.0,2025-08-13 12:38:02.275310
2025-08-13,46655,2025081304005601,SHPC,Aryatara Investment & Securities,Kalika Securities Pvt. Ltd.,50,572.0,28600.0,2025-08-13 12:38:58.586689
2025-08-13,46486,2025081304005631,SHPC,Sajilo Broker Limited,Kalika Securities Pvt. Ltd.,62,572.0,35464.0,2025-08-13 12:39:40.570069
2025-08-13,46301,2025081304005641,SHPC,Miyo Securities Pvt Ltd,Dakshinkali Investment & Securities Pvt. Ltd.,10,574.0,5740.0,2025-08-13 12:40:03.656195
2025-08-13,45820,2025081304005730,SHPC,Nagarik Stock Dealer ,J.F. Securites (PVT) Ltd.,596,574.7,342521.2,2025-08-13 12:41:47.726893
2025-08-13,45819,2025081304005731,SHPC,Nagarik Stock Dealer ,Oxford Securities Pvt. Ltd.,1000,574.8,574800.0,2025-08-13 12:41:47.727182
2025-08-13,45818,2025081304005732,SHPC,Nagarik Stock Dealer ,Premier Securities Company Ltd.,200,575.0,115000.0,2025-08-13 12:41:47.727302
2025-08-13,45817,2025081304005733,SHPC,Nagarik Stock Dealer ,Imperial Securities Company Pvt. Ltd.,1500,575.0,862500.0,2025-08-13 12:41:47.727425
2025-08-13,45816,2025081304005734,SHPC,Nagarik Stock Dealer ,Vision Securities Pvt. Ltd,121,575.0,69575.0,2025-08-13 12:41:47.727540
2025-08-13,45815,2025081304005735,SHPC,Nagarik Stock Dealer ,Neev Securities Pvt. Ltd.,1490,575.0,856750.0,2025-08-13 12:41:47.727657
2025-08-13,45814,2025081304005736,SHPC,Nagarik Stock Dealer ,Sweta Securities Private Limited,43,575.0,24725.0,2025-08-13 12:41:47.727775
2025-08-13,45629,2025081304005772,SHPC,Imperial Securities Company Pvt. Ltd.,Nepal Stock House (PVT) Ltd.,2,570.0,1140.0,2025-08-13 12:42:32.907492
2025-08-13,45573,2025081304005784,SHPC,Nagarik Stock Dealer ,Imperial Securities Company Pvt. Ltd.,50,575.0,28750.0,2025-08-13 12:42:55.126774
2025-08-13,45060,2025081304005861,SHPC,Kumari Securities Private Limited,Sharepro Securities Private Limited,180,574.0,103320.0,2025-08-13 12:44:32.336913
2025-08-13,44654,2025081304005939,SHPC,Sewa Securities Pvt. Ltd.,Trishakti Securities Public Limited,400,575.0,230000.0,2025-08-13 12:46:04.659602
2025-08-13,44197,2025081304006027,SHPC,Kohinoor Investment & Securities Pvt. Ltd.,Trishakti Securities Public Limited,100,575.0,57500.0,2025-08-13 12:47:58.415670
2025-08-13,43403,2025081304006262,SHPC,Neev Securities Pvt. Ltd.,Trishakti Securities Public Limited,100,575.0,57500.0,2025-08-13 12:51:05.430223
2025-08-13,42205,2025081304006479,SHPC,ABC Securities Private Limited,Trishakti Securities Public Limited,100,574.9,57490.0,2025-08-13 12:55:09.259785
2025-08-13,42204,2025081304006480,SHPC,ABC Securities Private Limited,Trishakti Securities Public Limited,250,575.0,143750.0,2025-08-13 12:55:09.260110
2025-08-13,42169,2025081304006489,SHPC,Nabil Stock Dealer Ltd.,Vision Securities Pvt. Ltd,15,574.5,8617.5,2025-08-13 12:55:20.850258
2025-08-13,41998,2025081304006519,SHPC,Aryatara Investment & Securities,Trishakti Securities Public Limited,150,575.0,86250.0,2025-08-13 12:55:59.664705
2025-08-13,41997,2025081304006520,SHPC,Aryatara Investment & Securities,Sanima Securities Limited,50,575.0,28750.0,2025-08-13 12:55:59.664997
2025-08-13,41652,2025081304006593,SHPC,Midas Stock Broking Company Private Limited,Vision Securities Pvt. Ltd,10,575.9,5759.0,2025-08-13 12:57:36.751593
2025-08-13,41651,2025081304006594,SHPC,Midas Stock Broking Company Private Limited,Citizens Share Broker Limited,190,575.9,109421.0,2025-08-13 12:57:36.751694
2025-08-13,41647,2025081304006596,SHPC,Aryatara Investment & Securities,Dipshikha Dhitopatra Karobar Co. Pvt Ltd.,100,575.0,57500.0,2025-08-13 12:57:41.051871
2025-08-13,40939,2025081304006697,SHPC,Online Securities Pvt. Ltd.,J.F. Securites (PVT) Ltd.,10,575.0,5750.0,2025-08-13 13:00:52.981578
2025-08-13,40813,2025081304006717,SHPC,Online Securities Pvt. Ltd.,Imperial Securities Company Pvt. Ltd.,25,575.0,14375.0,2025-08-13 13:01:29.080960
2025-08-13,40812,2025081304006718,SHPC,Aakashbhairab Securities Ltd.,Imperial Securities Company Pvt. Ltd.,10,575.0,5750.0,2025-08-13 13:01:29.081569
2025-08-13,40703,2025081304006742,SHPC,Creative Securities Pvt Ltd,Kumari Securities Private Limited,100,575.5,57550.0,2025-08-13 13:01:52.726163
2025-08-13,40310,2025081304006829,SHPC,Nabil Stock Dealer Ltd.,Imperial Securities Company Pvt. Ltd.,85,574.5,48832.5,2025-08-13 13:02:56.015166
2025-08-13,40309,2025081304006830,SHPC,Sani Securities Company Ltd.,Imperial Securities Company Pvt. Ltd.,150,574.5,86175.0,2025-08-13 13:02:56.015488
2025-08-13,40308,2025081304006831,SHPC,Sani Securities Company Ltd.,Imperial Securities Company Pvt. Ltd.,150,574.0,86100.0,2025-08-13 13:02:56.015621
2025-08-13,40307,2025081304006832,SHPC,ABC Securities Private Limited,Imperial Securities Company Pvt. Ltd.,200,574.0,114800.0,2025-08-13 13:02:56.015747
2025-08-13,40306,2025081304006833,SHPC,Trisul Securities & Invt. Ltd.,Imperial Securities Company Pvt. Ltd.,200,574.0,114800.0,2025-08-13 13:02:56.015871
2025-08-13,40305,2025081304006834,SHPC,Asian Securities Private Ltd.,Imperial Securities Company Pvt. Ltd.,146,573.8,83774.8,2025-08-13 13:02:56.015995
2025-08-13,40304,2025081304006835,SHPC,Nabil Stock Dealer Ltd.,Imperial Securities Company Pvt. Ltd.,69,573.7,39585.3,2025-08-13 13:02:56.016123
2025-08-13,40249,2025081304006855,SHPC,Nabil Stock Dealer Ltd.,Imperial Securities Company Pvt. Ltd.,231,573.7,132524.7,2025-08-13 13:03:08.203376
2025-08-13,40248,2025081304006856,SHPC,Dipshikha Dhitopatra Karobar Co. Pvt Ltd.,Imperial Securities Company Pvt. Ltd.,250,573.2,143300.0,2025-08-13 13:03:08.203723
2025-08-13,40247,2025081304006857,SHPC,Aryatara Investment & Securities,Imperial Securities Company Pvt. Ltd.,500,573.2,286600.0,2025-08-13 13:03:08.203865
2025-08-13,40246,2025081304006858,SHPC,Trishakti Securities Public Limited,Imperial Securities Company Pvt. Ltd.,3019,573.1,1730188.9,2025-08-13 13:03:08.203985
2025-08-13,40132,2025081304006874,SHPC,Trishakti Securities Public Limited,Imperial Securities Company Pvt. Ltd.,181,573.1,103731.1,2025-08-13 13:03:20.406901
2025-08-13,40131,2025081304006875,SHPC,Sewa Securities Pvt. Ltd.,Imperial Securities Company Pvt. Ltd.,100,573.1,57310.0,2025-08-13 13:03:20.407224
2025-08-13,40130,2025081304006876,SHPC,Linch Stock Market Ltd.,Imperial Securities Company Pvt. Ltd.,500,573.0,286500.0,2025-08-13 13:03:20.407388
2025-08-13,40129,2025081304006877,SHPC,Opal Securities Investment (PVT) Ltd.,Imperial Securities Company Pvt. Ltd.,100,573.0,57300.0,2025-08-13 13:03:20.407537
2025-08-13,40128,2025081304006878,SHPC,Capital Max Securities Ltd,Imperial Securities Company Pvt. Ltd.,619,572.5,354377.5,2025-08-13 13:03:20.407689
2025-08-13,40024,2025081304006909,SHPC,Himalayan Brokerage Company Limited,Imperial Securities Company Pvt. Ltd.,200,572.0,114400.0,2025-08-13 13:03:36.619536
2025-08-13,40023,2025081304006910,SHPC,Linch Stock Market Ltd.,Imperial Securities Company Pvt. Ltd.,300,572.0,171600.0,2025-08-13 13:03:36.620110
2025-08-13,39895,2025081304006950,SHPC,Linch Stock Market Ltd.,Sanima Securities Limited,100,572.0,57200.0,2025-08-13 13:03:58.446767
2025-08-13,39894,2025081304006951,SHPC,ABC Securities Private Limited,Sanima Securities Limited,10,572.0,5720.0,2025-08-13 13:03:58.447500
2025-08-13,39687,2025081304006999,SHPC,Nepal Stock House (PVT) Ltd.,Sanima Securities Limited,50,574.9,28745.0,2025-08-13 13:04:34.719149
2025-08-13,39255,2025081304007146,SHPC,Creative Securities Pvt Ltd,Agrawal Securities (PVT) Ltd.,25,574.8,14370.0,2025-08-13 13:06:03.136968
2025-08-13,39107,2025081304007202,SHPC,Dipshikha Dhitopatra Karobar Co. Pvt Ltd.,Vision Securities Pvt. Ltd,25,571.9,14297.5,2025-08-13 13:06:34.931676
2025-08-13,39106,2025081304007203,SHPC,South Asian Bulls Pvt. Ltd.,Vision Securities Pvt. Ltd,275,571.6,157190.0,2025-08-13 13:06:34.932028
2025-08-13,38602,2025081304007377,SHPC,Sani Securities Company Ltd.,Agrawal Securities (PVT) Ltd.,100,572.0,57200.0,2025-08-13 13:08:00.989869
2025-08-13,38476,2025081304007417,SHPC,South Asian Bulls Pvt. Ltd.,Agrawal Securities (PVT) Ltd.,1000,572.0,572000.0,2025-08-13 13:08:33.781614
2025-08-13,38366,2025081304007452,SHPC,Capital Max Securities Ltd,Agrawal Securities (PVT) Ltd.,381,572.0,217932.0,2025-08-13 13:09:03.911143
2025-08-13,38293,2025081304007486,SHPC,South Asian Bulls Pvt. Ltd.,Imperial Securities Company Pvt. Ltd.,725,571.6,414410.0,2025-08-13 13:09:21.112548
2025-08-13,38292,2025081304007487,SHPC,Thrive Brokerage House Pvt. Ltd,Imperial Securities Company Pvt. Ltd.,350,571.6,200060.0,2025-08-13 13:09:21.113150
2025-08-13,38291,2025081304007488,SHPC,Ashutosh Brokerage & Securities (PVT) Ltd.,Imperial Securities Company Pvt. Ltd.,1000,571.2,571200.0,2025-08-13 13:09:21.113682
2025-08-13,38290,2025081304007489,SHPC,J.F. Securites (PVT) Ltd.,Imperial Securities Company Pvt. Ltd.,400,571.1,228440.0,2025-08-13 13:09:21.114120
2025-08-13,38289,2025081304007490,SHPC,Linch Stock Market Ltd.,Imperial Securities Company Pvt. Ltd.,50,571.1,28555.0,2025-08-13 13:09:21.114557
2025-08-13,38288,2025081304007491,SHPC,Dynamic Money Managers Securities Pvt. Ltd.,Imperial Securities Company Pvt. Ltd.,1127,571.1,643629.7,2025-08-13 13:09:21.114977
2025-08-13,38287,2025081304007492,SHPC,Infinity Securities Limited,Imperial Securities Company Pvt. Ltd.,500,571.1,285550.0,2025-08-13 13:09:21.115398
2025-08-13,38286,2025081304007493,SHPC,Nepal Stock House (PVT) Ltd.,Imperial Securities Company Pvt. Ltd.,5848,571.0,3339208.0,2025-08-13 13:09:21.115813
2025-08-13,38235,2025081304007507,SHPC,South Asian Bulls Pvt. Ltd.,Imperial Securities Company Pvt. Ltd.,1000,571.1,571100.0,2025-08-13 13:09:35.260780
2025-08-13,38234,2025081304007508,SHPC,Nepal Stock House (PVT) Ltd.,Imperial Securities Company Pvt. Ltd.,4152,571.0,2370792.0,2025-08-13 13:09:35.261399
2025-08-13,38233,2025081304007509,SHPC,Creative Securities Pvt Ltd,Imperial Securities Company Pvt. Ltd.,10,571.0,5710.0,2025-08-13 13:09:35.261814
2025-08-13,38232,2025081304007510,SHPC,Online Securities Pvt. Ltd.,Imperial Securities Company Pvt. Ltd.,50,571.0,28550.0,2025-08-13 13:09:35.262174
2025-08-13,38231,2025081304007511,SHPC,Opal Securities Investment (PVT) Ltd.,Imperial Securities Company Pvt. Ltd.,20,571.0,11420.0,2025-08-13 13:09:35.262551
2025-08-13,38230,2025081304007512,SHPC,Cristal Kanchanjanga Securites Pvt. Ltd.,Imperial Securities Company Pvt. Ltd.,500,570.5,285250.0,2025-08-13 13:09:35.262913
2025-08-13,38229,2025081304007513,SHPC,Deevyaa Securities & Stock House Pvt. Ltd,Imperial Securities Company Pvt. Ltd.,268,570.5,152894.0,2025-08-13 13:09:35.263385
2025-08-13,38193,2025081304007525,SHPC,Deevyaa Securities & Stock House Pvt. Ltd,Imperial Securities Company Pvt. Ltd.,232,570.5,132356.0,2025-08-13 13:09:46.363450
2025-08-13,38192,2025081304007526,SHPC,Capital Max Securities Ltd,Imperial Securities Company Pvt. Ltd.,1000,570.1,570100.0,2025-08-13 13:09:46.364041
2025-08-13,38191,2025081304007527,SHPC,Secured Securities Ltd.,Imperial Securities Company Pvt. Ltd.,200,570.0,114000.0,2025-08-13 13:09:46.364446
2025-08-13,38190,2025081304007528,SHPC,Himalayan Brokerage Company Limited,Imperial Securities Company Pvt. Ltd.,200,570.0,114000.0,2025-08-13 13:09:46.364822
2025-08-13,38189,2025081304007529,SHPC,Online Securities Pvt. Ltd.,Imperial Securities Company Pvt. Ltd.,300,570.0,171000.0,2025-08-13 13:09:46.365215
2025-08-13,38188,2025081304007530,SHPC,Imperial Securities Company Pvt. Ltd.,Imperial Securities Company Pvt. Ltd.,70,570.0,39900.0,2025-08-13 13:09:46.365595
2025-08-13,38187,2025081304007531,SHPC,Oxford Securities Pvt. Ltd.,Imperial Securities Company Pvt. Ltd.,200,570.0,114000.0,2025-08-13 13:09:46.366021
2025-08-13,38186,2025081304007532,SHPC,Market Securities & Exchange (PVT) Ltd.,Imperial Securities Company Pvt. Ltd.,150,570.0,85500.0,2025-08-13 13:09:46.366434
2025-08-13,38185,2025081304007533,SHPC,Thrive Brokerage House Pvt. Ltd,Imperial Securities Company Pvt. Ltd.,35,570.0,19950.0,2025-08-13 13:09:46.366806
2025-08-13,38184,2025081304007534,SHPC,Sani Securities Company Ltd.,Imperial Securities Company Pvt. Ltd.,100,570.0,57000.0,2025-08-13 13:09:46.367212
2025-08-13,38183,2025081304007535,SHPC,Trisul Securities & Invt. Ltd.,Imperial Securities Company Pvt. Ltd.,513,570.0,292410.0,2025-08-13 13:09:46.367623
2025-08-13,38090,2025081304007575,SHPC,Linch Stock Market Ltd.,Agrawal Securities (PVT) Ltd.,10,573.0,5730.0,2025-08-13 13:10:04.573773
2025-08-13,37687,2025081304007669,SHPC,Imperial Securities Company Pvt. Ltd.,Imperial Securities Company Pvt. Ltd.,200,570.1,114020.0,2025-08-13 13:11:36.532144
2025-08-13,37686,2025081304007670,SHPC,Siprabi Securities Pvt. Ltd.,Imperial Securities Company Pvt. Ltd.,30,570.0,17100.0,2025-08-13 13:11:36.532825
2025-08-13,37685,2025081304007671,SHPC,Aryatara Investment & Securities,Imperial Securities Company Pvt. Ltd.,100,570.0,57000.0,2025-08-13 13:11:36.533221
2025-08-13,37684,2025081304007672,SHPC,Miyo Securities Pvt Ltd,Imperial Securities Company Pvt. Ltd.,300,570.0,171000.0,2025-08-13 13:11:36.533588
2025-08-13,37683,2025081304007673,SHPC,Sani Securities Company Ltd.,Imperial Securities Company Pvt. Ltd.,40,570.0,22800.0,2025-08-13 13:11:36.533977
2025-08-13,37682,2025081304007674,SHPC,South Asian Bulls Pvt. Ltd.,Imperial Securities Company Pvt. Ltd.,330,570.0,188100.0,2025-08-13 13:11:36.534338
2025-08-13,37138,2025081304007767,SHPC,South Asian Bulls Pvt. Ltd.,Sewa Securities Pvt. Ltd.,50,570.0,28500.0,2025-08-13 13:14:17.564795
2025-08-13,37120,2025081304007771,SHPC,South Asian Bulls Pvt. Ltd.,Aryatara Investment & Securities,500,570.0,285000.0,2025-08-13 13:14:22.605442
2025-08-13,36601,2025081304007876,SHPC,South Asian Bulls Pvt. Ltd.,Property Wiard Limited,120,570.0,68400.0,2025-08-13 13:16:56.078917
2025-08-13,36600,2025081304007877,SHPC,Sani Securities Company Ltd.,Property Wiard Limited,100,570.0,57000.0,2025-08-13 13:16:56.079526
2025-08-13,36410,2025081304007925,SHPC,Malla & Malla Stock Broking Company Pvt. Limited,Property Wiard Limited,100,570.0,57000.0,2025-08-13 13:17:54.677839
2025-08-13,36331,2025081304007934,SHPC,Dipshikha Dhitopatra Karobar Co. Pvt Ltd.,Property Wiard Limited,80,570.0,45600.0,2025-08-13 13:18:09.728420
2025-08-13,36266,2025081304007949,SHPC,Kohinoor Investment & Securities Pvt. Ltd.,Agrawal Securities (PVT) Ltd.,100,571.0,57100.0,2025-08-13 13:18:26.452376
2025-08-13,36165,2025081304007968,SHPC,Midas Stock Broking Company Private Limited,Aryatara Investment & Securities,200,572.0,114400.0,2025-08-13 13:18:53.974485
2025-08-13,35890,2025081304008044,SHPC,Dipshikha Dhitopatra Karobar Co. Pvt Ltd.,Aryatara Investment & Securities,50,572.0,28600.0,2025-08-13 13:20:15.001920
2025-08-13,35782,2025081304008072,SHPC,INDEX SECURITIES LIMITED,Aryatara Investment & Securities,10,572.0,5720.0,2025-08-13 13:20:55.754173
2025-08-13,34774,2025081304008223,SHPC,Vision Securities Pvt. Ltd,Kumari Securities Private Limited,1,565.0,565.0,2025-08-13 13:25:54.414996
2025-08-13,33585,2025081304008496,SHPC,Sani Securities Company Ltd.,Imperial Securities Company Pvt. Ltd.,30,571.9,17157.0,2025-08-13 13:31:25.203785
2025-08-13,33440,2025081304008530,SHPC,Swarna Laxmi Securities Pvt. Ltd.,Imperial Securities Company Pvt. Ltd.,20,571.9,11438.0,2025-08-13 13:32:30.280695
2025-08-13,33439,2025081304008531,SHPC,Swarna Laxmi Securities Pvt. Ltd.,Aryatara Investment & Securities,240,572.0,137280.0,2025-08-13 13:32:30.281043
2025-08-13,33438,2025081304008532,SHPC,Swarna Laxmi Securities Pvt. Ltd.,Bhrikuti Stock Broking Co. Pvt. Ltd.,55,572.0,31460.0,2025-08-13 13:32:30.281183
2025-08-13,33229,2025081304008571,SHPC,J.F. Securites (PVT) Ltd.,Bhrikuti Stock Broking Co. Pvt. Ltd.,300,572.0,171600.0,2025-08-13 13:33:28.069047
2025-08-13,32703,2025081304008665,SHPC,Kumari Securities Private Limited,Online Securities Pvt. Ltd.,11,571.0,6281.0,2025-08-13 13:36:29.994199
2025-08-13,32702,2025081304008666,SHPC,Secured Securities Ltd.,Online Securities Pvt. Ltd.,300,570.4,171120.0,2025-08-13 13:36:29.994891
2025-08-13,32701,2025081304008667,SHPC,Nepal Investment And Securities Trading Private Limited,Online Securities Pvt. Ltd.,489,570.4,278925.6,2025-08-13 13:36:29.995304
2025-08-13,32637,2025081304008676,SHPC,Nepal Investment And Securities Trading Private Limited,Online Securities Pvt. Ltd.,11,570.4,6274.4,2025-08-13 13:36:51.130612
2025-08-13,32636,2025081304008677,SHPC,Opal Securities Investment (PVT) Ltd.,Online Securities Pvt. Ltd.,500,570.3,285150.0,2025-08-13 13:36:51.131226
2025-08-13,32635,2025081304008678,SHPC,Aryatara Investment & Securities,Online Securities Pvt. Ltd.,150,570.2,85530.0,2025-08-13 13:36:51.131678
2025-08-13,32634,2025081304008679,SHPC,Sajilo Broker Limited,Online Securities Pvt. Ltd.,139,570.1,79243.9,2025-08-13 13:36:51.132077
2025-08-13,32579,2025081304008686,SHPC,Sajilo Broker Limited,Online Securities Pvt. Ltd.,800,570.1,456080.0,2025-08-13 13:37:04.226287
2025-08-13,32534,2025081304008700,SHPC,Citizens Share Broker Limited,Online Securities Pvt. Ltd.,200,570.2,114040.0,2025-08-13 13:37:19.345181
2025-08-13,32533,2025081304008701,SHPC,Sajilo Broker Limited,Online Securities Pvt. Ltd.,61,570.1,34776.1,2025-08-13 13:37:19.345528
2025-08-13,32532,2025081304008702,SHPC,South Asian Bulls Pvt. Ltd.,Online Securities Pvt. Ltd.,30,570.1,17103.0,2025-08-13 13:37:19.345667
2025-08-13,32531,2025081304008703,SHPC,Dipshikha Dhitopatra Karobar Co. Pvt Ltd.,Online Securities Pvt. Ltd.,509,570.0,290130.0,2025-08-13 13:37:19.345801
2025-08-13,32501,2025081304008707,SHPC,Dipshikha Dhitopatra Karobar Co. Pvt Ltd.,Online Securities Pvt. Ltd.,411,570.0,234270.0,2025-08-13 13:37:32.419830
2025-08-13,32500,2025081304008708,SHPC,Trishakti Securities Public Limited,Online Securities Pvt. Ltd.,389,570.0,221730.0,2025-08-13 13:37:32.420226
2025-08-13,32357,2025081304008725,SHPC,Sri Hari Securities Pvt. Ltd.,Nepal Stock House (PVT) Ltd.,100,570.1,57010.0,2025-08-13 13:38:28.176177
2025-08-13,32334,2025081304008727,SHPC,Midas Stock Broking Company Private Limited,Neev Securities Pvt. Ltd.,65,570.5,37082.5,2025-08-13 13:38:41.587997
2025-08-13,32333,2025081304008728,SHPC,Sri Hari Securities Pvt. Ltd.,Neev Securities Pvt. Ltd.,100,570.1,57010.0,2025-08-13 13:38:41.588448
2025-08-13,32332,2025081304008729,SHPC,Trishakti Securities Public Limited,Neev Securities Pvt. Ltd.,111,570.0,63270.0,2025-08-13 13:38:41.588935
2025-08-13,32331,2025081304008730,SHPC,Trisul Securities & Invt. Ltd.,Neev Securities Pvt. Ltd.,10,570.0,5700.0,2025-08-13 13:38:41.589486
2025-08-13,32330,2025081304008731,SHPC,Naasa Securities Co. Ltd.,Neev Securities Pvt. Ltd.,100,570.0,57000.0,2025-08-13 13:38:41.590050
2025-08-13,32328,2025081304008732,SHPC,ABC Securities Private Limited,Neev Securities Pvt. Ltd.,100,570.0,57000.0,2025-08-13 13:38:41.590610
2025-08-13,32009,2025081304008796,SHPC,Online Securities Pvt. Ltd.,Nepal Stock House (PVT) Ltd.,50,570.0,28500.0,2025-08-13 13:40:34.806749
2025-08-13,31916,2025081304008806,SHPC,South Asian Bulls Pvt. Ltd.,Trisul Securities & Invt. Ltd.,500,569.5,284750.0,2025-08-13 13:40:54.864252
2025-08-13,31684,2025081304008837,SHPC,South Asian Bulls Pvt. Ltd.,Naasa Securities Co. Ltd.,500,569.5,284750.0,2025-08-13 13:41:57.495644
2025-08-13,31683,2025081304008838,SHPC,Sani Securities Company Ltd.,Naasa Securities Co. Ltd.,50,569.5,28475.0,2025-08-13 13:41:57.496285
2025-08-13,31430,2025081304008900,SHPC,Sani Securities Company Ltd.,Naasa Securities Co. Ltd.,50,569.5,28475.0,2025-08-13 13:43:12.216417
2025-08-13,31329,2025081304008906,SHPC,Vision Securities Pvt. Ltd,Nepal Stock House (PVT) Ltd.,200,569.2,113840.0,2025-08-13 13:43:36.633970
2025-08-13,31283,2025081304008910,SHPC,Imperial Securities Company Pvt. Ltd.,Nepal Stock House (PVT) Ltd.,50,569.2,28460.0,2025-08-13 13:43:54.305093
2025-08-13,31282,2025081304008911,SHPC,Imperial Securities Company Pvt. Ltd.,Naasa Securities Co. Ltd.,100,569.5,56950.0,2025-08-13 13:43:54.305466
2025-08-13,31253,2025081304008915,SHPC,Dipshikha Dhitopatra Karobar Co. Pvt Ltd.,Naasa Securities Co. Ltd.,13,569.5,7403.5,2025-08-13 13:44:01.114619
2025-08-13,31252,2025081304008916,SHPC,Dipshikha Dhitopatra Karobar Co. Pvt Ltd.,Online Securities Pvt. Ltd.,17,570.0,9690.0,2025-08-13 13:44:01.115262
2025-08-13,31216,2025081304008919,SHPC,South Asian Bulls Pvt. Ltd.,Online Securities Pvt. Ltd.,783,570.0,446310.0,2025-08-13 13:44:13.523421
2025-08-13,31215,2025081304008920,SHPC,South Asian Bulls Pvt. Ltd.,Online Securities Pvt. Ltd.,200,570.0,114000.0,2025-08-13 13:44:13.523768
2025-08-13,31214,2025081304008921,SHPC,South Asian Bulls Pvt. Ltd.,Dakshinkali Investment & Securities Pvt. Ltd.,200,570.0,114000.0,2025-08-13 13:44:13.523911
2025-08-13,30333,2025081304009119,SHPC,Bhrikuti Stock Broking Co. Pvt. Ltd.,Ashutosh Brokerage & Securities (PVT) Ltd.,400,571.8,228720.0,2025-08-13 13:48:36.290767
2025-08-13,30101,2025081304009144,SHPC,Imperial Securities Company Pvt. Ltd.,Swarna Laxmi Securities Pvt. Ltd.,2,569.0,1138.0,2025-08-13 13:49:50.986416
2025-08-13,30087,2025081304009147,SHPC,Imperial Securities Company Pvt. Ltd.,Naasa Securities Co. Ltd.,1,570.0,570.0,2025-08-13 13:49:58.110784
2025-08-13,29454,2025081304009250,SHPC,SUN SECURITIES PVT LTD,Bhrikuti Stock Broking Co. Pvt. Ltd.,1790,571.7,1023343.0,2025-08-13 13:52:38.730935
2025-08-13,29453,2025081304009251,SHPC,SUN SECURITIES PVT LTD,Ashutosh Brokerage & Securities (PVT) Ltd.,100,571.8,57180.0,2025-08-13 13:52:38.731318
2025-08-13,29452,2025081304009252,SHPC,SUN SECURITIES PVT LTD,Online Securities Pvt. Ltd.,800,571.8,457440.0,2025-08-13 13:52:38.731478
2025-08-13,29451,2025081304009253,SHPC,SUN SECURITIES PVT LTD,Online Securities Pvt. Ltd.,200,571.8,114360.0,2025-08-13 13:52:38.731635
2025-08-13,29450,2025081304009254,SHPC,SUN SECURITIES PVT LTD,K.B.L. Securities Limited ,1000,571.9,571900.0,2025-08-13 13:52:38.731836
2025-08-13,29449,2025081304009255,SHPC,SUN SECURITIES PVT LTD,Dakshinkali Investment & Securities Pvt. Ltd.,200,572.0,114400.0,2025-08-13 13:52:38.732076
2025-08-13,29448,2025081304009256,SHPC,SUN SECURITIES PVT LTD,Online Securities Pvt. Ltd.,300,572.0,171600.0,2025-08-13 13:52:38.732273
2025-08-13,29447,2025081304009257,SHPC,SUN SECURITIES PVT LTD,Sani Securities Company Ltd.,20,572.0,11440.0,2025-08-13 13:52:38.732432
2025-08-13,29324,2025081304009270,SHPC,SUN SECURITIES PVT LTD,Siprabi Securities Pvt. Ltd.,450,572.0,257400.0,2025-08-13 13:52:49.748732
2025-08-13,29169,2025081304009319,SHPC,SUN SECURITIES PVT LTD,Agrawal Securities (PVT) Ltd.,115,572.0,65780.0,2025-08-13 13:53:34.941475
2025-08-13,29152,2025081304009320,SHPC,SUN SECURITIES PVT LTD,Nepal Stock House (PVT) Ltd.,25,572.0,14300.0,2025-08-13 13:53:41.811034
2025-08-13,29023,2025081304009348,SHPC,Midas Stock Broking Company Private Limited,Magnet Securities and Investment Company Private Limited,100,571.0,57100.0,2025-08-13 13:54:17.890331
2025-08-13,28962,2025081304009363,SHPC,Midas Stock Broking Company Private Limited,Neev Securities Pvt. Ltd.,15,571.0,8565.0,2025-08-13 13:54:39.332248
2025-08-13,28657,2025081304009447,SHPC,Midas Stock Broking Company Private Limited,Sharepro Securities Private Limited,80,571.0,45680.0,2025-08-13 13:55:50.799514
2025-08-13,28495,2025081304009504,SHPC,SUN SECURITIES PVT LTD,Magnet Securities and Investment Company Private Limited,50,571.0,28550.0,2025-08-13 13:56:21.280073
2025-08-13,28331,2025081304009532,SHPC,Citizens Share Broker Limited,Sewa Securities Pvt. Ltd.,100,570.2,57020.0,2025-08-13 13:56:59.566667
2025-08-13,27796,2025081304009632,SHPC,Trisul Securities & Invt. Ltd.,Online Securities Pvt. Ltd.,500,570.3,285150.0,2025-08-13 13:58:48.370096
2025-08-13,27795,2025081304009633,SHPC,Citizens Share Broker Limited,Online Securities Pvt. Ltd.,300,570.2,171060.0,2025-08-13 13:58:48.370484
2025-08-13,27759,2025081304009642,SHPC,Citizens Share Broker Limited,Online Securities Pvt. Ltd.,100,570.2,57020.0,2025-08-13 13:59:00.628002
2025-08-13,27758,2025081304009643,SHPC,K.B.L. Securities Limited ,Online Securities Pvt. Ltd.,100,570.1,57010.0,2025-08-13 13:59:00.628751
2025-08-13,27684,2025081304009652,SHPC,Swarna Laxmi Securities Pvt. Ltd.,Online Securities Pvt. Ltd.,50,570.3,28515.0,2025-08-13 13:59:15.733171
2025-08-13,27683,2025081304009653,SHPC,K.B.L. Securities Limited ,Online Securities Pvt. Ltd.,100,570.1,57010.0,2025-08-13 13:59:15.733583
2025-08-13,27682,2025081304009654,SHPC,Naasa Securities Co. Ltd.,Online Securities Pvt. Ltd.,300,570.1,171030.0,2025-08-13 13:59:15.734143
2025-08-13,27681,2025081304009655,SHPC,South Asian Bulls Pvt. Ltd.,Online Securities Pvt. Ltd.,350,570.0,199500.0,2025-08-13 13:59:15.734657
2025-08-13,27640,2025081304009660,SHPC,South Asian Bulls Pvt. Ltd.,Online Securities Pvt. Ltd.,200,570.0,114000.0,2025-08-13 13:59:26.839430
2025-08-13,27613,2025081304009666,SHPC,South Asian Bulls Pvt. Ltd.,Sani Securities Company Ltd.,875,570.0,498750.0,2025-08-13 13:59:32.910144
2025-08-13,27351,2025081304009711,SHPC,Midas Stock Broking Company Private Limited,Sani Securities Company Ltd.,10,570.1,5701.0,2025-08-13 14:00:43.935756
2025-08-13,27350,2025081304009712,SHPC,South Asian Bulls Pvt. Ltd.,Sani Securities Company Ltd.,575,570.0,327750.0,2025-08-13 14:00:43.936463
2025-08-13,27349,2025081304009713,SHPC,Agrawal Securities (PVT) Ltd.,Sani Securities Company Ltd.,75,570.0,42750.0,2025-08-13 14:00:43.937045
2025-08-13,27348,2025081304009714,SHPC,Aryatara Investment & Securities,Sani Securities Company Ltd.,200,570.0,114000.0,2025-08-13 14:00:43.937586
2025-08-13,27347,2025081304009715,SHPC,Sunrise Securities Limited,Sani Securities Company Ltd.,17,569.2,9676.4,2025-08-13 14:00:43.938131
2025-08-13,26967,2025081304009803,SHPC,Agrawal Securities (PVT) Ltd.,SUN SECURITIES PVT LTD,66,570.0,37620.0,2025-08-13 14:02:00.775226
2025-08-13,26959,2025081304009809,SHPC,Agrawal Securities (PVT) Ltd.,Oxford Securities Pvt. Ltd.,10,570.0,5700.0,2025-08-13 14:02:03.324939
2025-08-13,26846,2025081304009825,SHPC,Agrawal Securities (PVT) Ltd.,Neev Securities Pvt. Ltd.,19,570.0,10830.0,2025-08-13 14:02:34.620615
2025-08-13,26531,2025081304009891,SHPC,Neev Securities Pvt. Ltd.,Property Wiard Limited,200,570.0,114000.0,2025-08-13 14:03:51.605974
2025-08-13,26530,2025081304009892,SHPC,South Asian Bulls Pvt. Ltd.,Property Wiard Limited,1100,569.3,626230.0,2025-08-13 14:03:51.606651
2025-08-13,26529,2025081304009893,SHPC,Sunrise Securities Limited,Property Wiard Limited,700,569.2,398440.0,2025-08-13 14:03:51.607081
2025-08-13,26072,2025081304009978,SHPC,Sunrise Securities Limited,South Asian Bulls Pvt. Ltd.,283,569.2,161083.6,2025-08-13 14:05:25.399192
2025-08-13,26071,2025081304009979,SHPC,South Asian Bulls Pvt. Ltd.,South Asian Bulls Pvt. Ltd.,30,569.1,17073.0,2025-08-13 14:05:25.399575
2025-08-13,26070,2025081304009980,SHPC,Sani Securities Company Ltd.,South Asian Bulls Pvt. Ltd.,50,569.1,28455.0,2025-08-13 14:05:25.399724
2025-08-13,26069,2025081304009981,SHPC,SUN SECURITIES PVT LTD,South Asian Bulls Pvt. Ltd.,1607,569.1,914543.7,2025-08-13 14:05:25.399866
2025-08-13,25863,2025081304010021,SHPC,SUN SECURITIES PVT LTD,Vision Securities Pvt. Ltd,393,569.1,223656.3,2025-08-13 14:05:46.263119
2025-08-13,25862,2025081304010022,SHPC,Malla & Malla Stock Broking Company Pvt. Limited,Vision Securities Pvt. Ltd,100,569.1,56910.0,2025-08-13 14:05:46.263535
2025-08-13,25861,2025081304010023,SHPC,South Asian Bulls Pvt. Ltd.,Vision Securities Pvt. Ltd,307,569.0,174683.0,2025-08-13 14:05:46.263710
2025-08-13,25809,2025081304010040,SHPC,Agrawal Securities (PVT) Ltd.,Bhrikuti Stock Broking Co. Pvt. Ltd.,20,570.0,11400.0,2025-08-13 14:05:55.587504
2025-08-13,25792,2025081304010041,SHPC,South Asian Bulls Pvt. Ltd.,Vision Securities Pvt. Ltd,800,569.0,455200.0,2025-08-13 14:05:58.368168
2025-08-13,25707,2025081304010073,SHPC,South Asian Bulls Pvt. Ltd.,Nepal Investment And Securities Trading Private Limited,200,569.0,113800.0,2025-08-13 14:06:18.190090
2025-08-13,25311,2025081304010167,SHPC,South Asian Bulls Pvt. Ltd.,Vision Securities Pvt. Ltd,80,569.0,45520.0,2025-08-13 14:07:12.126849
2025-08-13,24528,2025081304010255,SHPC,Malla & Malla Stock Broking Company Pvt. Limited,Bhrikuti Stock Broking Co. Pvt. Ltd.,100,570.0,57000.0,2025-08-13 14:08:30.427309
2025-08-13,24378,2025081304010290,SHPC,Sani Securities Company Ltd.,Bhrikuti Stock Broking Co. Pvt. Ltd.,80,570.0,45600.0,2025-08-13 14:08:58.472123
2025-08-13,24377,2025081304010291,SHPC,Sani Securities Company Ltd.,Cristal Kanchanjanga Securites Pvt. Ltd.,500,570.0,285000.0,2025-08-13 14:08:58.472744
2025-08-13,24365,2025081304010303,SHPC,Sani Securities Company Ltd.,Imperial Securities Company Pvt. Ltd.,133,570.0,75810.0,2025-08-13 14:08:58.872058
2025-08-13,23963,2025081304010403,SHPC,Sani Securities Company Ltd.,Imperial Securities Company Pvt. Ltd.,387,570.0,220590.0,2025-08-13 14:10:15.801193
2025-08-13,23962,2025081304010404,SHPC,Miyo Securities Pvt Ltd,Imperial Securities Company Pvt. Ltd.,13,570.0,7410.0,2025-08-13 14:10:15.801864
2025-08-13,23906,2025081304010413,SHPC,South Asian Bulls Pvt. Ltd.,Sri Hari Securities Pvt. Ltd.,113,569.0,64297.0,2025-08-13 14:10:29.101887
2025-08-13,23905,2025081304010414,SHPC,ABC Securities Private Limited,Sri Hari Securities Pvt. Ltd.,50,569.0,28450.0,2025-08-13 14:10:29.102522
2025-08-13,23904,2025081304010415,SHPC,Cristal Kanchanjanga Securites Pvt. Ltd.,Sri Hari Securities Pvt. Ltd.,137,569.0,77953.0,2025-08-13 14:10:29.102923
2025-08-13,23833,2025081304010424,SHPC,Cristal Kanchanjanga Securites Pvt. Ltd.,Linch Stock Market Ltd.,300,569.0,170700.0,2025-08-13 14:10:43.369779
2025-08-13,23675,2025081304010457,SHPC,Cristal Kanchanjanga Securites Pvt. Ltd.,Asian Securities Private Ltd.,63,569.0,35847.0,2025-08-13 14:11:09.818838
2025-08-13,23674,2025081304010458,SHPC,Sajilo Broker Limited,Asian Securities Private Ltd.,100,569.0,56900.0,2025-08-13 14:11:09.819426
2025-08-13,23673,2025081304010459,SHPC,Malla & Malla Stock Broking Company Pvt. Limited,Asian Securities Private Ltd.,25,569.0,14225.0,2025-08-13 14:11:09.819845
2025-08-13,23672,2025081304010460,SHPC,Miyo Securities Pvt Ltd,Asian Securities Private Ltd.,12,569.0,6828.0,2025-08-13 14:11:09.820248
2025-08-13,23562,2025081304010480,SHPC,Global IME Securities Limited,Asian Securities Private Ltd.,200,569.0,113800.0,2025-08-13 14:11:26.437135
2025-08-13,23452,2025081304010514,SHPC,Nagarik Stock Dealer ,Online Securities Pvt. Ltd.,700,568.5,397950.0,2025-08-13 14:11:48.573972
2025-08-13,23447,2025081304010516,SHPC,Midas Stock Broking Company Private Limited,Asian Securities Private Ltd.,30,569.0,17070.0,2025-08-13 14:11:49.917074
2025-08-13,23378,2025081304010527,SHPC,Nagarik Stock Dealer ,Online Securities Pvt. Ltd.,300,568.5,170550.0,2025-08-13 14:12:05.731585
2025-08-13,23377,2025081304010528,SHPC,Investment Management Nepal Pvt. Ltd.,Online Securities Pvt. Ltd.,60,568.5,34110.0,2025-08-13 14:12:05.731667
2025-08-13,23376,2025081304010529,SHPC,South Asian Bulls Pvt. Ltd.,Online Securities Pvt. Ltd.,340,568.5,193290.0,2025-08-13 14:12:05.731699
2025-08-13,23278,2025081304010550,SHPC,South Asian Bulls Pvt. Ltd.,Online Securities Pvt. Ltd.,700,568.5,397950.0,2025-08-13 14:12:22.911756
2025-08-13,23230,2025081304010553,SHPC,South Asian Bulls Pvt. Ltd.,Siprabi Securities Pvt. Ltd.,100,568.5,56850.0,2025-08-13 14:12:26.805362
2025-08-13,23113,2025081304010567,SHPC,South Asian Bulls Pvt. Ltd.,Online Securities Pvt. Ltd.,700,568.5,397950.0,2025-08-13 14:12:39.096398
2025-08-13,22767,2025081304010660,SHPC,Imperial Securities Company Pvt. Ltd.,Asian Securities Private Ltd.,70,569.0,39830.0,2025-08-13 14:13:58.860124
2025-08-13,22542,2025081304010716,SHPC,Sani Securities Company Ltd.,Vision Securities Pvt. Ltd,230,569.0,130870.0,2025-08-13 14:14:31.501733
2025-08-13,22319,2025081304010777,SHPC,South Asian Bulls Pvt. Ltd.,Malla & Malla Stock Broking Company Pvt. Limited,60,568.5,34110.0,2025-08-13 14:15:12.912283
2025-08-13,22318,2025081304010778,SHPC,South Asian Bulls Pvt. Ltd.,Malla & Malla Stock Broking Company Pvt. Limited,50,568.2,28410.0,2025-08-13 14:15:12.912667
2025-08-13,22317,2025081304010779,SHPC,South Asian Bulls Pvt. Ltd.,Malla & Malla Stock Broking Company Pvt. Limited,30,568.1,17043.0,2025-08-13 14:15:12.912821
2025-08-13,22316,2025081304010780,SHPC,Sani Securities Company Ltd.,Malla & Malla Stock Broking Company Pvt. Limited,50,568.1,28405.0,2025-08-13 14:15:12.912955
2025-08-13,22315,2025081304010781,SHPC,Online Securities Pvt. Ltd.,Malla & Malla Stock Broking Company Pvt. Limited,200,568.1,113620.0,2025-08-13 14:15:12.913099
2025-08-13,22314,2025081304010782,SHPC,South Asian Bulls Pvt. Ltd.,Malla & Malla Stock Broking Company Pvt. Limited,10,568.0,5680.0,2025-08-13 14:15:12.913246
2025-08-13,22125,2025081304010842,SHPC,South Asian Bulls Pvt. Ltd.,Naasa Securities Co. Ltd.,130,568.0,73840.0,2025-08-13 14:15:37.306384
2025-08-13,22123,2025081304010843,SHPC,South Asian Bulls Pvt. Ltd.,Naasa Securities Co. Ltd.,19,568.0,10792.0,2025-08-13 14:15:37.598610
2025-08-13,21876,2025081304010882,SHPC,South Asian Bulls Pvt. Ltd.,Naasa Securities Co. Ltd.,500,568.0,284000.0,2025-08-13 14:16:22.312246
2025-08-13,21814,2025081304010907,SHPC,South Asian Bulls Pvt. Ltd.,Online Securities Pvt. Ltd.,700,568.0,397600.0,2025-08-13 14:16:34.408370
2025-08-13,21777,2025081304010911,SHPC,South Asian Bulls Pvt. Ltd.,Sani Securities Company Ltd.,141,568.0,80088.0,2025-08-13 14:16:39.855146
2025-08-13,21776,2025081304010912,SHPC,Bhrikuti Stock Broking Co. Pvt. Ltd.,Sani Securities Company Ltd.,259,568.0,147112.0,2025-08-13 14:16:39.855505
2025-08-13,21753,2025081304010918,SHPC,Bhrikuti Stock Broking Co. Pvt. Ltd.,Sani Securities Company Ltd.,226,568.0,128368.0,2025-08-13 14:16:44.964170
2025-08-13,21752,2025081304010919,SHPC,Neev Securities Pvt. Ltd.,Sani Securities Company Ltd.,174,568.0,98832.0,2025-08-13 14:16:44.964797
2025-08-13,21705,2025081304010923,SHPC,Midas Stock Broking Company Private Limited,Sani Securities Company Ltd.,10,568.1,5681.0,2025-08-13 14:16:50.080434
2025-08-13,21704,2025081304010924,SHPC,Neev Securities Pvt. Ltd.,Sani Securities Company Ltd.,226,568.0,128368.0,2025-08-13 14:16:50.080939
2025-08-13,21703,2025081304010925,SHPC,Capital Max Securities Ltd,Sani Securities Company Ltd.,25,568.0,14200.0,2025-08-13 14:16:50.081099
2025-08-13,21702,2025081304010926,SHPC,Online Securities Pvt. Ltd.,Sani Securities Company Ltd.,50,568.0,28400.0,2025-08-13 14:16:50.081256
2025-08-13,21458,2025081304010947,SHPC,Midas Stock Broking Company Private Limited,Sani Securities Company Ltd.,10,568.0,5680.0,2025-08-13 14:17:16.630130
2025-08-13,21260,2025081304011026,SHPC,Sani Securities Company Ltd.,Vision Securities Pvt. Ltd,200,567.2,113440.0,2025-08-13 14:17:52.754301
2025-08-13,21259,2025081304011027,SHPC,Sunrise Securities Limited,Vision Securities Pvt. Ltd,70,567.1,39697.0,2025-08-13 14:17:52.754681
2025-08-13,21236,2025081304011034,SHPC,Online Securities Pvt. Ltd.,Sani Securities Company Ltd.,20,568.0,11360.0,2025-08-13 14:17:57.163874
2025-08-13,21208,2025081304011049,SHPC,Midas Stock Broking Company Private Limited,Sani Securities Company Ltd.,59,568.0,33512.0,2025-08-13 14:18:01.110736
2025-08-13,21207,2025081304011050,SHPC,Midas Stock Broking Company Private Limited,Secured Securities Ltd.,20,568.0,11360.0,2025-08-13 14:18:01.111081
2025-08-13,20433,2025081304011218,SHPC,Sri Hari Securities Pvt. Ltd.,Neev Securities Pvt. Ltd.,75,567.2,42540.0,2025-08-13 14:20:26.150382
2025-08-13,20365,2025081304011227,SHPC,Imperial Securities Company Pvt. Ltd.,Ashutosh Brokerage & Securities (PVT) Ltd.,13,567.3,7374.9,2025-08-13 14:20:40.372985
2025-08-13,20322,2025081304011236,SHPC,Imperial Securities Company Pvt. Ltd.,Linch Stock Market Ltd.,137,567.3,77720.1,2025-08-13 14:20:51.614103
2025-08-13,20321,2025081304011237,SHPC,Sri Hari Securities Pvt. Ltd.,Linch Stock Market Ltd.,225,567.2,127620.0,2025-08-13 14:20:51.614738
2025-08-13,20320,2025081304011238,SHPC,Secured Securities Ltd.,Linch Stock Market Ltd.,138,567.2,78273.6,2025-08-13 14:20:51.615136
2025-08-13,19851,2025081304011314,SHPC,Secured Securities Ltd.,Neev Securities Pvt. Ltd.,60,567.2,34032.0,2025-08-13 14:22:17.701709
2025-08-13,19726,2025081304011352,SHPC,Online Securities Pvt. Ltd.,Neev Securities Pvt. Ltd.,30,567.2,17016.0,2025-08-13 14:22:41.805694
2025-08-13,19399,2025081304011425,SHPC,Kumari Securities Private Limited,Infinity Securities Limited,150,569.0,85350.0,2025-08-13 14:23:48.761413
2025-08-13,18966,2025081304011528,SHPC,Vision Securities Pvt. Ltd,Trisul Securities & Invt. Ltd.,800,569.9,455920.0,2025-08-13 14:25:21.720659
2025-08-13,18843,2025081304011550,SHPC,Sani Securities Company Ltd.,Linch Stock Market Ltd.,100,568.1,56810.0,2025-08-13 14:25:47.375079
2025-08-13,18842,2025081304011551,SHPC,Indira securities pvt. ltd,Linch Stock Market Ltd.,260,568.0,147680.0,2025-08-13 14:25:47.375427
2025-08-13,18767,2025081304011573,SHPC,Bhrikuti Stock Broking Co. Pvt. Ltd.,Naasa Securities Co. Ltd.,200,569.0,113800.0,2025-08-13 14:26:03.736166
2025-08-13,18745,2025081304011574,SHPC,Midas Stock Broking Company Private Limited,Naasa Securities Co. Ltd.,11,569.0,6259.0,2025-08-13 14:26:08.179791
2025-08-13,18728,2025081304011577,SHPC,Malla & Malla Stock Broking Company Pvt. Limited,Naasa Securities Co. Ltd.,289,569.0,164441.0,2025-08-13 14:26:12.721615
2025-08-13,18727,2025081304011578,SHPC,Malla & Malla Stock Broking Company Pvt. Limited,Magnet Securities and Investment Company Private Limited,106,570.0,60420.0,2025-08-13 14:26:12.722083
2025-08-13,18726,2025081304011579,SHPC,Malla & Malla Stock Broking Company Pvt. Limited,Agrawal Securities (PVT) Ltd.,305,570.0,173850.0,2025-08-13 14:26:12.722349
2025-08-13,18671,2025081304011595,SHPC,Bhrikuti Stock Broking Co. Pvt. Ltd.,Agrawal Securities (PVT) Ltd.,200,570.0,114000.0,2025-08-13 14:26:27.873119
2025-08-13,18156,2025081304011701,SHPC,Indira securities pvt. ltd,South Asian Bulls Pvt. Ltd.,40,568.0,22720.0,2025-08-13 14:28:02.837464
2025-08-13,18155,2025081304011702,SHPC,Vision Securities Pvt. Ltd,South Asian Bulls Pvt. Ltd.,60,567.6,34056.0,2025-08-13 14:28:02.837840
2025-08-13,17793,2025081304011772,SHPC,Thrive Brokerage House Pvt. Ltd,Primo Securities (PVT) Ltd.,20,567.7,11354.0,2025-08-13 14:28:59.222656
2025-08-13,17777,2025081304011779,SHPC,Thrive Brokerage House Pvt. Ltd,Sani Securities Company Ltd.,80,567.7,45416.0,2025-08-13 14:29:04.077378
2025-08-13,17776,2025081304011780,SHPC,Vision Securities Pvt. Ltd,Sani Securities Company Ltd.,200,567.7,113540.0,2025-08-13 14:29:04.077984
2025-08-13,17689,2025081304011810,SHPC,Agrawal Securities (PVT) Ltd.,Sani Securities Company Ltd.,210,567.7,119217.0,2025-08-13 14:29:21.350524
2025-08-13,17688,2025081304011811,SHPC,Agrawal Securities (PVT) Ltd.,Nepal Investment And Securities Trading Private Limited,90,569.0,51210.0,2025-08-13 14:29:21.351215
2025-08-13,16938,2025081304011956,SHPC,Neev Securities Pvt. Ltd.,Nepal Investment And Securities Trading Private Limited,100,567.5,56750.0,2025-08-13 14:31:39.671325
2025-08-13,16897,2025081304011966,SHPC,South Asian Bulls Pvt. Ltd.,Magnet Securities and Investment Company Private Limited,200,567.3,113460.0,2025-08-13 14:31:51.558530
2025-08-13,16874,2025081304011974,SHPC,South Asian Bulls Pvt. Ltd.,Nepal Investment And Securities Trading Private Limited,110,567.3,62403.0,2025-08-13 14:31:57.794010
2025-08-13,15958,2025081304012200,SHPC,Secured Securities Ltd.,Kohinoor Investment & Securities Pvt. Ltd.,150,567.5,85125.0,2025-08-13 14:35:03.401811
2025-08-13,15949,2025081304012204,SHPC,Imperial Securities Company Pvt. Ltd.,Kumari Securities Private Limited,1,558.0,558.0,2025-08-13 14:35:06.406645
2025-08-13,15814,2025081304012215,SHPC,Midas Stock Broking Company Private Limited,Kohinoor Investment & Securities Pvt. Ltd.,30,567.5,17025.0,2025-08-13 14:35:18.678962
2025-08-13,15788,2025081304012219,SHPC,Vision Securities Pvt. Ltd,Kohinoor Investment & Securities Pvt. Ltd.,165,567.5,93637.5,2025-08-13 14:35:25.227172
2025-08-13,15094,2025081304012389,SHPC,Vision Securities Pvt. Ltd,Nepal Stock House (PVT) Ltd.,500,567.5,283750.0,2025-08-13 14:36:53.945695
2025-08-13,14994,2025081304012397,SHPC,Vision Securities Pvt. Ltd,Secured Securities Ltd.,40,567.5,22700.0,2025-08-13 14:37:08.242681
2025-08-13,14846,2025081304012421,SHPC,Vision Securities Pvt. Ltd,Property Wiard Limited,500,567.5,283750.0,2025-08-13 14:37:25.745051
2025-08-13,14444,2025081304012474,SHPC,Vision Securities Pvt. Ltd,Linch Stock Market Ltd.,250,567.5,141875.0,2025-08-13 14:38:15.055216
2025-08-13,14364,2025081304012490,SHPC,Trishakti Securities Public Limited,Premier Securities Company Ltd.,500,567.6,283800.0,2025-08-13 14:38:30.267637
2025-08-13,14363,2025081304012491,SHPC,Vision Securities Pvt. Ltd,Premier Securities Company Ltd.,545,567.5,309287.5,2025-08-13 14:38:30.268304
2025-08-13,14362,2025081304012492,SHPC,Linch Stock Market Ltd.,Premier Securities Company Ltd.,100,567.5,56750.0,2025-08-13 14:38:30.268763
2025-08-13,14361,2025081304012493,SHPC,South Asian Bulls Pvt. Ltd.,Premier Securities Company Ltd.,1690,567.3,958737.0,2025-08-13 14:38:30.269200
2025-08-13,14360,2025081304012494,SHPC,Kohinoor Investment & Securities Pvt. Ltd.,Premier Securities Company Ltd.,150,567.3,85095.0,2025-08-13 14:38:30.269649
2025-08-13,14359,2025081304012495,SHPC,Online Securities Pvt. Ltd.,Premier Securities Company Ltd.,470,567.2,266584.0,2025-08-13 14:38:30.270084
2025-08-13,14358,2025081304012496,SHPC,Sani Securities Company Ltd.,Premier Securities Company Ltd.,50,567.2,28360.0,2025-08-13 14:38:30.270533
2025-08-13,14357,2025081304012497,SHPC,Sunrise Securities Limited,Premier Securities Company Ltd.,430,567.1,243853.0,2025-08-13 14:38:30.270999
2025-08-13,14356,2025081304012498,SHPC,South Asian Bulls Pvt. Ltd.,Premier Securities Company Ltd.,30,567.1,17013.0,2025-08-13 14:38:30.271445
2025-08-13,14355,2025081304012499,SHPC,Sani Securities Company Ltd.,Premier Securities Company Ltd.,100,567.1,56710.0,2025-08-13 14:38:30.271878
2025-08-13,14354,2025081304012500,SHPC,Trishakti Securities Public Limited,Premier Securities Company Ltd.,20,567.1,11342.0,2025-08-13 14:38:30.272305
2025-08-13,14353,2025081304012501,SHPC,Linch Stock Market Ltd.,Premier Securities Company Ltd.,905,567.1,513225.5,2025-08-13 14:38:30.272764
2025-08-13,14287,2025081304012512,SHPC,Sundhara Securities Limited,Aryatara Investment & Securities,200,568.0,113600.0,2025-08-13 14:38:39.876749
2025-08-13,14196,2025081304012518,SHPC,Linch Stock Market Ltd.,Premier Securities Company Ltd.,10,567.1,5671.0,2025-08-13 14:38:53.539545
2025-08-13,14129,2025081304012532,SHPC,Nepal Investment And Securities Trading Private Limited,Aryatara Investment & Securities,200,568.0,113600.0,2025-08-13 14:39:01.215587
2025-08-13,13910,2025081304012577,SHPC,Imperial Securities Company Pvt. Ltd.,Aryatara Investment & Securities,70,568.0,39760.0,2025-08-13 14:39:27.918980
2025-08-13,13636,2025081304012641,SHPC,Naasa Securities Co. Ltd.,Agrawal Securities (PVT) Ltd.,20,568.1,11362.0,2025-08-13 14:40:07.376024
2025-08-13,13635,2025081304012642,SHPC,Sani Securities Company Ltd.,Agrawal Securities (PVT) Ltd.,80,568.0,45440.0,2025-08-13 14:40:07.376716
2025-08-13,13489,2025081304012681,SHPC,Sumeru Securities Pvt. Ltd.,Midas Stock Broking Company Private Limited,6,558.0,3348.0,2025-08-13 14:40:22.800116
2025-08-13,13465,2025081304012688,SHPC,Sani Securities Company Ltd.,Dynamic Money Managers Securities Pvt. Ltd.,94,568.0,53392.0,2025-08-13 14:40:25.419066
2025-08-13,13269,2025081304012719,SHPC,Sani Securities Company Ltd.,Dynamic Money Managers Securities Pvt. Ltd.,10,568.0,5680.0,2025-08-13 14:40:54.789233
2025-08-13,13110,2025081304012771,SHPC,Sani Securities Company Ltd.,Agrawal Securities (PVT) Ltd.,16,568.0,9088.0,2025-08-13 14:41:18.141554
2025-08-13,13109,2025081304012772,SHPC,Sani Securities Company Ltd.,Agrawal Securities (PVT) Ltd.,50,568.0,28400.0,2025-08-13 14:41:18.141910
2025-08-13,13046,2025081304012795,SHPC,Trishakti Securities Public Limited,Naasa Securities Co. Ltd.,500,567.3,283650.0,2025-08-13 14:41:30.722751
2025-08-13,12980,2025081304012801,SHPC,Asian Securities Private Ltd.,Naasa Securities Co. Ltd.,500,567.2,283600.0,2025-08-13 14:41:35.318379
2025-08-13,12971,2025081304012802,SHPC,Imperial Securities Company Pvt. Ltd.,Naasa Securities Co. Ltd.,150,567.3,85095.0,2025-08-13 14:41:37.859068
2025-08-13,12957,2025081304012806,SHPC,Asian Securities Private Ltd.,Naasa Securities Co. Ltd.,300,567.2,170160.0,2025-08-13 14:41:38.879486
2025-08-13,12956,2025081304012807,SHPC,Trishakti Securities Public Limited,Naasa Securities Co. Ltd.,200,567.2,113440.0,2025-08-13 14:41:38.879850
2025-08-13,12924,2025081304012815,SHPC,Trishakti Securities Public Limited,Naasa Securities Co. Ltd.,300,567.2,170160.0,2025-08-13 14:41:45.445148
2025-08-13,12923,2025081304012816,SHPC,Linch Stock Market Ltd.,Naasa Securities Co. Ltd.,85,567.1,48203.5,2025-08-13 14:41:45.445822
2025-08-13,12922,2025081304012817,SHPC,Sri Hari Securities Pvt. Ltd.,Naasa Securities Co. Ltd.,15,567.1,8506.5,2025-08-13 14:41:45.446273
2025-08-13,12767,2025081304012841,SHPC,Vision Securities Pvt. Ltd,Naasa Securities Co. Ltd.,150,567.3,85095.0,2025-08-13 14:42:04.390840
2025-08-13,12002,2025081304013053,SHPC,Trishakti Securities Public Limited,Asian Securities Private Ltd.,500,567.5,283750.0,2025-08-13 14:43:26.659732
2025-08-13,11975,2025081304013068,SHPC,Trishakti Securities Public Limited,Naasa Securities Co. Ltd.,200,567.3,113460.0,2025-08-13 14:43:30.505856
2025-08-13,11677,2025081304013147,SHPC,Trishakti Securities Public Limited,Agrawal Securities (PVT) Ltd.,300,567.3,170190.0,2025-08-13 14:43:59.247544
2025-08-13,11676,2025081304013148,SHPC,Dynamic Money Managers Securities Pvt. Ltd.,Agrawal Securities (PVT) Ltd.,560,567.3,317688.0,2025-08-13 14:43:59.247959
2025-08-13,11675,2025081304013149,SHPC,Asian Securities Private Ltd.,Agrawal Securities (PVT) Ltd.,140,567.3,79422.0,2025-08-13 14:43:59.248114
2025-08-13,11475,2025081304013185,SHPC,Asian Securities Private Ltd.,Vision Securities Pvt. Ltd,90,567.3,51057.0,2025-08-13 14:44:19.529232
2025-08-13,11474,2025081304013186,SHPC,Trishakti Securities Public Limited,Vision Securities Pvt. Ltd,500,567.3,283650.0,2025-08-13 14:44:19.529860
2025-08-13,11473,2025081304013187,SHPC,Imperial Securities Company Pvt. Ltd.,Vision Securities Pvt. Ltd,500,567.2,283600.0,2025-08-13 14:44:19.530296
2025-08-13,11472,2025081304013188,SHPC,Sri Hari Securities Pvt. Ltd.,Vision Securities Pvt. Ltd,2985,567.1,1692793.5,2025-08-13 14:44:19.530750
2025-08-13,11471,2025081304013189,SHPC,Imperial Securities Company Pvt. Ltd.,Vision Securities Pvt. Ltd,500,567.1,283550.0,2025-08-13 14:44:19.531178
2025-08-13,11470,2025081304013190,SHPC,SUN SECURITIES PVT LTD,Vision Securities Pvt. Ltd,120,567.0,68040.0,2025-08-13 14:44:19.531620
2025-08-13,11469,2025081304013191,SHPC,Bhrikuti Stock Broking Co. Pvt. Ltd.,Vision Securities Pvt. Ltd,300,567.0,170100.0,2025-08-13 14:44:19.532044
2025-08-13,11468,2025081304013192,SHPC,Thrive Brokerage House Pvt. Ltd,Vision Securities Pvt. Ltd,500,567.0,283500.0,2025-08-13 14:44:19.532490
2025-08-13,11467,2025081304013193,SHPC,Sani Securities Company Ltd.,Vision Securities Pvt. Ltd,100,567.0,56700.0,2025-08-13 14:44:19.532912
2025-08-13,11466,2025081304013194,SHPC,Imperial Securities Company Pvt. Ltd.,Vision Securities Pvt. Ltd,10,567.0,5670.0,2025-08-13 14:44:19.533342
2025-08-13,11465,2025081304013195,SHPC,Kalika Securities Pvt. Ltd.,Vision Securities Pvt. Ltd,3046,567.0,1727082.0,2025-08-13 14:44:19.533759
2025-08-13,11305,2025081304013252,SHPC,Kalika Securities Pvt. Ltd.,Sani Securities Company Ltd.,400,567.0,226800.0,2025-08-13 14:44:38.343904
2025-08-13,11288,2025081304013255,SHPC,Trishakti Securities Public Limited,Agrawal Securities (PVT) Ltd.,10,568.0,5680.0,2025-08-13 14:44:39.567786
2025-08-13,11246,2025081304013270,SHPC,Kalika Securities Pvt. Ltd.,Imperial Securities Company Pvt. Ltd.,1100,567.0,623700.0,2025-08-13 14:44:43.449682
2025-08-13,11119,2025081304013299,SHPC,Kalika Securities Pvt. Ltd.,Sani Securities Company Ltd.,100,567.0,56700.0,2025-08-13 14:44:56.555305
2025-08-13,11028,2025081304013321,SHPC,Trishakti Securities Public Limited,Agrawal Securities (PVT) Ltd.,10,568.0,5680.0,2025-08-13 14:45:01.764828
2025-08-13,10871,2025081304013382,SHPC,Kalika Securities Pvt. Ltd.,South Asian Bulls Pvt. Ltd.,880,567.0,498960.0,2025-08-13 14:45:11.672104
2025-08-13,10012,2025081304013669,SHPC,Aakashbhairab Securities Ltd.,Kumari Securities Private Limited,500,567.1,283550.0,2025-08-13 14:46:26.760105
2025-08-13,10011,2025081304013670,SHPC,Kalika Securities Pvt. Ltd.,Kumari Securities Private Limited,500,567.0,283500.0,2025-08-13 14:46:26.760443
2025-08-13,9882,2025081304013712,SHPC,Kalika Securities Pvt. Ltd.,Naasa Securities Co. Ltd.,100,567.0,56700.0,2025-08-13 14:46:44.220612
2025-08-13,9764,2025081304013739,SHPC,Kalika Securities Pvt. Ltd.,Siprabi Securities Pvt. Ltd.,100,567.0,56700.0,2025-08-13 14:47:01.509008
2025-08-13,9538,2025081304013849,SHPC,Bhrikuti Stock Broking Co. Pvt. Ltd.,J.F. Securites (PVT) Ltd.,300,567.1,170130.0,2025-08-13 14:47:23.573167
2025-08-13,9537,2025081304013850,SHPC,Kohinoor Investment & Securities Pvt. Ltd.,J.F. Securites (PVT) Ltd.,500,567.1,283550.0,2025-08-13 14:47:23.573510
2025-08-13,9536,2025081304013851,SHPC,Kalika Securities Pvt. Ltd.,J.F. Securites (PVT) Ltd.,2374,567.0,1346058.0,2025-08-13 14:47:23.573680
2025-08-13,9535,2025081304013852,SHPC,Malla & Malla Stock Broking Company Pvt. Limited,J.F. Securites (PVT) Ltd.,40,567.0,22680.0,2025-08-13 14:47:23.573853
2025-08-13,9534,2025081304013853,SHPC,Agrawal Securities (PVT) Ltd.,J.F. Securites (PVT) Ltd.,50,567.0,28350.0,2025-08-13 14:47:23.574041
2025-08-13,9533,2025081304013854,SHPC,Imperial Securities Company Pvt. Ltd.,J.F. Securites (PVT) Ltd.,1000,567.0,567000.0,2025-08-13 14:47:23.574222
2025-08-13,9532,2025081304013855,SHPC,Deevyaa Securities & Stock House Pvt. Ltd,J.F. Securites (PVT) Ltd.,100,567.0,56700.0,2025-08-13 14:47:23.574416
2025-08-13,9531,2025081304013856,SHPC,Aryatara Investment & Securities,J.F. Securites (PVT) Ltd.,50,567.0,28350.0,2025-08-13 14:47:23.574580
2025-08-13,9530,2025081304013857,SHPC,Kohinoor Investment & Securities Pvt. Ltd.,J.F. Securites (PVT) Ltd.,500,567.0,283500.0,2025-08-13 14:47:23.574735
2025-08-13,9529,2025081304013858,SHPC,Pragyan Securities (PVT) Ltd.,J.F. Securites (PVT) Ltd.,143,567.0,81081.0,2025-08-13 14:47:23.574886
2025-08-13,9528,2025081304013859,SHPC,Creative Securities Pvt Ltd,J.F. Securites (PVT) Ltd.,443,567.0,251181.0,2025-08-13 14:47:23.575035
2025-08-13,9425,2025081304013872,SHPC,Creative Securities Pvt Ltd,Indira securities pvt. ltd,57,567.0,32319.0,2025-08-13 14:47:33.612692
2025-08-13,9424,2025081304013873,SHPC,Naasa Securities Co. Ltd.,Indira securities pvt. ltd,20,567.0,11340.0,2025-08-13 14:47:33.613331
2025-08-13,9423,2025081304013874,SHPC,Linch Stock Market Ltd.,Indira securities pvt. ltd,50,567.0,28350.0,2025-08-13 14:47:33.613765
2025-08-13,9422,2025081304013875,SHPC,Sani Securities Company Ltd.,Indira securities pvt. ltd,70,567.0,39690.0,2025-08-13 14:47:33.614198
2025-08-13,9421,2025081304013876,SHPC,Kohinoor Investment & Securities Pvt. Ltd.,Indira securities pvt. ltd,500,567.0,283500.0,2025-08-13 14:47:33.614643
2025-08-13,9420,2025081304013877,SHPC,Dakshinkali Investment & Securities Pvt. Ltd.,J.F. Securites (PVT) Ltd.,10,567.0,5670.0,2025-08-13 14:47:33.642616
2025-08-13,9419,2025081304013878,SHPC,Trishakti Securities Public Limited,J.F. Securites (PVT) Ltd.,175,567.0,99225.0,2025-08-13 14:47:33.643097
2025-08-13,8991,2025081304013984,SHPC,South Asian Bulls Pvt. Ltd.,Sani Securities Company Ltd.,30,566.1,16983.0,2025-08-13 14:48:19.788953
2025-08-13,8990,2025081304013985,SHPC,Infinity Securities Limited,Sani Securities Company Ltd.,500,566.0,283000.0,2025-08-13 14:48:19.789289
2025-08-13,8989,2025081304013986,SHPC,Kohinoor Investment & Securities Pvt. Ltd.,Sani Securities Company Ltd.,25,566.0,14150.0,2025-08-13 14:48:19.789451
2025-08-13,8882,2025081304014008,SHPC,Bhrikuti Stock Broking Co. Pvt. Ltd.,Sani Securities Company Ltd.,45,566.0,25470.0,2025-08-13 14:48:34.128771
2025-08-13,8762,2025081304014036,SHPC,Bhrikuti Stock Broking Co. Pvt. Ltd.,Vision Securities Pvt. Ltd,105,566.0,59430.0,2025-08-13 14:48:46.548411
2025-08-13,8514,2025081304014071,SHPC,Sri Hari Securities Pvt. Ltd.,Vision Securities Pvt. Ltd,52,566.0,29432.0,2025-08-13 14:49:01.635361
2025-08-13,8298,2025081304014097,SHPC,Nepal Stock House (PVT) Ltd.,Vision Securities Pvt. Ltd,43,566.0,24338.0,2025-08-13 14:49:14.431419
2025-08-13,8297,2025081304014098,SHPC,Nepal Stock House (PVT) Ltd.,Online Securities Pvt. Ltd.,50,566.0,28300.0,2025-08-13 14:49:14.431784
2025-08-13,8225,2025081304014132,SHPC,Imperial Securities Company Pvt. Ltd.,Kumari Securities Private Limited,1,558.0,558.0,2025-08-13 14:49:20.668909
2025-08-13,8180,2025081304014137,SHPC,Imperial Securities Company Pvt. Ltd.,Kumari Securities Private Limited,1,558.0,558.0,2025-08-13 14:49:25.791814
2025-08-13,8165,2025081304014143,SHPC,Nepal Stock House (PVT) Ltd.,Opal Securities Investment (PVT) Ltd.,200,566.0,113200.0,2025-08-13 14:49:27.703553
2025-08-13,8153,2025081304014147,SHPC,Imperial Securities Company Pvt. Ltd.,Kumari Securities Private Limited,1,558.0,558.0,2025-08-13 14:49:28.881250
2025-08-13,7993,2025081304014177,SHPC,Imperial Securities Company Pvt. Ltd.,Creative Securities Pvt Ltd,1,567.0,567.0,2025-08-13 14:49:44.201909
2025-08-13,7724,2025081304014239,SHPC,Nabil Stock Dealer Ltd.,Kumari Securities Private Limited,180,566.1,101898.0,2025-08-13 14:50:17.209007
2025-08-13,7402,2025081304014309,SHPC,Primo Securities (PVT) Ltd.,J.F. Securites (PVT) Ltd.,50,567.0,28350.0,2025-08-13 14:50:55.406137
2025-08-13,7081,2025081304014371,SHPC,Himalayan Brokerage Company Limited,J.F. Securites (PVT) Ltd.,100,567.0,56700.0,2025-08-13 14:51:25.623486
2025-08-13,7055,2025081304014372,SHPC,Nabil Stock Dealer Ltd.,Siprabi Securities Pvt. Ltd.,110,566.1,62271.0,2025-08-13 14:51:26.464841
2025-08-13,6691,2025081304014471,SHPC,Nepal Investment And Securities Trading Private Limited,Dakshinkali Investment & Securities Pvt. Ltd.,50,566.9,28345.0,2025-08-13 14:52:03.509634
2025-08-13,6675,2025081304014475,SHPC,Aryatara Investment & Securities,Vision Securities Pvt. Ltd,100,566.2,56620.0,2025-08-13 14:52:05.239287
2025-08-13,6674,2025081304014476,SHPC,Nabil Stock Dealer Ltd.,Vision Securities Pvt. Ltd,10,566.1,5661.0,2025-08-13 14:52:05.239620
2025-08-13,6673,2025081304014477,SHPC,Trishakti Securities Public Limited,Vision Securities Pvt. Ltd,530,566.1,300033.0,2025-08-13 14:52:05.239766
2025-08-13,6672,2025081304014478,SHPC,Primo Securities (PVT) Ltd.,Vision Securities Pvt. Ltd,44,566.1,24908.4,2025-08-13 14:52:05.239958
2025-08-13,6671,2025081304014479,SHPC,Nepal Stock House (PVT) Ltd.,Vision Securities Pvt. Ltd,5816,566.0,3291856.0,2025-08-13 14:52:05.240141
2025-08-13,6573,2025081304014504,SHPC,Nepal Stock House (PVT) Ltd.,SUN SECURITIES PVT LTD,600,566.0,339600.0,2025-08-13 14:52:15.367621
2025-08-13,6553,2025081304014507,SHPC,Malla & Malla Stock Broking Company Pvt. Limited,Dakshinkali Investment & Securities Pvt. Ltd.,50,566.9,28345.0,2025-08-13 14:52:18.273831
2025-08-13,6552,2025081304014508,SHPC,Malla & Malla Stock Broking Company Pvt. Limited,J.F. Securites (PVT) Ltd.,165,567.0,93555.0,2025-08-13 14:52:18.274180
2025-08-13,6551,2025081304014509,SHPC,Malla & Malla Stock Broking Company Pvt. Limited,Premier Securities Company Ltd.,200,567.0,113400.0,2025-08-13 14:52:18.274345
2025-08-13,6550,2025081304014510,SHPC,Malla & Malla Stock Broking Company Pvt. Limited,Dipshikha Dhitopatra Karobar Co. Pvt Ltd.,10,567.0,5670.0,2025-08-13 14:52:18.274509
2025-08-13,6375,2025081304014546,SHPC,Market Securities & Exchange (PVT) Ltd.,K.B.L. Securities Limited ,100,566.1,56610.0,2025-08-13 14:52:35.455506
2025-08-13,6374,2025081304014547,SHPC,Asian Securities Private Ltd.,K.B.L. Securities Limited ,400,566.1,226440.0,2025-08-13 14:52:35.455893
2025-08-13,5985,2025081304014621,SHPC,Asian Securities Private Ltd.,Vision Securities Pvt. Ltd,10,566.9,5669.0,2025-08-13 14:53:10.100790
2025-08-13,5984,2025081304014622,SHPC,Asian Securities Private Ltd.,Dipshikha Dhitopatra Karobar Co. Pvt Ltd.,290,567.0,164430.0,2025-08-13 14:53:10.100888
2025-08-13,5983,2025081304014623,SHPC,Asian Securities Private Ltd.,Vision Securities Pvt. Ltd,1000,567.0,567000.0,2025-08-13 14:53:10.100967
2025-08-13,5982,2025081304014624,SHPC,Asian Securities Private Ltd.,Aryatara Investment & Securities,150,567.0,85050.0,2025-08-13 14:53:10.101041
2025-08-13,5981,2025081304014625,SHPC,Asian Securities Private Ltd.,Agrawal Securities (PVT) Ltd.,50,567.9,28395.0,2025-08-13 14:53:10.101116
2025-08-13,5739,2025081304014686,SHPC,Kumari Securities Private Limited,Vision Securities Pvt. Ltd,200,566.2,113240.0,2025-08-13 14:53:37.252885
2025-08-13,5738,2025081304014687,SHPC,Asian Securities Private Ltd.,Vision Securities Pvt. Ltd,1600,566.1,905760.0,2025-08-13 14:53:37.253225
2025-08-13,5737,2025081304014688,SHPC,Dipshikha Dhitopatra Karobar Co. Pvt Ltd.,Vision Securities Pvt. Ltd,30,566.1,16983.0,2025-08-13 14:53:37.253379
2025-08-13,5736,2025081304014689,SHPC,Investment Management Nepal Pvt. Ltd.,Vision Securities Pvt. Ltd,1170,566.1,662337.0,2025-08-13 14:53:37.253519
2025-08-13,5021,2025081304014843,SHPC,Sumeru Securities Pvt. Ltd.,Vision Securities Pvt. Ltd,20,566.9,11338.0,2025-08-13 14:54:52.631200
2025-08-13,4795,2025081304014898,SHPC,Siprabi Securities Pvt. Ltd.,Vision Securities Pvt. Ltd,30,566.9,17007.0,2025-08-13 14:55:11.197949
2025-08-13,4794,2025081304014899,SHPC,Siprabi Securities Pvt. Ltd.,Property Wiard Limited,34,567.0,19278.0,2025-08-13 14:55:11.198610
2025-08-13,4569,2025081304014959,SHPC,Sumeru Securities Pvt. Ltd.,Midas Stock Broking Company Private Limited,6,557.0,3342.0,2025-08-13 14:55:28.864678
2025-08-13,4456,2025081304014998,SHPC,Dipshikha Dhitopatra Karobar Co. Pvt Ltd.,Online Securities Pvt. Ltd.,200,566.2,113240.0,2025-08-13 14:55:37.491443
2025-08-13,4455,2025081304014999,SHPC,Nepal Investment And Securities Trading Private Limited,Online Securities Pvt. Ltd.,300,566.2,169860.0,2025-08-13 14:55:37.492071
2025-08-13,3812,2025081304015147,SHPC,Midas Stock Broking Company Private Limited,Vision Securities Pvt. Ltd,200,566.9,113380.0,2025-08-13 14:56:37.962305
2025-08-13,3484,2025081304015211,SHPC,Market Securities & Exchange (PVT) Ltd.,Property Wiard Limited,166,567.0,94122.0,2025-08-13 14:57:04.016803
2025-08-13,3483,2025081304015212,SHPC,Market Securities & Exchange (PVT) Ltd.,Dakshinkali Investment & Securities Pvt. Ltd.,20,567.0,11340.0,2025-08-13 14:57:04.017125
2025-08-13,3398,2025081304015237,SHPC,Magnet Securities and Investment Company Private Limited,Agrawal Securities (PVT) Ltd.,359,567.9,203876.1,2025-08-13 14:57:14.155151
2025-08-13,3397,2025081304015238,SHPC,Magnet Securities and Investment Company Private Limited,Aryatara Investment & Securities,10,568.0,5680.0,2025-08-13 14:57:14.155499
2025-08-13,3396,2025081304015239,SHPC,Magnet Securities and Investment Company Private Limited,Dipshikha Dhitopatra Karobar Co. Pvt Ltd.,131,568.0,74408.0,2025-08-13 14:57:14.155658
2025-08-13,3304,2025081304015271,SHPC,Market Securities & Exchange (PVT) Ltd.,Sweta Securities Private Limited,14,567.0,7938.0,2025-08-13 14:57:18.520906
2025-08-13,3303,2025081304015272,SHPC,Ashutosh Brokerage & Securities (PVT) Ltd.,Sweta Securities Private Limited,10,566.9,5669.0,2025-08-13 14:57:18.521290
2025-08-13,3302,2025081304015273,SHPC,Asian Securities Private Ltd.,Sweta Securities Private Limited,476,566.5,269654.0,2025-08-13 14:57:18.521450
2025-08-13,3186,2025081304015301,SHPC,Trademow Securities Private Limited,Dipshikha Dhitopatra Karobar Co. Pvt Ltd.,69,568.0,39192.0,2025-08-13 14:57:28.890196
2025-08-13,3185,2025081304015302,SHPC,Trademow Securities Private Limited,Dakshinkali Investment & Securities Pvt. Ltd.,31,568.0,17608.0,2025-08-13 14:57:28.890570
2025-08-13,3104,2025081304015329,SHPC,Asian Securities Private Ltd.,Capital Max Securities Ltd,600,566.5,339900.0,2025-08-13 14:57:36.561483
2025-08-13,3019,2025081304015358,SHPC,Asian Securities Private Ltd.,Midas Stock Broking Company Private Limited,10,566.5,5665.0,2025-08-13 14:57:43.782823
2025-08-13,2803,2025081304015433,SHPC,Dynamic Money Managers Securities Pvt. Ltd.,Swarna Laxmi Securities Pvt. Ltd.,20,567.0,11340.0,2025-08-13 14:57:57.957838
2025-08-13,2719,2025081304015454,SHPC,Naasa Securities Co. Ltd.,Swarna Laxmi Securities Pvt. Ltd.,30,567.0,17010.0,2025-08-13 14:58:02.747115
2025-08-13,2637,2025081304015468,SHPC,Siprabi Securities Pvt. Ltd.,Swarna Laxmi Securities Pvt. Ltd.,200,567.0,113400.0,2025-08-13 14:58:08.013956
2025-08-13,2230,2025081304015569,SHPC,Sri Hari Securities Pvt. Ltd.,Vision Securities Pvt. Ltd,100,566.7,56670.0,2025-08-13 14:58:36.851271
2025-08-13,2144,2025081304015583,SHPC,Market Securities & Exchange (PVT) Ltd.,Miyo Securities Pvt Ltd,200,566.7,113340.0,2025-08-13 14:58:41.316620
2025-08-13,2119,2025081304015596,SHPC,Aryatara Investment & Securities,Citizens Share Broker Limited,200,566.8,113360.0,2025-08-13 14:58:42.612824
2025-08-13,2118,2025081304015597,SHPC,Market Securities & Exchange (PVT) Ltd.,Citizens Share Broker Limited,100,566.7,56670.0,2025-08-13 14:58:42.613146
2025-08-13,2052,2025081304015612,SHPC,Indira securities pvt. ltd,Swarna Laxmi Securities Pvt. Ltd.,45,567.0,25515.0,2025-08-13 14:58:46.408566
2025-08-13,1175,2025081304015848,SHPC,Trishakti Securities Public Limited,Aryatara Investment & Securities,200,567.1,113420.0,2025-08-13 14:59:26.634037
2025-08-13,1091,2025081304015861,SHPC,Linch Stock Market Ltd.,Imperial Securities Company Pvt. Ltd.,10,567.0,5670.0,2025-08-13 14:59:29.427428
2025-08-13,1090,2025081304015862,SHPC,Kumari Securities Private Limited,Imperial Securities Company Pvt. Ltd.,40,567.0,22680.0,2025-08-13 14:59:29.427807
2025-08-13,1055,2025081304015871,SHPC,Kumari Securities Private Limited,Trisul Securities & Invt. Ltd.,220,567.0,124740.0,2025-08-13 14:59:30.835398
2025-08-13,546,2025081304015971,SHPC,Nepal Investment And Securities Trading Private Limited,Citizens Share Broker Limited,100,566.8,56680.0,2025-08-13 14:59:44.910226
2025-08-13,480,2025081304015984,SHPC,Midas Stock Broking Company Private Limited,Trisul Securities & Invt. Ltd.,10,567.0,5670.0,2025-08-13 14:59:46.795626
2025-08-13,404,2025081304016001,SHPC,Nepal Investment And Securities Trading Private Limited,Bhrikuti Stock Broking Co. Pvt. Ltd.,100,566.8,56680.0,2025-08-13 14:59:49.149848
2025-08-13,403,2025081304016002,SHPC,Market Securities & Exchange (PVT) Ltd.,Bhrikuti Stock Broking Co. Pvt. Ltd.,200,566.7,113340.0,2025-08-13 14:59:49.150160
2025-08-13,402,2025081304016003,SHPC,Siprabi Securities Pvt. Ltd.,Bhrikuti Stock Broking Co. Pvt. Ltd.,71,566.7,40235.7,2025-08-13 14:59:49.150322
2025-08-13,401,2025081304016004,SHPC,South Asian Bulls Pvt. Ltd.,Bhrikuti Stock Broking Co. Pvt. Ltd.,300,566.6,169980.0,2025-08-13 14:59:49.150467
2025-08-13,400,2025081304016005,SHPC,Sumeru Securities Pvt. Ltd.,Bhrikuti Stock Broking Co. Pvt. Ltd.,200,566.6,113320.0,2025-08-13 14:59:49.150611
2025-08-13,399,2025081304016006,SHPC,Asian Securities Private Ltd.,Bhrikuti Stock Broking Co. Pvt. Ltd.,829,566.5,469628.5,2025-08-13 14:59:49.150752
2025-08-13,370,2025081304016010,SHPC,Asian Securities Private Ltd.,Oxford Securities Pvt. Ltd.,85,566.5,48152.5,2025-08-13 14:59:51.336282
2025-08-13,369,2025081304016011,SHPC,Sani Securities Company Ltd.,Oxford Securities Pvt. Ltd.,100,566.5,56650.0,2025-08-13 14:59:51.336355
2025-08-13,368,2025081304016012,SHPC,Midas Stock Broking Company Private Limited,Oxford Securities Pvt. Ltd.,10,566.5,5665.0,2025-08-13 14:59:51.336377
2025-08-13,367,2025081304016013,SHPC,Investment Management Nepal Pvt. Ltd.,Oxford Securities Pvt. Ltd.,305,566.1,172660.5,2025-08-13 14:59:51.336404
2025-08-13,339,2025081304016014,SHPC,Investment Management Nepal Pvt. Ltd.,Dipshikha Dhitopatra Karobar Co. Pvt Ltd.,250,566.1,141525.0,2025-08-13 14:59:51.946819
2025-08-13,145,2025081304016060,SHPC,Investment Management Nepal Pvt. Ltd.,Hatemalo Financial Services Private Limited,500,566.1,283050.0,2025-08-13 14:59:57.581686
