Date,S.N.,contract_id,symbol,buyer_broker,seller_broker,volume,price,amount,transaction_time
2025-07-28,170702,2025072804000002,BPCL,Dipshikha Dhitopatra Karobar Co. Pvt Ltd.,Naasa Securities Co. Ltd.,25,971.1,24277.5,2025-07-28T10:46:00.015645
2025-07-28,170482,2025072804000071,BPCL,Trishakti Securities Public Limited,Malla & Malla Stock Broking Company Pvt. Limited,200,990.0,198000.0,2025-07-28T11:00:57.015329
2025-07-28,170427,2025072804000104,BPCL,Linch Stock Market Ltd.,Malla & Malla Stock Broking Company Pvt. Limited,200,990.0,198000.0,2025-07-28T11:01:10.428578
2025-07-28,170401,2025072804000113,BPCL,NIMB Stock Markets Limited,Malla & Malla Stock Broking Company Pvt. Limited,100,990.0,99000.0,2025-07-28T11:01:16.415192
2025-07-28,170392,2025072804000116,BPCL,Indira securities pvt. ltd,N.M.B. SECURITIES LIMITED,200,1008.0,201600.0,2025-07-28T11:01:17.62211
2025-07-28,170263,2025072804000157,BPCL,Indira securities pvt. ltd,Thrive Brokerage House Pvt. Ltd,30,991.0,29730.0,2025-07-28T11:01:41.77811
2025-07-28,170246,2025072804000159,BPCL,Indira securities pvt. ltd,Sri Hari Securities Pvt. Ltd.,170,991.0,168470.0,2025-07-28T11:01:45.434308
2025-07-28,170245,2025072804000160,BPCL,NIMB Stock Markets Limited,Sri Hari Securities Pvt. Ltd.,30,990.0,29700.0,2025-07-28T11:01:45.434577
2025-07-28,170076,2025072804000229,BPCL,NIMB Stock Markets Limited,Thrive Brokerage House Pvt. Ltd,170,990.0,168300.0,2025-07-28T11:02:15.878951
2025-07-28,170075,2025072804000230,BPCL,ABC Securities Private Limited,Thrive Brokerage House Pvt. Ltd,500,988.0,494000.0,2025-07-28T11:02:15.879113
2025-07-28,170048,2025072804000239,BPCL,Infinity Securities Limited,Thrive Brokerage House Pvt. Ltd,30,988.0,29640.0,2025-07-28T11:02:19.347905
2025-07-28,170006,2025072804000261,BPCL,Infinity Securities Limited,BHOLE GANESH SECURITIES LTD,30,988.0,29640.0,2025-07-28T11:02:27.193438
2025-07-28,169712,2025072804000350,BPCL,Infinity Securities Limited,Linch Stock Market Ltd.,240,988.0,237120.0,2025-07-28T11:03:09.387232
2025-07-28,169711,2025072804000351,BPCL,Midas Stock Broking Company Private Limited,Linch Stock Market Ltd.,260,988.0,256880.0,2025-07-28T11:03:09.387332
2025-07-28,169656,2025072804000372,BPCL,ABC Securities Private Limited,Thrive Brokerage House Pvt. Ltd,109,999.0,108891.0,2025-07-28T11:03:16.851803
2025-07-28,169655,2025072804000373,BPCL,ABC Securities Private Limited,SUN SECURITIES PVT LTD,600,1000.0,600000.0,2025-07-28T11:03:16.852006
2025-07-28,169654,2025072804000374,BPCL,ABC Securities Private Limited,Naasa Securities Co. Ltd.,200,1000.0,200000.0,2025-07-28T11:03:16.852147
2025-07-28,169653,2025072804000375,BPCL,ABC Securities Private Limited,Kohinoor Investment & Securities Pvt. Ltd.,71,1000.0,71000.0,2025-07-28T11:03:16.852283
2025-07-28,169589,2025072804000394,BPCL,Deevyaa Securities & Stock House Pvt. Ltd,Kohinoor Investment & Securities Pvt. Ltd.,179,1000.0,179000.0,2025-07-28T11:03:26.56574
2025-07-28,169535,2025072804000404,BPCL,Deevyaa Securities & Stock House Pvt. Ltd,Nepal Stock House (PVT) Ltd.,25,1000.0,25000.0,2025-07-28T11:03:34.250061
2025-07-28,169491,2025072804000416,BPCL,Deevyaa Securities & Stock House Pvt. Ltd,Neev Securities Pvt. Ltd.,46,1000.0,46000.0,2025-07-28T11:03:39.954384
2025-07-28,169457,2025072804000433,BPCL,Deevyaa Securities & Stock House Pvt. Ltd,Midas Stock Broking Company Private Limited,50,1000.0,50000.0,2025-07-28T11:03:44.433783
2025-07-28,169137,2025072804000512,BPCL,Aakashbhairab Securities Ltd.,Nepal Stock House (PVT) Ltd.,200,999.0,199800.0,2025-07-28T11:04:24.119555
2025-07-28,169079,2025072804000529,BPCL,Aakashbhairab Securities Ltd.,ABC Securities Private Limited,46,999.8,45990.8,2025-07-28T11:04:31.381761
2025-07-28,169078,2025072804000530,BPCL,Aakashbhairab Securities Ltd.,Nepal Stock House (PVT) Ltd.,25,999.8,24995.0,2025-07-28T11:04:31.91685
2025-07-28,169063,2025072804000538,BPCL,NIMB Stock Markets Limited,Aryatara Investment & Securities,300,999.9,299970.0,2025-07-28T11:04:33.175182
2025-07-28,169062,2025072804000539,BPCL,NIMB Stock Markets Limited,Miyo Securities Pvt Ltd,700,999.9,699930.0,2025-07-28T11:04:33.175458
2025-07-28,168963,2025072804000569,BPCL,Vision Securities Pvt. Ltd,SUN SECURITIES PVT LTD,30,999.0,29970.0,2025-07-28T11:04:44.416907
2025-07-28,168690,2025072804000653,BPCL,Primo Securities (PVT) Ltd.,Linch Stock Market Ltd.,20,998.0,19960.0,2025-07-28T11:05:12.99126
2025-07-28,168682,2025072804000656,BPCL,Sagarmatha Securities Private Limited,Naasa Securities Co. Ltd.,100,995.0,99500.0,2025-07-28T11:05:13.800519
2025-07-28,168469,2025072804000740,BPCL,SUN SECURITIES PVT LTD,Sharepro Securities Private Limited,1000,990.0,990000.0,2025-07-28T11:05:39.913491
2025-07-28,168318,2025072804000786,BPCL,SUN SECURITIES PVT LTD,Capital Max Securities Ltd,100,990.0,99000.0,2025-07-28T11:05:58.00202
2025-07-28,168317,2025072804000787,BPCL,Magnet Securities and Investment Company Private Limited,Capital Max Securities Ltd,250,988.6,247150.0,2025-07-28T11:05:58.002276
2025-07-28,168316,2025072804000788,BPCL,Bhrikuti Stock Broking Co. Pvt. Ltd.,Capital Max Securities Ltd,10,988.5,9885.0,2025-07-28T11:05:58.002465
2025-07-28,168315,2025072804000789,BPCL,Agrawal Securities (PVT) Ltd.,Capital Max Securities Ltd,50,988.5,49425.0,2025-07-28T11:05:58.002629
2025-07-28,168314,2025072804000790,BPCL,Nepal Investment And Securities Trading Private Limited,Capital Max Securities Ltd,500,988.4,494200.0,2025-07-28T11:05:58.0028
2025-07-28,168313,2025072804000791,BPCL,Himalayan Brokerage Company Limited,Capital Max Securities Ltd,200,988.3,197660.0,2025-07-28T11:05:58.002982
2025-07-28,168312,2025072804000792,BPCL,R.B.B. Securities Company Ltd,Capital Max Securities Ltd,100,988.3,98830.0,2025-07-28T11:05:58.003191
2025-07-28,168311,2025072804000793,BPCL,Midas Stock Broking Company Private Limited,Capital Max Securities Ltd,240,988.0,237120.0,2025-07-28T11:05:58.00337
2025-07-28,168310,2025072804000794,BPCL,SUN SECURITIES PVT LTD,Capital Max Securities Ltd,300,988.0,296400.0,2025-07-28T11:05:58.003579
2025-07-28,168309,2025072804000795,BPCL,Siprabi Securities Pvt. Ltd.,Capital Max Securities Ltd,100,988.0,98800.0,2025-07-28T11:05:58.003821
2025-07-28,168308,2025072804000796,BPCL,SUN SECURITIES PVT LTD,Capital Max Securities Ltd,150,988.0,148200.0,2025-07-28T11:05:58.003995
2025-07-28,168093,2025072804000864,BPCL,Miyo Securities Pvt Ltd,Imperial Securities Company Pvt. Ltd.,10,990.0,9900.0,2025-07-28T11:06:24.095904
2025-07-28,167757,2025072804000960,BPCL,Nepal Investment And Securities Trading Private Limited,Siprabi Securities Pvt. Ltd.,30,990.0,29700.0,2025-07-28T11:07:06.962773
2025-07-28,167691,2025072804000973,BPCL,Nepal Investment And Securities Trading Private Limited,Agrawal Securities (PVT) Ltd.,70,990.0,69300.0,2025-07-28T11:07:13.743253
2025-07-28,167674,2025072804000979,BPCL,SUN SECURITIES PVT LTD,Secured Securities Ltd.,50,988.0,49400.0,2025-07-28T11:07:16.48266
2025-07-28,167673,2025072804000980,BPCL,Malla & Malla Stock Broking Company Pvt. Limited,Secured Securities Ltd.,110,988.0,108680.0,2025-07-28T11:07:16.482751
2025-07-28,167449,2025072804001023,BPCL,Malla & Malla Stock Broking Company Pvt. Limited,Capital Max Securities Ltd,390,988.0,385320.0,2025-07-28T11:07:36.827983
2025-07-28,167448,2025072804001024,BPCL,Hatemalo Financial Services Private Limited,Capital Max Securities Ltd,250,984.1,246025.0,2025-07-28T11:07:36.828253
2025-07-28,167447,2025072804001025,BPCL,SUN SECURITIES PVT LTD,Capital Max Securities Ltd,960,984.0,944640.0,2025-07-28T11:07:36.828444
2025-07-28,167319,2025072804001078,BPCL,Nepal Investment And Securities Trading Private Limited,Naasa Securities Co. Ltd.,100,988.0,98800.0,2025-07-28T11:07:48.445264
2025-07-28,166580,2025072804001277,BPCL,Kumari Securities Private Limited,Vision Securities Pvt. Ltd,20,988.0,19760.0,2025-07-28T11:09:12.019865
2025-07-28,166579,2025072804001278,BPCL,ABC Securities Private Limited,Vision Securities Pvt. Ltd,10,988.0,9880.0,2025-07-28T11:09:12.020034
2025-07-28,166252,2025072804001377,BPCL,SUN SECURITIES PVT LTD,Dipshikha Dhitopatra Karobar Co. Pvt Ltd.,11,982.3,10805.3,2025-07-28T11:09:35.869399
2025-07-28,166238,2025072804001380,BPCL,SUN SECURITIES PVT LTD,Secured Securities Ltd.,29,982.3,28486.7,2025-07-28T11:09:36.959087
2025-07-28,166237,2025072804001381,BPCL,Naasa Securities Co. Ltd.,Secured Securities Ltd.,200,982.2,196440.0,2025-07-28T11:09:36.959384
2025-07-28,166236,2025072804001382,BPCL,Nepal Investment And Securities Trading Private Limited,Secured Securities Ltd.,250,980.2,245050.0,2025-07-28T11:09:36.959568
2025-07-28,166235,2025072804001383,BPCL,Vision Securities Pvt. Ltd,Secured Securities Ltd.,500,980.1,490050.0,2025-07-28T11:09:36.959741
2025-07-28,166234,2025072804001384,BPCL,Agrawal Securities (PVT) Ltd.,Secured Securities Ltd.,21,980.1,20582.1,2025-07-28T11:09:36.959913
2025-07-28,165685,2025072804001528,BPCL,Sri Hari Securities Pvt. Ltd.,Sundhara Securities Limited,15,982.0,14730.0,2025-07-28T11:10:18.454991
2025-07-28,165641,2025072804001541,BPCL,Sri Hari Securities Pvt. Ltd.,Dakshinkali Investment & Securities Pvt. Ltd.,20,982.0,19640.0,2025-07-28T11:10:23.492888
2025-07-28,165556,2025072804001564,BPCL,Vision Securities Pvt. Ltd,Dakshinkali Investment & Securities Pvt. Ltd.,180,988.0,177840.0,2025-07-28T11:10:31.231147
2025-07-28,165445,2025072804001595,BPCL,Agrawal Securities (PVT) Ltd.,Sharepro Securities Private Limited,500,983.0,491500.0,2025-07-28T11:10:43.161263
2025-07-28,165444,2025072804001596,BPCL,Sri Hari Securities Pvt. Ltd.,Sharepro Securities Private Limited,965,982.0,947630.0,2025-07-28T11:10:43.161575
2025-07-28,165443,2025072804001597,BPCL,SUN SECURITIES PVT LTD,Sharepro Securities Private Limited,475,982.0,466450.0,2025-07-28T11:10:43.161768
2025-07-28,164238,2025072804001921,BPCL,ABC Securities Private Limited,Asian Securities Private Ltd.,58,985.0,57130.0,2025-07-28T11:12:09.983879
2025-07-28,164237,2025072804001922,BPCL,ABC Securities Private Limited,Premier Securities Company Ltd.,60,986.0,59160.0,2025-07-28T11:12:09.9842
2025-07-28,164137,2025072804001962,BPCL,Asian Securities Private Ltd.,Vision Securities Pvt. Ltd,300,987.0,296100.0,2025-07-28T11:12:17.742112
2025-07-28,164052,2025072804001987,BPCL,Swarna Laxmi Securities Pvt. Ltd.,Vision Securities Pvt. Ltd,50,987.0,49350.0,2025-07-28T11:12:25.106212
2025-07-28,164051,2025072804001988,BPCL,Swarna Laxmi Securities Pvt. Ltd.,Dakshinkali Investment & Securities Pvt. Ltd.,20,988.0,19760.0,2025-07-28T11:12:25.106574
2025-07-28,164050,2025072804001989,BPCL,Swarna Laxmi Securities Pvt. Ltd.,J.F. Securites (PVT) Ltd.,300,988.0,296400.0,2025-07-28T11:12:25.106796
2025-07-28,164049,2025072804001990,BPCL,Swarna Laxmi Securities Pvt. Ltd.,Naasa Securities Co. Ltd.,130,988.0,128440.0,2025-07-28T11:12:25.107029
2025-07-28,163755,2025072804002081,BPCL,Swarna Laxmi Securities Pvt. Ltd.,Oxford Securities Pvt. Ltd.,197,986.0,194242.0,2025-07-28T11:12:46.89209
2025-07-28,163516,2025072804002168,BPCL,Secured Securities Ltd.,Naasa Securities Co. Ltd.,170,988.0,167960.0,2025-07-28T11:13:04.956947
2025-07-28,163327,2025072804002244,BPCL,Asian Securities Private Ltd.,Sharepro Securities Private Limited,60,989.0,59340.0,2025-07-28T11:13:18.65315
2025-07-28,163326,2025072804002245,BPCL,Asian Securities Private Ltd.,Agrawal Securities (PVT) Ltd.,140,990.0,138600.0,2025-07-28T11:13:18.653378
2025-07-28,163069,2025072804002310,BPCL,ABC Securities Private Limited,Naasa Securities Co. Ltd.,300,989.0,296700.0,2025-07-28T11:13:33.734271
2025-07-28,162645,2025072804002401,BPCL,ABC Securities Private Limited,Naasa Securities Co. Ltd.,82,989.0,81098.0,2025-07-28T11:14:01.221213
2025-07-28,162644,2025072804002402,BPCL,Naasa Securities Co. Ltd.,Naasa Securities Co. Ltd.,500,988.1,494050.0,2025-07-28T11:14:01.221606
2025-07-28,162643,2025072804002403,BPCL,Secured Securities Ltd.,Naasa Securities Co. Ltd.,30,988.0,29640.0,2025-07-28T11:14:01.221842
2025-07-28,162642,2025072804002404,BPCL,Nepal Investment And Securities Trading Private Limited,Naasa Securities Co. Ltd.,988,988.0,976144.0,2025-07-28T11:14:01.22205
2025-07-28,161488,2025072804002699,BPCL,Property Wiard Limited,Agrawal Securities (PVT) Ltd.,40,990.0,39600.0,2025-07-28T11:15:09.397073
2025-07-28,161487,2025072804002700,BPCL,Property Wiard Limited,Sumeru Securities Pvt. Ltd.,400,990.0,396000.0,2025-07-28T11:15:09.397241
2025-07-28,161486,2025072804002701,BPCL,Property Wiard Limited,Capital Max Securities Ltd,10,990.0,9900.0,2025-07-28T11:15:09.397325
2025-07-28,161485,2025072804002702,BPCL,Property Wiard Limited,Imperial Securities Company Pvt. Ltd.,10,990.0,9900.0,2025-07-28T11:15:09.397404
2025-07-28,161484,2025072804002703,BPCL,Property Wiard Limited,Premier Securities Company Ltd.,100,990.0,99000.0,2025-07-28T11:15:09.397511
2025-07-28,161483,2025072804002704,BPCL,Property Wiard Limited,Naasa Securities Co. Ltd.,15,990.0,14850.0,2025-07-28T11:15:09.397593
2025-07-28,161482,2025072804002705,BPCL,Property Wiard Limited,Imperial Securities Company Pvt. Ltd.,78,990.0,77220.0,2025-07-28T11:15:09.397671
2025-07-28,161481,2025072804002706,BPCL,Property Wiard Limited,Naasa Securities Co. Ltd.,10,990.0,9900.0,2025-07-28T11:15:09.397744
2025-07-28,161028,2025072804002826,BPCL,SHUBHAKAMANA SECURITIES PVT. LTD,Creative Securities Pvt Ltd,250,990.1,247525.0,2025-07-28T11:15:32.343129
2025-07-28,160547,2025072804002985,BPCL,ABC Securities Private Limited,Naasa Securities Co. Ltd.,10,993.5,9935.0,2025-07-28T11:15:56.67327
2025-07-28,160233,2025072804003081,BPCL,Dipshikha Dhitopatra Karobar Co. Pvt Ltd.,Naasa Securities Co. Ltd.,40,993.5,39740.0,2025-07-28T11:16:15.373943
2025-07-28,160128,2025072804003109,BPCL,Dipshikha Dhitopatra Karobar Co. Pvt Ltd.,South Asian Bulls Pvt. Ltd.,160,993.5,158960.0,2025-07-28T11:16:21.677272
2025-07-28,159605,2025072804003280,BPCL,Vision Securities Pvt. Ltd,South Asian Bulls Pvt. Ltd.,50,993.4,49670.0,2025-07-28T11:16:54.204899
2025-07-28,158150,2025072804003686,BPCL,Vision Securities Pvt. Ltd,South Asian Bulls Pvt. Ltd.,10,993.0,9930.0,2025-07-28T11:18:31.693704
2025-07-28,157971,2025072804003735,BPCL,Vision Securities Pvt. Ltd,South Asian Bulls Pvt. Ltd.,20,993.0,19860.0,2025-07-28T11:18:44.017776
2025-07-28,157768,2025072804003769,BPCL,Dynamic Money Managers Securities Pvt. Ltd.,South Asian Bulls Pvt. Ltd.,50,993.0,49650.0,2025-07-28T11:18:58.123497
2025-07-28,157660,2025072804003803,BPCL,SUN SECURITIES PVT LTD,South Asian Bulls Pvt. Ltd.,1000,992.0,992000.0,2025-07-28T11:19:08.022145
2025-07-28,157449,2025072804003863,BPCL,SUN SECURITIES PVT LTD,Kalika Securities Pvt. Ltd.,10,991.2,9912.0,2025-07-28T11:19:20.969187
2025-07-28,157289,2025072804003888,BPCL,SUN SECURITIES PVT LTD,Sumeru Securities Pvt. Ltd.,40,991.2,39648.0,2025-07-28T11:19:31.82406
2025-07-28,157288,2025072804003889,BPCL,Dynamic Money Managers Securities Pvt. Ltd.,Sumeru Securities Pvt. Ltd.,50,991.2,49560.0,2025-07-28T11:19:31.824254
2025-07-28,157287,2025072804003890,BPCL,Vision Securities Pvt. Ltd,Sumeru Securities Pvt. Ltd.,410,991.1,406351.0,2025-07-28T11:19:31.824363
2025-07-28,157220,2025072804003905,BPCL,SHUBHAKAMANA SECURITIES PVT. LTD,Sumeru Securities Pvt. Ltd.,50,991.2,49560.0,2025-07-28T11:19:37.345495
2025-07-28,157219,2025072804003906,BPCL,Vision Securities Pvt. Ltd,Sumeru Securities Pvt. Ltd.,90,991.1,89199.0,2025-07-28T11:19:37.345687
2025-07-28,157218,2025072804003907,BPCL,SUN SECURITIES PVT LTD,Sumeru Securities Pvt. Ltd.,200,991.0,198200.0,2025-07-28T11:19:37.345767
2025-07-28,156934,2025072804003960,BPCL,Miyo Securities Pvt Ltd,Capital Max Securities Ltd,10,990.1,9901.0,2025-07-28T11:19:56.676884
2025-07-28,156933,2025072804003961,BPCL,Property Wiard Limited,Capital Max Securities Ltd,337,990.0,333630.0,2025-07-28T11:19:56.677149
2025-07-28,156932,2025072804003962,BPCL,Nepal Investment And Securities Trading Private Limited,Capital Max Securities Ltd,12,990.0,11880.0,2025-07-28T11:19:56.677247
2025-07-28,156931,2025072804003963,BPCL,Midas Stock Broking Company Private Limited,Capital Max Securities Ltd,241,990.0,238590.0,2025-07-28T11:19:56.677334
2025-07-28,156837,2025072804003993,BPCL,Midas Stock Broking Company Private Limited,Sumeru Securities Pvt. Ltd.,160,990.0,158400.0,2025-07-28T11:20:05.099429
2025-07-28,156515,2025072804004092,BPCL,Midas Stock Broking Company Private Limited,Capital Max Securities Ltd,99,990.0,98010.0,2025-07-28T11:20:31.156014
2025-07-28,156514,2025072804004093,BPCL,J.F. Securites (PVT) Ltd.,Capital Max Securities Ltd,500,990.0,495000.0,2025-07-28T11:20:31.156229
2025-07-28,156513,2025072804004094,BPCL,Sundhara Securities Limited,Capital Max Securities Ltd,100,990.0,99000.0,2025-07-28T11:20:31.156326
2025-07-28,156404,2025072804004121,BPCL,SUN SECURITIES PVT LTD,Imperial Securities Company Pvt. Ltd.,500,989.0,494500.0,2025-07-28T11:20:37.465354
2025-07-28,156403,2025072804004122,BPCL,Linch Stock Market Ltd.,Imperial Securities Company Pvt. Ltd.,650,988.1,642265.0,2025-07-28T11:20:37.465398
2025-07-28,156336,2025072804004137,BPCL,SUN SECURITIES PVT LTD,South Asian Bulls Pvt. Ltd.,200,989.0,197800.0,2025-07-28T11:20:43.361157
2025-07-28,156332,2025072804004138,BPCL,Nagarik Stock Dealer ,South Asian Bulls Pvt. Ltd.,300,989.0,296700.0,2025-07-28T11:20:43.943377
2025-07-28,156331,2025072804004139,BPCL,Nagarik Stock Dealer ,Capital Max Securities Ltd,200,990.0,198000.0,2025-07-28T11:20:43.943685
2025-07-28,156329,2025072804004140,BPCL,Vision Securities Pvt. Ltd,Sundhara Securities Limited,15,988.0,14820.0,2025-07-28T11:20:44.048851
2025-07-28,156252,2025072804004170,BPCL,Dynamic Money Managers Securities Pvt. Ltd.,Vision Securities Pvt. Ltd,200,990.0,198000.0,2025-07-28T11:20:50.880086
2025-07-28,156251,2025072804004171,BPCL,Vision Securities Pvt. Ltd,Vision Securities Pvt. Ltd,85,988.0,83980.0,2025-07-28T11:20:50.88038
2025-07-28,156250,2025072804004172,BPCL,SUN SECURITIES PVT LTD,Vision Securities Pvt. Ltd,100,988.0,98800.0,2025-07-28T11:20:50.880509
2025-07-28,156249,2025072804004173,BPCL,Premier Securities Company Ltd.,Vision Securities Pvt. Ltd,50,988.0,49400.0,2025-07-28T11:20:50.880601
2025-07-28,156248,2025072804004174,BPCL,Sani Securities Company Ltd.,Vision Securities Pvt. Ltd,100,987.0,98700.0,2025-07-28T11:20:50.880701
2025-07-28,156247,2025072804004175,BPCL,Dipshikha Dhitopatra Karobar Co. Pvt Ltd.,Vision Securities Pvt. Ltd,300,987.0,296100.0,2025-07-28T11:20:50.8808
2025-07-28,156246,2025072804004176,BPCL,Dakshinkali Investment & Securities Pvt. Ltd.,Vision Securities Pvt. Ltd,533,987.0,526071.0,2025-07-28T11:20:50.880896
2025-07-28,156245,2025072804004177,BPCL,Ashutosh Brokerage & Securities (PVT) Ltd.,Vision Securities Pvt. Ltd,300,986.1,295830.0,2025-07-28T11:20:50.881003
2025-07-28,156244,2025072804004178,BPCL,SUN SECURITIES PVT LTD,Vision Securities Pvt. Ltd,100,986.1,98610.0,2025-07-28T11:20:50.881094
2025-07-28,156243,2025072804004179,BPCL,Oxford Securities Pvt. Ltd.,Vision Securities Pvt. Ltd,732,986.0,721752.0,2025-07-28T11:20:50.881183
2025-07-28,156130,2025072804004202,BPCL,Oxford Securities Pvt. Ltd.,Vision Securities Pvt. Ltd,268,986.0,264248.0,2025-07-28T11:20:59.011134
2025-07-28,156129,2025072804004203,BPCL,Imperial Securities Company Pvt. Ltd.,Vision Securities Pvt. Ltd,35,986.0,34510.0,2025-07-28T11:20:59.01137
2025-07-28,156128,2025072804004204,BPCL,Naasa Securities Co. Ltd.,Vision Securities Pvt. Ltd,500,985.2,492600.0,2025-07-28T11:20:59.011475
2025-07-28,156127,2025072804004205,BPCL,Dipshikha Dhitopatra Karobar Co. Pvt Ltd.,Vision Securities Pvt. Ltd,20,985.1,19702.0,2025-07-28T11:20:59.011557
2025-07-28,156126,2025072804004206,BPCL,SUN SECURITIES PVT LTD,Vision Securities Pvt. Ltd,500,985.1,492550.0,2025-07-28T11:20:59.011631
2025-07-28,156125,2025072804004207,BPCL,Indira securities pvt. ltd,Vision Securities Pvt. Ltd,2000,985.0,1970000.0,2025-07-28T11:20:59.011708
2025-07-28,155935,2025072804004268,BPCL,Sundhara Securities Limited,Vision Securities Pvt. Ltd,100,985.0,98500.0,2025-07-28T11:21:14.256239
2025-07-28,155807,2025072804004327,BPCL,Sumeru Securities Pvt. Ltd.,Vision Securities Pvt. Ltd,100,985.0,98500.0,2025-07-28T11:21:21.236976
2025-07-28,155806,2025072804004328,BPCL,SUN SECURITIES PVT LTD,Vision Securities Pvt. Ltd,200,985.0,197000.0,2025-07-28T11:21:21.244679
2025-07-28,155530,2025072804004399,BPCL,Aryatara Investment & Securities,Capital Max Securities Ltd,10,984.0,9840.0,2025-07-28T11:21:42.67955
2025-07-28,155529,2025072804004400,BPCL,SUN SECURITIES PVT LTD,Capital Max Securities Ltd,490,983.3,481817.0,2025-07-28T11:21:42.679582
2025-07-28,155228,2025072804004490,BPCL,SUN SECURITIES PVT LTD,Vision Securities Pvt. Ltd,50,984.0,49200.0,2025-07-28T11:22:05.177396
2025-07-28,155227,2025072804004491,BPCL,SUN SECURITIES PVT LTD,Vision Securities Pvt. Ltd,10,983.3,9833.0,2025-07-28T11:22:05.177791
2025-07-28,155226,2025072804004492,BPCL,Elite Stock House Limited,Vision Securities Pvt. Ltd,100,983.2,98320.0,2025-07-28T11:22:05.17805
2025-07-28,155225,2025072804004493,BPCL,Indira securities pvt. ltd,Vision Securities Pvt. Ltd,100,983.0,98300.0,2025-07-28T11:22:05.178301
2025-07-28,155224,2025072804004494,BPCL,Dipshikha Dhitopatra Karobar Co. Pvt Ltd.,Vision Securities Pvt. Ltd,1000,982.4,982400.0,2025-07-28T11:22:05.178563
2025-07-28,155223,2025072804004495,BPCL,Nepal Investment And Securities Trading Private Limited,Vision Securities Pvt. Ltd,500,982.0,491000.0,2025-07-28T11:22:05.178798
2025-07-28,155222,2025072804004496,BPCL,Vision Securities Pvt. Ltd,Vision Securities Pvt. Ltd,200,982.0,196400.0,2025-07-28T11:22:05.179036
2025-07-28,155221,2025072804004497,BPCL,Dakshinkali Investment & Securities Pvt. Ltd.,Vision Securities Pvt. Ltd,100,982.0,98200.0,2025-07-28T11:22:05.179285
2025-07-28,155220,2025072804004498,BPCL,SUN SECURITIES PVT LTD,Vision Securities Pvt. Ltd,200,982.0,196400.0,2025-07-28T11:22:05.179539
2025-07-28,155219,2025072804004499,BPCL,Thrive Brokerage House Pvt. Ltd,Vision Securities Pvt. Ltd,17,982.0,16694.0,2025-07-28T11:22:05.179771
2025-07-28,155003,2025072804004539,BPCL,Vision Securities Pvt. Ltd,Sharepro Securities Private Limited,400,985.0,394000.0,2025-07-28T11:22:15.778058
2025-07-28,154731,2025072804004633,BPCL,Nabil Stock Dealer Ltd.,J.F. Securites (PVT) Ltd.,100,989.9,98990.0,2025-07-28T11:22:28.52445
2025-07-28,154198,2025072804004798,BPCL,Sumeru Securities Pvt. Ltd.,Sani Securities Company Ltd.,116,990.0,114840.0,2025-07-28T11:22:53.880483
2025-07-28,154197,2025072804004799,BPCL,Sumeru Securities Pvt. Ltd.,J.F. Securites (PVT) Ltd.,34,991.4,33707.6,2025-07-28T11:22:53.880572
2025-07-28,151775,2025072804005461,BPCL,Miyo Securities Pvt Ltd,Sundhara Securities Limited,15,983.3,14749.5,2025-07-28T11:25:59.426641
2025-07-28,150698,2025072804005730,BPCL,NIMB Stock Markets Limited,Capital Max Securities Ltd,100,983.4,98340.0,2025-07-28T11:27:29.444695
2025-07-28,150697,2025072804005731,BPCL,Miyo Securities Pvt Ltd,Capital Max Securities Ltd,85,983.3,83580.5,2025-07-28T11:27:29.444914
2025-07-28,150696,2025072804005732,BPCL,Vision Securities Pvt. Ltd,Capital Max Securities Ltd,100,983.3,98330.0,2025-07-28T11:27:29.445006
2025-07-28,150695,2025072804005733,BPCL,Indira securities pvt. ltd,Capital Max Securities Ltd,100,983.3,98330.0,2025-07-28T11:27:29.445144
2025-07-28,150694,2025072804005734,BPCL,SHUBHAKAMANA SECURITIES PVT. LTD,Capital Max Securities Ltd,500,983.2,491600.0,2025-07-28T11:27:29.445234
2025-07-28,150693,2025072804005735,BPCL,Capital Max Securities Ltd,Capital Max Securities Ltd,10,983.1,9831.0,2025-07-28T11:27:29.445339
2025-07-28,150692,2025072804005736,BPCL,J.F. Securites (PVT) Ltd.,Capital Max Securities Ltd,500,983.1,491550.0,2025-07-28T11:27:29.445427
2025-07-28,150691,2025072804005737,BPCL,Capital Max Securities Ltd,Capital Max Securities Ltd,500,983.0,491500.0,2025-07-28T11:27:29.445534
2025-07-28,150690,2025072804005738,BPCL,Sani Securities Company Ltd.,Capital Max Securities Ltd,50,983.0,49150.0,2025-07-28T11:27:29.445621
2025-07-28,150689,2025072804005739,BPCL,Naasa Securities Co. Ltd.,Capital Max Securities Ltd,100,983.0,98300.0,2025-07-28T11:27:29.445706
2025-07-28,150688,2025072804005740,BPCL,Vision Securities Pvt. Ltd,Capital Max Securities Ltd,455,982.2,446901.0,2025-07-28T11:27:29.445793
2025-07-28,149664,2025072804006024,BPCL,K.B.L. Securities Limited ,Oxford Securities Pvt. Ltd.,1,975.0,975.0,2025-07-28T11:29:10.52636
2025-07-28,149101,2025072804006136,BPCL,Hatemalo Financial Services Private Limited,Kohinoor Investment & Securities Pvt. Ltd.,100,983.0,98300.0,2025-07-28T11:30:09.271024
2025-07-28,149059,2025072804006148,BPCL,Himalayan Securities Limited,Sri Hari Securities Pvt. Ltd.,2000,985.0,1970000.0,2025-07-28T11:30:12.404543
2025-07-28,148944,2025072804006173,BPCL,Hatemalo Financial Services Private Limited,Sumeru Securities Pvt. Ltd.,100,983.0,98300.0,2025-07-28T11:30:20.132288
2025-07-28,147621,2025072804006484,BPCL,Vision Securities Pvt. Ltd,Kohinoor Investment & Securities Pvt. Ltd.,67,984.1,65934.7,2025-07-28T11:32:22.046789
2025-07-28,147327,2025072804006537,BPCL,SUN SECURITIES PVT LTD,Online Securities Pvt. Ltd.,110,984.2,108262.0,2025-07-28T11:32:49.57069
2025-07-28,146921,2025072804006628,BPCL,SHUBHAKAMANA SECURITIES PVT. LTD,Sundhara Securities Limited,50,986.9,49345.0,2025-07-28T11:33:25.353308
2025-07-28,146920,2025072804006629,BPCL,SHUBHAKAMANA SECURITIES PVT. LTD,Aryatara Investment & Securities,10,987.0,9870.0,2025-07-28T11:33:25.353799
2025-07-28,146919,2025072804006630,BPCL,SHUBHAKAMANA SECURITIES PVT. LTD,Capital Max Securities Ltd,440,988.0,434720.0,2025-07-28T11:33:25.354139
2025-07-28,146514,2025072804006721,BPCL,Cristal Kanchanjanga Securites Pvt. Ltd.,Capital Max Securities Ltd,250,988.0,247000.0,2025-07-28T11:33:58.225461
2025-07-28,146461,2025072804006730,BPCL,Miyo Securities Pvt Ltd,Capital Max Securities Ltd,100,985.1,98510.0,2025-07-28T11:34:01.342201
2025-07-28,146292,2025072804006759,BPCL,N.M.B. SECURITIES LIMITED,SHUBHAKAMANA SECURITIES PVT. LTD,80,986.0,78880.0,2025-07-28T11:34:18.474233
2025-07-28,145901,2025072804006848,BPCL,Indira securities pvt. ltd,Linch Stock Market Ltd.,100,987.0,98700.0,2025-07-28T11:34:52.288003
2025-07-28,145824,2025072804006863,BPCL,Shree Krishna Securities Ltd.,Linch Stock Market Ltd.,600,987.0,592200.0,2025-07-28T11:34:59.463792
2025-07-28,145823,2025072804006864,BPCL,Shree Krishna Securities Ltd.,Capital Max Securities Ltd,300,988.0,296400.0,2025-07-28T11:34:59.463846
2025-07-28,145608,2025072804006919,BPCL,Aryatara Investment & Securities,Capital Max Securities Ltd,1000,988.0,988000.0,2025-07-28T11:35:15.476365
2025-07-28,145509,2025072804006949,BPCL,Miyo Securities Pvt Ltd,Sri Hari Securities Pvt. Ltd.,100,986.1,98610.0,2025-07-28T11:35:24.332482
2025-07-28,145508,2025072804006950,BPCL,N.M.B. SECURITIES LIMITED,Sri Hari Securities Pvt. Ltd.,901,986.0,888386.0,2025-07-28T11:35:24.332583
2025-07-28,145304,2025072804007034,BPCL,Agrawal Securities (PVT) Ltd.,Asian Securities Private Ltd.,1000,986.1,986100.0,2025-07-28T11:35:42.874579
2025-07-28,145071,2025072804007070,BPCL,Vision Securities Pvt. Ltd,Secured Securities Ltd.,500,986.2,493100.0,2025-07-28T11:36:03.5235
2025-07-28,144809,2025072804007147,BPCL,Vision Securities Pvt. Ltd,Naasa Securities Co. Ltd.,100,986.2,98620.0,2025-07-28T11:36:24.145949
2025-07-28,144792,2025072804007153,BPCL,Vision Securities Pvt. Ltd,Aryatara Investment & Securities,200,986.2,197240.0,2025-07-28T11:36:26.300572
2025-07-28,144758,2025072804007169,BPCL,Hatemalo Financial Services Private Limited,Cristal Kanchanjanga Securites Pvt. Ltd.,10,987.0,9870.0,2025-07-28T11:36:30.511111
2025-07-28,144757,2025072804007170,BPCL,Hatemalo Financial Services Private Limited,Capital Max Securities Ltd,10,988.0,9880.0,2025-07-28T11:36:30.511697
2025-07-28,144756,2025072804007171,BPCL,Hatemalo Financial Services Private Limited,KALASH STOCK MARKET PVT. LTD.,10,989.0,9890.0,2025-07-28T11:36:30.51225
2025-07-28,144755,2025072804007172,BPCL,Hatemalo Financial Services Private Limited,Sri Hari Securities Pvt. Ltd.,2000,989.0,1978000.0,2025-07-28T11:36:30.512755
2025-07-28,144754,2025072804007173,BPCL,Hatemalo Financial Services Private Limited,Capital Max Securities Ltd,40,989.0,39560.0,2025-07-28T11:36:30.513208
2025-07-28,144753,2025072804007174,BPCL,Hatemalo Financial Services Private Limited,Sri Hari Securities Pvt. Ltd.,10,989.9,9899.0,2025-07-28T11:36:30.513671
2025-07-28,144752,2025072804007175,BPCL,Hatemalo Financial Services Private Limited,Vision Securities Pvt. Ltd,200,990.0,198000.0,2025-07-28T11:36:30.514139
2025-07-28,144751,2025072804007176,BPCL,Hatemalo Financial Services Private Limited,Kohinoor Investment & Securities Pvt. Ltd.,500,990.0,495000.0,2025-07-28T11:36:30.514626
2025-07-28,144750,2025072804007177,BPCL,Hatemalo Financial Services Private Limited,K.B.L. Securities Limited ,100,990.0,99000.0,2025-07-28T11:36:30.515074
2025-07-28,144749,2025072804007178,BPCL,Hatemalo Financial Services Private Limited,Dynamic Money Managers Securities Pvt. Ltd.,720,990.0,712800.0,2025-07-28T11:36:30.515555
2025-07-28,144717,2025072804007189,BPCL,Shree Krishna Securities Ltd.,Dynamic Money Managers Securities Pvt. Ltd.,50,990.0,49500.0,2025-07-28T11:36:34.312632
2025-07-28,144716,2025072804007190,BPCL,Shree Krishna Securities Ltd.,Vision Securities Pvt. Ltd,10,990.0,9900.0,2025-07-28T11:36:34.312696
2025-07-28,144715,2025072804007191,BPCL,Shree Krishna Securities Ltd.,Siprabi Securities Pvt. Ltd.,36,990.0,35640.0,2025-07-28T11:36:34.312732
2025-07-28,144714,2025072804007192,BPCL,Shree Krishna Securities Ltd.,Premier Securities Company Ltd.,100,990.0,99000.0,2025-07-28T11:36:34.312765
2025-07-28,144713,2025072804007193,BPCL,Shree Krishna Securities Ltd.,Shree Krishna Securities Ltd.,704,990.0,696960.0,2025-07-28T11:36:34.312808
2025-07-28,144655,2025072804007201,BPCL,SUN SECURITIES PVT LTD,Shree Krishna Securities Ltd.,2296,990.0,2273040.0,2025-07-28T11:36:39.161687
2025-07-28,144654,2025072804007202,BPCL,SUN SECURITIES PVT LTD,Sri Hari Securities Pvt. Ltd.,20,990.0,19800.0,2025-07-28T11:36:39.161975
2025-07-28,144570,2025072804007221,BPCL,Prabhu Stock Market Limited,Sumeru Securities Pvt. Ltd.,500,991.0,495500.0,2025-07-28T11:36:47.104884
2025-07-28,144548,2025072804007227,BPCL,Sri Hari Securities Pvt. Ltd.,Sumeru Securities Pvt. Ltd.,98,991.0,97118.0,2025-07-28T11:36:49.246497
2025-07-28,144547,2025072804007228,BPCL,Sri Hari Securities Pvt. Ltd.,Sumeru Securities Pvt. Ltd.,300,991.0,297300.0,2025-07-28T11:36:49.246798
2025-07-28,144546,2025072804007229,BPCL,Sri Hari Securities Pvt. Ltd.,Aryatara Investment & Securities,400,991.0,396400.0,2025-07-28T11:36:49.24694
2025-07-28,144545,2025072804007230,BPCL,Sri Hari Securities Pvt. Ltd.,Sri Hari Securities Pvt. Ltd.,30,991.0,29730.0,2025-07-28T11:36:49.247058
2025-07-28,144354,2025072804007280,BPCL,Sri Hari Securities Pvt. Ltd.,Naasa Securities Co. Ltd.,100,991.0,99100.0,2025-07-28T11:37:01.620394
2025-07-28,144334,2025072804007285,BPCL,SUN SECURITIES PVT LTD,Sumeru Securities Pvt. Ltd.,1000,991.4,991400.0,2025-07-28T11:37:03.010948
2025-07-28,144298,2025072804007301,BPCL,Sri Hari Securities Pvt. Ltd.,Sri Hari Securities Pvt. Ltd.,40,992.0,39680.0,2025-07-28T11:37:07.538662
2025-07-28,144267,2025072804007310,BPCL,Shree Krishna Securities Ltd.,Creative Securities Pvt Ltd,50,993.5,49675.0,2025-07-28T11:37:10.723258
2025-07-28,144266,2025072804007311,BPCL,Shree Krishna Securities Ltd.,Imperial Securities Company Pvt. Ltd.,21,995.0,20895.0,2025-07-28T11:37:10.723386
2025-07-28,144265,2025072804007312,BPCL,Shree Krishna Securities Ltd.,Oxford Securities Pvt. Ltd.,26,995.0,25870.0,2025-07-28T11:37:10.723478
2025-07-28,144264,2025072804007313,BPCL,Shree Krishna Securities Ltd.,Sundhara Securities Limited,15,995.0,14925.0,2025-07-28T11:37:10.723538
2025-07-28,144263,2025072804007314,BPCL,Shree Krishna Securities Ltd.,Cristal Kanchanjanga Securites Pvt. Ltd.,45,995.0,44775.0,2025-07-28T11:37:10.723601
2025-07-28,144262,2025072804007315,BPCL,Shree Krishna Securities Ltd.,Imperial Securities Company Pvt. Ltd.,10,995.0,9950.0,2025-07-28T11:37:10.723663
2025-07-28,144261,2025072804007316,BPCL,Shree Krishna Securities Ltd.,Naasa Securities Co. Ltd.,33,995.0,32835.0,2025-07-28T11:37:10.72376
2025-07-28,144207,2025072804007332,BPCL,Sri Hari Securities Pvt. Ltd.,Trishakti Securities Public Limited,460,992.0,456320.0,2025-07-28T11:37:15.260646
2025-07-28,144206,2025072804007333,BPCL,SUN SECURITIES PVT LTD,Trishakti Securities Public Limited,1540,991.4,1526756.0,2025-07-28T11:37:15.260704
2025-07-28,143966,2025072804007381,BPCL,Trishakti Securities Public Limited,Naasa Securities Co. Ltd.,10,992.0,9920.0,2025-07-28T11:37:38.26426
2025-07-28,143646,2025072804007480,BPCL,Sri Hari Securities Pvt. Ltd.,Linch Stock Market Ltd.,500,991.5,495750.0,2025-07-28T11:38:11.52748
2025-07-28,143584,2025072804007496,BPCL,Shree Krishna Securities Ltd.,Trisul Securities & Invt. Ltd.,35,991.5,34702.5,2025-07-28T11:38:18.368664
2025-07-28,143519,2025072804007504,BPCL,Shree Krishna Securities Ltd.,Nepal Stock House (PVT) Ltd.,10,991.5,9915.0,2025-07-28T11:38:23.009141
2025-07-28,143308,2025072804007556,BPCL,Nepal Stock House (PVT) Ltd.,Naasa Securities Co. Ltd.,65,992.0,64480.0,2025-07-28T11:38:42.436617
2025-07-28,143263,2025072804007571,BPCL,Nepal Stock House (PVT) Ltd.,Vision Securities Pvt. Ltd,35,992.0,34720.0,2025-07-28T11:38:44.983185
2025-07-28,143262,2025072804007572,BPCL,Shree Krishna Securities Ltd.,Vision Securities Pvt. Ltd,15,991.5,14872.5,2025-07-28T11:38:44.983459
2025-07-28,143033,2025072804007622,BPCL,Shree Krishna Securities Ltd.,Aryatara Investment & Securities,290,991.5,287535.0,2025-07-28T11:39:03.732347
2025-07-28,142440,2025072804007779,BPCL,Agrawal Securities (PVT) Ltd.,S.P.S.A. Securities Limited,55,993.9,54664.5,2025-07-28T11:40:00.426988
2025-07-28,142180,2025072804007851,BPCL,Shree Krishna Securities Ltd.,Pragyan Securities (PVT) Ltd.,40,991.5,39660.0,2025-07-28T11:40:26.311048
2025-07-28,142179,2025072804007852,BPCL,SUN SECURITIES PVT LTD,Pragyan Securities (PVT) Ltd.,35,991.4,34699.0,2025-07-28T11:40:26.311304
2025-07-28,142020,2025072804007887,BPCL,Oxford Securities Pvt. Ltd.,Aryatara Investment & Securities,100,992.0,99200.0,2025-07-28T11:40:40.907216
2025-07-28,142007,2025072804007888,BPCL,Indira securities pvt. ltd,Aryatara Investment & Securities,150,992.0,148800.0,2025-07-28T11:40:42.333543
2025-07-28,141618,2025072804008043,BPCL,KALASH STOCK MARKET PVT. LTD.,Aryatara Investment & Securities,30,992.0,29760.0,2025-07-28T11:41:12.640226
2025-07-28,141467,2025072804008088,BPCL,KALASH STOCK MARKET PVT. LTD.,Naasa Securities Co. Ltd.,15,992.0,14880.0,2025-07-28T11:41:29.291436
2025-07-28,141384,2025072804008111,BPCL,Creative Securities Pvt Ltd,South Asian Bulls Pvt. Ltd.,15,992.0,14880.0,2025-07-28T11:41:34.906444
2025-07-28,141240,2025072804008139,BPCL,Creative Securities Pvt Ltd,S.P.S.A. Securities Limited,445,992.0,441440.0,2025-07-28T11:41:49.476415
2025-07-28,141219,2025072804008148,BPCL,Creative Securities Pvt Ltd,Premier Securities Company Ltd.,40,992.0,39680.0,2025-07-28T11:41:51.320384
2025-07-28,141140,2025072804008169,BPCL,SUN SECURITIES PVT LTD,Premier Securities Company Ltd.,109,992.0,108128.0,2025-07-28T11:41:56.699474
2025-07-28,140573,2025072804008315,BPCL,South Asian Bulls Pvt. Ltd.,Naasa Securities Co. Ltd.,20,991.4,19828.0,2025-07-28T11:42:37.090258
2025-07-28,140218,2025072804008426,BPCL,K.B.L. Securities Limited ,Premier Securities Company Ltd.,100,990.0,99000.0,2025-07-28T11:43:02.536735
2025-07-28,140217,2025072804008427,BPCL,Property Wiard Limited,Premier Securities Company Ltd.,51,990.0,50490.0,2025-07-28T11:43:02.537085
2025-07-28,140059,2025072804008471,BPCL,Property Wiard Limited,Naasa Securities Co. Ltd.,154,990.0,152460.0,2025-07-28T11:43:12.480027
2025-07-28,139970,2025072804008501,BPCL,Property Wiard Limited,Creative Securities Pvt Ltd,250,990.0,247500.0,2025-07-28T11:43:18.667252
2025-07-28,139965,2025072804008502,BPCL,Property Wiard Limited,Agrawal Securities (PVT) Ltd.,45,990.0,44550.0,2025-07-28T11:43:18.995078
2025-07-28,138704,2025072804008819,BPCL,Agrawal Securities (PVT) Ltd.,Thrive Brokerage House Pvt. Ltd,15,988.0,14820.0,2025-07-28T11:44:51.181142
2025-07-28,137786,2025072804009041,BPCL,Agrawal Securities (PVT) Ltd.,Sani Securities Company Ltd.,11,988.0,10868.0,2025-07-28T11:46:02.156431
2025-07-28,137496,2025072804009121,BPCL,Agrawal Securities (PVT) Ltd.,Asian Securities Private Ltd.,74,988.0,73112.0,2025-07-28T11:46:24.10158
2025-07-28,137495,2025072804009122,BPCL,Shree Krishna Securities Ltd.,Asian Securities Private Ltd.,150,987.5,148125.0,2025-07-28T11:46:24.10163
2025-07-28,137494,2025072804009123,BPCL,N.M.B. SECURITIES LIMITED,Asian Securities Private Ltd.,776,987.0,765912.0,2025-07-28T11:46:24.10166
2025-07-28,137361,2025072804009157,BPCL,N.M.B. SECURITIES LIMITED,Agrawal Securities (PVT) Ltd.,155,987.0,152985.0,2025-07-28T11:46:31.929239
2025-07-28,137192,2025072804009202,BPCL,N.M.B. SECURITIES LIMITED,Cristal Kanchanjanga Securites Pvt. Ltd.,47,987.0,46389.0,2025-07-28T11:46:44.73363
2025-07-28,137178,2025072804009206,BPCL,N.M.B. SECURITIES LIMITED,Dipshikha Dhitopatra Karobar Co. Pvt Ltd.,41,987.0,40467.0,2025-07-28T11:46:46.589309
2025-07-28,137177,2025072804009207,BPCL,SUN SECURITIES PVT LTD,Dipshikha Dhitopatra Karobar Co. Pvt Ltd.,100,987.0,98700.0,2025-07-28T11:46:46.589451
2025-07-28,137176,2025072804009208,BPCL,Sri Hari Securities Pvt. Ltd.,Dipshikha Dhitopatra Karobar Co. Pvt Ltd.,159,986.3,156821.7,2025-07-28T11:46:46.589532
2025-07-28,136993,2025072804009259,BPCL,Hatemalo Financial Services Private Limited,Sri Hari Securities Pvt. Ltd.,209,987.0,206283.0,2025-07-28T11:47:00.46515
2025-07-28,136992,2025072804009260,BPCL,Sri Hari Securities Pvt. Ltd.,Sri Hari Securities Pvt. Ltd.,341,986.3,336328.3,2025-07-28T11:47:00.465217
2025-07-28,136991,2025072804009261,BPCL,Vision Securities Pvt. Ltd,Sri Hari Securities Pvt. Ltd.,407,986.2,401383.4,2025-07-28T11:47:00.465269
2025-07-28,136533,2025072804009360,BPCL,Aryatara Investment & Securities,Sweta Securities Private Limited,200,987.0,197400.0,2025-07-28T11:47:29.803993
2025-07-28,136349,2025072804009426,BPCL,Vision Securities Pvt. Ltd,Investment Management Nepal Pvt. Ltd.,100,986.2,98620.0,2025-07-28T11:47:39.334606
2025-07-28,136243,2025072804009444,BPCL,Vision Securities Pvt. Ltd,Secured Securities Ltd.,116,986.2,114399.2,2025-07-28T11:47:48.158461
2025-07-28,135142,2025072804009633,BPCL,South Asian Bulls Pvt. Ltd.,Miyo Securities Pvt Ltd,20,986.4,19728.0,2025-07-28T11:48:52.545403
2025-07-28,135141,2025072804009634,BPCL,Hatemalo Financial Services Private Limited,Miyo Securities Pvt Ltd,1000,986.3,986300.0,2025-07-28T11:48:52.545699
2025-07-28,135140,2025072804009635,BPCL,Vision Securities Pvt. Ltd,Miyo Securities Pvt Ltd,222,986.2,218936.4,2025-07-28T11:48:52.545813
2025-07-28,135139,2025072804009636,BPCL,J.F. Securites (PVT) Ltd.,Miyo Securities Pvt Ltd,200,986.0,197200.0,2025-07-28T11:48:52.545944
2025-07-28,135138,2025072804009637,BPCL,Agrawal Securities (PVT) Ltd.,Miyo Securities Pvt Ltd,200,985.1,197020.0,2025-07-28T11:48:52.546055
2025-07-28,135137,2025072804009638,BPCL,Sri Hari Securities Pvt. Ltd.,Miyo Securities Pvt Ltd,158,985.0,155630.0,2025-07-28T11:48:52.546161
2025-07-28,134957,2025072804009669,BPCL,Sri Hari Securities Pvt. Ltd.,Dipshikha Dhitopatra Karobar Co. Pvt Ltd.,10,985.0,9850.0,2025-07-28T11:49:03.818814
2025-07-28,134667,2025072804009758,BPCL,Prabhu Stock Market Limited,Aryatara Investment & Securities,300,985.1,295530.0,2025-07-28T11:49:20.356148
2025-07-28,134165,2025072804009885,BPCL,South Asian Bulls Pvt. Ltd.,Dipshikha Dhitopatra Karobar Co. Pvt Ltd.,20,985.3,19706.0,2025-07-28T11:49:47.445324
2025-07-28,134164,2025072804009886,BPCL,SUN SECURITIES PVT LTD,Dipshikha Dhitopatra Karobar Co. Pvt Ltd.,380,985.2,374376.0,2025-07-28T11:49:47.445609
2025-07-28,133771,2025072804009984,BPCL,SUN SECURITIES PVT LTD,Dipshikha Dhitopatra Karobar Co. Pvt Ltd.,200,985.2,197040.0,2025-07-28T11:50:14.449423
2025-07-28,133688,2025072804009994,BPCL,Cristal Kanchanjanga Securites Pvt. Ltd.,Dipshikha Dhitopatra Karobar Co. Pvt Ltd.,50,985.3,49265.0,2025-07-28T11:50:20.121655
2025-07-28,133687,2025072804009995,BPCL,SUN SECURITIES PVT LTD,Dipshikha Dhitopatra Karobar Co. Pvt Ltd.,250,985.2,246300.0,2025-07-28T11:50:20.121975
2025-07-28,133677,2025072804009998,BPCL,SUN SECURITIES PVT LTD,Dipshikha Dhitopatra Karobar Co. Pvt Ltd.,100,985.2,98520.0,2025-07-28T11:50:20.460223
2025-07-28,133604,2025072804010014,BPCL,Citizens Share Broker Limited,Dipshikha Dhitopatra Karobar Co. Pvt Ltd.,100,985.3,98530.0,2025-07-28T11:50:25.603273
2025-07-28,133556,2025072804010024,BPCL,Citizens Share Broker Limited,Dipshikha Dhitopatra Karobar Co. Pvt Ltd.,100,985.3,98530.0,2025-07-28T11:50:30.586389
2025-07-28,132719,2025072804010191,BPCL,Secured Securities Ltd.,Sundhara Securities Limited,11,985.5,10840.5,2025-07-28T11:51:27.238133
2025-07-28,132355,2025072804010253,BPCL,Deevyaa Securities & Stock House Pvt. Ltd,Sani Securities Company Ltd.,200,985.7,197140.0,2025-07-28T11:51:59.47525
2025-07-28,132324,2025072804010265,BPCL,Secured Securities Ltd.,Opal Securities Investment (PVT) Ltd.,19,986.0,18734.0,2025-07-28T11:52:02.819153
2025-07-28,132323,2025072804010266,BPCL,Secured Securities Ltd.,ABC Securities Private Limited,470,986.0,463420.0,2025-07-28T11:52:02.819496
2025-07-28,132256,2025072804010283,BPCL,South Asian Bulls Pvt. Ltd.,ABC Securities Private Limited,30,986.0,29580.0,2025-07-28T11:52:09.155306
2025-07-28,131696,2025072804010367,BPCL,Deevyaa Securities & Stock House Pvt. Ltd,Sweta Securities Private Limited,108,987.0,106596.0,2025-07-28T11:52:49.035121
2025-07-28,131695,2025072804010368,BPCL,Deevyaa Securities & Stock House Pvt. Ltd,ABC Securities Private Limited,192,987.0,189504.0,2025-07-28T11:52:49.03543
2025-07-28,131083,2025072804010542,BPCL,South Asian Bulls Pvt. Ltd.,Indira securities pvt. ltd,10,986.0,9860.0,2025-07-28T11:53:39.604414
2025-07-28,130899,2025072804010574,BPCL,South Asian Bulls Pvt. Ltd.,Sri Hari Securities Pvt. Ltd.,60,986.0,59160.0,2025-07-28T11:54:00.018853
2025-07-28,130898,2025072804010575,BPCL,Capital Max Securities Ltd,Sri Hari Securities Pvt. Ltd.,490,986.0,483140.0,2025-07-28T11:54:00.019143
2025-07-28,130721,2025072804010595,BPCL,Vision Securities Pvt. Ltd,ABC Securities Private Limited,308,987.0,303996.0,2025-07-28T11:54:16.046483
2025-07-28,130524,2025072804010623,BPCL,INDEX SECURITIES LIMITED,Agrawal Securities (PVT) Ltd.,130,987.0,128310.0,2025-07-28T11:54:36.546802
2025-07-28,130305,2025072804010664,BPCL,SHUBHAKAMANA SECURITIES PVT. LTD,Bhrikuti Stock Broking Co. Pvt. Ltd.,30,988.0,29640.0,2025-07-28T11:54:52.571803
2025-07-28,130304,2025072804010665,BPCL,SHUBHAKAMANA SECURITIES PVT. LTD,Dipshikha Dhitopatra Karobar Co. Pvt Ltd.,100,988.0,98800.0,2025-07-28T11:54:52.572164
2025-07-28,130303,2025072804010666,BPCL,SHUBHAKAMANA SECURITIES PVT. LTD,Sri Hari Securities Pvt. Ltd.,870,988.0,859560.0,2025-07-28T11:54:52.572291
2025-07-28,130278,2025072804010668,BPCL,INDEX SECURITIES LIMITED,Naasa Securities Co. Ltd.,26,987.0,25662.0,2025-07-28T11:54:53.470445
2025-07-28,130171,2025072804010684,BPCL,SHUBHAKAMANA SECURITIES PVT. LTD,Sri Hari Securities Pvt. Ltd.,130,988.0,128440.0,2025-07-28T11:55:02.925912
2025-07-28,130170,2025072804010685,BPCL,SHUBHAKAMANA SECURITIES PVT. LTD,Sumeru Securities Pvt. Ltd.,500,989.0,494500.0,2025-07-28T11:55:02.926211
2025-07-28,130169,2025072804010686,BPCL,SHUBHAKAMANA SECURITIES PVT. LTD,Naasa Securities Co. Ltd.,37,990.0,36630.0,2025-07-28T11:55:02.926338
2025-07-28,130168,2025072804010687,BPCL,SHUBHAKAMANA SECURITIES PVT. LTD,Agrawal Securities (PVT) Ltd.,10,990.0,9900.0,2025-07-28T11:55:02.926453
2025-07-28,130167,2025072804010688,BPCL,SHUBHAKAMANA SECURITIES PVT. LTD,Sanima Securities Limited,40,990.0,39600.0,2025-07-28T11:55:02.926574
2025-07-28,130166,2025072804010689,BPCL,SHUBHAKAMANA SECURITIES PVT. LTD,Primo Securities (PVT) Ltd.,283,990.0,280170.0,2025-07-28T11:55:02.926695
2025-07-28,130092,2025072804010700,BPCL,SHUBHAKAMANA SECURITIES PVT. LTD,Primo Securities (PVT) Ltd.,217,990.0,214830.0,2025-07-28T11:55:10.697406
2025-07-28,130091,2025072804010701,BPCL,SHUBHAKAMANA SECURITIES PVT. LTD,Sweta Securities Private Limited,283,990.0,280170.0,2025-07-28T11:55:10.697929
2025-07-28,129478,2025072804010830,BPCL,SHUBHAKAMANA SECURITIES PVT. LTD,Sweta Securities Private Limited,117,990.0,115830.0,2025-07-28T11:56:09.208385
2025-07-28,129015,2025072804010919,BPCL,SHUBHAKAMANA SECURITIES PVT. LTD,Capital Max Securities Ltd,90,990.0,89100.0,2025-07-28T11:56:50.018144
2025-07-28,128616,2025072804010988,BPCL,SHUBHAKAMANA SECURITIES PVT. LTD,Opal Securities Investment (PVT) Ltd.,100,990.0,99000.0,2025-07-28T11:57:27.92809
2025-07-28,128368,2025072804011038,BPCL,SHUBHAKAMANA SECURITIES PVT. LTD,Naasa Securities Co. Ltd.,28,990.0,27720.0,2025-07-28T11:57:55.220628
2025-07-28,128298,2025072804011066,BPCL,SHUBHAKAMANA SECURITIES PVT. LTD,Trisul Securities & Invt. Ltd.,50,990.0,49500.0,2025-07-28T11:58:03.481279
2025-07-28,128213,2025072804011082,BPCL,SHUBHAKAMANA SECURITIES PVT. LTD,Naasa Securities Co. Ltd.,30,990.0,29700.0,2025-07-28T11:58:13.126891
2025-07-28,128147,2025072804011088,BPCL,Agrawal Securities (PVT) Ltd.,Asian Securities Private Ltd.,30,991.0,29730.0,2025-07-28T11:58:17.538402
2025-07-28,128146,2025072804011089,BPCL,Agrawal Securities (PVT) Ltd.,Asian Securities Private Ltd.,116,991.0,114956.0,2025-07-28T11:58:17.538686
2025-07-28,128145,2025072804011090,BPCL,Agrawal Securities (PVT) Ltd.,Kohinoor Investment & Securities Pvt. Ltd.,250,991.9,247975.0,2025-07-28T11:58:17.538802
2025-07-28,128144,2025072804011091,BPCL,Agrawal Securities (PVT) Ltd.,Aryatara Investment & Securities,104,992.0,103168.0,2025-07-28T11:58:17.53896
2025-07-28,127838,2025072804011132,BPCL,SHUBHAKAMANA SECURITIES PVT. LTD,Aryatara Investment & Securities,104,992.0,103168.0,2025-07-28T11:58:49.989598
2025-07-28,127837,2025072804011133,BPCL,SHUBHAKAMANA SECURITIES PVT. LTD,Creative Securities Pvt Ltd,896,992.0,888832.0,2025-07-28T11:58:49.990161
2025-07-28,127644,2025072804011161,BPCL,SHUBHAKAMANA SECURITIES PVT. LTD,Sani Securities Company Ltd.,85,990.0,84150.0,2025-07-28T11:59:04.397504
2025-07-28,127643,2025072804011162,BPCL,INDEX SECURITIES LIMITED,Sani Securities Company Ltd.,15,987.0,14805.0,2025-07-28T11:59:04.397598
2025-07-28,126969,2025072804011274,BPCL,Trishakti Securities Public Limited,Malla & Malla Stock Broking Company Pvt. Limited,10,990.0,9900.0,2025-07-28T11:59:57.063394
2025-07-28,125106,2025072804011708,BPCL,Dipshikha Dhitopatra Karobar Co. Pvt Ltd.,Capital Max Securities Ltd,59,987.3,58250.7,2025-07-28T12:03:01.512731
2025-07-28,124982,2025072804011723,BPCL,Dipshikha Dhitopatra Karobar Co. Pvt Ltd.,Malla & Malla Stock Broking Company Pvt. Limited,40,987.3,39492.0,2025-07-28T12:03:12.335606
2025-07-28,124730,2025072804011771,BPCL,Sri Hari Securities Pvt. Ltd.,Sri Hari Securities Pvt. Ltd.,1832,987.1,1808367.2,2025-07-28T12:03:42.407552
2025-07-28,124614,2025072804011787,BPCL,Trishakti Securities Public Limited,Sani Securities Company Ltd.,10,990.0,9900.0,2025-07-28T12:03:55.319753
2025-07-28,124324,2025072804011856,BPCL,Sanima Securities Limited,Sani Securities Company Ltd.,40,990.0,39600.0,2025-07-28T12:04:21.959908
2025-07-28,124323,2025072804011857,BPCL,Sanima Securities Limited,South Asian Bulls Pvt. Ltd.,20,990.0,19800.0,2025-07-28T12:04:21.96028
2025-07-28,124322,2025072804011858,BPCL,Sanima Securities Limited,ABC Securities Private Limited,30,990.0,29700.0,2025-07-28T12:04:21.960412
2025-07-28,124182,2025072804011874,BPCL,Sanima Securities Limited,Naasa Securities Co. Ltd.,10,990.0,9900.0,2025-07-28T12:04:37.801643
2025-07-28,124110,2025072804011895,BPCL,South Asian Bulls Pvt. Ltd.,Linch Stock Market Ltd.,100,990.0,99000.0,2025-07-28T12:04:46.316362
2025-07-28,123886,2025072804011943,BPCL,SHUBHAKAMANA SECURITIES PVT. LTD,Linch Stock Market Ltd.,200,990.0,198000.0,2025-07-28T12:05:06.509717
2025-07-28,123353,2025072804012042,BPCL,Shree Krishna Securities Ltd.,Linch Stock Market Ltd.,10,990.0,9900.0,2025-07-28T12:06:02.568923
2025-07-28,123322,2025072804012049,BPCL,SHUBHAKAMANA SECURITIES PVT. LTD,Linch Stock Market Ltd.,40,990.0,39600.0,2025-07-28T12:06:04.537802
2025-07-28,123321,2025072804012050,BPCL,SHUBHAKAMANA SECURITIES PVT. LTD,Cristal Kanchanjanga Securites Pvt. Ltd.,100,991.0,99100.0,2025-07-28T12:06:04.538122
2025-07-28,123320,2025072804012051,BPCL,SHUBHAKAMANA SECURITIES PVT. LTD,Miyo Securities Pvt Ltd,515,991.9,510828.5,2025-07-28T12:06:04.538242
2025-07-28,123319,2025072804012052,BPCL,SHUBHAKAMANA SECURITIES PVT. LTD,Creative Securities Pvt Ltd,104,992.0,103168.0,2025-07-28T12:06:04.538368
2025-07-28,123318,2025072804012053,BPCL,SHUBHAKAMANA SECURITIES PVT. LTD,Nabil Stock Dealer Ltd.,241,992.0,239072.0,2025-07-28T12:06:04.538482
2025-07-28,123007,2025072804012113,BPCL,Arun Securities (PVT) Ltd.,Nabil Stock Dealer Ltd.,200,992.0,198400.0,2025-07-28T12:06:34.504416
2025-07-28,122774,2025072804012163,BPCL,Siprabi Securities Pvt. Ltd.,BHOLE GANESH SECURITIES LTD,116,990.0,114840.0,2025-07-28T12:07:01.171405
2025-07-28,122760,2025072804012177,BPCL,Roadshow securities limited,Nabil Stock Dealer Ltd.,500,992.0,496000.0,2025-07-28T12:07:02.016303
2025-07-28,122519,2025072804012230,BPCL,Arun Securities (PVT) Ltd.,Nabil Stock Dealer Ltd.,50,992.0,49600.0,2025-07-28T12:07:24.731156
2025-07-28,121661,2025072804012461,BPCL,Siprabi Securities Pvt. Ltd.,Sumeru Securities Pvt. Ltd.,300,990.0,297000.0,2025-07-28T12:08:54.846644
2025-07-28,121576,2025072804012480,BPCL,Siprabi Securities Pvt. Ltd.,Sumeru Securities Pvt. Ltd.,200,990.0,198000.0,2025-07-28T12:09:03.216096
2025-07-28,121411,2025072804012508,BPCL,Siprabi Securities Pvt. Ltd.,Asian Securities Private Ltd.,65,990.0,64350.0,2025-07-28T12:09:14.402982
2025-07-28,121385,2025072804012513,BPCL,Siprabi Securities Pvt. Ltd.,Aryatara Investment & Securities,10,990.0,9900.0,2025-07-28T12:09:15.016262
2025-07-28,121379,2025072804012516,BPCL,Siprabi Securities Pvt. Ltd.,Roadshow securities limited,200,990.0,198000.0,2025-07-28T12:09:16.128807
2025-07-28,121183,2025072804012574,BPCL,Siprabi Securities Pvt. Ltd.,SUN SECURITIES PVT LTD,100,990.0,99000.0,2025-07-28T12:09:36.731734
2025-07-28,120780,2025072804012676,BPCL,Dipshikha Dhitopatra Karobar Co. Pvt Ltd.,Dipshikha Dhitopatra Karobar Co. Pvt Ltd.,10,989.0,9890.0,2025-07-28T12:10:09.448557
2025-07-28,120779,2025072804012677,BPCL,Sumeru Securities Pvt. Ltd.,Dipshikha Dhitopatra Karobar Co. Pvt Ltd.,68,988.0,67184.0,2025-07-28T12:10:09.448915
2025-07-28,119272,2025072804013186,BPCL,Sumeru Securities Pvt. Ltd.,Prabhu Stock Market Limited,32,988.0,31616.0,2025-07-28T12:12:01.989336
2025-07-28,119271,2025072804013187,BPCL,Capital Max Securities Ltd,Prabhu Stock Market Limited,10,988.0,9880.0,2025-07-28T12:12:01.989672
2025-07-28,119270,2025072804013188,BPCL,Dipshikha Dhitopatra Karobar Co. Pvt Ltd.,Prabhu Stock Market Limited,500,988.0,494000.0,2025-07-28T12:12:01.989797
2025-07-28,119269,2025072804013189,BPCL,INDEX SECURITIES LIMITED,Prabhu Stock Market Limited,29,987.0,28623.0,2025-07-28T12:12:01.989922
2025-07-28,119268,2025072804013190,BPCL,Capital Max Securities Ltd,Prabhu Stock Market Limited,429,987.0,423423.0,2025-07-28T12:12:01.990038
2025-07-28,118044,2025072804013492,BPCL,Capital Max Securities Ltd,K.B.L. Securities Limited ,71,987.0,70077.0,2025-07-28T12:13:29.161493
2025-07-28,118043,2025072804013493,BPCL,Capital Max Securities Ltd,K.B.L. Securities Limited ,500,987.0,493500.0,2025-07-28T12:13:29.161874
2025-07-28,118042,2025072804013494,BPCL,Ashutosh Brokerage & Securities (PVT) Ltd.,K.B.L. Securities Limited ,429,987.0,423423.0,2025-07-28T12:13:29.162
2025-07-28,117990,2025072804013500,BPCL,Ashutosh Brokerage & Securities (PVT) Ltd.,Swarna Laxmi Securities Pvt. Ltd.,30,987.0,29610.0,2025-07-28T12:13:32.517022
2025-07-28,116654,2025072804013866,BPCL,Hatemalo Financial Services Private Limited,Linch Stock Market Ltd.,100,989.0,98900.0,2025-07-28T12:14:58.024137
2025-07-28,116653,2025072804013867,BPCL,Hatemalo Financial Services Private Limited,Naasa Securities Co. Ltd.,39,990.0,38610.0,2025-07-28T12:14:58.024222
2025-07-28,116652,2025072804013868,BPCL,Hatemalo Financial Services Private Limited,Thrive Brokerage House Pvt. Ltd,10,990.0,9900.0,2025-07-28T12:14:58.024253
2025-07-28,116651,2025072804013869,BPCL,Hatemalo Financial Services Private Limited,Nepal Investment And Securities Trading Private Limited,200,990.0,198000.0,2025-07-28T12:14:58.024279
2025-07-28,116650,2025072804013870,BPCL,Hatemalo Financial Services Private Limited,Sumeru Securities Pvt. Ltd.,151,990.0,149490.0,2025-07-28T12:14:58.024303
2025-07-28,116564,2025072804013876,BPCL,Dynamic Money Managers Securities Pvt. Ltd.,South Asian Bulls Pvt. Ltd.,400,987.1,394840.0,2025-07-28T12:15:00.041421
2025-07-28,116563,2025072804013877,BPCL,Ashutosh Brokerage & Securities (PVT) Ltd.,South Asian Bulls Pvt. Ltd.,41,987.0,40467.0,2025-07-28T12:15:00.041797
2025-07-28,116562,2025072804013878,BPCL,Sri Hari Securities Pvt. Ltd.,South Asian Bulls Pvt. Ltd.,10,987.0,9870.0,2025-07-28T12:15:00.041941
2025-07-28,116561,2025072804013879,BPCL,Infinity Securities Limited,South Asian Bulls Pvt. Ltd.,300,987.0,296100.0,2025-07-28T12:15:00.042152
2025-07-28,116560,2025072804013880,BPCL,Shree Krishna Securities Ltd.,South Asian Bulls Pvt. Ltd.,100,986.1,98610.0,2025-07-28T12:15:00.042337
2025-07-28,116559,2025072804013881,BPCL,Hatemalo Financial Services Private Limited,South Asian Bulls Pvt. Ltd.,199,986.1,196233.9,2025-07-28T12:15:00.042494
2025-07-28,115590,2025072804014121,BPCL,Infinity Securities Limited,Naasa Securities Co. Ltd.,400,987.0,394800.0,2025-07-28T12:15:51.812935
2025-07-28,115589,2025072804014122,BPCL,ABC Securities Private Limited,Naasa Securities Co. Ltd.,100,986.2,98620.0,2025-07-28T12:15:51.812992
2025-07-28,115588,2025072804014123,BPCL,Hatemalo Financial Services Private Limited,Naasa Securities Co. Ltd.,500,986.1,493050.0,2025-07-28T12:15:51.813019
2025-07-28,114859,2025072804014332,BPCL,Hatemalo Financial Services Private Limited,Linch Stock Market Ltd.,501,986.1,494036.1,2025-07-28T12:16:27.586994
2025-07-28,114858,2025072804014333,BPCL,Agrawal Securities (PVT) Ltd.,Linch Stock Market Ltd.,479,986.1,472341.9,2025-07-28T12:16:27.587327
2025-07-28,114807,2025072804014344,BPCL,Agrawal Securities (PVT) Ltd.,Opal Securities Investment (PVT) Ltd.,50,986.1,49305.0,2025-07-28T12:16:30.101725
2025-07-28,114658,2025072804014397,BPCL,Agrawal Securities (PVT) Ltd.,Opal Securities Investment (PVT) Ltd.,10,986.1,9861.0,2025-07-28T12:16:37.738345
2025-07-28,114483,2025072804014430,BPCL,SUN SECURITIES PVT LTD,J.F. Securites (PVT) Ltd.,10,987.0,9870.0,2025-07-28T12:16:48.004928
2025-07-28,114274,2025072804014481,BPCL,SUN SECURITIES PVT LTD,Naasa Securities Co. Ltd.,10,986.2,9862.0,2025-07-28T12:17:01.729029
2025-07-28,113779,2025072804014654,BPCL,SHUBHAKAMANA SECURITIES PVT. LTD,Himalayan Securities Limited,100,986.3,98630.0,2025-07-28T12:17:29.715629
2025-07-28,113778,2025072804014655,BPCL,SUN SECURITIES PVT LTD,Himalayan Securities Limited,240,986.2,236688.0,2025-07-28T12:17:29.715959
2025-07-28,113777,2025072804014656,BPCL,Property Wiard Limited,Himalayan Securities Limited,250,986.2,246550.0,2025-07-28T12:17:29.716097
2025-07-28,113776,2025072804014657,BPCL,Agrawal Securities (PVT) Ltd.,Himalayan Securities Limited,6559,986.1,6467829.9,2025-07-28T12:17:29.716224
2025-07-28,113775,2025072804014658,BPCL,Agrawal Securities (PVT) Ltd.,Himalayan Securities Limited,1600,986.1,1577760.0,2025-07-28T12:17:29.71636
2025-07-28,113774,2025072804014659,BPCL,Capital Max Securities Ltd,Himalayan Securities Limited,500,986.0,493000.0,2025-07-28T12:17:29.716494
2025-07-28,113773,2025072804014660,BPCL,Dipshikha Dhitopatra Karobar Co. Pvt Ltd.,Himalayan Securities Limited,50,986.0,49300.0,2025-07-28T12:17:29.716625
2025-07-28,113772,2025072804014661,BPCL,Capital Max Securities Ltd,Himalayan Securities Limited,500,986.0,493000.0,2025-07-28T12:17:29.71679
2025-07-28,113771,2025072804014662,BPCL,Capital Max Securities Ltd,Himalayan Securities Limited,201,986.0,198186.0,2025-07-28T12:17:29.716922
2025-07-28,113692,2025072804014673,BPCL,Capital Max Securities Ltd,Naasa Securities Co. Ltd.,30,986.0,29580.0,2025-07-28T12:17:36.847854
2025-07-28,113426,2025072804014743,BPCL,Capital Max Securities Ltd,Trishakti Securities Public Limited,269,986.0,265234.0,2025-07-28T12:17:52.321355
2025-07-28,113425,2025072804014744,BPCL,Midas Stock Broking Company Private Limited,Trishakti Securities Public Limited,1000,986.0,986000.0,2025-07-28T12:17:52.321395
2025-07-28,113424,2025072804014745,BPCL,Miyo Securities Pvt Ltd,Trishakti Securities Public Limited,431,986.0,424966.0,2025-07-28T12:17:52.321421
2025-07-28,113289,2025072804014800,BPCL,Miyo Securities Pvt Ltd,Siprabi Securities Pvt. Ltd.,50,986.0,49300.0,2025-07-28T12:18:00.168118
2025-07-28,113224,2025072804014807,BPCL,Miyo Securities Pvt Ltd,Online Securities Pvt. Ltd.,19,986.0,18734.0,2025-07-28T12:18:02.107984
2025-07-28,113082,2025072804014840,BPCL,SUN SECURITIES PVT LTD,Online Securities Pvt. Ltd.,35,986.0,34510.0,2025-07-28T12:18:12.562712
2025-07-28,112765,2025072804014947,BPCL,Sani Securities Company Ltd.,Sumeru Securities Pvt. Ltd.,100,985.7,98570.0,2025-07-28T12:18:33.176577
2025-07-28,112764,2025072804014948,BPCL,Citizens Share Broker Limited,Sumeru Securities Pvt. Ltd.,100,985.3,98530.0,2025-07-28T12:18:33.176926
2025-07-28,112763,2025072804014949,BPCL,Prabhu Stock Market Limited,Sumeru Securities Pvt. Ltd.,149,985.1,146779.9,2025-07-28T12:18:33.177067
2025-07-28,112444,2025072804015034,BPCL,Prabhu Stock Market Limited,Naasa Securities Co. Ltd.,51,985.1,50240.1,2025-07-28T12:18:52.289725
2025-07-28,112443,2025072804015035,BPCL,Ashutosh Brokerage & Securities (PVT) Ltd.,Naasa Securities Co. Ltd.,100,985.0,98500.0,2025-07-28T12:18:52.290399
2025-07-28,112442,2025072804015036,BPCL,Dipshikha Dhitopatra Karobar Co. Pvt Ltd.,Naasa Securities Co. Ltd.,100,985.0,98500.0,2025-07-28T12:18:52.290971
2025-07-28,112441,2025072804015037,BPCL,Kohinoor Investment & Securities Pvt. Ltd.,Naasa Securities Co. Ltd.,50,985.0,49250.0,2025-07-28T12:18:52.291536
2025-07-28,112440,2025072804015038,BPCL,Shree Krishna Securities Ltd.,Naasa Securities Co. Ltd.,100,985.0,98500.0,2025-07-28T12:18:52.292108
2025-07-28,112439,2025072804015039,BPCL,Sundhara Securities Limited,Naasa Securities Co. Ltd.,100,985.0,98500.0,2025-07-28T12:18:52.292625
2025-07-28,112438,2025072804015040,BPCL,Sri Hari Securities Pvt. Ltd.,Naasa Securities Co. Ltd.,10,985.0,9850.0,2025-07-28T12:18:52.293068
2025-07-28,112437,2025072804015041,BPCL,KALASH STOCK MARKET PVT. LTD.,Naasa Securities Co. Ltd.,50,985.0,49250.0,2025-07-28T12:18:52.293581
2025-07-28,112436,2025072804015042,BPCL,Agrawal Securities (PVT) Ltd.,Naasa Securities Co. Ltd.,300,985.0,295500.0,2025-07-28T12:18:52.294016
2025-07-28,112248,2025072804015083,BPCL,Vision Securities Pvt. Ltd,Naasa Securities Co. Ltd.,33,984.3,32481.9,2025-07-28T12:19:04.499875
2025-07-28,112247,2025072804015084,BPCL,SUN SECURITIES PVT LTD,Naasa Securities Co. Ltd.,100,984.0,98400.0,2025-07-28T12:19:04.500216
2025-07-28,111718,2025072804015210,BPCL,Sani Securities Company Ltd.,Agrawal Securities (PVT) Ltd.,90,985.0,88650.0,2025-07-28T12:19:30.605305
2025-07-28,111700,2025072804015219,BPCL,Sani Securities Company Ltd.,Investment Management Nepal Pvt. Ltd.,30,985.0,29550.0,2025-07-28T12:19:32.09609
2025-07-28,111661,2025072804015230,BPCL,Sani Securities Company Ltd.,Aryatara Investment & Securities,30,985.0,29550.0,2025-07-28T12:19:35.452529
2025-07-28,110979,2025072804015424,BPCL,Sani Securities Company Ltd.,Dipshikha Dhitopatra Karobar Co. Pvt Ltd.,50,985.0,49250.0,2025-07-28T12:20:13.02947
2025-07-28,110978,2025072804015425,BPCL,SUN SECURITIES PVT LTD,Dipshikha Dhitopatra Karobar Co. Pvt Ltd.,50,985.0,49250.0,2025-07-28T12:20:13.029806
2025-07-28,110904,2025072804015438,BPCL,SUN SECURITIES PVT LTD,Prabhu Stock Market Limited,50,985.0,49250.0,2025-07-28T12:20:17.874385
2025-07-28,110903,2025072804015439,BPCL,Capital Max Securities Ltd,Prabhu Stock Market Limited,450,984.0,442800.0,2025-07-28T12:20:17.874757
2025-07-28,110373,2025072804015604,BPCL,SHUBHAKAMANA SECURITIES PVT. LTD,Opal Securities Investment (PVT) Ltd.,19,984.1,18697.9,2025-07-28T12:20:49.645364
2025-07-28,110168,2025072804015697,BPCL,SHUBHAKAMANA SECURITIES PVT. LTD,Dipshikha Dhitopatra Karobar Co. Pvt Ltd.,31,984.1,30507.1,2025-07-28T12:20:58.978556
2025-07-28,110167,2025072804015698,BPCL,Capital Max Securities Ltd,Dipshikha Dhitopatra Karobar Co. Pvt Ltd.,50,984.0,49200.0,2025-07-28T12:20:58.979198
2025-07-28,109873,2025072804015775,BPCL,Citizens Share Broker Limited,Dakshinkali Investment & Securities Pvt. Ltd.,3,980.0,2940.0,2025-07-28T12:21:17.359617
2025-07-28,109726,2025072804015842,BPCL,Citizens Share Broker Limited,Bhrikuti Stock Broking Co. Pvt. Ltd.,1,980.0,980.0,2025-07-28T12:21:25.693848
2025-07-28,109467,2025072804015920,BPCL,Trishakti Securities Public Limited,Oxford Securities Pvt. Ltd.,50,983.3,49165.0,2025-07-28T12:21:44.460353
2025-07-28,109466,2025072804015921,BPCL,Dipshikha Dhitopatra Karobar Co. Pvt Ltd.,Oxford Securities Pvt. Ltd.,78,983.3,76697.4,2025-07-28T12:21:44.460671
2025-07-28,109287,2025072804015957,BPCL,Dipshikha Dhitopatra Karobar Co. Pvt Ltd.,Vision Securities Pvt. Ltd,122,983.3,119962.6,2025-07-28T12:21:53.387213
2025-07-28,109286,2025072804015958,BPCL,Capital Max Securities Ltd,Vision Securities Pvt. Ltd,188,983.0,184804.0,2025-07-28T12:21:53.387332
2025-07-28,109147,2025072804016006,BPCL,Capital Max Securities Ltd,Siprabi Securities Pvt. Ltd.,30,983.0,29490.0,2025-07-28T12:22:03.019245
2025-07-28,109142,2025072804016009,BPCL,Sewa Securities Pvt. Ltd.,Asian Securities Private Ltd.,200,983.5,196700.0,2025-07-28T12:22:03.616696
2025-07-28,108978,2025072804016040,BPCL,Capital Max Securities Ltd,Indira securities pvt. ltd,282,983.0,277206.0,2025-07-28T12:22:13.619109
2025-07-28,108977,2025072804016041,BPCL,SUN SECURITIES PVT LTD,Indira securities pvt. ltd,38,983.0,37354.0,2025-07-28T12:22:13.619479
2025-07-28,108757,2025072804016134,BPCL,SUN SECURITIES PVT LTD,SHUBHAKAMANA SECURITIES PVT. LTD,62,983.0,60946.0,2025-07-28T12:22:29.133823
2025-07-28,108756,2025072804016135,BPCL,SUN SECURITIES PVT LTD,SHUBHAKAMANA SECURITIES PVT. LTD,250,982.4,245600.0,2025-07-28T12:22:29.134141
2025-07-28,108755,2025072804016136,BPCL,Premier Securities Company Ltd.,SHUBHAKAMANA SECURITIES PVT. LTD,200,982.0,196400.0,2025-07-28T12:22:29.134272
2025-07-28,108754,2025072804016137,BPCL,Shree Krishna Securities Ltd.,SHUBHAKAMANA SECURITIES PVT. LTD,100,982.0,98200.0,2025-07-28T12:22:29.134405
2025-07-28,108753,2025072804016138,BPCL,Thrive Brokerage House Pvt. Ltd,SHUBHAKAMANA SECURITIES PVT. LTD,983,982.0,965306.0,2025-07-28T12:22:29.134543
2025-07-28,108752,2025072804016139,BPCL,Nepal Investment And Securities Trading Private Limited,SHUBHAKAMANA SECURITIES PVT. LTD,400,982.0,392800.0,2025-07-28T12:22:29.134677
2025-07-28,108285,2025072804016255,BPCL,Dipshikha Dhitopatra Karobar Co. Pvt Ltd.,Sani Securities Company Ltd.,116,981.3,113830.8,2025-07-28T12:23:02.876812
2025-07-28,106582,2025072804016738,BPCL,Capital Max Securities Ltd,Oxford Securities Pvt. Ltd.,50,982.0,49100.0,2025-07-28T12:24:57.714829
2025-07-28,106578,2025072804016740,BPCL,Capital Max Securities Ltd,Aryatara Investment & Securities,20,982.0,19640.0,2025-07-28T12:24:58.064204
2025-07-28,106492,2025072804016747,BPCL,Capital Max Securities Ltd,Asian Securities Private Ltd.,100,982.0,98200.0,2025-07-28T12:25:02.776868
2025-07-28,106337,2025072804016796,BPCL,Capital Max Securities Ltd,Trishakti Securities Public Limited,102,982.0,100164.0,2025-07-28T12:25:13.429048
2025-07-28,106195,2025072804016835,BPCL,Capital Max Securities Ltd,Trishakti Securities Public Limited,165,982.0,162030.0,2025-07-28T12:25:25.626768
2025-07-28,106000,2025072804016878,BPCL,Nagarik Stock Dealer ,Sani Securities Company Ltd.,200,983.0,196600.0,2025-07-28T12:25:41.789614
2025-07-28,105633,2025072804016986,BPCL,Capital Max Securities Ltd,Online Securities Pvt. Ltd.,63,982.0,61866.0,2025-07-28T12:26:09.861795
2025-07-28,105632,2025072804016987,BPCL,SUN SECURITIES PVT LTD,Online Securities Pvt. Ltd.,37,982.0,36334.0,2025-07-28T12:26:09.862118
2025-07-28,105460,2025072804017033,BPCL,SUN SECURITIES PVT LTD,Siprabi Securities Pvt. Ltd.,30,982.0,29460.0,2025-07-28T12:26:24.744126
2025-07-28,104377,2025072804017299,BPCL,Sani Securities Company Ltd.,Deevyaa Securities & Stock House Pvt. Ltd,100,983.0,98300.0,2025-07-28T12:27:44.018341
2025-07-28,104011,2025072804017395,BPCL,SUN SECURITIES PVT LTD,Nepal Stock House (PVT) Ltd.,30,982.0,29460.0,2025-07-28T12:28:08.312868
2025-07-28,103988,2025072804017402,BPCL,S.P.S.A. Securities Limited,Imperial Securities Company Pvt. Ltd.,200,982.0,196400.0,2025-07-28T12:28:10.837936
2025-07-28,103877,2025072804017431,BPCL,S.P.S.A. Securities Limited,Agrawal Securities (PVT) Ltd.,30,982.0,29460.0,2025-07-28T12:28:18.929503
2025-07-28,103474,2025072804017521,BPCL,S.P.S.A. Securities Limited,Dynamic Money Managers Securities Pvt. Ltd.,633,982.0,621606.0,2025-07-28T12:28:47.937884
2025-07-28,103197,2025072804017587,BPCL,S.P.S.A. Securities Limited,Nepal Stock House (PVT) Ltd.,25,982.0,24550.0,2025-07-28T12:29:07.004264
2025-07-28,103008,2025072804017618,BPCL,Naasa Securities Co. Ltd.,Deevyaa Securities & Stock House Pvt. Ltd,246,983.0,241818.0,2025-07-28T12:29:17.622149
2025-07-28,102922,2025072804017646,BPCL,S.P.S.A. Securities Limited,Shree Krishna Securities Ltd.,15,982.0,14730.0,2025-07-28T12:29:23.622395
2025-07-28,102917,2025072804017648,BPCL,Dipshikha Dhitopatra Karobar Co. Pvt Ltd.,Deevyaa Securities & Stock House Pvt. Ltd,58,983.0,57014.0,2025-07-28T12:29:23.88237
2025-07-28,102916,2025072804017649,BPCL,Dipshikha Dhitopatra Karobar Co. Pvt Ltd.,Asian Securities Private Ltd.,100,983.0,98300.0,2025-07-28T12:29:23.88293
2025-07-28,102915,2025072804017650,BPCL,Dipshikha Dhitopatra Karobar Co. Pvt Ltd.,Dipshikha Dhitopatra Karobar Co. Pvt Ltd.,116,983.0,114028.0,2025-07-28T12:29:23.883292
2025-07-28,102660,2025072804017708,BPCL,Dipshikha Dhitopatra Karobar Co. Pvt Ltd.,Sani Securities Company Ltd.,11,983.0,10813.0,2025-07-28T12:29:44.592994
2025-07-28,102573,2025072804017717,BPCL,Dipshikha Dhitopatra Karobar Co. Pvt Ltd.,Asian Securities Private Ltd.,384,983.5,377664.0,2025-07-28T12:29:51.051714
2025-07-28,102448,2025072804017738,BPCL,S.P.S.A. Securities Limited,Asian Securities Private Ltd.,97,983.5,95399.5,2025-07-28T12:29:59.682688
2025-07-28,102110,2025072804017813,BPCL,Arun Securities (PVT) Ltd.,Asian Securities Private Ltd.,50,983.5,49175.0,2025-07-28T12:30:27.781066
2025-07-28,102006,2025072804017842,BPCL,S.P.S.A. Securities Limited,Siprabi Securities Pvt. Ltd.,30,983.1,29493.0,2025-07-28T12:30:37.97478
2025-07-28,101999,2025072804017844,BPCL,Agrawal Securities (PVT) Ltd.,Asian Securities Private Ltd.,269,983.5,264561.5,2025-07-28T12:30:38.670899
2025-07-28,101015,2025072804018056,BPCL,Agrawal Securities (PVT) Ltd.,Online Securities Pvt. Ltd.,150,983.5,147525.0,2025-07-28T12:32:01.825856
2025-07-28,100492,2025072804018178,BPCL,Agrawal Securities (PVT) Ltd.,Imperial Securities Company Pvt. Ltd.,81,983.5,79663.5,2025-07-28T12:32:45.516907
2025-07-28,100491,2025072804018179,BPCL,S.P.S.A. Securities Limited,Imperial Securities Company Pvt. Ltd.,419,983.1,411918.9,2025-07-28T12:32:45.517538
2025-07-28,100158,2025072804018235,BPCL,S.P.S.A. Securities Limited,Siprabi Securities Pvt. Ltd.,30,983.1,29493.0,2025-07-28T12:33:12.509399
2025-07-28,100119,2025072804018245,BPCL,S.P.S.A. Securities Limited,Linch Stock Market Ltd.,50,983.1,49155.0,2025-07-28T12:33:16.811969
2025-07-28,99917,2025072804018288,BPCL,Agrawal Securities (PVT) Ltd.,Trademow Securities Private Limited,200,983.2,196640.0,2025-07-28T12:33:32.626412
2025-07-28,99335,2025072804018432,BPCL,Agrawal Securities (PVT) Ltd.,Imperial Securities Company Pvt. Ltd.,25,983.2,24580.0,2025-07-28T12:34:21.682939
2025-07-28,99146,2025072804018483,BPCL,Agrawal Securities (PVT) Ltd.,J.F. Securites (PVT) Ltd.,46,983.2,45227.2,2025-07-28T12:34:36.782453
2025-07-28,99097,2025072804018497,BPCL,Agrawal Securities (PVT) Ltd.,Nepal Stock House (PVT) Ltd.,73,983.2,71773.6,2025-07-28T12:34:41.119063
2025-07-28,97938,2025072804018730,BPCL,S.P.S.A. Securities Limited,Siprabi Securities Pvt. Ltd.,30,983.5,29505.0,2025-07-28T12:36:06.187483
2025-07-28,97573,2025072804018816,BPCL,Agrawal Securities (PVT) Ltd.,Roadshow securities limited,10,983.4,9834.0,2025-07-28T12:36:37.841817
2025-07-28,97104,2025072804018898,BPCL,Agrawal Securities (PVT) Ltd.,Siprabi Securities Pvt. Ltd.,146,983.4,143576.4,2025-07-28T12:37:13.664708
2025-07-28,97103,2025072804018899,BPCL,Agrawal Securities (PVT) Ltd.,Siprabi Securities Pvt. Ltd.,104,983.4,102273.6,2025-07-28T12:37:13.66508
2025-07-28,96818,2025072804018976,BPCL,Agrawal Securities (PVT) Ltd.,Nepal Investment And Securities Trading Private Limited,96,983.4,94406.4,2025-07-28T12:37:38.521699
2025-07-28,96249,2025072804019067,BPCL,S.P.S.A. Securities Limited,Imperial Securities Company Pvt. Ltd.,350,983.1,344085.0,2025-07-28T12:38:25.062421
2025-07-28,96019,2025072804019114,BPCL,S.P.S.A. Securities Limited,Nagarik Stock Dealer ,50,983.1,49155.0,2025-07-28T12:38:48.477546
2025-07-28,95825,2025072804019167,BPCL,S.P.S.A. Securities Limited,Linch Stock Market Ltd.,41,983.1,40307.1,2025-07-28T12:39:02.690067
2025-07-28,95824,2025072804019168,BPCL,Dipshikha Dhitopatra Karobar Co. Pvt Ltd.,Linch Stock Market Ltd.,59,983.0,57997.0,2025-07-28T12:39:02.690417
2025-07-28,95686,2025072804019194,BPCL,Prabhu Stock Market Limited,Nepal Investment And Securities Trading Private Limited,14,983.4,13767.6,2025-07-28T12:39:11.703943
2025-07-28,95685,2025072804019195,BPCL,Prabhu Stock Market Limited,Dipshikha Dhitopatra Karobar Co. Pvt Ltd.,20,984.0,19680.0,2025-07-28T12:39:11.704278
2025-07-28,95684,2025072804019196,BPCL,Prabhu Stock Market Limited,Agrawal Securities (PVT) Ltd.,15,984.0,14760.0,2025-07-28T12:39:11.704469
2025-07-28,95683,2025072804019197,BPCL,Prabhu Stock Market Limited,Sani Securities Company Ltd.,500,984.0,492000.0,2025-07-28T12:39:11.704646
2025-07-28,95682,2025072804019198,BPCL,Prabhu Stock Market Limited,Sani Securities Company Ltd.,12,984.0,11808.0,2025-07-28T12:39:11.70481
2025-07-28,95681,2025072804019199,BPCL,Prabhu Stock Market Limited,Shree Krishna Securities Ltd.,58,984.9,57124.2,2025-07-28T12:39:11.704986
2025-07-28,95680,2025072804019200,BPCL,Prabhu Stock Market Limited,Linch Stock Market Ltd.,300,985.0,295500.0,2025-07-28T12:39:11.70513
2025-07-28,95679,2025072804019201,BPCL,Prabhu Stock Market Limited,Sundhara Securities Limited,10,985.0,9850.0,2025-07-28T12:39:11.705279
2025-07-28,95678,2025072804019202,BPCL,Prabhu Stock Market Limited,Agrawal Securities (PVT) Ltd.,71,985.0,69935.0,2025-07-28T12:39:11.705449
2025-07-28,95440,2025072804019258,BPCL,Dipshikha Dhitopatra Karobar Co. Pvt Ltd.,Asian Securities Private Ltd.,156,983.0,153348.0,2025-07-28T12:39:27.274974
2025-07-28,95439,2025072804019259,BPCL,Magnet Securities and Investment Company Private Limited,Asian Securities Private Ltd.,444,983.0,436452.0,2025-07-28T12:39:27.275052
2025-07-28,95076,2025072804019370,BPCL,Prabhu Stock Market Limited,Agrawal Securities (PVT) Ltd.,79,985.0,77815.0,2025-07-28T12:39:51.779576
2025-07-28,95075,2025072804019371,BPCL,Prabhu Stock Market Limited,Dakshinkali Investment & Securities Pvt. Ltd.,30,985.0,29550.0,2025-07-28T12:39:51.779927
2025-07-28,95074,2025072804019372,BPCL,Prabhu Stock Market Limited,Sani Securities Company Ltd.,50,985.0,49250.0,2025-07-28T12:39:51.780077
2025-07-28,95073,2025072804019373,BPCL,Prabhu Stock Market Limited,Investment Management Nepal Pvt. Ltd.,100,985.0,98500.0,2025-07-28T12:39:51.78022
2025-07-28,95072,2025072804019374,BPCL,Prabhu Stock Market Limited,Investment Management Nepal Pvt. Ltd.,100,985.0,98500.0,2025-07-28T12:39:51.780386
2025-07-28,94092,2025072804019599,BPCL,Aryatara Investment & Securities,Siprabi Securities Pvt. Ltd.,20,985.3,19706.0,2025-07-28T12:40:47.312201
2025-07-28,93340,2025072804019799,BPCL,Infinity Securities Limited,Nepal Stock House (PVT) Ltd.,25,985.5,24637.5,2025-07-28T12:41:24.716519
2025-07-28,93339,2025072804019800,BPCL,Infinity Securities Limited,Kohinoor Investment & Securities Pvt. Ltd.,280,986.0,276080.0,2025-07-28T12:41:24.71688
2025-07-28,93338,2025072804019801,BPCL,Infinity Securities Limited,Malla & Malla Stock Broking Company Pvt. Limited,60,986.0,59160.0,2025-07-28T12:41:24.717044
2025-07-28,92665,2025072804019984,BPCL,BHOLE GANESH SECURITIES LTD,Secured Securities Ltd.,100,988.0,98800.0,2025-07-28T12:41:53.547516
2025-07-28,92664,2025072804019985,BPCL,BHOLE GANESH SECURITIES LTD,Sri Hari Securities Pvt. Ltd.,1641,989.9,1624425.9,2025-07-28T12:41:53.547907
2025-07-28,92663,2025072804019986,BPCL,BHOLE GANESH SECURITIES LTD,Sri Hari Securities Pvt. Ltd.,1259,989.9,1246284.1,2025-07-28T12:41:53.548048
2025-07-28,91482,2025072804020280,BPCL,Infinity Securities Limited,SHUBHAKAMANA SECURITIES PVT. LTD,200,988.0,197600.0,2025-07-28T12:43:00.306883
2025-07-28,91467,2025072804020287,BPCL,Infinity Securities Limited,Miyo Securities Pvt Ltd,100,988.0,98800.0,2025-07-28T12:43:02.373854
2025-07-28,91147,2025072804020351,BPCL,Arun Securities (PVT) Ltd.,Sri Hari Securities Pvt. Ltd.,296,989.9,293010.4,2025-07-28T12:43:21.067734
2025-07-28,91146,2025072804020352,BPCL,Arun Securities (PVT) Ltd.,Online Securities Pvt. Ltd.,100,990.0,99000.0,2025-07-28T12:43:21.068089
2025-07-28,91145,2025072804020353,BPCL,Arun Securities (PVT) Ltd.,Online Securities Pvt. Ltd.,16,990.0,15840.0,2025-07-28T12:43:21.068256
2025-07-28,91144,2025072804020354,BPCL,Arun Securities (PVT) Ltd.,Aryatara Investment & Securities,10,990.0,9900.0,2025-07-28T12:43:21.06842
2025-07-28,91143,2025072804020355,BPCL,Arun Securities (PVT) Ltd.,Miyo Securities Pvt Ltd,78,990.0,77220.0,2025-07-28T12:43:21.068573
2025-07-28,90984,2025072804020379,BPCL,SHUBHAKAMANA SECURITIES PVT. LTD,Miyo Securities Pvt Ltd,243,990.0,240570.0,2025-07-28T12:43:30.22185
2025-07-28,90983,2025072804020380,BPCL,SHUBHAKAMANA SECURITIES PVT. LTD,Aryatara Investment & Securities,10,990.0,9900.0,2025-07-28T12:43:30.221912
2025-07-28,90982,2025072804020381,BPCL,SHUBHAKAMANA SECURITIES PVT. LTD,Siprabi Securities Pvt. Ltd.,30,990.0,29700.0,2025-07-28T12:43:30.221942
2025-07-28,90981,2025072804020382,BPCL,SHUBHAKAMANA SECURITIES PVT. LTD,ABC Securities Private Limited,217,990.0,214830.0,2025-07-28T12:43:30.221971
2025-07-28,90955,2025072804020396,BPCL,Infinity Securities Limited,ABC Securities Private Limited,14,990.0,13860.0,2025-07-28T12:43:33.270987
2025-07-28,90954,2025072804020397,BPCL,Infinity Securities Limited,Online Securities Pvt. Ltd.,60,990.0,59400.0,2025-07-28T12:43:33.27159
2025-07-28,90953,2025072804020398,BPCL,Infinity Securities Limited,Aryatara Investment & Securities,62,990.0,61380.0,2025-07-28T12:43:33.272002
2025-07-28,90952,2025072804020399,BPCL,Infinity Securities Limited,Trishakti Securities Public Limited,249,990.0,246510.0,2025-07-28T12:43:33.272446
2025-07-28,90900,2025072804020411,BPCL,South Asian Bulls Pvt. Ltd.,Trishakti Securities Public Limited,30,990.0,29700.0,2025-07-28T12:43:35.832469
2025-07-28,90885,2025072804020413,BPCL,Roadshow securities limited,Trishakti Securities Public Limited,39,990.0,38610.0,2025-07-28T12:43:37.396613
2025-07-28,90884,2025072804020414,BPCL,Roadshow securities limited,Neev Securities Pvt. Ltd.,100,990.0,99000.0,2025-07-28T12:43:37.396971
2025-07-28,90883,2025072804020415,BPCL,Roadshow securities limited,Agrawal Securities (PVT) Ltd.,60,990.0,59400.0,2025-07-28T12:43:37.397163
2025-07-28,90511,2025072804020499,BPCL,J.F. Securites (PVT) Ltd.,South Asian Bulls Pvt. Ltd.,10,992.0,9920.0,2025-07-28T12:44:02.233158
2025-07-28,90510,2025072804020500,BPCL,J.F. Securites (PVT) Ltd.,Nabil Stock Dealer Ltd.,990,992.0,982080.0,2025-07-28T12:44:02.233484
2025-07-28,90450,2025072804020512,BPCL,Hatemalo Financial Services Private Limited,Nabil Stock Dealer Ltd.,19,992.0,18848.0,2025-07-28T12:44:06.984562
2025-07-28,90064,2025072804020627,BPCL,Hatemalo Financial Services Private Limited,K.B.L. Securities Limited ,250,992.0,248000.0,2025-07-28T12:44:40.959213
2025-07-28,89796,2025072804020687,BPCL,Capital Max Securities Ltd,South Asian Bulls Pvt. Ltd.,10,994.0,9940.0,2025-07-28T12:45:02.574908
2025-07-28,89795,2025072804020688,BPCL,Capital Max Securities Ltd,Primo Securities (PVT) Ltd.,100,994.0,99400.0,2025-07-28T12:45:02.575034
2025-07-28,89794,2025072804020689,BPCL,Capital Max Securities Ltd,Agrawal Securities (PVT) Ltd.,890,994.0,884660.0,2025-07-28T12:45:02.575114
2025-07-28,89448,2025072804020810,BPCL,South Asian Bulls Pvt. Ltd.,Siprabi Securities Pvt. Ltd.,30,992.1,29763.0,2025-07-28T12:45:24.947775
2025-07-28,89279,2025072804020851,BPCL,Sumeru Securities Pvt. Ltd.,Agrawal Securities (PVT) Ltd.,50,994.0,49700.0,2025-07-28T12:45:34.291804
2025-07-28,89272,2025072804020854,BPCL,Agrawal Securities (PVT) Ltd.,Agrawal Securities (PVT) Ltd.,50,994.0,49700.0,2025-07-28T12:45:35.555557
2025-07-28,88986,2025072804020919,BPCL,Hatemalo Financial Services Private Limited,SUN SECURITIES PVT LTD,200,992.0,198400.0,2025-07-28T12:46:00.344885
2025-07-28,88327,2025072804021070,BPCL,ABC Securities Private Limited,Agrawal Securities (PVT) Ltd.,10,994.0,9940.0,2025-07-28T12:46:49.866544
2025-07-28,88326,2025072804021071,BPCL,ABC Securities Private Limited,Agrawal Securities (PVT) Ltd.,310,994.0,308140.0,2025-07-28T12:46:49.86686
2025-07-28,88171,2025072804021110,BPCL,ABC Securities Private Limited,Agrawal Securities (PVT) Ltd.,400,994.0,397600.0,2025-07-28T12:47:05.108413
2025-07-28,88111,2025072804021136,BPCL,Agrawal Securities (PVT) Ltd.,Agrawal Securities (PVT) Ltd.,200,994.0,198800.0,2025-07-28T12:47:13.817463
2025-07-28,88011,2025072804021174,BPCL,Linch Stock Market Ltd.,Midas Stock Broking Company Private Limited,36,992.5,35730.0,2025-07-28T12:47:23.309234
2025-07-28,87940,2025072804021200,BPCL,Linch Stock Market Ltd.,Nepal Stock House (PVT) Ltd.,100,992.5,99250.0,2025-07-28T12:47:28.868702
2025-07-28,87865,2025072804021226,BPCL,S.P.S.A. Securities Limited,Agrawal Securities (PVT) Ltd.,90,994.0,89460.0,2025-07-28T12:47:36.028652
2025-07-28,87864,2025072804021227,BPCL,S.P.S.A. Securities Limited,Online Securities Pvt. Ltd.,10,995.0,9950.0,2025-07-28T12:47:36.028711
2025-07-28,87765,2025072804021255,BPCL,Dipshikha Dhitopatra Karobar Co. Pvt Ltd.,Deevyaa Securities & Stock House Pvt. Ltd,150,995.0,149250.0,2025-07-28T12:47:48.82384
2025-07-28,87764,2025072804021256,BPCL,Dipshikha Dhitopatra Karobar Co. Pvt Ltd.,Online Securities Pvt. Ltd.,15,995.0,14925.0,2025-07-28T12:47:48.823894
2025-07-28,87763,2025072804021257,BPCL,Dipshikha Dhitopatra Karobar Co. Pvt Ltd.,Online Securities Pvt. Ltd.,35,995.0,34825.0,2025-07-28T12:47:48.823933
2025-07-28,87493,2025072804021350,BPCL,Linch Stock Market Ltd.,Siprabi Securities Pvt. Ltd.,30,992.5,29775.0,2025-07-28T12:48:17.921918
2025-07-28,87131,2025072804021433,BPCL,Linch Stock Market Ltd.,Trishakti Securities Public Limited,20,992.5,19850.0,2025-07-28T12:48:55.984598
2025-07-28,87065,2025072804021454,BPCL,K.B.L. Securities Limited ,Secured Securities Ltd.,1,980.0,980.0,2025-07-28T12:49:03.856543
2025-07-28,87064,2025072804021455,BPCL,Online Securities Pvt. Ltd.,Online Securities Pvt. Ltd.,23,995.0,22885.0,2025-07-28T12:49:03.998345
2025-07-28,87063,2025072804021456,BPCL,Online Securities Pvt. Ltd.,Dynamic Money Managers Securities Pvt. Ltd.,116,995.0,115420.0,2025-07-28T12:49:03.999019
2025-07-28,87062,2025072804021457,BPCL,Online Securities Pvt. Ltd.,Agrawal Securities (PVT) Ltd.,10,995.0,9950.0,2025-07-28T12:49:03.999446
2025-07-28,87061,2025072804021458,BPCL,Online Securities Pvt. Ltd.,South Asian Bulls Pvt. Ltd.,10,997.0,9970.0,2025-07-28T12:49:03.999839
2025-07-28,87060,2025072804021459,BPCL,Online Securities Pvt. Ltd.,Vision Securities Pvt. Ltd,391,997.0,389827.0,2025-07-28T12:49:04.000238
2025-07-28,87059,2025072804021460,BPCL,Online Securities Pvt. Ltd.,Sweta Securities Private Limited,10,997.8,9978.0,2025-07-28T12:49:04.000636
2025-07-28,87058,2025072804021461,BPCL,Online Securities Pvt. Ltd.,Oxford Securities Pvt. Ltd.,128,998.0,127744.0,2025-07-28T12:49:04.001074
2025-07-28,87057,2025072804021462,BPCL,Online Securities Pvt. Ltd.,Naasa Securities Co. Ltd.,15,998.0,14970.0,2025-07-28T12:49:04.001496
2025-07-28,87056,2025072804021463,BPCL,Online Securities Pvt. Ltd.,Sani Securities Company Ltd.,78,998.0,77844.0,2025-07-28T12:49:04.00189
2025-07-28,87055,2025072804021464,BPCL,Online Securities Pvt. Ltd.,SUN SECURITIES PVT LTD,219,999.0,218781.0,2025-07-28T12:49:04.0023
2025-07-28,86797,2025072804021521,BPCL,Dipshikha Dhitopatra Karobar Co. Pvt Ltd.,Neev Securities Pvt. Ltd.,100,995.0,99500.0,2025-07-28T12:49:30.344135
2025-07-28,86565,2025072804021570,BPCL,Sri Hari Securities Pvt. Ltd.,Sweta Securities Private Limited,50,998.9,49945.0,2025-07-28T12:49:50.015031
2025-07-28,86564,2025072804021571,BPCL,Sri Hari Securities Pvt. Ltd.,SUN SECURITIES PVT LTD,751,999.0,750249.0,2025-07-28T12:49:50.015091
2025-07-28,86563,2025072804021572,BPCL,Sri Hari Securities Pvt. Ltd.,Siprabi Securities Pvt. Ltd.,50,999.0,49950.0,2025-07-28T12:49:50.01512
2025-07-28,86562,2025072804021573,BPCL,Sri Hari Securities Pvt. Ltd.,Naasa Securities Co. Ltd.,20,999.0,19980.0,2025-07-28T12:49:50.01515
2025-07-28,86561,2025072804021574,BPCL,Sri Hari Securities Pvt. Ltd.,Kalika Securities Pvt. Ltd.,261,999.0,260739.0,2025-07-28T12:49:50.015182
2025-07-28,86560,2025072804021575,BPCL,Sri Hari Securities Pvt. Ltd.,Sri Hari Securities Pvt. Ltd.,868,999.9,867913.2,2025-07-28T12:49:50.015219
2025-07-28,86545,2025072804021577,BPCL,Online Securities Pvt. Ltd.,Sri Hari Securities Pvt. Ltd.,132,999.9,131986.8,2025-07-28T12:49:52.165124
2025-07-28,86544,2025072804021578,BPCL,Online Securities Pvt. Ltd.,Midas Stock Broking Company Private Limited,46,1000.0,46000.0,2025-07-28T12:49:52.165901
2025-07-28,86543,2025072804021579,BPCL,Online Securities Pvt. Ltd.,Trisul Securities & Invt. Ltd.,100,1000.0,100000.0,2025-07-28T12:49:52.166346
2025-07-28,86542,2025072804021580,BPCL,Online Securities Pvt. Ltd.,Imperial Securities Company Pvt. Ltd.,10,1000.0,10000.0,2025-07-28T12:49:52.166756
2025-07-28,86541,2025072804021581,BPCL,Online Securities Pvt. Ltd.,ABC Securities Private Limited,30,1000.0,30000.0,2025-07-28T12:49:52.167149
2025-07-28,86540,2025072804021582,BPCL,Online Securities Pvt. Ltd.,Vision Securities Pvt. Ltd,38,1000.0,38000.0,2025-07-28T12:49:52.167562
2025-07-28,86539,2025072804021583,BPCL,Online Securities Pvt. Ltd.,Aryatara Investment & Securities,46,1000.0,46000.0,2025-07-28T12:49:52.167948
2025-07-28,86538,2025072804021584,BPCL,Online Securities Pvt. Ltd.,NIMB Stock Markets Limited,500,1000.0,500000.0,2025-07-28T12:49:52.16835
2025-07-28,86537,2025072804021585,BPCL,Online Securities Pvt. Ltd.,Imperial Securities Company Pvt. Ltd.,100,1000.0,100000.0,2025-07-28T12:49:52.168739
2025-07-28,86536,2025072804021586,BPCL,Online Securities Pvt. Ltd.,Miyo Securities Pvt Ltd,321,1000.0,321000.0,2025-07-28T12:49:52.16912
2025-07-28,86535,2025072804021587,BPCL,Online Securities Pvt. Ltd.,Trishakti Securities Public Limited,53,1000.0,53000.0,2025-07-28T12:49:52.169565
2025-07-28,86534,2025072804021588,BPCL,Online Securities Pvt. Ltd.,Naasa Securities Co. Ltd.,41,1000.0,41000.0,2025-07-28T12:49:52.169957
2025-07-28,86533,2025072804021589,BPCL,Online Securities Pvt. Ltd.,Oxford Securities Pvt. Ltd.,20,1000.0,20000.0,2025-07-28T12:49:52.170286
2025-07-28,86532,2025072804021590,BPCL,Online Securities Pvt. Ltd.,Midas Stock Broking Company Private Limited,25,1000.0,25000.0,2025-07-28T12:49:52.170428
2025-07-28,86531,2025072804021591,BPCL,Online Securities Pvt. Ltd.,Naasa Securities Co. Ltd.,55,1000.0,55000.0,2025-07-28T12:49:52.170572
2025-07-28,86530,2025072804021592,BPCL,Online Securities Pvt. Ltd.,Trisul Securities & Invt. Ltd.,20,1000.0,20000.0,2025-07-28T12:49:52.170777
2025-07-28,86529,2025072804021593,BPCL,Online Securities Pvt. Ltd.,Nepal Investment And Securities Trading Private Limited,20,1000.0,20000.0,2025-07-28T12:49:52.170932
2025-07-28,86528,2025072804021594,BPCL,Online Securities Pvt. Ltd.,Naasa Securities Co. Ltd.,40,1000.0,40000.0,2025-07-28T12:49:52.171089
2025-07-28,86527,2025072804021595,BPCL,Online Securities Pvt. Ltd.,Miyo Securities Pvt Ltd,100,1000.0,100000.0,2025-07-28T12:49:52.17124
2025-07-28,86526,2025072804021596,BPCL,Online Securities Pvt. Ltd.,Sundhara Securities Limited,66,1000.0,66000.0,2025-07-28T12:49:52.171383
2025-07-28,86525,2025072804021597,BPCL,Online Securities Pvt. Ltd.,Aryatara Investment & Securities,25,1000.0,25000.0,2025-07-28T12:49:52.171533
2025-07-28,86524,2025072804021598,BPCL,Online Securities Pvt. Ltd.,Neev Securities Pvt. Ltd.,100,1000.0,100000.0,2025-07-28T12:49:52.171694
2025-07-28,86523,2025072804021599,BPCL,Online Securities Pvt. Ltd.,Naasa Securities Co. Ltd.,10,1000.0,10000.0,2025-07-28T12:49:52.171837
2025-07-28,86522,2025072804021600,BPCL,Online Securities Pvt. Ltd.,Naasa Securities Co. Ltd.,102,1000.0,102000.0,2025-07-28T12:49:52.171986
2025-07-28,85514,2025072804021911,BPCL,SUN SECURITIES PVT LTD,Secured Securities Ltd.,1,982.0,982.0,2025-07-28T12:51:49.930984
2025-07-28,85367,2025072804021945,BPCL,SUN SECURITIES PVT LTD,Secured Securities Ltd.,1,983.0,983.0,2025-07-28T12:52:03.670613
2025-07-28,85353,2025072804021950,BPCL,Deevyaa Securities & Stock House Pvt. Ltd,Sweta Securities Private Limited,100,996.0,99600.0,2025-07-28T12:52:04.88354
2025-07-28,85247,2025072804021972,BPCL,Deevyaa Securities & Stock House Pvt. Ltd,Nepal Stock House (PVT) Ltd.,110,996.0,109560.0,2025-07-28T12:52:17.040731
2025-07-28,85243,2025072804021973,BPCL,Sri Hari Securities Pvt. Ltd.,Trademow Securities Private Limited,50,997.0,49850.0,2025-07-28T12:52:17.694072
2025-07-28,85242,2025072804021974,BPCL,Sri Hari Securities Pvt. Ltd.,Dipshikha Dhitopatra Karobar Co. Pvt Ltd.,200,998.0,199600.0,2025-07-28T12:52:17.694118
2025-07-28,85241,2025072804021975,BPCL,Sri Hari Securities Pvt. Ltd.,Infinity Securities Limited,270,999.9,269973.0,2025-07-28T12:52:17.694149
2025-07-28,85240,2025072804021976,BPCL,Sri Hari Securities Pvt. Ltd.,SUN SECURITIES PVT LTD,480,999.9,479952.0,2025-07-28T12:52:17.694176
2025-07-28,85169,2025072804021996,BPCL,Deevyaa Securities & Stock House Pvt. Ltd,Linch Stock Market Ltd.,40,996.0,39840.0,2025-07-28T12:52:26.818905
2025-07-28,85168,2025072804021997,BPCL,Cristal Kanchanjanga Securites Pvt. Ltd.,Linch Stock Market Ltd.,120,995.0,119400.0,2025-07-28T12:52:26.819214
2025-07-28,85167,2025072804021998,BPCL,South Asian Bulls Pvt. Ltd.,Linch Stock Market Ltd.,100,995.0,99500.0,2025-07-28T12:52:26.819354
2025-07-28,85166,2025072804021999,BPCL,SHUBHAKAMANA SECURITIES PVT. LTD,Linch Stock Market Ltd.,500,994.1,497050.0,2025-07-28T12:52:26.819513
2025-07-28,85165,2025072804022000,BPCL,Neev Securities Pvt. Ltd.,Linch Stock Market Ltd.,240,994.0,238560.0,2025-07-28T12:52:26.819638
2025-07-28,84980,2025072804022051,BPCL,Market Securities & Exchange (PVT) Ltd.,ABC Securities Private Limited,46,996.1,45820.6,2025-07-28T12:52:48.307133
2025-07-28,84841,2025072804022095,BPCL,Market Securities & Exchange (PVT) Ltd.,Sundhara Securities Limited,15,996.1,14941.5,2025-07-28T12:52:58.954564
2025-07-28,84836,2025072804022096,BPCL,Market Securities & Exchange (PVT) Ltd.,SUN SECURITIES PVT LTD,50,996.1,49805.0,2025-07-28T12:52:59.252421
2025-07-28,84819,2025072804022103,BPCL,Market Securities & Exchange (PVT) Ltd.,Trishakti Securities Public Limited,389,996.1,387482.9,2025-07-28T12:53:00.363111
2025-07-28,84818,2025072804022104,BPCL,Neev Securities Pvt. Ltd.,Trishakti Securities Public Limited,160,994.0,159040.0,2025-07-28T12:53:00.363169
2025-07-28,84817,2025072804022105,BPCL,SHUBHAKAMANA SECURITIES PVT. LTD,Trishakti Securities Public Limited,20,994.0,19880.0,2025-07-28T12:53:00.363217
2025-07-28,84816,2025072804022106,BPCL,Linch Stock Market Ltd.,Trishakti Securities Public Limited,44,992.5,43670.0,2025-07-28T12:53:00.363246
2025-07-28,84815,2025072804022107,BPCL,Hatemalo Financial Services Private Limited,Trishakti Securities Public Limited,31,992.0,30752.0,2025-07-28T12:53:00.363299
2025-07-28,84814,2025072804022108,BPCL,Sani Securities Company Ltd.,Trishakti Securities Public Limited,500,992.0,496000.0,2025-07-28T12:53:00.363357
2025-07-28,84813,2025072804022109,BPCL,Sani Securities Company Ltd.,Trishakti Securities Public Limited,500,992.0,496000.0,2025-07-28T12:53:00.363384
2025-07-28,84812,2025072804022110,BPCL,NIMB Stock Markets Limited,Trishakti Securities Public Limited,3356,992.0,3329152.0,2025-07-28T12:53:00.363412
2025-07-28,84357,2025072804022193,BPCL,NIMB Stock Markets Limited,K.B.L. Securities Limited ,75,992.0,74400.0,2025-07-28T12:53:39.995558
2025-07-28,84281,2025072804022223,BPCL,NIMB Stock Markets Limited,Midas Stock Broking Company Private Limited,15,992.0,14880.0,2025-07-28T12:53:47.879468
2025-07-28,84186,2025072804022260,BPCL,NIMB Stock Markets Limited,Malla & Malla Stock Broking Company Pvt. Limited,500,992.0,496000.0,2025-07-28T12:53:54.253143
2025-07-28,84181,2025072804022265,BPCL,NIMB Stock Markets Limited,Dipshikha Dhitopatra Karobar Co. Pvt Ltd.,154,992.0,152768.0,2025-07-28T12:53:54.513107
2025-07-28,84097,2025072804022295,BPCL,SUN SECURITIES PVT LTD,Vision Securities Pvt. Ltd,3,982.0,2946.0,2025-07-28T12:54:01.870867
2025-07-28,83789,2025072804022410,BPCL,Secured Securities Ltd.,Aryatara Investment & Securities,100,990.0,99000.0,2025-07-28T12:54:22.73862
2025-07-28,83788,2025072804022411,BPCL,Property Wiard Limited,Aryatara Investment & Securities,400,990.0,396000.0,2025-07-28T12:54:22.738981
2025-07-28,83735,2025072804022421,BPCL,Property Wiard Limited,Deevyaa Securities & Stock House Pvt. Ltd,100,990.0,99000.0,2025-07-28T12:54:26.238214
2025-07-28,83734,2025072804022422,BPCL,Secured Securities Ltd.,Deevyaa Securities & Stock House Pvt. Ltd,150,990.0,148500.0,2025-07-28T12:54:26.238528
2025-07-28,83733,2025072804022423,BPCL,Agrawal Securities (PVT) Ltd.,Deevyaa Securities & Stock House Pvt. Ltd,500,990.0,495000.0,2025-07-28T12:54:26.238658
2025-07-28,83388,2025072804022530,BPCL,Imperial Securities Company Pvt. Ltd.,K.B.L. Securities Limited ,12,989.0,11868.0,2025-07-28T12:54:55.693709
2025-07-28,82905,2025072804022681,BPCL,Naasa Securities Co. Ltd.,Vision Securities Pvt. Ltd,2,982.0,1964.0,2025-07-28T12:55:39.458346
2025-07-28,82867,2025072804022685,BPCL,Sewa Securities Pvt. Ltd.,Deevyaa Securities & Stock House Pvt. Ltd,250,990.0,247500.0,2025-07-28T12:55:41.684604
2025-07-28,82866,2025072804022686,BPCL,Sewa Securities Pvt. Ltd.,Nepal Investment And Securities Trading Private Limited,50,990.0,49500.0,2025-07-28T12:55:41.684963
2025-07-28,82842,2025072804022696,BPCL,Sharepro Securities Private Limited,Nepal Stock House (PVT) Ltd.,50,989.1,49455.0,2025-07-28T12:55:44.604109
2025-07-28,82394,2025072804022819,BPCL,Sharepro Securities Private Limited,Dynamic Money Managers Securities Pvt. Ltd.,21,989.1,20771.1,2025-07-28T12:56:22.842999
2025-07-28,82314,2025072804022846,BPCL,Sharepro Securities Private Limited,Dipshikha Dhitopatra Karobar Co. Pvt Ltd.,396,989.1,391683.6,2025-07-28T12:56:29.328005
2025-07-28,82127,2025072804022903,BPCL,Sharepro Securities Private Limited,Ashutosh Brokerage & Securities (PVT) Ltd.,33,990.1,32673.3,2025-07-28T12:56:46.772712
2025-07-28,82116,2025072804022905,BPCL,Imperial Securities Company Pvt. Ltd.,Sewa Securities Pvt. Ltd.,38,989.0,37582.0,2025-07-28T12:56:48.91543
2025-07-28,81648,2025072804023002,BPCL,SUN SECURITIES PVT LTD,Sundhara Securities Limited,5,971.1,4855.5,2025-07-28T12:57:39.858278
2025-07-28,81175,2025072804023129,BPCL,Agrawal Securities (PVT) Ltd.,Sanima Securities Limited,100,988.0,98800.0,2025-07-28T12:58:32.076635
2025-07-28,80911,2025072804023231,BPCL,SUN SECURITIES PVT LTD,Vision Securities Pvt. Ltd,100,987.0,98700.0,2025-07-28T12:58:55.110233
2025-07-28,80910,2025072804023232,BPCL,Dynamic Money Managers Securities Pvt. Ltd.,Vision Securities Pvt. Ltd,100,986.4,98640.0,2025-07-28T12:58:55.11058
2025-07-28,80677,2025072804023283,BPCL,Sani Securities Company Ltd.,Linch Stock Market Ltd.,100,986.5,98650.0,2025-07-28T12:59:20.705305
2025-07-28,80129,2025072804023436,BPCL,Sani Securities Company Ltd.,ABC Securities Private Limited,15,986.5,14797.5,2025-07-28T13:00:42.731305
2025-07-28,79542,2025072804023628,BPCL,Sani Securities Company Ltd.,Agrawal Securities (PVT) Ltd.,50,987.0,49350.0,2025-07-28T13:02:02.89609
2025-07-28,79541,2025072804023629,BPCL,Sani Securities Company Ltd.,Sanima Securities Limited,205,988.0,202540.0,2025-07-28T13:02:02.896483
2025-07-28,78420,2025072804023883,BPCL,Trishakti Securities Public Limited,Sanima Securities Limited,15,988.0,14820.0,2025-07-28T13:04:12.992705
2025-07-28,78207,2025072804023964,BPCL,Siprabi Securities Pvt. Ltd.,Aryatara Investment & Securities,61,987.0,60207.0,2025-07-28T13:04:37.157065
2025-07-28,77832,2025072804024016,BPCL,SUN SECURITIES PVT LTD,Sweta Securities Private Limited,140,987.3,138222.0,2025-07-28T13:05:30.050484
2025-07-28,77716,2025072804024055,BPCL,Property Wiard Limited,Nabil Stock Dealer Ltd.,200,987.4,197480.0,2025-07-28T13:05:49.581866
2025-07-28,77715,2025072804024056,BPCL,SUN SECURITIES PVT LTD,Nabil Stock Dealer Ltd.,860,987.3,849078.0,2025-07-28T13:05:49.581952
2025-07-28,77714,2025072804024057,BPCL,Sharepro Securities Private Limited,Nabil Stock Dealer Ltd.,500,987.1,493550.0,2025-07-28T13:05:49.582019
2025-07-28,77713,2025072804024058,BPCL,Siprabi Securities Pvt. Ltd.,Nabil Stock Dealer Ltd.,439,987.0,433293.0,2025-07-28T13:05:49.582098
2025-07-28,77527,2025072804024118,BPCL,Bhrikuti Stock Broking Co. Pvt. Ltd.,Nabil Stock Dealer Ltd.,300,987.0,296100.0,2025-07-28T13:06:09.314067
2025-07-28,77526,2025072804024119,BPCL,SHUBHAKAMANA SECURITIES PVT. LTD,Nabil Stock Dealer Ltd.,50,986.9,49345.0,2025-07-28T13:06:09.314196
2025-07-28,77525,2025072804024120,BPCL,Capital Max Securities Ltd,Nabil Stock Dealer Ltd.,150,986.7,148005.0,2025-07-28T13:06:09.31428
2025-07-28,76961,2025072804024226,BPCL,Capital Max Securities Ltd,Nabil Stock Dealer Ltd.,850,986.7,838695.0,2025-07-28T13:07:25.918576
2025-07-28,76960,2025072804024227,BPCL,S.P.S.A. Securities Limited,Nabil Stock Dealer Ltd.,100,986.5,98650.0,2025-07-28T13:07:25.918754
2025-07-28,76959,2025072804024228,BPCL,Hatemalo Financial Services Private Limited,Nabil Stock Dealer Ltd.,30,986.5,29595.0,2025-07-28T13:07:25.918822
2025-07-28,76958,2025072804024229,BPCL,Dynamic Money Managers Securities Pvt. Ltd.,Nabil Stock Dealer Ltd.,21,986.4,20714.4,2025-07-28T13:07:25.918905
2025-07-28,76903,2025072804024252,BPCL,SUN SECURITIES PVT LTD,South Asian Bulls Pvt. Ltd.,8,983.0,7864.0,2025-07-28T13:07:34.515216
2025-07-28,76773,2025072804024286,BPCL,Dipshikha Dhitopatra Karobar Co. Pvt Ltd.,Aryatara Investment & Securities,500,987.0,493500.0,2025-07-28T13:07:53.252416
2025-07-28,76595,2025072804024324,BPCL,NIMB Stock Markets Limited,Nabil Stock Dealer Ltd.,1000,986.5,986500.0,2025-07-28T13:08:16.6371
2025-07-28,76433,2025072804024356,BPCL,Investment Management Nepal Pvt. Ltd.,Nabil Stock Dealer Ltd.,500,986.6,493300.0,2025-07-28T13:08:43.393456
2025-07-28,76170,2025072804024420,BPCL,K.B.L. Securities Limited ,Ashutosh Brokerage & Securities (PVT) Ltd.,129,986.5,127258.5,2025-07-28T13:09:15.559676
2025-07-28,76142,2025072804024427,BPCL,K.B.L. Securities Limited ,Nepal Investment And Securities Trading Private Limited,10,986.5,9865.0,2025-07-28T13:09:21.311978
2025-07-28,76124,2025072804024434,BPCL,Sani Securities Company Ltd.,Dipshikha Dhitopatra Karobar Co. Pvt Ltd.,15,987.0,14805.0,2025-07-28T13:09:23.361917
2025-07-28,75009,2025072804024720,BPCL,Trishakti Securities Public Limited,Sewa Securities Pvt. Ltd.,10,989.0,9890.0,2025-07-28T13:12:31.514008
2025-07-28,74536,2025072804024839,BPCL,Property Wiard Limited,Sewa Securities Pvt. Ltd.,24,989.0,23736.0,2025-07-28T13:13:32.488731
2025-07-28,74535,2025072804024840,BPCL,Property Wiard Limited,Shree Krishna Securities Ltd.,50,989.0,49450.0,2025-07-28T13:13:32.48909
2025-07-28,74399,2025072804024866,BPCL,Property Wiard Limited,J.F. Securites (PVT) Ltd.,41,990.0,40590.0,2025-07-28T13:13:53.037945
2025-07-28,74398,2025072804024867,BPCL,Property Wiard Limited,Blue Chip Securities Ltd,185,990.0,183150.0,2025-07-28T13:13:53.038355
2025-07-28,74361,2025072804024884,BPCL,Vision Securities Pvt. Ltd,Blue Chip Securities Ltd,715,990.0,707850.0,2025-07-28T13:13:58.24974
2025-07-28,74360,2025072804024885,BPCL,Vision Securities Pvt. Ltd,South Asian Bulls Pvt. Ltd.,200,990.0,198000.0,2025-07-28T13:13:58.250478
2025-07-28,74359,2025072804024886,BPCL,Vision Securities Pvt. Ltd,K.B.L. Securities Limited ,85,990.0,84150.0,2025-07-28T13:13:58.25118
2025-07-28,74320,2025072804024900,BPCL,Asian Securities Private Ltd.,K.B.L. Securities Limited ,115,990.0,113850.0,2025-07-28T13:14:06.748994
2025-07-28,74239,2025072804024929,BPCL,K.B.L. Securities Limited ,Nepal Stock House (PVT) Ltd.,25,991.0,24775.0,2025-07-28T13:14:18.640732
2025-07-28,74238,2025072804024930,BPCL,K.B.L. Securities Limited ,SHUBHAKAMANA SECURITIES PVT. LTD,200,991.0,198200.0,2025-07-28T13:14:18.641161
2025-07-28,74237,2025072804024931,BPCL,K.B.L. Securities Limited ,SUN SECURITIES PVT LTD,200,991.0,198200.0,2025-07-28T13:14:18.641334
2025-07-28,74151,2025072804024943,BPCL,K.B.L. Securities Limited ,Aryatara Investment & Securities,75,991.0,74325.0,2025-07-28T13:14:27.817729
2025-07-28,74150,2025072804024944,BPCL,Asian Securities Private Ltd.,Aryatara Investment & Securities,17,990.0,16830.0,2025-07-28T13:14:27.818406
2025-07-28,74136,2025072804024948,BPCL,Sharepro Securities Private Limited,Dynamic Money Managers Securities Pvt. Ltd.,425,991.9,421557.5,2025-07-28T13:14:29.650641
2025-07-28,74135,2025072804024949,BPCL,Sharepro Securities Private Limited,Sani Securities Company Ltd.,58,992.0,57536.0,2025-07-28T13:14:29.651304
2025-07-28,73629,2025072804025070,BPCL,Sharepro Securities Private Limited,Nabil Stock Dealer Ltd.,17,992.0,16864.0,2025-07-28T13:15:38.701883
2025-07-28,73628,2025072804025071,BPCL,Asian Securities Private Ltd.,Nabil Stock Dealer Ltd.,100,992.0,99200.0,2025-07-28T13:15:38.701917
2025-07-28,73627,2025072804025072,BPCL,Asian Securities Private Ltd.,Nabil Stock Dealer Ltd.,68,990.0,67320.0,2025-07-28T13:15:38.701946
2025-07-28,73626,2025072804025073,BPCL,Naasa Securities Co. Ltd.,Nabil Stock Dealer Ltd.,50,989.2,49460.0,2025-07-28T13:15:38.701978
2025-07-28,73625,2025072804025074,BPCL,Vision Securities Pvt. Ltd,Nabil Stock Dealer Ltd.,100,987.5,98750.0,2025-07-28T13:15:38.702012
2025-07-28,73624,2025072804025075,BPCL,Magnet Securities and Investment Company Private Limited,Nabil Stock Dealer Ltd.,165,987.4,162921.0,2025-07-28T13:15:38.702035
2025-07-28,73530,2025072804025108,BPCL,Dipshikha Dhitopatra Karobar Co. Pvt Ltd.,N.M.B. SECURITIES LIMITED,15,993.9,14908.5,2025-07-28T13:15:54.02286
2025-07-28,73529,2025072804025109,BPCL,Dipshikha Dhitopatra Karobar Co. Pvt Ltd.,SHUBHAKAMANA SECURITIES PVT. LTD,35,994.0,34790.0,2025-07-28T13:15:54.022971
2025-07-28,73449,2025072804025128,BPCL,Magnet Securities and Investment Company Private Limited,Nabil Stock Dealer Ltd.,335,987.4,330779.0,2025-07-28T13:16:01.075144
2025-07-28,73448,2025072804025129,BPCL,Arun Securities (PVT) Ltd.,Nabil Stock Dealer Ltd.,165,987.3,162904.5,2025-07-28T13:16:01.075256
2025-07-28,72887,2025072804025283,BPCL,Trishakti Securities Public Limited,SHUBHAKAMANA SECURITIES PVT. LTD,165,994.0,164010.0,2025-07-28T13:17:16.692242
2025-07-28,72886,2025072804025284,BPCL,Trishakti Securities Public Limited,Shree Krishna Securities Ltd.,50,994.0,49700.0,2025-07-28T13:17:16.692366
2025-07-28,72885,2025072804025285,BPCL,Trishakti Securities Public Limited,SHUBHAKAMANA SECURITIES PVT. LTD,85,994.0,84490.0,2025-07-28T13:17:16.692443
