Date,S.N.,contract_id,symbol,buyer_broker,seller_broker,volume,price,amount,transaction_time
2025-07-28,169118,2025072801000332,EBL,Secured Securities Ltd.,Malla & Malla Stock Broking Company Pvt. Limited,10,750.0,7500.0,2025-07-28T11:04:26.280714
2025-07-28,168138,2025072801000526,EBL,Agrawal Securities (PVT) Ltd.,Malla & Malla Stock Broking Company Pvt. Limited,490,750.0,367500.0,2025-07-28T11:06:16.923682
2025-07-28,168137,2025072801000527,EBL,Agrawal Securities (PVT) Ltd.,ABC Securities Private Limited,140,750.0,105000.0,2025-07-28T11:06:16.923831
2025-07-28,168136,2025072801000528,EBL,Agrawal Securities (PVT) Ltd.,Premier Securities Company Ltd.,60,750.0,45000.0,2025-07-28T11:06:16.923933
2025-07-28,168135,2025072801000529,EBL,Agrawal Securities (PVT) Ltd.,Vision Securities Pvt. Ltd,310,750.0,232500.0,2025-07-28T11:06:16.924069
2025-07-28,166783,2025072801000846,EBL,Thrive Brokerage House Pvt. Ltd,Pragyan Securities (PVT) Ltd.,1,735.0,735.0,2025-07-28T11:08:51.490749
2025-07-28,166754,2025072801000856,EBL,Sweta Securities Private Limited,Dynamic Money Managers Securities Pvt. Ltd.,250,748.0,187000.0,2025-07-28T11:08:54.055684
2025-07-28,166753,2025072801000857,EBL,Agrawal Securities (PVT) Ltd.,Dynamic Money Managers Securities Pvt. Ltd.,1000,747.0,747000.0,2025-07-28T11:08:54.055865
2025-07-28,166654,2025072801000891,EBL,Aryatara Investment & Securities,Dipshikha Dhitopatra Karobar Co. Pvt Ltd.,20,745.0,14900.0,2025-07-28T11:09:03.480764
2025-07-28,165805,2025072801001118,EBL,Aryatara Investment & Securities,ABC Securities Private Limited,80,745.0,59600.0,2025-07-28T11:10:06.647588
2025-07-28,165804,2025072801001119,EBL,Sani Securities Company Ltd.,ABC Securities Private Limited,170,745.0,126650.0,2025-07-28T11:10:06.647779
2025-07-28,165771,2025072801001132,EBL,Sani Securities Company Ltd.,Kohinoor Investment & Securities Pvt. Ltd.,50,745.0,37250.0,2025-07-28T11:10:10.057212
2025-07-28,165770,2025072801001133,EBL,Nepal Investment And Securities Trading Private Limited,Kohinoor Investment & Securities Pvt. Ltd.,10,745.0,7450.0,2025-07-28T11:10:10.057298
2025-07-28,165216,2025072801001281,EBL,Nepal Investment And Securities Trading Private Limited,Linch Stock Market Ltd.,50,742.0,37100.0,2025-07-28T11:10:59.361624
2025-07-28,165106,2025072801001303,EBL,Dynamic Money Managers Securities Pvt. Ltd.,Naasa Securities Co. Ltd.,50,740.2,37010.0,2025-07-28T11:11:10.499885
2025-07-28,164742,2025072801001387,EBL,Dynamic Money Managers Securities Pvt. Ltd.,Kohinoor Investment & Securities Pvt. Ltd.,150,740.2,111030.0,2025-07-28T11:11:34.08554
2025-07-28,164741,2025072801001388,EBL,Naasa Securities Co. Ltd.,Kohinoor Investment & Securities Pvt. Ltd.,50,740.0,37000.0,2025-07-28T11:11:34.085631
2025-07-28,164280,2025072801001502,EBL,Ashutosh Brokerage & Securities (PVT) Ltd.,Nabil Stock Dealer Ltd.,68,735.1,49986.8,2025-07-28T11:12:06.178088
2025-07-28,164090,2025072801001557,EBL,Online Securities Pvt. Ltd.,Nabil Stock Dealer Ltd.,30,735.1,22053.0,2025-07-28T11:12:22.270799
2025-07-28,163423,2025072801001718,EBL,Sani Securities Company Ltd.,ABC Securities Private Limited,10,736.1,7361.0,2025-07-28T11:13:10.079678
2025-07-28,162525,2025072801001914,EBL,Vision Securities Pvt. Ltd,Naasa Securities Co. Ltd.,100,738.0,73800.0,2025-07-28T11:14:08.994302
2025-07-28,162524,2025072801001915,EBL,Vision Securities Pvt. Ltd,Linch Stock Market Ltd.,100,739.1,73910.0,2025-07-28T11:14:08.994543
2025-07-28,162523,2025072801001916,EBL,Vision Securities Pvt. Ltd,Kohinoor Investment & Securities Pvt. Ltd.,240,740.0,177600.0,2025-07-28T11:14:08.994692
2025-07-28,162522,2025072801001917,EBL,Vision Securities Pvt. Ltd,Sani Securities Company Ltd.,50,740.0,37000.0,2025-07-28T11:14:08.994826
2025-07-28,162476,2025072801001928,EBL,Vision Securities Pvt. Ltd,Bhrikuti Stock Broking Co. Pvt. Ltd.,10,740.0,7400.0,2025-07-28T11:14:12.200884
2025-07-28,161654,2025072801002100,EBL,Sani Securities Company Ltd.,Dipshikha Dhitopatra Karobar Co. Pvt Ltd.,20,738.1,14762.0,2025-07-28T11:14:59.553367
2025-07-28,161653,2025072801002101,EBL,Secured Securities Ltd.,Dipshikha Dhitopatra Karobar Co. Pvt Ltd.,100,738.0,73800.0,2025-07-28T11:14:59.553583
2025-07-28,161652,2025072801002102,EBL,Agrawal Securities (PVT) Ltd.,Dipshikha Dhitopatra Karobar Co. Pvt Ltd.,25,738.0,18450.0,2025-07-28T11:14:59.553728
2025-07-28,161602,2025072801002110,EBL,Sani Securities Company Ltd.,Vision Securities Pvt. Ltd,10,738.2,7382.0,2025-07-28T11:15:03.634019
2025-07-28,161601,2025072801002111,EBL,Agrawal Securities (PVT) Ltd.,Vision Securities Pvt. Ltd,140,738.0,103320.0,2025-07-28T11:15:03.634155
2025-07-28,161526,2025072801002133,EBL,Vision Securities Pvt. Ltd,Bhrikuti Stock Broking Co. Pvt. Ltd.,45,740.0,33300.0,2025-07-28T11:15:07.591044
2025-07-28,161525,2025072801002134,EBL,Vision Securities Pvt. Ltd,Kumari Securities Private Limited,56,740.0,41440.0,2025-07-28T11:15:07.591153
2025-07-28,161524,2025072801002135,EBL,Vision Securities Pvt. Ltd,ABC Securities Private Limited,399,740.0,295260.0,2025-07-28T11:15:07.591207
2025-07-28,161061,2025072801002217,EBL,Agrawal Securities (PVT) Ltd.,ABC Securities Private Limited,1101,740.0,814740.0,2025-07-28T11:15:29.906158
2025-07-28,160861,2025072801002251,EBL,Agrawal Securities (PVT) Ltd.,Linch Stock Market Ltd.,50,742.0,37100.0,2025-07-28T11:15:39.547264
2025-07-28,160402,2025072801002324,EBL,Agrawal Securities (PVT) Ltd.,Linch Stock Market Ltd.,100,739.9,73990.0,2025-07-28T11:16:05.858929
2025-07-28,160221,2025072801002345,EBL,Agrawal Securities (PVT) Ltd.,ABC Securities Private Limited,10,744.0,7440.0,2025-07-28T11:16:15.800228
2025-07-28,158288,2025072801002731,EBL,Miyo Securities Pvt Ltd,Linch Stock Market Ltd.,15,743.9,11158.5,2025-07-28T11:18:21.982799
2025-07-28,156510,2025072801003163,EBL,Kumari Securities Private Limited,Linch Stock Market Ltd.,85,743.9,63231.5,2025-07-28T11:20:31.604979
2025-07-28,154996,2025072801003473,EBL,Vision Securities Pvt. Ltd,Sumeru Securities Pvt. Ltd.,11,741.0,8151.0,2025-07-28T11:22:16.523853
2025-07-28,154676,2025072801003556,EBL,Vision Securities Pvt. Ltd,Dipshikha Dhitopatra Karobar Co. Pvt Ltd.,348,741.0,257868.0,2025-07-28T11:22:30.71538
2025-07-28,154585,2025072801003565,EBL,Vision Securities Pvt. Ltd,Midas Stock Broking Company Private Limited,144,741.0,106704.0,2025-07-28T11:22:34.923604
2025-07-28,153826,2025072801003729,EBL,Vision Securities Pvt. Ltd,J.F. Securites (PVT) Ltd.,25,741.0,18525.0,2025-07-28T11:23:17.216969
2025-07-28,152312,2025072801004138,EBL,Vision Securities Pvt. Ltd,Sewa Securities Pvt. Ltd.,200,741.0,148200.0,2025-07-28T11:25:12.228514
2025-07-28,151629,2025072801004313,EBL,Vision Securities Pvt. Ltd,SHUBHAKAMANA SECURITIES PVT. LTD,10,741.1,7411.0,2025-07-28T11:26:12.100123
2025-07-28,151628,2025072801004314,EBL,Vision Securities Pvt. Ltd,SHUBHAKAMANA SECURITIES PVT. LTD,21,741.0,15561.0,2025-07-28T11:26:12.100177
2025-07-28,150462,2025072801004670,EBL,Vision Securities Pvt. Ltd,Naasa Securities Co. Ltd.,251,741.0,185991.0,2025-07-28T11:27:53.556513
2025-07-28,150461,2025072801004671,EBL,Aryatara Investment & Securities,Naasa Securities Co. Ltd.,100,741.0,74100.0,2025-07-28T11:27:53.556568
2025-07-28,150460,2025072801004672,EBL,Sewa Securities Pvt. Ltd.,Naasa Securities Co. Ltd.,10,741.0,7410.0,2025-07-28T11:27:53.556595
2025-07-28,150459,2025072801004673,EBL,Malla & Malla Stock Broking Company Pvt. Limited,Naasa Securities Co. Ltd.,100,740.3,74030.0,2025-07-28T11:27:53.556621
2025-07-28,150458,2025072801004674,EBL,Imperial Securities Company Pvt. Ltd.,Naasa Securities Co. Ltd.,100,740.2,74020.0,2025-07-28T11:27:53.55665
2025-07-28,150457,2025072801004675,EBL,Aakashbhairab Securities Ltd.,Naasa Securities Co. Ltd.,200,740.1,148020.0,2025-07-28T11:27:53.556679
2025-07-28,150456,2025072801004676,EBL,K.B.L. Securities Limited ,Naasa Securities Co. Ltd.,500,740.1,370050.0,2025-07-28T11:27:53.556714
2025-07-28,150455,2025072801004677,EBL,Dynamic Money Managers Securities Pvt. Ltd.,Naasa Securities Co. Ltd.,399,740.0,295260.0,2025-07-28T11:27:53.556742
2025-07-28,150330,2025072801004717,EBL,Dynamic Money Managers Securities Pvt. Ltd.,Opal Securities Investment (PVT) Ltd.,50,740.0,37000.0,2025-07-28T11:28:06.07833
2025-07-28,150097,2025072801004795,EBL,Dynamic Money Managers Securities Pvt. Ltd.,Vision Securities Pvt. Ltd,4500,740.0,3330000.0,2025-07-28T11:28:23.82284
2025-07-28,149441,2025072801005007,EBL,Dynamic Money Managers Securities Pvt. Ltd.,Sewa Securities Pvt. Ltd.,51,740.0,37740.0,2025-07-28T11:29:32.129469
2025-07-28,149180,2025072801005094,EBL,Aakashbhairab Securities Ltd.,Nepal Stock House (PVT) Ltd.,200,739.0,147800.0,2025-07-28T11:30:00.175075
2025-07-28,148970,2025072801005159,EBL,Agrawal Securities (PVT) Ltd.,Dakshinkali Investment & Securities Pvt. Ltd.,700,738.1,516670.0,2025-07-28T11:30:18.185954
2025-07-28,148943,2025072801005169,EBL,Online Securities Pvt. Ltd.,Nepal Stock House (PVT) Ltd.,36,739.0,26604.0,2025-07-28T11:30:20.253186
2025-07-28,148942,2025072801005170,EBL,Online Securities Pvt. Ltd.,Sewa Securities Pvt. Ltd.,309,740.0,228660.0,2025-07-28T11:30:20.253344
2025-07-28,148941,2025072801005171,EBL,Online Securities Pvt. Ltd.,Trishakti Securities Public Limited,155,740.0,114700.0,2025-07-28T11:30:20.253408
2025-07-28,148432,2025072801005287,EBL,Agrawal Securities (PVT) Ltd.,Cristal Kanchanjanga Securites Pvt. Ltd.,100,738.1,73810.0,2025-07-28T11:31:03.420421
2025-07-28,147551,2025072801005517,EBL,Agrawal Securities (PVT) Ltd.,Trishakti Securities Public Limited,244,740.0,180560.0,2025-07-28T11:32:27.352285
2025-07-28,147550,2025072801005518,EBL,Agrawal Securities (PVT) Ltd.,Aryatara Investment & Securities,30,740.0,22200.0,2025-07-28T11:32:27.352448
2025-07-28,147549,2025072801005519,EBL,Agrawal Securities (PVT) Ltd.,Nepal Investment And Securities Trading Private Limited,36,740.0,26640.0,2025-07-28T11:32:27.352513
2025-07-28,147548,2025072801005520,EBL,Agrawal Securities (PVT) Ltd.,Siprabi Securities Pvt. Ltd.,200,740.0,148000.0,2025-07-28T11:32:27.352579
2025-07-28,147547,2025072801005521,EBL,Agrawal Securities (PVT) Ltd.,Midas Stock Broking Company Private Limited,100,740.0,74000.0,2025-07-28T11:32:27.35264
2025-07-28,146996,2025072801005728,EBL,Sani Securities Company Ltd.,Sani Securities Company Ltd.,10,738.3,7383.0,2025-07-28T11:33:16.951523
2025-07-28,146995,2025072801005729,EBL,Dipshikha Dhitopatra Karobar Co. Pvt Ltd.,Sani Securities Company Ltd.,100,738.2,73820.0,2025-07-28T11:33:16.95183
2025-07-28,146675,2025072801005817,EBL,Sani Securities Company Ltd.,Dakshinkali Investment & Securities Pvt. Ltd.,10,738.4,7384.0,2025-07-28T11:33:45.890453
2025-07-28,146674,2025072801005818,EBL,Agrawal Securities (PVT) Ltd.,Dakshinkali Investment & Securities Pvt. Ltd.,500,738.3,369150.0,2025-07-28T11:33:45.890652
2025-07-28,146673,2025072801005819,EBL,Dipshikha Dhitopatra Karobar Co. Pvt Ltd.,Dakshinkali Investment & Securities Pvt. Ltd.,900,738.2,664380.0,2025-07-28T11:33:45.890715
2025-07-28,146672,2025072801005820,EBL,Agrawal Securities (PVT) Ltd.,Dakshinkali Investment & Securities Pvt. Ltd.,200,738.1,147620.0,2025-07-28T11:33:45.89078
2025-07-28,146671,2025072801005821,EBL,Agrawal Securities (PVT) Ltd.,Dakshinkali Investment & Securities Pvt. Ltd.,835,738.0,616230.0,2025-07-28T11:33:45.890843
2025-07-28,146670,2025072801005822,EBL,Sweta Securities Private Limited,Dakshinkali Investment & Securities Pvt. Ltd.,200,738.0,147600.0,2025-07-28T11:33:45.890905
2025-07-28,146669,2025072801005823,EBL,Nepal Investment And Securities Trading Private Limited,Dakshinkali Investment & Securities Pvt. Ltd.,60,738.0,44280.0,2025-07-28T11:33:45.890966
2025-07-28,146668,2025072801005824,EBL,Dynamic Money Managers Securities Pvt. Ltd.,Dakshinkali Investment & Securities Pvt. Ltd.,36,738.0,26568.0,2025-07-28T11:33:45.891035
2025-07-28,145640,2025072801006053,EBL,Dynamic Money Managers Securities Pvt. Ltd.,Dakshinkali Investment & Securities Pvt. Ltd.,479,738.0,353502.0,2025-07-28T11:35:12.362368
2025-07-28,145493,2025072801006082,EBL,Dynamic Money Managers Securities Pvt. Ltd.,Sani Securities Company Ltd.,221,738.0,163098.0,2025-07-28T11:35:26.250434
2025-07-28,145492,2025072801006083,EBL,Aryatara Investment & Securities,Sani Securities Company Ltd.,41,738.0,30258.0,2025-07-28T11:35:26.250586
2025-07-28,145331,2025072801006127,EBL,Naasa Securities Co. Ltd.,Primo Securities (PVT) Ltd.,10,738.2,7382.0,2025-07-28T11:35:40.018424
2025-07-28,144586,2025072801006333,EBL,Sani Securities Company Ltd.,Aryatara Investment & Securities,50,738.0,36900.0,2025-07-28T11:36:45.802571
2025-07-28,143045,2025072801006712,EBL,Siprabi Securities Pvt. Ltd.,Capital Max Securities Ltd,70,737.0,51590.0,2025-07-28T11:39:02.276598
2025-07-28,143044,2025072801006713,EBL,Online Securities Pvt. Ltd.,Capital Max Securities Ltd,20,737.0,14740.0,2025-07-28T11:39:02.276792
2025-07-28,143043,2025072801006714,EBL,Imperial Securities Company Pvt. Ltd.,Capital Max Securities Ltd,10,737.0,7370.0,2025-07-28T11:39:02.276865
2025-07-28,142721,2025072801006792,EBL,Thrive Brokerage House Pvt. Ltd,Sundhara Securities Limited,30,736.5,22095.0,2025-07-28T11:39:35.498565
2025-07-28,142720,2025072801006793,EBL,Agrawal Securities (PVT) Ltd.,Sundhara Securities Limited,350,736.3,257705.0,2025-07-28T11:39:35.498726
2025-07-28,142675,2025072801006806,EBL,Dynamic Money Managers Securities Pvt. Ltd.,Premier Securities Company Ltd.,300,736.2,220860.0,2025-07-28T11:39:39.893625
2025-07-28,142674,2025072801006807,EBL,Creative Securities Pvt Ltd,Premier Securities Company Ltd.,20,736.1,14722.0,2025-07-28T11:39:39.893703
2025-07-28,142673,2025072801006808,EBL,Dynamic Money Managers Securities Pvt. Ltd.,Premier Securities Company Ltd.,1606,736.0,1182016.0,2025-07-28T11:39:39.893732
2025-07-28,142315,2025072801006895,EBL,Sri Hari Securities Pvt. Ltd.,Primo Securities (PVT) Ltd.,232,736.0,170752.0,2025-07-28T11:40:10.303456
2025-07-28,141899,2025072801006987,EBL,Sri Hari Securities Pvt. Ltd.,Sani Securities Company Ltd.,68,736.0,50048.0,2025-07-28T11:40:51.967777
2025-07-28,141898,2025072801006988,EBL,Nepal Investment And Securities Trading Private Limited,Sani Securities Company Ltd.,30,736.0,22080.0,2025-07-28T11:40:51.96794
2025-07-28,141897,2025072801006989,EBL,Midas Stock Broking Company Private Limited,Sani Securities Company Ltd.,25,736.0,18400.0,2025-07-28T11:40:51.968008
2025-07-28,141896,2025072801006990,EBL,Shree Krishna Securities Ltd.,Sani Securities Company Ltd.,15,736.0,11040.0,2025-07-28T11:40:51.968083
2025-07-28,141471,2025072801007071,EBL,ABC Securities Private Limited,Sani Securities Company Ltd.,100,736.0,73600.0,2025-07-28T11:41:28.707602
2025-07-28,141343,2025072801007110,EBL,Sweta Securities Private Limited,Naasa Securities Co. Ltd.,100,735.5,73550.0,2025-07-28T11:41:40.82716
2025-07-28,141069,2025072801007197,EBL,Dynamic Money Managers Securities Pvt. Ltd.,Linch Stock Market Ltd.,100,735.2,73520.0,2025-07-28T11:42:02.015082
2025-07-28,140957,2025072801007259,EBL,Sweta Securities Private Limited,Sani Securities Company Ltd.,145,736.0,106720.0,2025-07-28T11:42:07.765719
2025-07-28,140956,2025072801007260,EBL,Sweta Securities Private Limited,Midas Stock Broking Company Private Limited,55,736.0,40480.0,2025-07-28T11:42:07.76589
2025-07-28,140703,2025072801007317,EBL,ABC Securities Private Limited,Sundhara Securities Limited,100,736.3,73630.0,2025-07-28T11:42:29.428812
2025-07-28,140302,2025072801007414,EBL,ABC Securities Private Limited,Deevyaa Securities & Stock House Pvt. Ltd,20,736.2,14724.0,2025-07-28T11:42:57.098209
2025-07-28,140301,2025072801007415,EBL,ABC Securities Private Limited,Sundhara Securities Limited,30,736.3,22089.0,2025-07-28T11:42:57.098245
2025-07-28,140024,2025072801007492,EBL,Dynamic Money Managers Securities Pvt. Ltd.,Naasa Securities Co. Ltd.,20,736.1,14722.0,2025-07-28T11:43:13.985225
2025-07-28,139665,2025072801007560,EBL,Dynamic Money Managers Securities Pvt. Ltd.,Imperial Securities Company Pvt. Ltd.,10,736.1,7361.0,2025-07-28T11:43:40.479511
2025-07-28,139554,2025072801007583,EBL,ABC Securities Private Limited,Sundhara Securities Limited,20,736.3,14726.0,2025-07-28T11:43:51.1905
2025-07-28,138929,2025072801007715,EBL,Imperial Securities Company Pvt. Ltd.,Aryatara Investment & Securities,100,736.2,73620.0,2025-07-28T11:44:36.150827
2025-07-28,138928,2025072801007716,EBL,Dynamic Money Managers Securities Pvt. Ltd.,Aryatara Investment & Securities,105,736.1,77290.5,2025-07-28T11:44:36.151084
2025-07-28,138927,2025072801007717,EBL,Nepal Stock House (PVT) Ltd.,Aryatara Investment & Securities,50,736.0,36800.0,2025-07-28T11:44:36.151165
2025-07-28,138926,2025072801007718,EBL,Kohinoor Investment & Securities Pvt. Ltd.,Aryatara Investment & Securities,200,735.6,147120.0,2025-07-28T11:44:36.151237
2025-07-28,138925,2025072801007719,EBL,Agrawal Securities (PVT) Ltd.,Aryatara Investment & Securities,500,735.5,367750.0,2025-07-28T11:44:36.151311
2025-07-28,138924,2025072801007720,EBL,Dynamic Money Managers Securities Pvt. Ltd.,Aryatara Investment & Securities,200,735.2,147040.0,2025-07-28T11:44:36.151384
2025-07-28,138923,2025072801007721,EBL,J.F. Securites (PVT) Ltd.,Aryatara Investment & Securities,10,735.1,7351.0,2025-07-28T11:44:36.151455
2025-07-28,138922,2025072801007722,EBL,Online Securities Pvt. Ltd.,Aryatara Investment & Securities,100,735.1,73510.0,2025-07-28T11:44:36.151552
2025-07-28,138921,2025072801007723,EBL,Creative Securities Pvt Ltd,Aryatara Investment & Securities,20,735.1,14702.0,2025-07-28T11:44:36.151618
2025-07-28,138920,2025072801007724,EBL,Naasa Securities Co. Ltd.,Aryatara Investment & Securities,50,735.0,36750.0,2025-07-28T11:44:36.151706
2025-07-28,138919,2025072801007725,EBL,Agrawal Securities (PVT) Ltd.,Aryatara Investment & Securities,1500,735.0,1102500.0,2025-07-28T11:44:36.151778
2025-07-28,138918,2025072801007726,EBL,NIMB Stock Markets Limited,Aryatara Investment & Securities,500,735.0,367500.0,2025-07-28T11:44:36.151855
2025-07-28,138917,2025072801007727,EBL,Dipshikha Dhitopatra Karobar Co. Pvt Ltd.,Aryatara Investment & Securities,50,735.0,36750.0,2025-07-28T11:44:36.151937
2025-07-28,138916,2025072801007728,EBL,Trishakti Securities Public Limited,Aryatara Investment & Securities,100,735.0,73500.0,2025-07-28T11:44:36.152054
2025-07-28,138915,2025072801007729,EBL,Sani Securities Company Ltd.,Aryatara Investment & Securities,200,735.0,147000.0,2025-07-28T11:44:36.152134
2025-07-28,138634,2025072801007825,EBL,Vision Securities Pvt. Ltd,Aryatara Investment & Securities,900,734.0,660600.0,2025-07-28T11:44:55.071942
2025-07-28,138628,2025072801007830,EBL,Sewa Securities Pvt. Ltd.,Aryatara Investment & Securities,20,734.0,14680.0,2025-07-28T11:44:56.105175
2025-07-28,138431,2025072801007901,EBL,Secured Securities Ltd.,Aryatara Investment & Securities,395,734.0,289930.0,2025-07-28T11:45:14.398997
2025-07-28,138200,2025072801007954,EBL,Agrawal Securities (PVT) Ltd.,Midas Stock Broking Company Private Limited,100,734.1,73410.0,2025-07-28T11:45:28.158686
2025-07-28,138183,2025072801007955,EBL,Agrawal Securities (PVT) Ltd.,Nepal Investment And Securities Trading Private Limited,26,734.1,19086.6,2025-07-28T11:45:29.20961
2025-07-28,138178,2025072801007956,EBL,Vision Securities Pvt. Ltd,Cristal Kanchanjanga Securites Pvt. Ltd.,100,735.0,73500.0,2025-07-28T11:45:30.236532
2025-07-28,138151,2025072801007958,EBL,Agrawal Securities (PVT) Ltd.,Aryatara Investment & Securities,124,734.1,91028.4,2025-07-28T11:45:31.754272
2025-07-28,138150,2025072801007959,EBL,Secured Securities Ltd.,Aryatara Investment & Securities,1105,734.0,811070.0,2025-07-28T11:45:31.754439
2025-07-28,138149,2025072801007960,EBL,Creative Securities Pvt Ltd,Aryatara Investment & Securities,20,733.2,14664.0,2025-07-28T11:45:31.754518
2025-07-28,138148,2025072801007961,EBL,Malla & Malla Stock Broking Company Pvt. Limited,Aryatara Investment & Securities,1000,732.2,732200.0,2025-07-28T11:45:31.754596
2025-07-28,138147,2025072801007962,EBL,Naasa Securities Co. Ltd.,Aryatara Investment & Securities,10,732.0,7320.0,2025-07-28T11:45:31.754673
2025-07-28,138146,2025072801007963,EBL,Linch Stock Market Ltd.,Aryatara Investment & Securities,300,732.0,219600.0,2025-07-28T11:45:31.754742
2025-07-28,138145,2025072801007964,EBL,Dynamic Money Managers Securities Pvt. Ltd.,Aryatara Investment & Securities,7441,732.0,5446812.0,2025-07-28T11:45:31.754812
2025-07-28,138130,2025072801007969,EBL,Agrawal Securities (PVT) Ltd.,Cristal Kanchanjanga Securites Pvt. Ltd.,500,735.0,367500.0,2025-07-28T11:45:32.679101
2025-07-28,137784,2025072801008054,EBL,Agrawal Securities (PVT) Ltd.,Linch Stock Market Ltd.,100,735.0,73500.0,2025-07-28T11:46:02.301534
2025-07-28,137606,2025072801008098,EBL,Dipshikha Dhitopatra Karobar Co. Pvt Ltd.,Linch Stock Market Ltd.,250,734.0,183500.0,2025-07-28T11:46:16.33656
2025-07-28,137518,2025072801008118,EBL,ABC Securities Private Limited,Linch Stock Market Ltd.,400,735.0,294000.0,2025-07-28T11:46:23.84664
2025-07-28,135823,2025072801008568,EBL,Dynamic Money Managers Securities Pvt. Ltd.,Online Securities Pvt. Ltd.,10,735.0,7350.0,2025-07-28T11:48:14.545397
2025-07-28,135784,2025072801008580,EBL,Dynamic Money Managers Securities Pvt. Ltd.,Naasa Securities Co. Ltd.,18,735.0,13230.0,2025-07-28T11:48:17.908496
2025-07-28,135464,2025072801008621,EBL,Dynamic Money Managers Securities Pvt. Ltd.,Sharepro Securities Private Limited,50,735.0,36750.0,2025-07-28T11:48:31.575546
2025-07-28,134963,2025072801008720,EBL,Online Securities Pvt. Ltd.,Linch Stock Market Ltd.,10,735.2,7352.0,2025-07-28T11:49:02.976223
2025-07-28,134729,2025072801008765,EBL,Online Securities Pvt. Ltd.,J.F. Securites (PVT) Ltd.,40,735.2,29408.0,2025-07-28T11:49:15.567224
2025-07-28,134728,2025072801008766,EBL,Dipshikha Dhitopatra Karobar Co. Pvt Ltd.,J.F. Securites (PVT) Ltd.,10,735.1,7351.0,2025-07-28T11:49:15.567404
2025-07-28,134350,2025072801008874,EBL,Agrawal Securities (PVT) Ltd.,Midas Stock Broking Company Private Limited,100,736.0,73600.0,2025-07-28T11:49:39.253071
2025-07-28,134349,2025072801008875,EBL,Agrawal Securities (PVT) Ltd.,ABC Securities Private Limited,322,736.0,236992.0,2025-07-28T11:49:39.253281
2025-07-28,134348,2025072801008876,EBL,Agrawal Securities (PVT) Ltd.,Sundhara Securities Limited,170,736.0,125120.0,2025-07-28T11:49:39.253357
2025-07-28,134269,2025072801008894,EBL,Agrawal Securities (PVT) Ltd.,Sundhara Securities Limited,408,736.0,300288.0,2025-07-28T11:49:42.315821
2025-07-28,134268,2025072801008895,EBL,Dipshikha Dhitopatra Karobar Co. Pvt Ltd.,Sundhara Securities Limited,990,735.1,727749.0,2025-07-28T11:49:42.315986
2025-07-28,134267,2025072801008896,EBL,Linch Stock Market Ltd.,Sundhara Securities Limited,102,735.1,74980.2,2025-07-28T11:49:42.316065
2025-07-28,133394,2025072801009105,EBL,Neev Securities Pvt. Ltd.,Secured Securities Ltd.,100,736.2,73620.0,2025-07-28T11:50:42.747877
2025-07-28,133393,2025072801009106,EBL,Neev Securities Pvt. Ltd.,Online Securities Pvt. Ltd.,100,736.2,73620.0,2025-07-28T11:50:42.74806
2025-07-28,133301,2025072801009131,EBL,Dipshikha Dhitopatra Karobar Co. Pvt Ltd.,Creative Securities Pvt Ltd,110,736.5,81015.0,2025-07-28T11:50:49.98539
2025-07-28,133300,2025072801009132,EBL,Dipshikha Dhitopatra Karobar Co. Pvt Ltd.,Capital Max Securities Ltd,60,737.0,44220.0,2025-07-28T11:50:49.985755
2025-07-28,133299,2025072801009133,EBL,Dipshikha Dhitopatra Karobar Co. Pvt Ltd.,Vision Securities Pvt. Ltd,300,737.0,221100.0,2025-07-28T11:50:49.986005
2025-07-28,133298,2025072801009134,EBL,Dipshikha Dhitopatra Karobar Co. Pvt Ltd.,Global IME Securities Limited,60,737.0,44220.0,2025-07-28T11:50:49.986246
2025-07-28,133297,2025072801009135,EBL,Dipshikha Dhitopatra Karobar Co. Pvt Ltd.,Vision Securities Pvt. Ltd,40,737.0,29480.0,2025-07-28T11:50:49.986465
2025-07-28,132849,2025072801009198,EBL,Asian Securities Private Ltd.,Premier Securities Company Ltd.,100,737.1,73710.0,2025-07-28T11:51:19.038536
2025-07-28,132848,2025072801009199,EBL,Dipshikha Dhitopatra Karobar Co. Pvt Ltd.,Premier Securities Company Ltd.,100,737.0,73700.0,2025-07-28T11:51:19.038704
2025-07-28,132225,2025072801009372,EBL,Investment Management Nepal Pvt. Ltd.,Opal Securities Investment (PVT) Ltd.,15,735.5,11032.5,2025-07-28T11:52:10.290244
2025-07-28,132224,2025072801009373,EBL,Imperial Securities Company Pvt. Ltd.,Opal Securities Investment (PVT) Ltd.,65,735.2,47788.0,2025-07-28T11:52:10.290279
2025-07-28,131968,2025072801009454,EBL,Imperial Securities Company Pvt. Ltd.,Stoxkarts Securities Limited,360,735.2,264672.0,2025-07-28T11:52:28.213054
2025-07-28,131034,2025072801009643,EBL,Opal Securities Investment (PVT) Ltd.,Sundhara Securities Limited,100,735.3,73530.0,2025-07-28T11:53:44.913717
2025-07-28,130880,2025072801009683,EBL,Opal Securities Investment (PVT) Ltd.,Agrawal Securities (PVT) Ltd.,13,735.3,9558.9,2025-07-28T11:54:02.469746
2025-07-28,130791,2025072801009703,EBL,Roadshow securities limited,Sundhara Securities Limited,830,737.0,611710.0,2025-07-28T11:54:11.098177
2025-07-28,130790,2025072801009704,EBL,Roadshow securities limited,Naasa Securities Co. Ltd.,100,737.0,73700.0,2025-07-28T11:54:11.098285
2025-07-28,130789,2025072801009705,EBL,Roadshow securities limited,Sundhara Securities Limited,100,737.1,73710.0,2025-07-28T11:54:11.098365
2025-07-28,130520,2025072801009764,EBL,Agrawal Securities (PVT) Ltd.,Midas Stock Broking Company Private Limited,100,737.0,73700.0,2025-07-28T11:54:36.78008
2025-07-28,130154,2025072801009836,EBL,Siprabi Securities Pvt. Ltd.,Sundhara Securities Limited,20,737.9,14758.0,2025-07-28T11:55:04.179521
2025-07-28,130153,2025072801009837,EBL,Siprabi Securities Pvt. Ltd.,Asian Securities Private Ltd.,60,738.0,44280.0,2025-07-28T11:55:04.179719
2025-07-28,129875,2025072801009882,EBL,Agrawal Securities (PVT) Ltd.,Online Securities Pvt. Ltd.,122,737.0,89914.0,2025-07-28T11:55:34.121994
2025-07-28,129649,2025072801009917,EBL,Agrawal Securities (PVT) Ltd.,Dynamic Money Managers Securities Pvt. Ltd.,708,737.0,521796.0,2025-07-28T11:55:51.824773
2025-07-28,128827,2025072801010125,EBL,Opal Securities Investment (PVT) Ltd.,Sundhara Securities Limited,188,735.3,138236.4,2025-07-28T11:57:08.955749
2025-07-28,128382,2025072801010240,EBL,Roadshow securities limited,Linch Stock Market Ltd.,100,736.9,73690.0,2025-07-28T11:57:52.148532
2025-07-28,128381,2025072801010241,EBL,Roadshow securities limited,Dynamic Money Managers Securities Pvt. Ltd.,4192,737.0,3089504.0,2025-07-28T11:57:52.148569
2025-07-28,127375,2025072801010430,EBL,Sani Securities Company Ltd.,Oxford Securities Pvt. Ltd.,15,736.0,11040.0,2025-07-28T11:59:26.569766
2025-07-28,127366,2025072801010432,EBL,Neev Securities Pvt. Ltd.,Oxford Securities Pvt. Ltd.,185,736.0,136160.0,2025-07-28T11:59:27.783175
2025-07-28,127365,2025072801010433,EBL,Neev Securities Pvt. Ltd.,Imperial Securities Company Pvt. Ltd.,15,736.0,11040.0,2025-07-28T11:59:27.783528
2025-07-28,126223,2025072801010754,EBL,J.F. Securites (PVT) Ltd.,Kumari Securities Private Limited,173,735.5,127241.5,2025-07-28T12:01:11.345822
2025-07-28,125846,2025072801010836,EBL,J.F. Securites (PVT) Ltd.,J.F. Securites (PVT) Ltd.,150,735.5,110325.0,2025-07-28T12:01:46.43927
2025-07-28,125694,2025072801010886,EBL,Market Securities & Exchange (PVT) Ltd.,Imperial Securities Company Pvt. Ltd.,185,736.0,136160.0,2025-07-28T12:02:02.117962
2025-07-28,125693,2025072801010887,EBL,Market Securities & Exchange (PVT) Ltd.,Online Securities Pvt. Ltd.,500,736.0,368000.0,2025-07-28T12:02:02.11803
2025-07-28,125692,2025072801010888,EBL,Market Securities & Exchange (PVT) Ltd.,Sundhara Securities Limited,215,736.0,158240.0,2025-07-28T12:02:02.118057
2025-07-28,125645,2025072801010897,EBL,Imperial Securities Company Pvt. Ltd.,Sundhara Securities Limited,19,736.0,13984.0,2025-07-28T12:02:07.084724
2025-07-28,125580,2025072801010915,EBL,Imperial Securities Company Pvt. Ltd.,Dipshikha Dhitopatra Karobar Co. Pvt Ltd.,10,736.0,7360.0,2025-07-28T12:02:16.349742
2025-07-28,124756,2025072801011155,EBL,Deevyaa Securities & Stock House Pvt. Ltd,Cristal Kanchanjanga Securites Pvt. Ltd.,35,736.8,25788.0,2025-07-28T12:03:39.899168
2025-07-28,124755,2025072801011156,EBL,Imperial Securities Company Pvt. Ltd.,Cristal Kanchanjanga Securites Pvt. Ltd.,121,736.0,89056.0,2025-07-28T12:03:39.899375
2025-07-28,124754,2025072801011157,EBL,Deevyaa Securities & Stock House Pvt. Ltd,Cristal Kanchanjanga Securites Pvt. Ltd.,50,735.8,36790.0,2025-07-28T12:03:39.899457
2025-07-28,124753,2025072801011158,EBL,J.F. Securites (PVT) Ltd.,Cristal Kanchanjanga Securites Pvt. Ltd.,77,735.5,56633.5,2025-07-28T12:03:39.899536
2025-07-28,123467,2025072801011531,EBL,Sundhara Securities Limited,Cristal Kanchanjanga Securites Pvt. Ltd.,50,735.5,36775.0,2025-07-28T12:05:52.322221
2025-07-28,123225,2025072801011589,EBL,Premier Securities Company Ltd.,Kalika Securities Pvt. Ltd.,110,735.4,80894.0,2025-07-28T12:06:11.85851
2025-07-28,123066,2025072801011622,EBL,Dipshikha Dhitopatra Karobar Co. Pvt Ltd.,Kalika Securities Pvt. Ltd.,30,735.4,22062.0,2025-07-28T12:06:28.897986
2025-07-28,122982,2025072801011640,EBL,Dipshikha Dhitopatra Karobar Co. Pvt Ltd.,Sewa Securities Pvt. Ltd.,62,735.4,45594.8,2025-07-28T12:06:37.363087
2025-07-28,122907,2025072801011659,EBL,Dipshikha Dhitopatra Karobar Co. Pvt Ltd.,Nepal Stock House (PVT) Ltd.,11,735.4,8089.4,2025-07-28T12:06:46.408641
2025-07-28,122906,2025072801011660,EBL,Market Securities & Exchange (PVT) Ltd.,Cristal Kanchanjanga Securites Pvt. Ltd.,100,735.5,73550.0,2025-07-28T12:06:46.586486
2025-07-28,122504,2025072801011757,EBL,Dipshikha Dhitopatra Karobar Co. Pvt Ltd.,Vision Securities Pvt. Ltd,50,735.4,36770.0,2025-07-28T12:07:25.880021
2025-07-28,122281,2025072801011805,EBL,Dipshikha Dhitopatra Karobar Co. Pvt Ltd.,Sani Securities Company Ltd.,847,735.4,622883.8,2025-07-28T12:07:55.332416
2025-07-28,122280,2025072801011806,EBL,Premier Securities Company Ltd.,Sani Securities Company Ltd.,153,735.4,112516.2,2025-07-28T12:07:55.332706
2025-07-28,121945,2025072801011887,EBL,Premier Securities Company Ltd.,Dakshinkali Investment & Securities Pvt. Ltd.,97,735.4,71333.8,2025-07-28T12:08:31.968545
2025-07-28,121944,2025072801011888,EBL,Nepal Investment And Securities Trading Private Limited,Dakshinkali Investment & Securities Pvt. Ltd.,30,735.4,22062.0,2025-07-28T12:08:31.968754
2025-07-28,121943,2025072801011889,EBL,Sundhara Securities Limited,Dakshinkali Investment & Securities Pvt. Ltd.,117,735.4,86041.8,2025-07-28T12:08:31.968834
2025-07-28,121942,2025072801011890,EBL,Opal Securities Investment (PVT) Ltd.,Dakshinkali Investment & Securities Pvt. Ltd.,199,735.3,146324.7,2025-07-28T12:08:31.968916
2025-07-28,121941,2025072801011891,EBL,Opal Securities Investment (PVT) Ltd.,Dakshinkali Investment & Securities Pvt. Ltd.,57,735.3,41912.1,2025-07-28T12:08:31.968999
2025-07-28,121637,2025072801011961,EBL,Opal Securities Investment (PVT) Ltd.,Sri Hari Securities Pvt. Ltd.,443,735.3,325737.9,2025-07-28T12:08:58.007847
2025-07-28,121636,2025072801011962,EBL,Nepal Stock House (PVT) Ltd.,Sri Hari Securities Pvt. Ltd.,50,735.3,36765.0,2025-07-28T12:08:58.007902
2025-07-28,121635,2025072801011963,EBL,Imperial Securities Company Pvt. Ltd.,Sri Hari Securities Pvt. Ltd.,75,735.2,55140.0,2025-07-28T12:08:58.007933
2025-07-28,121634,2025072801011964,EBL,Dynamic Money Managers Securities Pvt. Ltd.,Sri Hari Securities Pvt. Ltd.,50,735.1,36755.0,2025-07-28T12:08:58.007965
2025-07-28,121633,2025072801011965,EBL,Creative Securities Pvt Ltd,Sri Hari Securities Pvt. Ltd.,40,735.1,29404.0,2025-07-28T12:08:58.008009
2025-07-28,121632,2025072801011966,EBL,Thrive Brokerage House Pvt. Ltd,Sri Hari Securities Pvt. Ltd.,60,735.1,44106.0,2025-07-28T12:08:58.008045
2025-07-28,121631,2025072801011967,EBL,Dipshikha Dhitopatra Karobar Co. Pvt Ltd.,Sri Hari Securities Pvt. Ltd.,1000,735.1,735100.0,2025-07-28T12:08:58.008078
2025-07-28,121630,2025072801011968,EBL,Roadshow securities limited,Sri Hari Securities Pvt. Ltd.,282,735.1,207298.2,2025-07-28T12:08:58.008131
2025-07-28,121258,2025072801012093,EBL,Thrive Brokerage House Pvt. Ltd,Nepal Investment And Securities Trading Private Limited,1,720.8,720.8,2025-07-28T12:09:28.409336
2025-07-28,120158,2025072801012363,EBL,Roadshow securities limited,SUN SECURITIES PVT LTD,1440,735.1,1058544.0,2025-07-28T12:11:02.752764
2025-07-28,119908,2025072801012418,EBL,Roadshow securities limited,SUN SECURITIES PVT LTD,1278,735.1,939457.8,2025-07-28T12:11:19.694311
2025-07-28,119907,2025072801012419,EBL,Opal Securities Investment (PVT) Ltd.,SUN SECURITIES PVT LTD,164,735.1,120556.4,2025-07-28T12:11:19.69453
2025-07-28,119558,2025072801012507,EBL,Opal Securities Investment (PVT) Ltd.,Kumari Securities Private Limited,301,735.1,221265.1,2025-07-28T12:11:42.469188
2025-07-28,119275,2025072801012582,EBL,Thrive Brokerage House Pvt. Ltd,Sumeru Securities Pvt. Ltd.,1,725.0,725.0,2025-07-28T12:12:01.611776
2025-07-28,119178,2025072801012596,EBL,Opal Securities Investment (PVT) Ltd.,SUN SECURITIES PVT LTD,35,735.1,25728.5,2025-07-28T12:12:10.274974
2025-07-28,119177,2025072801012597,EBL,Bhrikuti Stock Broking Co. Pvt. Ltd.,SUN SECURITIES PVT LTD,10,735.0,7350.0,2025-07-28T12:12:10.275385
2025-07-28,119176,2025072801012598,EBL,Kumari Securities Private Limited,SUN SECURITIES PVT LTD,25,735.0,18375.0,2025-07-28T12:12:10.275667
2025-07-28,119175,2025072801012599,EBL,Trishakti Securities Public Limited,SUN SECURITIES PVT LTD,100,735.0,73500.0,2025-07-28T12:12:10.275962
2025-07-28,119174,2025072801012600,EBL,Thrive Brokerage House Pvt. Ltd,SUN SECURITIES PVT LTD,229,735.0,168315.0,2025-07-28T12:12:10.276233
2025-07-28,118769,2025072801012688,EBL,Thrive Brokerage House Pvt. Ltd,Linch Stock Market Ltd.,30,735.0,22050.0,2025-07-28T12:12:40.541042
2025-07-28,118257,2025072801012847,EBL,Thrive Brokerage House Pvt. Ltd,Dynamic Money Managers Securities Pvt. Ltd.,741,735.0,544635.0,2025-07-28T12:13:15.655908
2025-07-28,118256,2025072801012848,EBL,Sani Securities Company Ltd.,Dynamic Money Managers Securities Pvt. Ltd.,100,735.0,73500.0,2025-07-28T12:13:15.656149
2025-07-28,118255,2025072801012849,EBL,Online Securities Pvt. Ltd.,Dynamic Money Managers Securities Pvt. Ltd.,16,735.0,11760.0,2025-07-28T12:13:15.656243
2025-07-28,118254,2025072801012850,EBL,ABC Securities Private Limited,Dynamic Money Managers Securities Pvt. Ltd.,1000,734.1,734100.0,2025-07-28T12:13:15.656325
2025-07-28,118253,2025072801012851,EBL,Prabhu Stock Market Limited,Dynamic Money Managers Securities Pvt. Ltd.,100,734.0,73400.0,2025-07-28T12:13:15.656406
2025-07-28,118252,2025072801012852,EBL,Agrawal Securities (PVT) Ltd.,Dynamic Money Managers Securities Pvt. Ltd.,20,734.0,14680.0,2025-07-28T12:13:15.656489
2025-07-28,118007,2025072801012920,EBL,Sajilo Broker Limited,Naasa Securities Co. Ltd.,220,733.0,161260.0,2025-07-28T12:13:32.105141
2025-07-28,117534,2025072801013063,EBL,ABC Securities Private Limited,Dynamic Money Managers Securities Pvt. Ltd.,23,734.0,16882.0,2025-07-28T12:13:58.117968
2025-07-28,117357,2025072801013117,EBL,ABC Securities Private Limited,Dynamic Money Managers Securities Pvt. Ltd.,477,735.0,350595.0,2025-07-28T12:14:12.204649
2025-07-28,117225,2025072801013156,EBL,Sajilo Broker Limited,Ashutosh Brokerage & Securities (PVT) Ltd.,80,733.0,58640.0,2025-07-28T12:14:22.155094
2025-07-28,117224,2025072801013157,EBL,ABC Securities Private Limited,Ashutosh Brokerage & Securities (PVT) Ltd.,120,733.0,87960.0,2025-07-28T12:14:22.155313
2025-07-28,116987,2025072801013202,EBL,ABC Securities Private Limited,Sani Securities Company Ltd.,60,733.0,43980.0,2025-07-28T12:14:35.978796
2025-07-28,116771,2025072801013262,EBL,ABC Securities Private Limited,Aryatara Investment & Securities,302,733.0,221366.0,2025-07-28T12:14:49.820272
2025-07-28,116731,2025072801013267,EBL,Linch Stock Market Ltd.,Dynamic Money Managers Securities Pvt. Ltd.,173,735.0,127155.0,2025-07-28T12:14:51.927745
2025-07-28,115931,2025072801013571,EBL,ABC Securities Private Limited,Dynamic Money Managers Securities Pvt. Ltd.,18,733.0,13194.0,2025-07-28T12:15:30.926274
2025-07-28,115930,2025072801013572,EBL,Sri Hari Securities Pvt. Ltd.,Dynamic Money Managers Securities Pvt. Ltd.,100,733.0,73300.0,2025-07-28T12:15:30.926484
2025-07-28,115910,2025072801013577,EBL,Nepal Investment And Securities Trading Private Limited,Dynamic Money Managers Securities Pvt. Ltd.,175,733.0,128275.0,2025-07-28T12:15:32.069932
2025-07-28,115671,2025072801013668,EBL,Dakshinkali Investment & Securities Pvt. Ltd.,Dynamic Money Managers Securities Pvt. Ltd.,100,733.0,73300.0,2025-07-28T12:15:47.069199
2025-07-28,115498,2025072801013708,EBL,Ashutosh Brokerage & Securities (PVT) Ltd.,Kohinoor Investment & Securities Pvt. Ltd.,30,732.1,21963.0,2025-07-28T12:15:56.572466
2025-07-28,114725,2025072801013911,EBL,Ashutosh Brokerage & Securities (PVT) Ltd.,NIMB Stock Markets Limited,15,732.1,10981.5,2025-07-28T12:16:34.007782
2025-07-28,114113,2025072801014103,EBL,Ashutosh Brokerage & Securities (PVT) Ltd.,Imperial Securities Company Pvt. Ltd.,55,732.1,40265.5,2025-07-28T12:17:12.162799
2025-07-28,113290,2025072801014284,EBL,Dipshikha Dhitopatra Karobar Co. Pvt Ltd.,Agrawal Securities (PVT) Ltd.,100,732.1,73210.0,2025-07-28T12:18:00.157665
2025-07-28,112782,2025072801014401,EBL,Dipshikha Dhitopatra Karobar Co. Pvt Ltd.,Dynamic Money Managers Securities Pvt. Ltd.,36,732.1,26355.6,2025-07-28T12:18:31.721533
2025-07-28,112742,2025072801014423,EBL,Dipshikha Dhitopatra Karobar Co. Pvt Ltd.,J.F. Securites (PVT) Ltd.,436,732.1,319195.6,2025-07-28T12:18:34.511859
2025-07-28,111655,2025072801014703,EBL,Dipshikha Dhitopatra Karobar Co. Pvt Ltd.,Online Securities Pvt. Ltd.,250,732.1,183025.0,2025-07-28T12:19:36.09608
2025-07-28,111569,2025072801014721,EBL,Dipshikha Dhitopatra Karobar Co. Pvt Ltd.,Nepal Investment And Securities Trading Private Limited,178,732.1,130313.8,2025-07-28T12:19:41.633121
2025-07-28,111568,2025072801014722,EBL,Aryatara Investment & Securities,Nepal Investment And Securities Trading Private Limited,50,732.1,36605.0,2025-07-28T12:19:41.633528
2025-07-28,111567,2025072801014723,EBL,Midas Stock Broking Company Private Limited,Nepal Investment And Securities Trading Private Limited,20,732.0,14640.0,2025-07-28T12:19:41.633789
2025-07-28,111566,2025072801014724,EBL,Online Securities Pvt. Ltd.,Nepal Investment And Securities Trading Private Limited,100,732.0,73200.0,2025-07-28T12:19:41.634066
2025-07-28,111565,2025072801014725,EBL,Opal Securities Investment (PVT) Ltd.,Nepal Investment And Securities Trading Private Limited,152,732.0,111264.0,2025-07-28T12:19:41.634336
2025-07-28,111534,2025072801014732,EBL,Opal Securities Investment (PVT) Ltd.,J.F. Securites (PVT) Ltd.,120,732.0,87840.0,2025-07-28T12:19:43.102693
2025-07-28,111276,2025072801014798,EBL,Opal Securities Investment (PVT) Ltd.,Sani Securities Company Ltd.,228,732.0,166896.0,2025-07-28T12:19:56.819929
2025-07-28,111275,2025072801014799,EBL,Siprabi Securities Pvt. Ltd.,Sani Securities Company Ltd.,50,732.0,36600.0,2025-07-28T12:19:56.820121
2025-07-28,111274,2025072801014800,EBL,Linch Stock Market Ltd.,Sani Securities Company Ltd.,140,732.0,102480.0,2025-07-28T12:19:56.820213
2025-07-28,111205,2025072801014820,EBL,Vision Securities Pvt. Ltd,Sumeru Securities Pvt. Ltd.,5,730.0,3650.0,2025-07-28T12:20:02.123131
2025-07-28,110739,2025072801014951,EBL,Secured Securities Ltd.,Dynamic Money Managers Securities Pvt. Ltd.,1500,731.3,1096950.0,2025-07-28T12:20:26.014367
2025-07-28,110738,2025072801014952,EBL,Ashutosh Brokerage & Securities (PVT) Ltd.,Dynamic Money Managers Securities Pvt. Ltd.,32,731.1,23395.2,2025-07-28T12:20:26.01464
2025-07-28,110737,2025072801014953,EBL,Trisul Securities & Invt. Ltd.,Dynamic Money Managers Securities Pvt. Ltd.,1000,731.1,731100.0,2025-07-28T12:20:26.014787
2025-07-28,110736,2025072801014954,EBL,Dipshikha Dhitopatra Karobar Co. Pvt Ltd.,Dynamic Money Managers Securities Pvt. Ltd.,1000,731.1,731100.0,2025-07-28T12:20:26.01493
2025-07-28,110157,2025072801015091,EBL,Midas Stock Broking Company Private Limited,Siprabi Securities Pvt. Ltd.,13,731.3,9506.9,2025-07-28T12:20:59.405993
2025-07-28,109018,2025072801015353,EBL,South Asian Bulls Pvt. Ltd.,Aryatara Investment & Securities,50,731.3,36565.0,2025-07-28T12:22:10.30966
2025-07-28,109017,2025072801015354,EBL,South Asian Bulls Pvt. Ltd.,Sani Securities Company Ltd.,52,732.0,38064.0,2025-07-28T12:22:10.30991
2025-07-28,109016,2025072801015355,EBL,South Asian Bulls Pvt. Ltd.,Sumeru Securities Pvt. Ltd.,28,732.0,20496.0,2025-07-28T12:22:10.310152
2025-07-28,108747,2025072801015412,EBL,Kumari Securities Private Limited,Vision Securities Pvt. Ltd,25,731.0,18275.0,2025-07-28T12:22:29.862632
2025-07-28,108746,2025072801015413,EBL,Online Securities Pvt. Ltd.,Vision Securities Pvt. Ltd,200,731.0,146200.0,2025-07-28T12:22:29.862882
2025-07-28,108745,2025072801015414,EBL,Malla & Malla Stock Broking Company Pvt. Limited,Vision Securities Pvt. Ltd,50,731.0,36550.0,2025-07-28T12:22:29.862973
2025-07-28,108744,2025072801015415,EBL,Investment Management Nepal Pvt. Ltd.,Vision Securities Pvt. Ltd,200,730.5,146100.0,2025-07-28T12:22:29.863069
2025-07-28,108743,2025072801015416,EBL,Dynamic Money Managers Securities Pvt. Ltd.,Vision Securities Pvt. Ltd,300,730.3,219090.0,2025-07-28T12:22:29.863168
2025-07-28,108742,2025072801015417,EBL,Oxford Securities Pvt. Ltd.,Vision Securities Pvt. Ltd,1225,730.3,894617.5,2025-07-28T12:22:29.863266
2025-07-28,108329,2025072801015524,EBL,Malla & Malla Stock Broking Company Pvt. Limited,Magnet Securities and Investment Company Private Limited,398,730.2,290619.6,2025-07-28T12:23:00.486061
2025-07-28,108246,2025072801015547,EBL,Malla & Malla Stock Broking Company Pvt. Limited,Sani Securities Company Ltd.,10,730.2,7302.0,2025-07-28T12:23:06.057489
2025-07-28,108084,2025072801015594,EBL,Malla & Malla Stock Broking Company Pvt. Limited,Dynamic Money Managers Securities Pvt. Ltd.,592,730.2,432278.4,2025-07-28T12:23:17.413882
2025-07-28,108083,2025072801015595,EBL,Oxford Securities Pvt. Ltd.,Dynamic Money Managers Securities Pvt. Ltd.,1000,730.1,730100.0,2025-07-28T12:23:17.414125
2025-07-28,108082,2025072801015596,EBL,Oxford Securities Pvt. Ltd.,Dynamic Money Managers Securities Pvt. Ltd.,200,730.1,146020.0,2025-07-28T12:23:17.414226
2025-07-28,108081,2025072801015597,EBL,Sumeru Securities Pvt. Ltd.,Dynamic Money Managers Securities Pvt. Ltd.,100,730.0,73000.0,2025-07-28T12:23:17.414314
2025-07-28,108080,2025072801015598,EBL,Kohinoor Investment & Securities Pvt. Ltd.,Dynamic Money Managers Securities Pvt. Ltd.,500,730.0,365000.0,2025-07-28T12:23:17.414401
2025-07-28,108079,2025072801015599,EBL,Malla & Malla Stock Broking Company Pvt. Limited,Dynamic Money Managers Securities Pvt. Ltd.,200,730.0,146000.0,2025-07-28T12:23:17.414495
2025-07-28,108078,2025072801015600,EBL,Malla & Malla Stock Broking Company Pvt. Limited,Dynamic Money Managers Securities Pvt. Ltd.,20,730.0,14600.0,2025-07-28T12:23:17.414594
2025-07-28,108077,2025072801015601,EBL,Dipshikha Dhitopatra Karobar Co. Pvt Ltd.,Dynamic Money Managers Securities Pvt. Ltd.,100,730.0,73000.0,2025-07-28T12:23:17.414694
2025-07-28,108076,2025072801015602,EBL,Capital Max Securities Ltd,Dynamic Money Managers Securities Pvt. Ltd.,50,730.0,36500.0,2025-07-28T12:23:17.414789
2025-07-28,108075,2025072801015603,EBL,Imperial Securities Company Pvt. Ltd.,Dynamic Money Managers Securities Pvt. Ltd.,1000,730.0,730000.0,2025-07-28T12:23:17.414878
2025-07-28,108074,2025072801015604,EBL,Aryatara Investment & Securities,Dynamic Money Managers Securities Pvt. Ltd.,200,730.0,146000.0,2025-07-28T12:23:17.414969
2025-07-28,108073,2025072801015605,EBL,Sweta Securities Private Limited,Dynamic Money Managers Securities Pvt. Ltd.,950,730.0,693500.0,2025-07-28T12:23:17.415084
2025-07-28,108072,2025072801015606,EBL,Primo Securities (PVT) Ltd.,Dynamic Money Managers Securities Pvt. Ltd.,88,730.0,64240.0,2025-07-28T12:23:17.41519
2025-07-28,107925,2025072801015645,EBL,Primo Securities (PVT) Ltd.,SUN SECURITIES PVT LTD,1400,730.0,1022000.0,2025-07-28T12:23:26.993199
2025-07-28,107816,2025072801015685,EBL,Primo Securities (PVT) Ltd.,Sani Securities Company Ltd.,10,730.0,7300.0,2025-07-28T12:23:32.379661
2025-07-28,107699,2025072801015697,EBL,Dipshikha Dhitopatra Karobar Co. Pvt Ltd.,Arun Securities (PVT) Ltd.,775,731.0,566525.0,2025-07-28T12:23:39.153348
2025-07-28,107698,2025072801015698,EBL,Dipshikha Dhitopatra Karobar Co. Pvt Ltd.,Naasa Securities Co. Ltd.,20,731.0,14620.0,2025-07-28T12:23:39.15357
2025-07-28,107341,2025072801015791,EBL,Siprabi Securities Pvt. Ltd.,Sani Securities Company Ltd.,100,730.0,73000.0,2025-07-28T12:24:05.452329
2025-07-28,107340,2025072801015792,EBL,Siprabi Securities Pvt. Ltd.,Opal Securities Investment (PVT) Ltd.,10,730.0,7300.0,2025-07-28T12:24:05.452575
2025-07-28,107339,2025072801015793,EBL,Siprabi Securities Pvt. Ltd.,Agrawal Securities (PVT) Ltd.,30,730.0,21900.0,2025-07-28T12:24:05.452662
2025-07-28,106868,2025072801015907,EBL,Siprabi Securities Pvt. Ltd.,Siprabi Securities Pvt. Ltd.,47,730.0,34310.0,2025-07-28T12:24:39.730052
2025-07-28,106008,2025072801016155,EBL,Siprabi Securities Pvt. Ltd.,Naasa Securities Co. Ltd.,110,730.0,80300.0,2025-07-28T12:25:41.284084
2025-07-28,105940,2025072801016186,EBL,Kalika Securities Pvt. Ltd.,Nepal Stock House (PVT) Ltd.,192,730.5,140256.0,2025-07-28T12:25:47.261309
2025-07-28,105827,2025072801016211,EBL,Secured Securities Ltd.,Sani Securities Company Ltd.,200,731.0,146200.0,2025-07-28T12:25:57.018731
2025-07-28,105516,2025072801016303,EBL,Agrawal Securities (PVT) Ltd.,Nepal Investment And Securities Trading Private Limited,500,730.0,365000.0,2025-07-28T12:26:20.038706
2025-07-28,105405,2025072801016337,EBL,Sani Securities Company Ltd.,Imperial Securities Company Pvt. Ltd.,10,730.0,7300.0,2025-07-28T12:26:28.05586
2025-07-28,105242,2025072801016377,EBL,Secured Securities Ltd.,Imperial Securities Company Pvt. Ltd.,18,730.0,13140.0,2025-07-28T12:26:40.567134
2025-07-28,105016,2025072801016452,EBL,Bhrikuti Stock Broking Co. Pvt. Ltd.,Kohinoor Investment & Securities Pvt. Ltd.,106,729.0,77274.0,2025-07-28T12:26:55.577832
2025-07-28,105004,2025072801016454,EBL,Secured Securities Ltd.,Naasa Securities Co. Ltd.,10,731.0,7310.0,2025-07-28T12:26:56.140343
2025-07-28,104430,2025072801016646,EBL,N.M.B. SECURITIES LIMITED,Vision Securities Pvt. Ltd,100,730.0,73000.0,2025-07-28T12:27:39.836475
2025-07-28,104429,2025072801016647,EBL,Roadshow securities limited,Vision Securities Pvt. Ltd,1900,729.1,1385290.0,2025-07-28T12:27:39.836737
2025-07-28,104350,2025072801016665,EBL,Secured Securities Ltd.,Aryatara Investment & Securities,123,730.2,89814.6,2025-07-28T12:27:45.663795
2025-07-28,103898,2025072801016753,EBL,Roadshow securities limited,Vision Securities Pvt. Ltd,3000,729.1,2187300.0,2025-07-28T12:28:17.490288
2025-07-28,101552,2025072801017499,EBL,Roadshow securities limited,Dynamic Money Managers Securities Pvt. Ltd.,100,729.1,72910.0,2025-07-28T12:31:16.80792
2025-07-28,101551,2025072801017500,EBL,Dipshikha Dhitopatra Karobar Co. Pvt Ltd.,Dynamic Money Managers Securities Pvt. Ltd.,1000,729.1,729100.0,2025-07-28T12:31:16.80837
2025-07-28,101550,2025072801017501,EBL,Bhrikuti Stock Broking Co. Pvt. Ltd.,Dynamic Money Managers Securities Pvt. Ltd.,1894,729.0,1380726.0,2025-07-28T12:31:16.808637
2025-07-28,100869,2025072801017700,EBL,Kalika Securities Pvt. Ltd.,Malla & Malla Stock Broking Company Pvt. Limited,22,730.0,16060.0,2025-07-28T12:32:14.434224
2025-07-28,100868,2025072801017701,EBL,Kalika Securities Pvt. Ltd.,Sweta Securities Private Limited,278,730.0,202940.0,2025-07-28T12:32:14.434438
2025-07-28,100867,2025072801017702,EBL,Primo Securities (PVT) Ltd.,Sweta Securities Private Limited,2,730.0,1460.0,2025-07-28T12:32:14.434536
2025-07-28,100700,2025072801017747,EBL,Malla & Malla Stock Broking Company Pvt. Limited,Aryatara Investment & Securities,50,730.5,36525.0,2025-07-28T12:32:29.813215
2025-07-28,100699,2025072801017748,EBL,Malla & Malla Stock Broking Company Pvt. Limited,Naasa Securities Co. Ltd.,20,731.0,14620.0,2025-07-28T12:32:29.813648
2025-07-28,100643,2025072801017766,EBL,Thrive Brokerage House Pvt. Ltd,Vision Securities Pvt. Ltd,1,720.0,720.0,2025-07-28T12:32:35.904681
2025-07-28,100500,2025072801017803,EBL,Malla & Malla Stock Broking Company Pvt. Limited,Capital Hub P. Ltd,230,729.2,167716.0,2025-07-28T12:32:45.157217
2025-07-28,100499,2025072801017804,EBL,Dakshinkali Investment & Securities Pvt. Ltd.,Capital Hub P. Ltd,50,729.1,36455.0,2025-07-28T12:32:45.157467
2025-07-28,100498,2025072801017805,EBL,Bhrikuti Stock Broking Co. Pvt. Ltd.,Capital Hub P. Ltd,10,729.0,7290.0,2025-07-28T12:32:45.157562
2025-07-28,100497,2025072801017806,EBL,Sani Securities Company Ltd.,Capital Hub P. Ltd,10,729.0,7290.0,2025-07-28T12:32:45.157663
2025-07-28,100496,2025072801017807,EBL,Sweta Securities Private Limited,Capital Hub P. Ltd,250,729.0,182250.0,2025-07-28T12:32:45.157761
2025-07-28,99891,2025072801017988,EBL,Arun Securities (PVT) Ltd.,Agrawal Securities (PVT) Ltd.,50,730.9,36545.0,2025-07-28T12:33:36.199316
2025-07-28,99890,2025072801017989,EBL,Arun Securities (PVT) Ltd.,Opal Securities Investment (PVT) Ltd.,50,731.9,36595.0,2025-07-28T12:33:36.199577
2025-07-28,99135,2025072801018196,EBL,Sweta Securities Private Limited,Sumeru Securities Pvt. Ltd.,127,732.0,92964.0,2025-07-28T12:34:37.425241
2025-07-28,99134,2025072801018197,EBL,Sweta Securities Private Limited,Vision Securities Pvt. Ltd,73,732.0,53436.0,2025-07-28T12:34:37.425502
2025-07-28,98851,2025072801018256,EBL,Arun Securities (PVT) Ltd.,Hatemalo Financial Services Private Limited,45,731.9,32935.5,2025-07-28T12:35:05.871189
2025-07-28,97544,2025072801018616,EBL,Neev Securities Pvt. Ltd.,Citizens Share Broker Limited,50,730.0,36500.0,2025-07-28T12:36:41.532155
2025-07-28,97543,2025072801018617,EBL,Creative Securities Pvt Ltd,Citizens Share Broker Limited,20,729.6,14592.0,2025-07-28T12:36:41.532555
2025-07-28,97542,2025072801018618,EBL,Sani Securities Company Ltd.,Citizens Share Broker Limited,10,729.5,7295.0,2025-07-28T12:36:41.53265
2025-07-28,97541,2025072801018619,EBL,Dipshikha Dhitopatra Karobar Co. Pvt Ltd.,Citizens Share Broker Limited,1000,729.5,729500.0,2025-07-28T12:36:41.532742
2025-07-28,97540,2025072801018620,EBL,Sweta Securities Private Limited,Citizens Share Broker Limited,250,729.0,182250.0,2025-07-28T12:36:41.532833
2025-07-28,97539,2025072801018621,EBL,Sani Securities Company Ltd.,Citizens Share Broker Limited,10,729.0,7290.0,2025-07-28T12:36:41.532924
2025-07-28,97538,2025072801018622,EBL,Online Securities Pvt. Ltd.,Citizens Share Broker Limited,120,729.0,87480.0,2025-07-28T12:36:41.533021
2025-07-28,97476,2025072801018634,EBL,Online Securities Pvt. Ltd.,Deevyaa Securities & Stock House Pvt. Ltd,400,729.0,291600.0,2025-07-28T12:36:46.824254
2025-07-28,97217,2025072801018717,EBL,Online Securities Pvt. Ltd.,Hatemalo Financial Services Private Limited,85,729.0,61965.0,2025-07-28T12:37:08.982651
2025-07-28,97216,2025072801018718,EBL,Premier Securities Company Ltd.,Hatemalo Financial Services Private Limited,170,729.0,123930.0,2025-07-28T12:37:08.98312
2025-07-28,96434,2025072801018915,EBL,Kohinoor Investment & Securities Pvt. Ltd.,Online Securities Pvt. Ltd.,10,729.0,7290.0,2025-07-28T12:38:10.102223
2025-07-28,96243,2025072801018963,EBL,Naasa Securities Co. Ltd.,Sani Securities Company Ltd.,50,728.0,36400.0,2025-07-28T12:38:25.505074
2025-07-28,96242,2025072801018964,EBL,Naasa Securities Co. Ltd.,Sani Securities Company Ltd.,20,728.0,14560.0,2025-07-28T12:38:25.505158
2025-07-28,96241,2025072801018965,EBL,Sani Securities Company Ltd.,Sani Securities Company Ltd.,10,728.0,7280.0,2025-07-28T12:38:25.505186
2025-07-28,96240,2025072801018966,EBL,Kumari Securities Private Limited,Sani Securities Company Ltd.,25,728.0,18200.0,2025-07-28T12:38:25.505209
2025-07-28,96239,2025072801018967,EBL,Primo Securities (PVT) Ltd.,Sani Securities Company Ltd.,31,728.0,22568.0,2025-07-28T12:38:25.505233
2025-07-28,95752,2025072801019133,EBL,Primo Securities (PVT) Ltd.,Malla & Malla Stock Broking Company Pvt. Limited,19,728.0,13832.0,2025-07-28T12:39:06.399429
2025-07-28,95751,2025072801019134,EBL,Premier Securities Company Ltd.,Malla & Malla Stock Broking Company Pvt. Limited,30,728.0,21840.0,2025-07-28T12:39:06.399686
2025-07-28,95186,2025072801019278,EBL,Aryatara Investment & Securities,Nepal Investment And Securities Trading Private Limited,50,728.0,36400.0,2025-07-28T12:39:45.618802
2025-07-28,95185,2025072801019279,EBL,Dakshinkali Investment & Securities Pvt. Ltd.,Nepal Investment And Securities Trading Private Limited,77,728.0,56056.0,2025-07-28T12:39:45.619087
2025-07-28,94925,2025072801019337,EBL,Kalika Securities Pvt. Ltd.,Online Securities Pvt. Ltd.,25,729.0,18225.0,2025-07-28T12:40:02.371388
2025-07-28,94924,2025072801019338,EBL,Kalika Securities Pvt. Ltd.,Global IME Securities Limited,201,731.0,146931.0,2025-07-28T12:40:02.37166
2025-07-28,94923,2025072801019339,EBL,Kalika Securities Pvt. Ltd.,Vision Securities Pvt. Ltd,675,731.0,493425.0,2025-07-28T12:40:02.371756
2025-07-28,94922,2025072801019340,EBL,Kalika Securities Pvt. Ltd.,Dakshinkali Investment & Securities Pvt. Ltd.,99,731.0,72369.0,2025-07-28T12:40:02.37185
2025-07-28,93348,2025072801019722,EBL,Premier Securities Company Ltd.,Dakshinkali Investment & Securities Pvt. Ltd.,100,731.0,73100.0,2025-07-28T12:41:24.29608
2025-07-28,92817,2025072801019815,EBL,Aryatara Investment & Securities,Vision Securities Pvt. Ltd,427,732.0,312564.0,2025-07-28T12:41:45.85148
2025-07-28,92816,2025072801019816,EBL,Aryatara Investment & Securities,Vision Securities Pvt. Ltd,650,732.0,475800.0,2025-07-28T12:41:45.851925
2025-07-28,92815,2025072801019817,EBL,Aryatara Investment & Securities,Dipshikha Dhitopatra Karobar Co. Pvt Ltd.,1000,732.0,732000.0,2025-07-28T12:41:45.852227
2025-07-28,92814,2025072801019818,EBL,Aryatara Investment & Securities,Agrawal Securities (PVT) Ltd.,80,732.0,58560.0,2025-07-28T12:41:45.852513
2025-07-28,92813,2025072801019819,EBL,Aryatara Investment & Securities,Agrawal Securities (PVT) Ltd.,120,732.0,87840.0,2025-07-28T12:41:45.852803
2025-07-28,92812,2025072801019820,EBL,Aryatara Investment & Securities,Dynamic Money Managers Securities Pvt. Ltd.,394,732.1,288447.4,2025-07-28T12:41:45.85311
2025-07-28,91987,2025072801020045,EBL,Linch Stock Market Ltd.,Dynamic Money Managers Securities Pvt. Ltd.,10,733.0,7330.0,2025-07-28T12:42:29.421075
2025-07-28,91986,2025072801020046,EBL,Kumari Securities Private Limited,Dynamic Money Managers Securities Pvt. Ltd.,96,733.0,70368.0,2025-07-28T12:42:29.42166
2025-07-28,91916,2025072801020073,EBL,KALASH STOCK MARKET PVT. LTD.,Dynamic Money Managers Securities Pvt. Ltd.,151,733.0,110683.0,2025-07-28T12:42:33.897176
2025-07-28,91915,2025072801020074,EBL,KALASH STOCK MARKET PVT. LTD.,Kohinoor Investment & Securities Pvt. Ltd.,30,733.0,21990.0,2025-07-28T12:42:33.897417
2025-07-28,91487,2025072801020197,EBL,KALASH STOCK MARKET PVT. LTD.,Dynamic Money Managers Securities Pvt. Ltd.,37,735.0,27195.0,2025-07-28T12:42:59.886514
2025-07-28,91486,2025072801020198,EBL,KALASH STOCK MARKET PVT. LTD.,Aryatara Investment & Securities,82,735.0,60270.0,2025-07-28T12:42:59.886709
2025-07-28,91395,2025072801020211,EBL,Dakshinkali Investment & Securities Pvt. Ltd.,Kohinoor Investment & Securities Pvt. Ltd.,334,733.0,244822.0,2025-07-28T12:43:05.652605
2025-07-28,91394,2025072801020212,EBL,Aryatara Investment & Securities,Kohinoor Investment & Securities Pvt. Ltd.,328,732.1,240128.8,2025-07-28T12:43:05.652916
2025-07-28,90008,2025072801020574,EBL,Agrawal Securities (PVT) Ltd.,Aryatara Investment & Securities,18,735.0,13230.0,2025-07-28T12:44:45.345385
2025-07-28,90007,2025072801020575,EBL,Agrawal Securities (PVT) Ltd.,Oxford Securities Pvt. Ltd.,100,735.0,73500.0,2025-07-28T12:44:45.345603
2025-07-28,90006,2025072801020576,EBL,Agrawal Securities (PVT) Ltd.,Online Securities Pvt. Ltd.,62,735.0,45570.0,2025-07-28T12:44:45.345699
2025-07-28,90005,2025072801020577,EBL,Agrawal Securities (PVT) Ltd.,Secured Securities Ltd.,148,735.0,108780.0,2025-07-28T12:44:45.345791
2025-07-28,90004,2025072801020578,EBL,Agrawal Securities (PVT) Ltd.,Arun Securities (PVT) Ltd.,11,735.0,8085.0,2025-07-28T12:44:45.345878
2025-07-28,90003,2025072801020579,EBL,Agrawal Securities (PVT) Ltd.,Naasa Securities Co. Ltd.,30,735.0,22050.0,2025-07-28T12:44:45.345967
2025-07-28,89959,2025072801020592,EBL,Dynamic Money Managers Securities Pvt. Ltd.,Dynamic Money Managers Securities Pvt. Ltd.,80,736.0,58880.0,2025-07-28T12:44:51.431347
2025-07-28,89958,2025072801020593,EBL,Dynamic Money Managers Securities Pvt. Ltd.,Secured Securities Ltd.,110,736.0,80960.0,2025-07-28T12:44:51.431402
2025-07-28,89957,2025072801020594,EBL,Dynamic Money Managers Securities Pvt. Ltd.,Siprabi Securities Pvt. Ltd.,273,736.0,200928.0,2025-07-28T12:44:51.431435
2025-07-28,89956,2025072801020595,EBL,Dynamic Money Managers Securities Pvt. Ltd.,Opal Securities Investment (PVT) Ltd.,50,736.9,36845.0,2025-07-28T12:44:51.431466
2025-07-28,89955,2025072801020596,EBL,Dynamic Money Managers Securities Pvt. Ltd.,Midas Stock Broking Company Private Limited,50,737.0,36850.0,2025-07-28T12:44:51.43151
2025-07-28,89954,2025072801020597,EBL,Dynamic Money Managers Securities Pvt. Ltd.,SUN SECURITIES PVT LTD,237,737.0,174669.0,2025-07-28T12:44:51.431532
2025-07-28,88768,2025072801020907,EBL,Siprabi Securities Pvt. Ltd.,Dynamic Money Managers Securities Pvt. Ltd.,35,736.9,25791.5,2025-07-28T12:46:14.728463
2025-07-28,87592,2025072801021221,EBL,Thrive Brokerage House Pvt. Ltd,Dynamic Money Managers Securities Pvt. Ltd.,6,729.0,4374.0,2025-07-28T12:48:04.955701
2025-07-28,84952,2025072801021966,EBL,Kumari Securities Private Limited,Sani Securities Company Ltd.,50,735.0,36750.0,2025-07-28T12:52:50.959103
2025-07-28,84481,2025072801022122,EBL,Aryatara Investment & Securities,Sani Securities Company Ltd.,30,735.0,22050.0,2025-07-28T12:53:30.988221
2025-07-28,83476,2025072801022344,EBL,Linch Stock Market Ltd.,Online Securities Pvt. Ltd.,200,734.0,146800.0,2025-07-28T12:54:47.308577
2025-07-28,83431,2025072801022354,EBL,Dynamic Money Managers Securities Pvt. Ltd.,Online Securities Pvt. Ltd.,300,734.0,220200.0,2025-07-28T12:54:51.872976
2025-07-28,83265,2025072801022402,EBL,Thrive Brokerage House Pvt. Ltd,Sani Securities Company Ltd.,50,735.0,36750.0,2025-07-28T12:55:04.955446
2025-07-28,83050,2025072801022438,EBL,Imperial Securities Company Pvt. Ltd.,Sani Securities Company Ltd.,20,735.0,14700.0,2025-07-28T12:55:26.243688
2025-07-28,83049,2025072801022439,EBL,Imperial Securities Company Pvt. Ltd.,Vision Securities Pvt. Ltd,25,735.0,18375.0,2025-07-28T12:55:26.244163
2025-07-28,82784,2025072801022495,EBL,Dynamic Money Managers Securities Pvt. Ltd.,Sani Securities Company Ltd.,1049,734.0,769966.0,2025-07-28T12:55:47.470807
2025-07-28,82517,2025072801022560,EBL,Imperial Securities Company Pvt. Ltd.,Vision Securities Pvt. Ltd,50,735.0,36750.0,2025-07-28T12:56:13.985305
2025-07-28,82512,2025072801022564,EBL,Dynamic Money Managers Securities Pvt. Ltd.,ABC Securities Private Limited,100,734.0,73400.0,2025-07-28T12:56:14.111681
2025-07-28,82499,2025072801022568,EBL,Dynamic Money Managers Securities Pvt. Ltd.,Dynamic Money Managers Securities Pvt. Ltd.,3551,734.0,2606434.0,2025-07-28T12:56:15.382868
2025-07-28,82498,2025072801022569,EBL,Dynamic Money Managers Securities Pvt. Ltd.,Dynamic Money Managers Securities Pvt. Ltd.,5000,734.0,3670000.0,2025-07-28T12:56:15.383103
2025-07-28,82497,2025072801022570,EBL,Imperial Securities Company Pvt. Ltd.,Dynamic Money Managers Securities Pvt. Ltd.,50,734.0,36700.0,2025-07-28T12:56:15.383201
2025-07-28,82466,2025072801022580,EBL,Nepal Investment And Securities Trading Private Limited,Dynamic Money Managers Securities Pvt. Ltd.,100,734.0,73400.0,2025-07-28T12:56:17.89179
2025-07-28,81909,2025072801022771,EBL,Sani Securities Company Ltd.,Thrive Brokerage House Pvt. Ltd,10,733.0,7330.0,2025-07-28T12:57:11.140626
2025-07-28,81908,2025072801022772,EBL,Trishakti Securities Public Limited,Thrive Brokerage House Pvt. Ltd,90,733.0,65970.0,2025-07-28T12:57:11.140876
2025-07-28,81122,2025072801023001,EBL,Trishakti Securities Public Limited,Thrive Brokerage House Pvt. Ltd,10,733.0,7330.0,2025-07-28T12:58:37.157275
2025-07-28,81121,2025072801023002,EBL,Creative Securities Pvt Ltd,Thrive Brokerage House Pvt. Ltd,10,733.0,7330.0,2025-07-28T12:58:37.157583
2025-07-28,81120,2025072801023003,EBL,Sewa Securities Pvt. Ltd.,Thrive Brokerage House Pvt. Ltd,35,732.8,25648.0,2025-07-28T12:58:37.157681
2025-07-28,80877,2025072801023058,EBL,Vision Securities Pvt. Ltd,Aryatara Investment & Securities,1,720.3,720.3,2025-07-28T12:59:01.582018
2025-07-28,79929,2025072801023323,EBL,Trishakti Securities Public Limited,Citizens Share Broker Limited,10,733.0,7330.0,2025-07-28T13:01:08.588827
2025-07-28,79928,2025072801023324,EBL,Naasa Securities Co. Ltd.,Citizens Share Broker Limited,136,733.0,99688.0,2025-07-28T13:01:08.589358
2025-07-28,79927,2025072801023325,EBL,Sani Securities Company Ltd.,Citizens Share Broker Limited,54,733.0,39582.0,2025-07-28T13:01:08.589665
2025-07-28,79136,2025072801023554,EBL,Sani Securities Company Ltd.,Opal Securities Investment (PVT) Ltd.,46,733.0,33718.0,2025-07-28T13:02:46.285839
2025-07-28,79135,2025072801023555,EBL,Dynamic Money Managers Securities Pvt. Ltd.,Opal Securities Investment (PVT) Ltd.,454,732.7,332645.8,2025-07-28T13:02:46.286379
2025-07-28,79029,2025072801023579,EBL,Dynamic Money Managers Securities Pvt. Ltd.,Opal Securities Investment (PVT) Ltd.,46,732.7,33704.2,2025-07-28T13:02:56.43647
2025-07-28,79028,2025072801023580,EBL,Malla & Malla Stock Broking Company Pvt. Limited,Opal Securities Investment (PVT) Ltd.,100,732.2,73220.0,2025-07-28T13:02:56.436713
2025-07-28,79027,2025072801023581,EBL,Malla & Malla Stock Broking Company Pvt. Limited,Opal Securities Investment (PVT) Ltd.,472,732.2,345598.4,2025-07-28T13:02:56.436818
2025-07-28,78242,2025072801023823,EBL,Malla & Malla Stock Broking Company Pvt. Limited,Thrive Brokerage House Pvt. Ltd,528,732.2,386601.6,2025-07-28T13:04:34.713903
2025-07-28,78241,2025072801023824,EBL,Dipshikha Dhitopatra Karobar Co. Pvt Ltd.,Thrive Brokerage House Pvt. Ltd,172,732.2,125938.4,2025-07-28T13:04:34.714162
2025-07-28,78190,2025072801023832,EBL,Dipshikha Dhitopatra Karobar Co. Pvt Ltd.,Kumari Securities Private Limited,250,732.2,183050.0,2025-07-28T13:04:40.453136
2025-07-28,78183,2025072801023833,EBL,Oxford Securities Pvt. Ltd.,Bhrikuti Stock Broking Co. Pvt. Ltd.,500,733.0,366500.0,2025-07-28T13:04:41.001018
2025-07-28,78112,2025072801023864,EBL,Oxford Securities Pvt. Ltd.,Bhrikuti Stock Broking Co. Pvt. Ltd.,500,733.0,366500.0,2025-07-28T13:04:50.543532
2025-07-28,78078,2025072801023880,EBL,Oxford Securities Pvt. Ltd.,Bhrikuti Stock Broking Co. Pvt. Ltd.,500,733.0,366500.0,2025-07-28T13:04:56.2034
2025-07-28,78044,2025072801023892,EBL,Oxford Securities Pvt. Ltd.,Bhrikuti Stock Broking Co. Pvt. Ltd.,500,733.0,366500.0,2025-07-28T13:05:02.49194
2025-07-28,77875,2025072801023971,EBL,Dipshikha Dhitopatra Karobar Co. Pvt Ltd.,Nepal Stock House (PVT) Ltd.,70,732.2,51254.0,2025-07-28T13:05:24.095683
2025-07-28,77770,2025072801023997,EBL,Aryatara Investment & Securities,Dipshikha Dhitopatra Karobar Co. Pvt Ltd.,2000,732.1,1464200.0,2025-07-28T13:05:39.472592
2025-07-28,77658,2025072801024044,EBL,Nepal Investment And Securities Trading Private Limited,Dipshikha Dhitopatra Karobar Co. Pvt Ltd.,20,732.0,14640.0,2025-07-28T13:05:54.828865
2025-07-28,77657,2025072801024045,EBL,Creative Securities Pvt Ltd,Dipshikha Dhitopatra Karobar Co. Pvt Ltd.,10,732.0,7320.0,2025-07-28T13:05:54.82936
2025-07-28,77656,2025072801024046,EBL,Premier Securities Company Ltd.,Dipshikha Dhitopatra Karobar Co. Pvt Ltd.,650,732.0,475800.0,2025-07-28T13:05:54.829656
2025-07-28,77655,2025072801024047,EBL,J.F. Securites (PVT) Ltd.,Dipshikha Dhitopatra Karobar Co. Pvt Ltd.,10,731.0,7310.0,2025-07-28T13:05:54.829939
2025-07-28,77654,2025072801024048,EBL,Trisul Securities & Invt. Ltd.,Dipshikha Dhitopatra Karobar Co. Pvt Ltd.,20,731.0,14620.0,2025-07-28T13:05:54.830284
2025-07-28,77653,2025072801024049,EBL,Creative Securities Pvt Ltd,Dipshikha Dhitopatra Karobar Co. Pvt Ltd.,10,731.0,7310.0,2025-07-28T13:05:54.830577
2025-07-28,77652,2025072801024050,EBL,Premier Securities Company Ltd.,Dipshikha Dhitopatra Karobar Co. Pvt Ltd.,280,731.0,204680.0,2025-07-28T13:05:54.830866
2025-07-28,77444,2025072801024112,EBL,Premier Securities Company Ltd.,Dipshikha Dhitopatra Karobar Co. Pvt Ltd.,20,731.0,14620.0,2025-07-28T13:06:19.053753
2025-07-28,77408,2025072801024126,EBL,Vision Securities Pvt. Ltd,Aryatara Investment & Securities,200,732.1,146420.0,2025-07-28T13:06:23.89035
2025-07-28,77155,2025072801024199,EBL,Online Securities Pvt. Ltd.,Bhrikuti Stock Broking Co. Pvt. Ltd.,10,733.0,7330.0,2025-07-28T13:06:58.239112
2025-07-28,76936,2025072801024257,EBL,Thrive Brokerage House Pvt. Ltd,Sani Securities Company Ltd.,6,720.0,4320.0,2025-07-28T13:07:27.945592
2025-07-28,76350,2025072801024430,EBL,Aryatara Investment & Securities,Sani Securities Company Ltd.,50,732.5,36625.0,2025-07-28T13:08:52.102415
2025-07-28,76223,2025072801024463,EBL,Dakshinkali Investment & Securities Pvt. Ltd.,Dakshinkali Investment & Securities Pvt. Ltd.,1,731.0,731.0,2025-07-28T13:09:09.50258
2025-07-28,76081,2025072801024504,EBL,Dakshinkali Investment & Securities Pvt. Ltd.,Siprabi Securities Pvt. Ltd.,3,731.3,2193.9,2025-07-28T13:09:30.668709
2025-07-28,75992,2025072801024533,EBL,ABC Securities Private Limited,Online Securities Pvt. Ltd.,10,732.0,7320.0,2025-07-28T13:09:48.297139
2025-07-28,75963,2025072801024539,EBL,Dakshinkali Investment & Securities Pvt. Ltd.,Primo Securities (PVT) Ltd.,6,732.0,4392.0,2025-07-28T13:09:52.946322
2025-07-28,75845,2025072801024566,EBL,Siprabi Securities Pvt. Ltd.,Sani Securities Company Ltd.,25,732.5,18312.5,2025-07-28T13:10:17.948249
2025-07-28,75827,2025072801024571,EBL,ABC Securities Private Limited,Trisul Securities & Invt. Ltd.,22,732.0,16104.0,2025-07-28T13:10:20.701221
2025-07-28,75664,2025072801024607,EBL,ABC Securities Private Limited,Imperial Securities Company Pvt. Ltd.,18,732.0,13176.0,2025-07-28T13:10:48.145511
2025-07-28,75533,2025072801024643,EBL,Dynamic Money Managers Securities Pvt. Ltd.,Imperial Securities Company Pvt. Ltd.,50,731.1,36555.0,2025-07-28T13:11:10.614784
2025-07-28,75290,2025072801024698,EBL,Dynamic Money Managers Securities Pvt. Ltd.,Imperial Securities Company Pvt. Ltd.,50,731.1,36555.0,2025-07-28T13:11:52.829211
2025-07-28,75282,2025072801024702,EBL,Dynamic Money Managers Securities Pvt. Ltd.,Asian Securities Private Ltd.,15,731.1,10966.5,2025-07-28T13:11:53.806517
2025-07-28,75223,2025072801024722,EBL,Siprabi Securities Pvt. Ltd.,Deevyaa Securities & Stock House Pvt. Ltd,3,730.0,2190.0,2025-07-28T13:12:04.549098
2025-07-28,75082,2025072801024759,EBL,Dynamic Money Managers Securities Pvt. Ltd.,Imperial Securities Company Pvt. Ltd.,50,731.1,36555.0,2025-07-28T13:12:20.073572
2025-07-28,74627,2025072801024871,EBL,Dakshinkali Investment & Securities Pvt. Ltd.,Premier Securities Company Ltd.,2,731.0,1462.0,2025-07-28T13:13:19.292513
2025-07-28,74497,2025072801024907,EBL,Dipshikha Dhitopatra Karobar Co. Pvt Ltd.,Trisul Securities & Invt. Ltd.,100,732.4,73240.0,2025-07-28T13:13:37.964349
2025-07-28,74496,2025072801024908,EBL,Dipshikha Dhitopatra Karobar Co. Pvt Ltd.,Dipshikha Dhitopatra Karobar Co. Pvt Ltd.,900,732.4,659160.0,2025-07-28T13:13:37.964835
2025-07-28,74153,2025072801024985,EBL,Imperial Securities Company Pvt. Ltd.,Dipshikha Dhitopatra Karobar Co. Pvt Ltd.,100,732.4,73240.0,2025-07-28T13:14:27.497467
2025-07-28,73916,2025072801025045,EBL,Malla & Malla Stock Broking Company Pvt. Limited,Imperial Securities Company Pvt. Ltd.,100,731.5,73150.0,2025-07-28T13:14:59.667706
2025-07-28,73711,2025072801025105,EBL,Trisul Securities & Invt. Ltd.,Imperial Securities Company Pvt. Ltd.,50,731.5,36575.0,2025-07-28T13:15:28.001236
2025-07-28,73538,2025072801025161,EBL,Kumari Securities Private Limited,Imperial Securities Company Pvt. Ltd.,150,731.5,109725.0,2025-07-28T13:15:53.578314
2025-07-28,73309,2025072801025210,EBL,Neev Securities Pvt. Ltd.,Magnet Securities and Investment Company Private Limited,10,731.3,7313.0,2025-07-28T13:16:12.039099
2025-07-28,72996,2025072801025299,EBL,Midas Stock Broking Company Private Limited,Imperial Securities Company Pvt. Ltd.,50,731.5,36575.0,2025-07-28T13:16:56.899124
2025-07-28,72974,2025072801025302,EBL,Malla & Malla Stock Broking Company Pvt. Limited,Imperial Securities Company Pvt. Ltd.,120,731.5,87780.0,2025-07-28T13:16:58.993712
2025-07-28,72945,2025072801025310,EBL,Dipshikha Dhitopatra Karobar Co. Pvt Ltd.,Imperial Securities Company Pvt. Ltd.,100,731.5,73150.0,2025-07-28T13:17:04.707373
2025-07-28,72904,2025072801025323,EBL,Kumari Securities Private Limited,Imperial Securities Company Pvt. Ltd.,20,731.5,14630.0,2025-07-28T13:17:12.687268
2025-07-28,72821,2025072801025348,EBL,Kumari Securities Private Limited,Imperial Securities Company Pvt. Ltd.,30,731.5,21945.0,2025-07-28T13:17:23.88945
2025-07-28,72747,2025072801025371,EBL,Neev Securities Pvt. Ltd.,Imperial Securities Company Pvt. Ltd.,40,731.5,29260.0,2025-07-28T13:17:33.623985
2025-07-28,72726,2025072801025376,EBL,Dynamic Money Managers Securities Pvt. Ltd.,Imperial Securities Company Pvt. Ltd.,1000,731.5,731500.0,2025-07-28T13:17:36.137356
2025-07-28,72617,2025072801025414,EBL,Kumari Securities Private Limited,Imperial Securities Company Pvt. Ltd.,270,731.5,197505.0,2025-07-28T13:17:50.44935
2025-07-28,72612,2025072801025415,EBL,Premier Securities Company Ltd.,Imperial Securities Company Pvt. Ltd.,490,731.5,358435.0,2025-07-28T13:17:50.965037
2025-07-28,72358,2025072801025478,EBL,Nepal Stock House (PVT) Ltd.,Sani Securities Company Ltd.,225,732.5,164812.5,2025-07-28T13:18:24.070319
2025-07-28,72357,2025072801025479,EBL,Nepal Stock House (PVT) Ltd.,Imperial Securities Company Pvt. Ltd.,50,732.5,36625.0,2025-07-28T13:18:24.070611
2025-07-28,72253,2025072801025502,EBL,ABC Securities Private Limited,Bhrikuti Stock Broking Co. Pvt. Ltd.,100,733.0,73300.0,2025-07-28T13:18:38.904313
2025-07-28,72101,2025072801025533,EBL,Nepal Stock House (PVT) Ltd.,Bhrikuti Stock Broking Co. Pvt. Ltd.,725,733.0,531425.0,2025-07-28T13:18:57.908138
2025-07-28,71359,2025072801025702,EBL,Dakshinkali Investment & Securities Pvt. Ltd.,Bhrikuti Stock Broking Co. Pvt. Ltd.,25,733.0,18325.0,2025-07-28T13:20:34.444225
2025-07-28,71358,2025072801025703,EBL,Dakshinkali Investment & Securities Pvt. Ltd.,Online Securities Pvt. Ltd.,25,733.0,18325.0,2025-07-28T13:20:34.444531
2025-07-28,71357,2025072801025704,EBL,Dakshinkali Investment & Securities Pvt. Ltd.,Nepal Investment And Securities Trading Private Limited,100,733.0,73300.0,2025-07-28T13:20:34.444641
2025-07-28,71356,2025072801025705,EBL,Dakshinkali Investment & Securities Pvt. Ltd.,Sri Hari Securities Pvt. Ltd.,100,733.0,73300.0,2025-07-28T13:20:34.444785
2025-07-28,70790,2025072801025852,EBL,Dynamic Money Managers Securities Pvt. Ltd.,ABC Securities Private Limited,50,733.5,36675.0,2025-07-28T13:22:07.534696
2025-07-28,70644,2025072801025892,EBL,Dynamic Money Managers Securities Pvt. Ltd.,Nepal Stock House (PVT) Ltd.,68,734.0,49912.0,2025-07-28T13:22:25.144291
2025-07-28,70643,2025072801025893,EBL,Dynamic Money Managers Securities Pvt. Ltd.,Secured Securities Ltd.,32,734.0,23488.0,2025-07-28T13:22:25.144535
2025-07-28,69766,2025072801026158,EBL,Malla & Malla Stock Broking Company Pvt. Limited,Secured Securities Ltd.,10,734.0,7340.0,2025-07-28T13:24:04.511614
2025-07-28,69373,2025072801026242,EBL,Sweta Securities Private Limited,ABC Securities Private Limited,18,734.0,13212.0,2025-07-28T13:24:31.175594
2025-07-28,68773,2025072801026388,EBL,ABC Securities Private Limited,Sani Securities Company Ltd.,50,734.0,36700.0,2025-07-28T13:25:39.337749
2025-07-28,68465,2025072801026489,EBL,Imperial Securities Company Pvt. Ltd.,Sani Securities Company Ltd.,500,734.3,367150.0,2025-07-28T13:26:13.390758
2025-07-28,68183,2025072801026566,EBL,Dakshinkali Investment & Securities Pvt. Ltd.,Sani Securities Company Ltd.,50,734.5,36725.0,2025-07-28T13:26:38.84093
2025-07-28,68102,2025072801026589,EBL,Trisul Securities & Invt. Ltd.,Sani Securities Company Ltd.,250,734.5,183625.0,2025-07-28T13:26:47.770621
2025-07-28,67665,2025072801026675,EBL,Creative Securities Pvt Ltd,Sani Securities Company Ltd.,50,734.5,36725.0,2025-07-28T13:27:27.080299
2025-07-28,67631,2025072801026699,EBL,Trishakti Securities Public Limited,Sani Securities Company Ltd.,10,734.5,7345.0,2025-07-28T13:27:28.271689
2025-07-28,67599,2025072801026710,EBL,Imperial Securities Company Pvt. Ltd.,Sani Securities Company Ltd.,140,734.5,102830.0,2025-07-28T13:27:31.48051
2025-07-28,66967,2025072801026862,EBL,Garima Securities Limited,Vision Securities Pvt. Ltd,50,735.0,36750.0,2025-07-28T13:28:29.631848
2025-07-28,66917,2025072801026883,EBL,Siprabi Securities Pvt. Ltd.,Vision Securities Pvt. Ltd,15,735.0,11025.0,2025-07-28T13:28:36.369407
2025-07-28,66866,2025072801026890,EBL,Aryatara Investment & Securities,Naasa Securities Co. Ltd.,1,732.1,732.1,2025-07-28T13:28:40.464678
2025-07-28,66787,2025072801026920,EBL,Imperial Securities Company Pvt. Ltd.,Vision Securities Pvt. Ltd,35,735.0,25725.0,2025-07-28T13:28:48.098246
2025-07-28,66786,2025072801026921,EBL,Imperial Securities Company Pvt. Ltd.,Linch Stock Market Ltd.,50,735.0,36750.0,2025-07-28T13:28:48.098531
2025-07-28,66785,2025072801026922,EBL,Imperial Securities Company Pvt. Ltd.,Siprabi Securities Pvt. Ltd.,47,735.0,34545.0,2025-07-28T13:28:48.098657
2025-07-28,66784,2025072801026923,EBL,Imperial Securities Company Pvt. Ltd.,Dipshikha Dhitopatra Karobar Co. Pvt Ltd.,168,735.0,123480.0,2025-07-28T13:28:48.09877
2025-07-28,66757,2025072801026932,EBL,Trisul Securities & Invt. Ltd.,Dipshikha Dhitopatra Karobar Co. Pvt Ltd.,1000,735.0,735000.0,2025-07-28T13:28:51.422833
2025-07-28,66087,2025072801027146,EBL,ABC Securities Private Limited,Dipshikha Dhitopatra Karobar Co. Pvt Ltd.,100,735.0,73500.0,2025-07-28T13:29:56.456515
2025-07-28,65846,2025072801027210,EBL,Siprabi Securities Pvt. Ltd.,Dipshikha Dhitopatra Karobar Co. Pvt Ltd.,671,735.0,493185.0,2025-07-28T13:30:17.490143
2025-07-28,65249,2025072801027320,EBL,Dakshinkali Investment & Securities Pvt. Ltd.,Primo Securities (PVT) Ltd.,4,732.0,2928.0,2025-07-28T13:31:03.208199
2025-07-28,65192,2025072801027325,EBL,Aryatara Investment & Securities,Dipshikha Dhitopatra Karobar Co. Pvt Ltd.,25,735.0,18375.0,2025-07-28T13:31:05.509142
2025-07-28,65135,2025072801027339,EBL,Linch Stock Market Ltd.,Dipshikha Dhitopatra Karobar Co. Pvt Ltd.,36,735.0,26460.0,2025-07-28T13:31:10.833329
2025-07-28,64889,2025072801027449,EBL,Linch Stock Market Ltd.,Neev Securities Pvt. Ltd.,64,735.0,47040.0,2025-07-28T13:31:25.161732
2025-07-28,64113,2025072801027597,EBL,Secured Securities Ltd.,Neev Securities Pvt. Ltd.,11,735.0,8085.0,2025-07-28T13:32:30.585277
2025-07-28,63512,2025072801027719,EBL,Aryatara Investment & Securities,Dynamic Money Managers Securities Pvt. Ltd.,65,736.9,47898.5,2025-07-28T13:33:19.068688
2025-07-28,63511,2025072801027720,EBL,Aryatara Investment & Securities,SUN SECURITIES PVT LTD,763,736.9,562254.7,2025-07-28T13:33:19.069001
2025-07-28,63135,2025072801027779,EBL,Kohinoor Investment & Securities Pvt. Ltd.,Capital Max Securities Ltd,1000,737.0,737000.0,2025-07-28T13:33:49.400031
2025-07-28,63103,2025072801027780,EBL,Secured Securities Ltd.,Market Securities & Exchange (PVT) Ltd.,449,735.0,330015.0,2025-07-28T13:33:52.494955
2025-07-28,63059,2025072801027788,EBL,Naasa Securities Co. Ltd.,Thrive Brokerage House Pvt. Ltd,10,737.0,7370.0,2025-07-28T13:33:56.007618
2025-07-28,62214,2025072801027939,EBL,Dakshinkali Investment & Securities Pvt. Ltd.,Kumari Securities Private Limited,1,731.0,731.0,2025-07-28T13:35:03.630635
2025-07-28,61866,2025072801028034,EBL,Trisul Securities & Invt. Ltd.,Thrive Brokerage House Pvt. Ltd,94,737.0,69278.0,2025-07-28T13:35:35.803483
2025-07-28,60386,2025072801028434,EBL,Trisul Securities & Invt. Ltd.,Ashutosh Brokerage & Securities (PVT) Ltd.,246,737.0,181302.0,2025-07-28T13:37:19.165075
2025-07-28,60385,2025072801028435,EBL,Secured Securities Ltd.,Ashutosh Brokerage & Securities (PVT) Ltd.,40,735.0,29400.0,2025-07-28T13:37:19.165124
2025-07-28,60384,2025072801028436,EBL,Pragyan Securities (PVT) Ltd.,Ashutosh Brokerage & Securities (PVT) Ltd.,10,735.0,7350.0,2025-07-28T13:37:19.165151
2025-07-28,60383,2025072801028437,EBL,Vision Securities Pvt. Ltd,Ashutosh Brokerage & Securities (PVT) Ltd.,50,735.0,36750.0,2025-07-28T13:37:19.165177
2025-07-28,60382,2025072801028438,EBL,Naasa Securities Co. Ltd.,Ashutosh Brokerage & Securities (PVT) Ltd.,25,735.0,18375.0,2025-07-28T13:37:19.165217
2025-07-28,60381,2025072801028439,EBL,ABC Securities Private Limited,Ashutosh Brokerage & Securities (PVT) Ltd.,50,735.0,36750.0,2025-07-28T13:37:19.165242
2025-07-28,60380,2025072801028440,EBL,Oxford Securities Pvt. Ltd.,Ashutosh Brokerage & Securities (PVT) Ltd.,42,735.0,30870.0,2025-07-28T13:37:19.165267
2025-07-28,60251,2025072801028493,EBL,Naasa Securities Co. Ltd.,Dynamic Money Managers Securities Pvt. Ltd.,10,737.8,7378.0,2025-07-28T13:37:27.025919
2025-07-28,60205,2025072801028514,EBL,Oxford Securities Pvt. Ltd.,Ashutosh Brokerage & Securities (PVT) Ltd.,58,735.0,42630.0,2025-07-28T13:37:31.692482
2025-07-28,60204,2025072801028515,EBL,Linch Stock Market Ltd.,Ashutosh Brokerage & Securities (PVT) Ltd.,50,735.0,36750.0,2025-07-28T13:37:31.692634
2025-07-28,60203,2025072801028516,EBL,Thrive Brokerage House Pvt. Ltd,Ashutosh Brokerage & Securities (PVT) Ltd.,100,735.0,73500.0,2025-07-28T13:37:31.692716
2025-07-28,60202,2025072801028517,EBL,Online Securities Pvt. Ltd.,Ashutosh Brokerage & Securities (PVT) Ltd.,292,735.0,214620.0,2025-07-28T13:37:31.692793
2025-07-28,59107,2025072801028797,EBL,Naasa Securities Co. Ltd.,Dynamic Money Managers Securities Pvt. Ltd.,10,737.8,7378.0,2025-07-28T13:38:58.008673
2025-07-28,59013,2025072801028813,EBL,Agrawal Securities (PVT) Ltd.,Dynamic Money Managers Securities Pvt. Ltd.,80,737.8,59024.0,2025-07-28T13:39:03.836751
2025-07-28,58894,2025072801028842,EBL,Kumari Securities Private Limited,Linch Stock Market Ltd.,50,737.9,36895.0,2025-07-28T13:39:12.386374
2025-07-28,58799,2025072801028868,EBL,Agrawal Securities (PVT) Ltd.,Linch Stock Market Ltd.,10,737.9,7379.0,2025-07-28T13:39:21.797783
2025-07-28,58220,2025072801028999,EBL,Trishakti Securities Public Limited,Linch Stock Market Ltd.,40,737.9,29516.0,2025-07-28T13:40:11.405723
2025-07-28,58219,2025072801029000,EBL,Trishakti Securities Public Limited,Sani Securities Company Ltd.,230,737.9,169717.0,2025-07-28T13:40:11.406393
2025-07-28,57962,2025072801029082,EBL,Vision Securities Pvt. Ltd,Kumari Securities Private Limited,100,738.0,73800.0,2025-07-28T13:40:34.269689
2025-07-28,57961,2025072801029083,EBL,Vision Securities Pvt. Ltd,Imperial Securities Company Pvt. Ltd.,68,738.0,50184.0,2025-07-28T13:40:34.270004
2025-07-28,57960,2025072801029084,EBL,Vision Securities Pvt. Ltd,Bhrikuti Stock Broking Co. Pvt. Ltd.,80,738.0,59040.0,2025-07-28T13:40:34.270128
2025-07-28,57959,2025072801029085,EBL,Vision Securities Pvt. Ltd,Sri Hari Securities Pvt. Ltd.,55,738.0,40590.0,2025-07-28T13:40:34.270239
2025-07-28,57958,2025072801029086,EBL,Vision Securities Pvt. Ltd,Aryatara Investment & Securities,197,738.0,145386.0,2025-07-28T13:40:34.270349
2025-07-28,56085,2025072801029611,EBL,Naasa Securities Co. Ltd.,Naasa Securities Co. Ltd.,60,738.0,44280.0,2025-07-28T13:43:16.7842
2025-07-28,55883,2025072801029674,EBL,Sundhara Securities Limited,Midas Stock Broking Company Private Limited,100,738.9,73890.0,2025-07-28T13:43:38.835881
2025-07-28,55725,2025072801029727,EBL,Dynamic Money Managers Securities Pvt. Ltd.,Aryatara Investment & Securities,1,737.0,737.0,2025-07-28T13:43:52.569034
2025-07-28,55582,2025072801029795,EBL,Naasa Securities Co. Ltd.,Secured Securities Ltd.,9,734.0,6606.0,2025-07-28T13:44:01.144803
2025-07-28,55480,2025072801029819,EBL,Sundhara Securities Limited,Premier Securities Company Ltd.,40,739.0,29560.0,2025-07-28T13:44:10.871189
2025-07-28,55439,2025072801029833,EBL,Naasa Securities Co. Ltd.,Malla & Malla Stock Broking Company Pvt. Limited,1,734.0,734.0,2025-07-28T13:44:17.144862
2025-07-28,55181,2025072801029862,EBL,Naasa Securities Co. Ltd.,Imperial Securities Company Pvt. Ltd.,4,734.5,2938.0,2025-07-28T13:44:39.66162
2025-07-28,54598,2025072801029976,EBL,Naasa Securities Co. Ltd.,Secured Securities Ltd.,1,735.0,735.0,2025-07-28T13:45:37.439444
2025-07-28,54525,2025072801029996,EBL,Naasa Securities Co. Ltd.,Trishakti Securities Public Limited,2,735.0,1470.0,2025-07-28T13:45:44.785815
2025-07-28,54504,2025072801030001,EBL,Kumari Securities Private Limited,Premier Securities Company Ltd.,10,739.0,7390.0,2025-07-28T13:45:48.136097
2025-07-28,54503,2025072801030002,EBL,Kumari Securities Private Limited,Dipshikha Dhitopatra Karobar Co. Pvt Ltd.,740,739.0,546860.0,2025-07-28T13:45:48.136354
2025-07-28,54373,2025072801030034,EBL,Kumari Securities Private Limited,Dipshikha Dhitopatra Karobar Co. Pvt Ltd.,70,739.0,51730.0,2025-07-28T13:45:57.891667
2025-07-28,54105,2025072801030111,EBL,Trishakti Securities Public Limited,Sani Securities Company Ltd.,50,738.1,36905.0,2025-07-28T13:46:17.076002
2025-07-28,52749,2025072801030505,EBL,Online Securities Pvt. Ltd.,Market Securities & Exchange (PVT) Ltd.,200,738.5,147700.0,2025-07-28T13:47:59.779171
2025-07-28,52171,2025072801030724,EBL,Naasa Securities Co. Ltd.,Dipshikha Dhitopatra Karobar Co. Pvt Ltd.,82,739.0,60598.0,2025-07-28T13:48:45.327198
2025-07-28,51840,2025072801030771,EBL,Opal Securities Investment (PVT) Ltd.,Dipshikha Dhitopatra Karobar Co. Pvt Ltd.,50,739.0,36950.0,2025-07-28T13:49:04.902459
2025-07-28,51668,2025072801030814,EBL,Sani Securities Company Ltd.,Dipshikha Dhitopatra Karobar Co. Pvt Ltd.,10,739.0,7390.0,2025-07-28T13:49:16.326148
2025-07-28,51586,2025072801030825,EBL,Trishakti Securities Public Limited,Dipshikha Dhitopatra Karobar Co. Pvt Ltd.,180,739.0,133020.0,2025-07-28T13:49:23.273766
2025-07-28,51549,2025072801030832,EBL,Naasa Securities Co. Ltd.,Dipshikha Dhitopatra Karobar Co. Pvt Ltd.,29,739.0,21431.0,2025-07-28T13:49:27.051336
2025-07-28,51132,2025072801030972,EBL,Trishakti Securities Public Limited,Dipshikha Dhitopatra Karobar Co. Pvt Ltd.,500,739.0,369500.0,2025-07-28T13:49:56.709172
2025-07-28,51112,2025072801030976,EBL,Online Securities Pvt. Ltd.,Dipshikha Dhitopatra Karobar Co. Pvt Ltd.,10,739.0,7390.0,2025-07-28T13:49:58.96322
2025-07-28,50989,2025072801031007,EBL,Vision Securities Pvt. Ltd,Dipshikha Dhitopatra Karobar Co. Pvt Ltd.,50,739.0,36950.0,2025-07-28T13:50:04.938721
2025-07-28,50814,2025072801031043,EBL,ABC Securities Private Limited,Dipshikha Dhitopatra Karobar Co. Pvt Ltd.,50,739.0,36950.0,2025-07-28T13:50:25.29648
2025-07-28,47093,2025072801032143,EBL,Thrive Brokerage House Pvt. Ltd,Trisul Securities & Invt. Ltd.,50,738.5,36925.0,2025-07-28T13:53:40.180079
2025-07-28,47092,2025072801032144,EBL,Thrive Brokerage House Pvt. Ltd,Trisul Securities & Invt. Ltd.,50,738.5,36925.0,2025-07-28T13:53:40.180355
2025-07-28,46797,2025072801032201,EBL,Neev Securities Pvt. Ltd.,Sundhara Securities Limited,50,738.2,36910.0,2025-07-28T13:53:53.629919
2025-07-28,46796,2025072801032202,EBL,Nepal Investment And Securities Trading Private Limited,Sundhara Securities Limited,20,738.1,14762.0,2025-07-28T13:53:53.630457
2025-07-28,45573,2025072801032542,EBL,Agrawal Securities (PVT) Ltd.,Dynamic Money Managers Securities Pvt. Ltd.,10,737.8,7378.0,2025-07-28T13:55:01.372022
2025-07-28,45572,2025072801032543,EBL,Investment Management Nepal Pvt. Ltd.,Dynamic Money Managers Securities Pvt. Ltd.,500,736.0,368000.0,2025-07-28T13:55:01.372584
2025-07-28,45571,2025072801032544,EBL,Imperial Securities Company Pvt. Ltd.,Dynamic Money Managers Securities Pvt. Ltd.,300,736.0,220800.0,2025-07-28T13:55:01.372929
2025-07-28,45570,2025072801032545,EBL,Dynamic Money Managers Securities Pvt. Ltd.,Dynamic Money Managers Securities Pvt. Ltd.,1000,735.1,735100.0,2025-07-28T13:55:01.373321
2025-07-28,45569,2025072801032546,EBL,Dynamic Money Managers Securities Pvt. Ltd.,Dynamic Money Managers Securities Pvt. Ltd.,300,735.0,220500.0,2025-07-28T13:55:01.373693
2025-07-28,45568,2025072801032547,EBL,Trademow Securities Private Limited,Dynamic Money Managers Securities Pvt. Ltd.,500,735.0,367500.0,2025-07-28T13:55:01.374046
2025-07-28,45567,2025072801032548,EBL,Vision Securities Pvt. Ltd,Dynamic Money Managers Securities Pvt. Ltd.,500,735.0,367500.0,2025-07-28T13:55:01.374367
2025-07-28,45566,2025072801032549,EBL,Sani Securities Company Ltd.,Dynamic Money Managers Securities Pvt. Ltd.,100,735.0,73500.0,2025-07-28T13:55:01.374686
2025-07-28,45565,2025072801032550,EBL,Trishakti Securities Public Limited,Dynamic Money Managers Securities Pvt. Ltd.,100,735.0,73500.0,2025-07-28T13:55:01.375009
2025-07-28,45564,2025072801032551,EBL,Linch Stock Market Ltd.,Dynamic Money Managers Securities Pvt. Ltd.,200,735.0,147000.0,2025-07-28T13:55:01.375354
2025-07-28,45563,2025072801032552,EBL,Premier Securities Company Ltd.,Dynamic Money Managers Securities Pvt. Ltd.,300,735.0,220500.0,2025-07-28T13:55:01.375687
2025-07-28,45316,2025072801032643,EBL,Imperial Securities Company Pvt. Ltd.,MILKY WAY SHARE BROKER COMPANY LTD ,60,734.5,44070.0,2025-07-28T13:55:18.274728
2025-07-28,45315,2025072801032644,EBL,Secured Securities Ltd.,MILKY WAY SHARE BROKER COMPANY LTD ,600,734.0,440400.0,2025-07-28T13:55:18.275009
2025-07-28,45314,2025072801032645,EBL,ABC Securities Private Limited,MILKY WAY SHARE BROKER COMPANY LTD ,340,734.0,249560.0,2025-07-28T13:55:18.275151
2025-07-28,45052,2025072801032735,EBL,ABC Securities Private Limited,Trisul Securities & Invt. Ltd.,21,734.0,15414.0,2025-07-28T13:55:39.422321
2025-07-28,44778,2025072801032814,EBL,Midas Stock Broking Company Private Limited,Sundhara Securities Limited,33,734.1,24225.3,2025-07-28T13:55:56.730453
2025-07-28,44768,2025072801032816,EBL,Linch Stock Market Ltd.,Aryatara Investment & Securities,1,723.4,723.4,2025-07-28T13:55:57.156831
2025-07-28,44372,2025072801032955,EBL,Midas Stock Broking Company Private Limited,Market Securities & Exchange (PVT) Ltd.,500,734.1,367050.0,2025-07-28T13:56:30.906524
2025-07-28,44339,2025072801032964,EBL,Midas Stock Broking Company Private Limited,Primo Securities (PVT) Ltd.,62,734.1,45514.2,2025-07-28T13:56:35.015342
2025-07-28,44228,2025072801032982,EBL,Sewa Securities Pvt. Ltd.,Primo Securities (PVT) Ltd.,10,734.1,7341.0,2025-07-28T13:56:44.731968
2025-07-28,44205,2025072801032993,EBL,Thrive Brokerage House Pvt. Ltd,Primo Securities (PVT) Ltd.,100,734.1,73410.0,2025-07-28T13:56:49.118739
2025-07-28,44204,2025072801032994,EBL,ABC Securities Private Limited,Asian Securities Private Ltd.,100,734.0,73400.0,2025-07-28T13:56:49.167573
2025-07-28,43892,2025072801033080,EBL,ABC Securities Private Limited,Primo Securities (PVT) Ltd.,39,734.0,28626.0,2025-07-28T13:57:22.043332
2025-07-28,43891,2025072801033081,EBL,Dakshinkali Investment & Securities Pvt. Ltd.,Primo Securities (PVT) Ltd.,189,733.6,138650.4,2025-07-28T13:57:22.043646
2025-07-28,42914,2025072801033388,EBL,Sewa Securities Pvt. Ltd.,Agrawal Securities (PVT) Ltd.,10,734.0,7340.0,2025-07-28T13:59:17.44052
2025-07-28,42576,2025072801033477,EBL,Aryatara Investment & Securities,Agrawal Securities (PVT) Ltd.,100,734.0,73400.0,2025-07-28T14:00:15.828861
2025-07-28,42140,2025072801033581,EBL,Dakshinkali Investment & Securities Pvt. Ltd.,Premier Securities Company Ltd.,11,733.6,8069.6,2025-07-28T14:01:24.419384
2025-07-28,42139,2025072801033582,EBL,Aryatara Investment & Securities,Premier Securities Company Ltd.,100,733.6,73360.0,2025-07-28T14:01:24.419905
2025-07-28,41458,2025072801033804,EBL,Thrive Brokerage House Pvt. Ltd,Neev Securities Pvt. Ltd.,100,733.1,73310.0,2025-07-28T14:03:16.700198
2025-07-28,41457,2025072801033805,EBL,Siprabi Securities Pvt. Ltd.,Neev Securities Pvt. Ltd.,102,733.1,74776.2,2025-07-28T14:03:16.700766
2025-07-28,41413,2025072801033818,EBL,Siprabi Securities Pvt. Ltd.,MILKY WAY SHARE BROKER COMPANY LTD ,48,733.1,35188.8,2025-07-28T14:03:23.932847
2025-07-28,41412,2025072801033819,EBL,Nepal Stock House (PVT) Ltd.,MILKY WAY SHARE BROKER COMPANY LTD ,500,733.0,366500.0,2025-07-28T14:03:23.933148
2025-07-28,41411,2025072801033820,EBL,Vision Securities Pvt. Ltd,MILKY WAY SHARE BROKER COMPANY LTD ,50,733.0,36650.0,2025-07-28T14:03:23.933293
2025-07-28,41410,2025072801033821,EBL,Naasa Securities Co. Ltd.,MILKY WAY SHARE BROKER COMPANY LTD ,22,733.0,16126.0,2025-07-28T14:03:23.933452
2025-07-28,41409,2025072801033822,EBL,Dynamic Money Managers Securities Pvt. Ltd.,MILKY WAY SHARE BROKER COMPANY LTD ,300,732.6,219780.0,2025-07-28T14:03:23.933565
2025-07-28,41408,2025072801033823,EBL,Siprabi Securities Pvt. Ltd.,MILKY WAY SHARE BROKER COMPANY LTD ,100,732.5,73250.0,2025-07-28T14:03:23.933681
2025-07-28,41407,2025072801033824,EBL,Roadshow securities limited,MILKY WAY SHARE BROKER COMPANY LTD ,1980,732.1,1449558.0,2025-07-28T14:03:23.93382
2025-07-28,41265,2025072801033870,EBL,Roadshow securities limited,Naasa Securities Co. Ltd.,30,732.1,21963.0,2025-07-28T14:03:46.883537
2025-07-28,40306,2025072801034140,EBL,Roadshow securities limited,Opal Securities Investment (PVT) Ltd.,21,732.1,15374.1,2025-07-28T14:06:16.930477
2025-07-28,40243,2025072801034154,EBL,Dakshinkali Investment & Securities Pvt. Ltd.,Thrive Brokerage House Pvt. Ltd,1,719.0,719.0,2025-07-28T14:06:23.720957
2025-07-28,40182,2025072801034165,EBL,Roadshow securities limited,Dipshikha Dhitopatra Karobar Co. Pvt Ltd.,500,732.1,366050.0,2025-07-28T14:06:30.662193
2025-07-28,40163,2025072801034169,EBL,Dakshinkali Investment & Securities Pvt. Ltd.,Primo Securities (PVT) Ltd.,1,720.0,720.0,2025-07-28T14:06:33.528887
2025-07-28,39964,2025072801034227,EBL,Cristal Kanchanjanga Securites Pvt. Ltd.,Market Securities & Exchange (PVT) Ltd.,100,733.0,73300.0,2025-07-28T14:06:58.150942
2025-07-28,39532,2025072801034306,EBL,Agrawal Securities (PVT) Ltd.,Premier Securities Company Ltd.,10,733.6,7336.0,2025-07-28T14:07:43.912562
2025-07-28,39524,2025072801034307,EBL,Dynamic Money Managers Securities Pvt. Ltd.,Premier Securities Company Ltd.,39,733.6,28610.4,2025-07-28T14:07:45.311704
2025-07-28,39523,2025072801034308,EBL,Dynamic Money Managers Securities Pvt. Ltd.,Kalika Securities Pvt. Ltd.,110,733.6,80696.0,2025-07-28T14:07:45.312291
2025-07-28,39387,2025072801034350,EBL,Vision Securities Pvt. Ltd,Agrawal Securities (PVT) Ltd.,390,734.0,286260.0,2025-07-28T14:07:59.166048
2025-07-28,39386,2025072801034351,EBL,Vision Securities Pvt. Ltd,Premier Securities Company Ltd.,30,734.0,22020.0,2025-07-28T14:07:59.166569
2025-07-28,39385,2025072801034352,EBL,Vision Securities Pvt. Ltd,Nepal Investment And Securities Trading Private Limited,28,734.0,20552.0,2025-07-28T14:07:59.166889
2025-07-28,39384,2025072801034353,EBL,Vision Securities Pvt. Ltd,MILKY WAY SHARE BROKER COMPANY LTD ,52,734.0,38168.0,2025-07-28T14:07:59.167215
2025-07-28,39258,2025072801034380,EBL,Malla & Malla Stock Broking Company Pvt. Limited,MILKY WAY SHARE BROKER COMPANY LTD ,50,734.0,36700.0,2025-07-28T14:08:14.081903
2025-07-28,39252,2025072801034381,EBL,Vision Securities Pvt. Ltd,MILKY WAY SHARE BROKER COMPANY LTD ,898,734.0,659132.0,2025-07-28T14:08:14.334173
2025-07-28,39251,2025072801034382,EBL,Vision Securities Pvt. Ltd,Dynamic Money Managers Securities Pvt. Ltd.,1102,735.0,809970.0,2025-07-28T14:08:14.334479
2025-07-28,39110,2025072801034424,EBL,Kohinoor Investment & Securities Pvt. Ltd.,Dynamic Money Managers Securities Pvt. Ltd.,88,735.0,64680.0,2025-07-28T14:08:29.99484
2025-07-28,39109,2025072801034425,EBL,Kohinoor Investment & Securities Pvt. Ltd.,Naasa Securities Co. Ltd.,72,735.0,52920.0,2025-07-28T14:08:29.995372
2025-07-28,39108,2025072801034426,EBL,Kohinoor Investment & Securities Pvt. Ltd.,Sri Hari Securities Pvt. Ltd.,190,735.0,139650.0,2025-07-28T14:08:29.995726
2025-07-28,39097,2025072801034428,EBL,Dynamic Money Managers Securities Pvt. Ltd.,Sri Hari Securities Pvt. Ltd.,229,735.0,168315.0,2025-07-28T14:08:31.796494
2025-07-28,39096,2025072801034429,EBL,Dynamic Money Managers Securities Pvt. Ltd.,Linch Stock Market Ltd.,50,735.0,36750.0,2025-07-28T14:08:31.797085
2025-07-28,39095,2025072801034430,EBL,Dynamic Money Managers Securities Pvt. Ltd.,Thrive Brokerage House Pvt. Ltd,500,735.0,367500.0,2025-07-28T14:08:31.797429
2025-07-28,38739,2025072801034490,EBL,Dynamic Money Managers Securities Pvt. Ltd.,Naasa Securities Co. Ltd.,25,735.0,18375.0,2025-07-28T14:09:18.136053
2025-07-28,38003,2025072801034669,EBL,Sweta Securities Private Limited,Market Securities & Exchange (PVT) Ltd.,100,736.0,73600.0,2025-07-28T14:10:51.837197
2025-07-28,37702,2025072801034732,EBL,Sani Securities Company Ltd.,Dynamic Money Managers Securities Pvt. Ltd.,100,736.5,73650.0,2025-07-28T14:11:33.753004
2025-07-28,37701,2025072801034733,EBL,Sweta Securities Private Limited,Dynamic Money Managers Securities Pvt. Ltd.,400,736.0,294400.0,2025-07-28T14:11:33.753576
2025-07-28,37700,2025072801034734,EBL,Agrawal Securities (PVT) Ltd.,Dynamic Money Managers Securities Pvt. Ltd.,500,736.0,368000.0,2025-07-28T14:11:33.753903
2025-07-28,37699,2025072801034735,EBL,Dynamic Money Managers Securities Pvt. Ltd.,Dynamic Money Managers Securities Pvt. Ltd.,296,735.0,217560.0,2025-07-28T14:11:33.754305
2025-07-28,37698,2025072801034736,EBL,Sewa Securities Pvt. Ltd.,Dynamic Money Managers Securities Pvt. Ltd.,200,735.0,147000.0,2025-07-28T14:11:33.754644
2025-07-28,37697,2025072801034737,EBL,Cristal Kanchanjanga Securites Pvt. Ltd.,Dynamic Money Managers Securities Pvt. Ltd.,400,735.0,294000.0,2025-07-28T14:11:33.754966
2025-07-28,37696,2025072801034738,EBL,Kohinoor Investment & Securities Pvt. Ltd.,Dynamic Money Managers Securities Pvt. Ltd.,70,735.0,51450.0,2025-07-28T14:11:33.755299
2025-07-28,37496,2025072801034792,EBL,Dynamic Money Managers Securities Pvt. Ltd.,Linch Stock Market Ltd.,1,733.6,733.6,2025-07-28T14:11:59.346558
2025-07-28,36705,2025072801035037,EBL,Asian Securities Private Ltd.,Bhrikuti Stock Broking Co. Pvt. Ltd.,100,734.0,73400.0,2025-07-28T14:13:56.419981
2025-07-28,36576,2025072801035052,EBL,Midas Stock Broking Company Private Limited,Bhrikuti Stock Broking Co. Pvt. Ltd.,34,734.0,24956.0,2025-07-28T14:14:07.99072
2025-07-28,36339,2025072801035109,EBL,Naasa Securities Co. Ltd.,Linch Stock Market Ltd.,21,733.0,15393.0,2025-07-28T14:14:38.680442
2025-07-28,35325,2025072801035410,EBL,Imperial Securities Company Pvt. Ltd.,Bhrikuti Stock Broking Co. Pvt. Ltd.,1000,734.0,734000.0,2025-07-28T14:17:24.088873
2025-07-28,34985,2025072801035536,EBL,Dakshinkali Investment & Securities Pvt. Ltd.,Dipshikha Dhitopatra Karobar Co. Pvt Ltd.,1,731.0,731.0,2025-07-28T14:18:18.33449
2025-07-28,34971,2025072801035537,EBL,Naasa Securities Co. Ltd.,Bhrikuti Stock Broking Co. Pvt. Ltd.,30,734.0,22020.0,2025-07-28T14:18:20.944813
2025-07-28,34755,2025072801035600,EBL,Kumari Securities Private Limited,Bhrikuti Stock Broking Co. Pvt. Ltd.,100,734.0,73400.0,2025-07-28T14:18:56.642447
2025-07-28,33911,2025072801035792,EBL,Online Securities Pvt. Ltd.,Bhrikuti Stock Broking Co. Pvt. Ltd.,20,734.0,14680.0,2025-07-28T14:20:53.439835
2025-07-28,33897,2025072801035793,EBL,J.F. Securites (PVT) Ltd.,Bhrikuti Stock Broking Co. Pvt. Ltd.,100,734.0,73400.0,2025-07-28T14:20:54.712559
2025-07-28,33888,2025072801035795,EBL,Online Securities Pvt. Ltd.,Neev Securities Pvt. Ltd.,100,733.7,73370.0,2025-07-28T14:20:56.834432
2025-07-28,33887,2025072801035796,EBL,Dynamic Money Managers Securities Pvt. Ltd.,Neev Securities Pvt. Ltd.,27,733.6,19807.2,2025-07-28T14:20:56.834491
2025-07-28,33782,2025072801035821,EBL,Dipshikha Dhitopatra Karobar Co. Pvt Ltd.,ABC Securities Private Limited,150,733.9,110085.0,2025-07-28T14:21:11.793574
2025-07-28,33629,2025072801035849,EBL,Nepal Stock House (PVT) Ltd.,ABC Securities Private Limited,50,733.9,36695.0,2025-07-28T14:21:34.25563
2025-07-28,33048,2025072801036146,EBL,Trishakti Securities Public Limited,Bhrikuti Stock Broking Co. Pvt. Ltd.,200,734.0,146800.0,2025-07-28T14:22:27.186947
2025-07-28,32724,2025072801036232,EBL,Dynamic Money Managers Securities Pvt. Ltd.,Market Securities & Exchange (PVT) Ltd.,100,733.6,73360.0,2025-07-28T14:23:06.878303
2025-07-28,32391,2025072801036346,EBL,Dakshinkali Investment & Securities Pvt. Ltd.,Bhrikuti Stock Broking Co. Pvt. Ltd.,10,734.0,7340.0,2025-07-28T14:23:50.637412
2025-07-28,32116,2025072801036417,EBL,Sweta Securities Private Limited,Bhrikuti Stock Broking Co. Pvt. Ltd.,300,734.0,220200.0,2025-07-28T14:24:26.573449
2025-07-28,32100,2025072801036428,EBL,Dynamic Money Managers Securities Pvt. Ltd.,MILKY WAY SHARE BROKER COMPANY LTD ,9000,733.6,6602400.0,2025-07-28T14:24:27.858003
2025-07-28,32065,2025072801036435,EBL,Infinity Securities Limited,Bhrikuti Stock Broking Co. Pvt. Ltd.,100,734.0,73400.0,2025-07-28T14:24:34.570091
2025-07-28,31125,2025072801036692,EBL,Ashutosh Brokerage & Securities (PVT) Ltd.,Vision Securities Pvt. Ltd,100,734.0,73400.0,2025-07-28T14:26:25.459572
2025-07-28,30495,2025072801036880,EBL,Neev Securities Pvt. Ltd.,Vision Securities Pvt. Ltd,50,734.0,36700.0,2025-07-28T14:27:57.613004
2025-07-28,30232,2025072801036950,EBL,Sani Securities Company Ltd.,Vision Securities Pvt. Ltd,28,734.0,20552.0,2025-07-28T14:28:33.713042
2025-07-28,29988,2025072801037026,EBL,Vision Securities Pvt. Ltd,Vision Securities Pvt. Ltd,10,734.0,7340.0,2025-07-28T14:29:03.910928
2025-07-28,29873,2025072801037060,EBL,Online Securities Pvt. Ltd.,Vision Securities Pvt. Ltd,32,734.0,23488.0,2025-07-28T14:29:15.429595
2025-07-28,29694,2025072801037117,EBL,Online Securities Pvt. Ltd.,K.B.L. Securities Limited ,468,734.0,343512.0,2025-07-28T14:29:43.05701
2025-07-28,29693,2025072801037118,EBL,Naasa Securities Co. Ltd.,K.B.L. Securities Limited ,25,733.7,18342.5,2025-07-28T14:29:43.057622
2025-07-28,29692,2025072801037119,EBL,Dynamic Money Managers Securities Pvt. Ltd.,K.B.L. Securities Limited ,873,733.6,640432.8,2025-07-28T14:29:43.058074
2025-07-28,29691,2025072801037120,EBL,Kohinoor Investment & Securities Pvt. Ltd.,K.B.L. Securities Limited ,40,733.6,29344.0,2025-07-28T14:29:43.058477
2025-07-28,29690,2025072801037121,EBL,Agrawal Securities (PVT) Ltd.,K.B.L. Securities Limited ,10,733.0,7330.0,2025-07-28T14:29:43.058896
2025-07-28,29689,2025072801037122,EBL,Aryatara Investment & Securities,K.B.L. Securities Limited ,25,733.0,18325.0,2025-07-28T14:29:43.059301
2025-07-28,29688,2025072801037123,EBL,Premier Securities Company Ltd.,K.B.L. Securities Limited ,100,733.0,73300.0,2025-07-28T14:29:43.059691
2025-07-28,29687,2025072801037124,EBL,Imperial Securities Company Pvt. Ltd.,K.B.L. Securities Limited ,100,733.0,73300.0,2025-07-28T14:29:43.060072
2025-07-28,29686,2025072801037125,EBL,Dipshikha Dhitopatra Karobar Co. Pvt Ltd.,K.B.L. Securities Limited ,100,732.6,73260.0,2025-07-28T14:29:43.060491
2025-07-28,29685,2025072801037126,EBL,Kohinoor Investment & Securities Pvt. Ltd.,K.B.L. Securities Limited ,100,732.5,73250.0,2025-07-28T14:29:43.060878
2025-07-28,29684,2025072801037127,EBL,Linch Stock Market Ltd.,K.B.L. Securities Limited ,15,732.5,10987.5,2025-07-28T14:29:43.061256
2025-07-28,29683,2025072801037128,EBL,Naasa Securities Co. Ltd.,K.B.L. Securities Limited ,73,732.5,53472.5,2025-07-28T14:29:43.061634
2025-07-28,29682,2025072801037129,EBL,Roadshow securities limited,K.B.L. Securities Limited ,469,732.1,343354.9,2025-07-28T14:29:43.062006
2025-07-28,29681,2025072801037130,EBL,Vision Securities Pvt. Ltd,K.B.L. Securities Limited ,50,732.1,36605.0,2025-07-28T14:29:43.062434
2025-07-28,29680,2025072801037131,EBL,Imperial Securities Company Pvt. Ltd.,K.B.L. Securities Limited ,35,732.1,25623.5,2025-07-28T14:29:43.062823
2025-07-28,29679,2025072801037132,EBL,SUN SECURITIES PVT LTD,K.B.L. Securities Limited ,20,732.0,14640.0,2025-07-28T14:29:43.063178
2025-07-28,29678,2025072801037133,EBL,SUN SECURITIES PVT LTD,K.B.L. Securities Limited ,20,732.0,14640.0,2025-07-28T14:29:43.063599
