Date,S.N.,contract_id,symbol,buyer_broker,seller_broker,volume,price,amount,transaction_time
2025-07-28,170190,2025072803000089,GBBL,Dipshikha Dhitopatra Karobar Co. Pvt Ltd.,Sani Securities Company Ltd.,100,460.0,46000.0,2025-07-28T11:01:55.470634
2025-07-28,170189,2025072803000090,GBBL,Bhrikuti Stock Broking Co. Pvt. Ltd.,Sani Securities Company Ltd.,100,460.0,46000.0,2025-07-28T11:01:55.470834
2025-07-28,169874,2025072803000151,GBBL,Naasa Securities Co. Ltd.,Sani Securities Company Ltd.,100,460.0,46000.0,2025-07-28T11:02:46.405436
2025-07-28,169742,2025072803000177,GBBL,Naasa Securities Co. Ltd.,Sani Securities Company Ltd.,200,460.0,92000.0,2025-07-28T11:03:05.288115
2025-07-28,169741,2025072803000178,GBBL,Naasa Securities Co. Ltd.,South Asian Bulls Pvt. Ltd.,100,460.0,46000.0,2025-07-28T11:03:05.288158
2025-07-28,169419,2025072803000248,GBBL,Linch Stock Market Ltd.,Linch Stock Market Ltd.,10,460.0,4600.0,2025-07-28T11:03:49.799115
2025-07-28,169299,2025072803000263,GBBL,Linch Stock Market Ltd.,Linch Stock Market Ltd.,90,460.0,41400.0,2025-07-28T11:04:03.911104
2025-07-28,169202,2025072803000286,GBBL,Linch Stock Market Ltd.,NIMB Stock Markets Limited,200,460.0,92000.0,2025-07-28T11:04:16.025171
2025-07-28,168733,2025072803000385,GBBL,Dakshinkali Investment & Securities Pvt. Ltd.,J.F. Securites (PVT) Ltd.,125,459.2,57400.0,2025-07-28T11:05:06.971192
2025-07-28,168245,2025072803000476,GBBL,KALASH STOCK MARKET PVT. LTD.,Aryatara Investment & Securities,170,460.0,78200.0,2025-07-28T11:06:05.795724
2025-07-28,167731,2025072803000599,GBBL,Kohinoor Investment & Securities Pvt. Ltd.,Property Wiard Limited,100,461.0,46100.0,2025-07-28T11:07:09.994079
2025-07-28,167599,2025072803000627,GBBL,Agrawal Securities (PVT) Ltd.,Sumeru Securities Pvt. Ltd.,20,462.0,9240.0,2025-07-28T11:07:23.917737
2025-07-28,167289,2025072803000684,GBBL,Agrawal Securities (PVT) Ltd.,Sani Securities Company Ltd.,500,462.0,231000.0,2025-07-28T11:07:53.049513
2025-07-28,167195,2025072803000700,GBBL,Agrawal Securities (PVT) Ltd.,Naasa Securities Co. Ltd.,15,462.0,6930.0,2025-07-28T11:08:03.754911
2025-07-28,165389,2025072803001101,GBBL,Sani Securities Company Ltd.,Kohinoor Investment & Securities Pvt. Ltd.,40,463.0,18520.0,2025-07-28T11:10:46.34699
2025-07-28,164200,2025072803001366,GBBL,Deevyaa Securities & Stock House Pvt. Ltd,Bhrikuti Stock Broking Co. Pvt. Ltd.,75,465.0,34875.0,2025-07-28T11:12:13.204941
2025-07-28,164199,2025072803001367,GBBL,Deevyaa Securities & Stock House Pvt. Ltd,ABC Securities Private Limited,500,465.0,232500.0,2025-07-28T11:12:13.205117
2025-07-28,163411,2025072803001515,GBBL,Naasa Securities Co. Ltd.,Imperial Securities Company Pvt. Ltd.,100,467.9,46790.0,2025-07-28T11:13:11.73044
2025-07-28,163350,2025072803001526,GBBL,Midas Stock Broking Company Private Limited,Imperial Securities Company Pvt. Ltd.,150,467.9,70185.0,2025-07-28T11:13:15.434723
2025-07-28,163254,2025072803001541,GBBL,Aryatara Investment & Securities,Stoxkarts Securities Limited,100,468.0,46800.0,2025-07-28T11:13:23.951387
2025-07-28,163172,2025072803001564,GBBL,Midas Stock Broking Company Private Limited,Agrawal Securities (PVT) Ltd.,100,467.9,46790.0,2025-07-28T11:13:26.77233
2025-07-28,162854,2025072803001631,GBBL,Secured Securities Ltd.,Stoxkarts Securities Limited,500,468.0,234000.0,2025-07-28T11:13:50.32524
2025-07-28,162853,2025072803001632,GBBL,Secured Securities Ltd.,Kumari Securities Private Limited,120,468.0,56160.0,2025-07-28T11:13:50.325338
2025-07-28,162852,2025072803001633,GBBL,Secured Securities Ltd.,Deevyaa Securities & Stock House Pvt. Ltd,143,468.0,66924.0,2025-07-28T11:13:50.325387
2025-07-28,162688,2025072803001701,GBBL,Midas Stock Broking Company Private Limited,Cristal Kanchanjanga Securites Pvt. Ltd.,200,468.0,93600.0,2025-07-28T11:13:59.358851
2025-07-28,162443,2025072803001758,GBBL,Swarna Laxmi Securities Pvt. Ltd.,Kohinoor Investment & Securities Pvt. Ltd.,143,469.0,67067.0,2025-07-28T11:14:14.641159
2025-07-28,162114,2025072803001849,GBBL,Swarna Laxmi Securities Pvt. Ltd.,Secured Securities Ltd.,57,469.2,26744.4,2025-07-28T11:14:32.325556
2025-07-28,162088,2025072803001857,GBBL,Midas Stock Broking Company Private Limited,Secured Securities Ltd.,50,469.2,23460.0,2025-07-28T11:14:35.308936
2025-07-28,161682,2025072803001928,GBBL,Imperial Securities Company Pvt. Ltd.,Secured Securities Ltd.,10,469.2,4692.0,2025-07-28T11:14:56.752747
2025-07-28,161655,2025072803001936,GBBL,Dipshikha Dhitopatra Karobar Co. Pvt Ltd.,Secured Securities Ltd.,200,469.2,93840.0,2025-07-28T11:14:59.167825
2025-07-28,161596,2025072803001956,GBBL,Aryatara Investment & Securities,Secured Securities Ltd.,27,469.2,12668.4,2025-07-28T11:15:04.010348
2025-07-28,161594,2025072803001958,GBBL,Trishakti Securities Public Limited,Sumeru Securities Pvt. Ltd.,1000,469.9,469900.0,2025-07-28T11:15:04.179912
2025-07-28,161402,2025072803001991,GBBL,Capital Hub P. Ltd,Vision Securities Pvt. Ltd,360,470.0,169200.0,2025-07-28T11:15:13.670858
2025-07-28,161401,2025072803001992,GBBL,Capital Hub P. Ltd,Vision Securities Pvt. Ltd,580,470.0,272600.0,2025-07-28T11:15:13.671053
2025-07-28,161400,2025072803001993,GBBL,Capital Hub P. Ltd,Vision Securities Pvt. Ltd,220,470.0,103400.0,2025-07-28T11:15:13.67117
2025-07-28,161399,2025072803001994,GBBL,Capital Hub P. Ltd,Vision Securities Pvt. Ltd,1500,470.0,705000.0,2025-07-28T11:15:13.671283
2025-07-28,161398,2025072803001995,GBBL,Capital Hub P. Ltd,Vision Securities Pvt. Ltd,50,470.0,23500.0,2025-07-28T11:15:13.671391
2025-07-28,161397,2025072803001996,GBBL,Capital Hub P. Ltd,Vision Securities Pvt. Ltd,440,470.0,206800.0,2025-07-28T11:15:13.671501
2025-07-28,161396,2025072803001997,GBBL,Capital Hub P. Ltd,Vision Securities Pvt. Ltd,170,470.0,79900.0,2025-07-28T11:15:13.671606
2025-07-28,161395,2025072803001998,GBBL,Capital Hub P. Ltd,Midas Stock Broking Company Private Limited,220,470.0,103400.0,2025-07-28T11:15:13.671729
2025-07-28,161231,2025072803002053,GBBL,Imperial Securities Company Pvt. Ltd.,Sundhara Securities Limited,300,472.0,141600.0,2025-07-28T11:15:23.650334
2025-07-28,161230,2025072803002054,GBBL,Imperial Securities Company Pvt. Ltd.,Kalika Securities Pvt. Ltd.,10,472.0,4720.0,2025-07-28T11:15:23.650385
2025-07-28,161229,2025072803002055,GBBL,Imperial Securities Company Pvt. Ltd.,Imperial Securities Company Pvt. Ltd.,1690,472.0,797680.0,2025-07-28T11:15:23.650417
2025-07-28,161217,2025072803002059,GBBL,Aryatara Investment & Securities,MILKY WAY SHARE BROKER COMPANY LTD ,100,471.0,47100.0,2025-07-28T11:15:24.225697
2025-07-28,161216,2025072803002060,GBBL,Capital Hub P. Ltd,MILKY WAY SHARE BROKER COMPANY LTD ,1300,470.0,611000.0,2025-07-28T11:15:24.22574
2025-07-28,161203,2025072803002073,GBBL,Miyo Securities Pvt Ltd,Imperial Securities Company Pvt. Ltd.,310,472.0,146320.0,2025-07-28T11:15:24.353939
2025-07-28,161202,2025072803002074,GBBL,Miyo Securities Pvt Ltd,Sumeru Securities Pvt. Ltd.,225,472.0,106200.0,2025-07-28T11:15:24.35399
2025-07-28,161201,2025072803002075,GBBL,Miyo Securities Pvt Ltd,Kohinoor Investment & Securities Pvt. Ltd.,50,472.5,23625.0,2025-07-28T11:15:24.35403
2025-07-28,161200,2025072803002076,GBBL,Miyo Securities Pvt Ltd,Agrawal Securities (PVT) Ltd.,100,472.8,47280.0,2025-07-28T11:15:24.354058
2025-07-28,161199,2025072803002077,GBBL,Miyo Securities Pvt Ltd,Nepal Investment And Securities Trading Private Limited,500,473.0,236500.0,2025-07-28T11:15:24.354083
2025-07-28,161198,2025072803002078,GBBL,Miyo Securities Pvt Ltd,Vision Securities Pvt. Ltd,25,474.0,11850.0,2025-07-28T11:15:24.354112
2025-07-28,161197,2025072803002079,GBBL,Miyo Securities Pvt Ltd,Aryatara Investment & Securities,500,474.0,237000.0,2025-07-28T11:15:24.354136
2025-07-28,161196,2025072803002080,GBBL,Miyo Securities Pvt Ltd,Aryatara Investment & Securities,10,474.3,4743.0,2025-07-28T11:15:24.354168
2025-07-28,161195,2025072803002081,GBBL,Miyo Securities Pvt Ltd,Vision Securities Pvt. Ltd,815,475.0,387125.0,2025-07-28T11:15:24.354194
2025-07-28,161168,2025072803002082,GBBL,Aryatara Investment & Securities,Kumari Securities Private Limited,50,472.0,23600.0,2025-07-28T11:15:26.03429
2025-07-28,160691,2025072803002184,GBBL,Aryatara Investment & Securities,Kumari Securities Private Limited,100,472.0,47200.0,2025-07-28T11:15:49.377538
2025-07-28,160550,2025072803002208,GBBL,Malla & Malla Stock Broking Company Pvt. Limited,Vision Securities Pvt. Ltd,185,475.0,87875.0,2025-07-28T11:15:56.608396
2025-07-28,160549,2025072803002209,GBBL,Malla & Malla Stock Broking Company Pvt. Limited,NIMB Stock Markets Limited,287,475.0,136325.0,2025-07-28T11:15:56.608491
2025-07-28,160548,2025072803002210,GBBL,Malla & Malla Stock Broking Company Pvt. Limited,Investment Management Nepal Pvt. Ltd.,528,477.0,251856.0,2025-07-28T11:15:56.608537
2025-07-28,160541,2025072803002211,GBBL,Sani Securities Company Ltd.,Shree Krishna Securities Ltd.,100,472.5,47250.0,2025-07-28T11:15:57.51295
2025-07-28,160537,2025072803002212,GBBL,Sani Securities Company Ltd.,MILKY WAY SHARE BROKER COMPANY LTD ,900,472.5,425250.0,2025-07-28T11:15:57.762278
2025-07-28,160536,2025072803002213,GBBL,Aryatara Investment & Securities,MILKY WAY SHARE BROKER COMPANY LTD ,123,472.0,58056.0,2025-07-28T11:15:57.762319
2025-07-28,160535,2025072803002214,GBBL,Kalika Securities Pvt. Ltd.,MILKY WAY SHARE BROKER COMPANY LTD ,577,472.0,272344.0,2025-07-28T11:15:57.762348
2025-07-28,160127,2025072803002337,GBBL,Dipshikha Dhitopatra Karobar Co. Pvt Ltd.,Opal Securities Investment (PVT) Ltd.,250,476.0,119000.0,2025-07-28T11:16:22.103599
2025-07-28,160126,2025072803002338,GBBL,Dipshikha Dhitopatra Karobar Co. Pvt Ltd.,Dipshikha Dhitopatra Karobar Co. Pvt Ltd.,50,476.0,23800.0,2025-07-28T11:16:22.103689
2025-07-28,159945,2025072803002384,GBBL,Trishakti Securities Public Limited,Trisul Securities & Invt. Ltd.,150,475.0,71250.0,2025-07-28T11:16:35.257412
2025-07-28,159944,2025072803002385,GBBL,Trishakti Securities Public Limited,Sumeru Securities Pvt. Ltd.,100,476.0,47600.0,2025-07-28T11:16:35.257499
2025-07-28,159943,2025072803002386,GBBL,Trishakti Securities Public Limited,Investment Management Nepal Pvt. Ltd.,550,477.0,262350.0,2025-07-28T11:16:35.257556
2025-07-28,159701,2025072803002431,GBBL,Stoxkarts Securities Limited,Dipshikha Dhitopatra Karobar Co. Pvt Ltd.,25,475.0,11875.0,2025-07-28T11:16:48.280656
2025-07-28,159388,2025072803002504,GBBL,Stoxkarts Securities Limited,Online Securities Pvt. Ltd.,50,475.0,23750.0,2025-07-28T11:17:05.750783
2025-07-28,159261,2025072803002530,GBBL,Stoxkarts Securities Limited,Miyo Securities Pvt Ltd,30,475.0,14250.0,2025-07-28T11:17:13.881587
2025-07-28,159149,2025072803002554,GBBL,Capital Max Securities Ltd,Investment Management Nepal Pvt. Ltd.,12,477.0,5724.0,2025-07-28T11:17:20.89001
2025-07-28,159079,2025072803002582,GBBL,Neev Securities Pvt. Ltd.,Investment Management Nepal Pvt. Ltd.,628,477.0,299556.0,2025-07-28T11:17:27.1942
2025-07-28,158988,2025072803002609,GBBL,Magnet Securities and Investment Company Private Limited,Investment Management Nepal Pvt. Ltd.,282,477.0,134514.0,2025-07-28T11:17:34.225403
2025-07-28,158987,2025072803002610,GBBL,Magnet Securities and Investment Company Private Limited,ABC Securities Private Limited,500,477.0,238500.0,2025-07-28T11:17:34.225517
2025-07-28,158986,2025072803002611,GBBL,Magnet Securities and Investment Company Private Limited,Sundhara Securities Limited,10,477.0,4770.0,2025-07-28T11:17:34.225563
2025-07-28,158985,2025072803002612,GBBL,Magnet Securities and Investment Company Private Limited,J.F. Securites (PVT) Ltd.,100,477.0,47700.0,2025-07-28T11:17:34.225611
2025-07-28,158984,2025072803002613,GBBL,Magnet Securities and Investment Company Private Limited,Kohinoor Investment & Securities Pvt. Ltd.,320,477.0,152640.0,2025-07-28T11:17:34.225658
2025-07-28,158847,2025072803002662,GBBL,Magnet Securities and Investment Company Private Limited,Swarna Laxmi Securities Pvt. Ltd.,200,477.0,95400.0,2025-07-28T11:17:42.109121
2025-07-28,158840,2025072803002664,GBBL,Magnet Securities and Investment Company Private Limited,Ashutosh Brokerage & Securities (PVT) Ltd.,50,477.0,23850.0,2025-07-28T11:17:43.155582
2025-07-28,158812,2025072803002668,GBBL,Aryatara Investment & Securities,Sweta Securities Private Limited,120,477.2,57264.0,2025-07-28T11:17:44.848997
2025-07-28,158796,2025072803002673,GBBL,Magnet Securities and Investment Company Private Limited,Vision Securities Pvt. Ltd,110,477.0,52470.0,2025-07-28T11:17:47.126091
2025-07-28,158585,2025072803002728,GBBL,Magnet Securities and Investment Company Private Limited,Sewa Securities Pvt. Ltd.,240,477.0,114480.0,2025-07-28T11:18:02.045615
2025-07-28,158553,2025072803002736,GBBL,Stoxkarts Securities Limited,Sweta Securities Private Limited,49,477.2,23382.8,2025-07-28T11:18:04.855913
2025-07-28,158463,2025072803002754,GBBL,Magnet Securities and Investment Company Private Limited,Imperial Securities Company Pvt. Ltd.,188,477.0,89676.0,2025-07-28T11:18:12.149292
2025-07-28,158462,2025072803002755,GBBL,Indira securities pvt. ltd,Imperial Securities Company Pvt. Ltd.,812,477.0,387324.0,2025-07-28T11:18:12.149509
2025-07-28,158347,2025072803002797,GBBL,Indira securities pvt. ltd,Aryatara Investment & Securities,188,477.0,89676.0,2025-07-28T11:18:19.558296
2025-07-28,158186,2025072803002826,GBBL,Kohinoor Investment & Securities Pvt. Ltd.,Aryatara Investment & Securities,500,477.0,238500.0,2025-07-28T11:18:29.581037
2025-07-28,158158,2025072803002838,GBBL,Shree Krishna Securities Ltd.,South Asian Bulls Pvt. Ltd.,136,475.1,64613.6,2025-07-28T11:18:31.251504
2025-07-28,157864,2025072803002903,GBBL,Online Securities Pvt. Ltd.,Sani Securities Company Ltd.,120,475.2,57024.0,2025-07-28T11:18:53.125581
2025-07-28,157665,2025072803002939,GBBL,Himalayan Brokerage Company Limited,Kumari Securities Private Limited,50,476.5,23825.0,2025-07-28T11:19:07.470048
2025-07-28,157621,2025072803002958,GBBL,Agrawal Securities (PVT) Ltd.,Aryatara Investment & Securities,93,477.0,44361.0,2025-07-28T11:19:11.432553
2025-07-28,157620,2025072803002959,GBBL,Agrawal Securities (PVT) Ltd.,Dakshinkali Investment & Securities Pvt. Ltd.,125,477.0,59625.0,2025-07-28T11:19:11.432662
2025-07-28,157619,2025072803002960,GBBL,Agrawal Securities (PVT) Ltd.,Naasa Securities Co. Ltd.,129,477.0,61533.0,2025-07-28T11:19:11.432715
2025-07-28,157618,2025072803002961,GBBL,Agrawal Securities (PVT) Ltd.,Property Wiard Limited,153,477.0,72981.0,2025-07-28T11:19:11.432762
2025-07-28,157496,2025072803002989,GBBL,Sani Securities Company Ltd.,Property Wiard Limited,100,477.0,47700.0,2025-07-28T11:19:18.212878
2025-07-28,157248,2025072803003084,GBBL,Sewa Securities Pvt. Ltd.,Property Wiard Limited,10,477.0,4770.0,2025-07-28T11:19:35.547948
2025-07-28,156847,2025072803003181,GBBL,Himalayan Brokerage Company Limited,Kohinoor Investment & Securities Pvt. Ltd.,50,476.5,23825.0,2025-07-28T11:20:03.922662
2025-07-28,156659,2025072803003226,GBBL,MILKY WAY SHARE BROKER COMPANY LTD ,Trisul Securities & Invt. Ltd.,20,476.0,9520.0,2025-07-28T11:20:20.522659
2025-07-28,156658,2025072803003227,GBBL,Online Securities Pvt. Ltd.,Trisul Securities & Invt. Ltd.,280,476.0,133280.0,2025-07-28T11:20:20.522802
2025-07-28,156582,2025072803003248,GBBL,KALASH STOCK MARKET PVT. LTD.,Sundhara Securities Limited,50,476.5,23825.0,2025-07-28T11:20:25.362722
2025-07-28,156230,2025072803003340,GBBL,KALASH STOCK MARKET PVT. LTD.,Vision Securities Pvt. Ltd,100,476.5,47650.0,2025-07-28T11:20:52.936207
2025-07-28,156224,2025072803003344,GBBL,KALASH STOCK MARKET PVT. LTD.,Property Wiard Limited,50,476.5,23825.0,2025-07-28T11:20:53.085361
2025-07-28,156165,2025072803003353,GBBL,Online Securities Pvt. Ltd.,Sundhara Securities Limited,220,476.0,104720.0,2025-07-28T11:20:57.048745
2025-07-28,156164,2025072803003354,GBBL,Deevyaa Securities & Stock House Pvt. Ltd,Sundhara Securities Limited,100,476.0,47600.0,2025-07-28T11:20:57.048888
2025-07-28,156163,2025072803003355,GBBL,Dipshikha Dhitopatra Karobar Co. Pvt Ltd.,Sundhara Securities Limited,180,475.2,85536.0,2025-07-28T11:20:57.048955
2025-07-28,155939,2025072803003410,GBBL,Dipshikha Dhitopatra Karobar Co. Pvt Ltd.,Online Securities Pvt. Ltd.,120,475.2,57024.0,2025-07-28T11:21:14.014187
2025-07-28,155793,2025072803003434,GBBL,Stoxkarts Securities Limited,Property Wiard Limited,45,475.0,21375.0,2025-07-28T11:21:22.549345
2025-07-28,155792,2025072803003435,GBBL,Agrawal Securities (PVT) Ltd.,Property Wiard Limited,142,475.0,67450.0,2025-07-28T11:21:22.549593
2025-07-28,155772,2025072803003438,GBBL,Agrawal Securities (PVT) Ltd.,Agrawal Securities (PVT) Ltd.,100,475.0,47500.0,2025-07-28T11:21:23.549394
2025-07-28,155692,2025072803003457,GBBL,Agrawal Securities (PVT) Ltd.,South Asian Bulls Pvt. Ltd.,58,475.0,27550.0,2025-07-28T11:21:31.817815
2025-07-28,155691,2025072803003458,GBBL,Deevyaa Securities & Stock House Pvt. Ltd,South Asian Bulls Pvt. Ltd.,200,475.0,95000.0,2025-07-28T11:21:31.818127
2025-07-28,155314,2025072803003580,GBBL,Trisul Securities & Invt. Ltd.,Property Wiard Limited,14,473.0,6622.0,2025-07-28T11:22:00.195174
2025-07-28,155283,2025072803003585,GBBL,Trisul Securities & Invt. Ltd.,Naasa Securities Co. Ltd.,50,473.0,23650.0,2025-07-28T11:22:01.072018
2025-07-28,155091,2025072803003626,GBBL,Trisul Securities & Invt. Ltd.,Kumari Securities Private Limited,36,473.0,17028.0,2025-07-28T11:22:12.168642
2025-07-28,155090,2025072803003627,GBBL,Shree Krishna Securities Ltd.,Kumari Securities Private Limited,464,472.3,219147.2,2025-07-28T11:22:12.168771
2025-07-28,155077,2025072803003630,GBBL,Shree Krishna Securities Ltd.,Vision Securities Pvt. Ltd,390,472.3,184197.0,2025-07-28T11:22:13.020118
2025-07-28,154645,2025072803003757,GBBL,Shree Krishna Securities Ltd.,Sani Securities Company Ltd.,10,472.3,4723.0,2025-07-28T11:22:32.017819
2025-07-28,154644,2025072803003758,GBBL,Trishakti Securities Public Limited,Sani Securities Company Ltd.,690,472.2,325818.0,2025-07-28T11:22:32.01796
2025-07-28,154584,2025072803003778,GBBL,Trishakti Securities Public Limited,Vision Securities Pvt. Ltd,140,472.2,66108.0,2025-07-28T11:22:35.033498
2025-07-28,153992,2025072803003943,GBBL,Trishakti Securities Public Limited,Elite Stock House Limited,283,472.5,133717.5,2025-07-28T11:23:06.476084
2025-07-28,153842,2025072803003992,GBBL,Trishakti Securities Public Limited,Primo Securities (PVT) Ltd.,10,472.5,4725.0,2025-07-28T11:23:16.15262
2025-07-28,153814,2025072803003995,GBBL,Malla & Malla Stock Broking Company Pvt. Limited,Trishakti Securities Public Limited,21,472.6,9924.6,2025-07-28T11:23:18.071244
2025-07-28,153813,2025072803003996,GBBL,Trishakti Securities Public Limited,Trishakti Securities Public Limited,479,472.5,226327.5,2025-07-28T11:23:18.071281
2025-07-28,153798,2025072803003998,GBBL,Trishakti Securities Public Limited,Naasa Securities Co. Ltd.,40,472.5,18900.0,2025-07-28T11:23:18.830327
2025-07-28,153794,2025072803003999,GBBL,Trishakti Securities Public Limited,Sundhara Securities Limited,200,472.5,94500.0,2025-07-28T11:23:19.069276
2025-07-28,153641,2025072803004037,GBBL,Trishakti Securities Public Limited,Agrawal Securities (PVT) Ltd.,40,472.5,18900.0,2025-07-28T11:23:28.017834
2025-07-28,153577,2025072803004047,GBBL,Trishakti Securities Public Limited,Sundhara Securities Limited,50,472.5,23625.0,2025-07-28T11:23:33.864243
2025-07-28,153567,2025072803004050,GBBL,Trishakti Securities Public Limited,Naasa Securities Co. Ltd.,519,472.5,245227.5,2025-07-28T11:23:35.229479
2025-07-28,153450,2025072803004081,GBBL,Trishakti Securities Public Limited,Imperial Securities Company Pvt. Ltd.,379,472.5,179077.5,2025-07-28T11:23:42.256242
2025-07-28,153402,2025072803004101,GBBL,Trishakti Securities Public Limited,Vision Securities Pvt. Ltd,90,472.2,42498.0,2025-07-28T11:23:45.917232
2025-07-28,153321,2025072803004122,GBBL,Trishakti Securities Public Limited,Dipshikha Dhitopatra Karobar Co. Pvt Ltd.,50,472.2,23610.0,2025-07-28T11:23:52.98344
2025-07-28,153258,2025072803004148,GBBL,Trishakti Securities Public Limited,KALASH STOCK MARKET PVT. LTD.,30,472.2,14166.0,2025-07-28T11:23:55.732204
2025-07-28,153257,2025072803004149,GBBL,Online Securities Pvt. Ltd.,KALASH STOCK MARKET PVT. LTD.,18,472.1,8497.8,2025-07-28T11:23:55.732374
2025-07-28,153256,2025072803004150,GBBL,Kalika Securities Pvt. Ltd.,KALASH STOCK MARKET PVT. LTD.,152,472.0,71744.0,2025-07-28T11:23:55.732444
2025-07-28,153178,2025072803004166,GBBL,Premier Securities Company Ltd.,Imperial Securities Company Pvt. Ltd.,200,472.5,94500.0,2025-07-28T11:24:01.4484
2025-07-28,153146,2025072803004180,GBBL,Kalika Securities Pvt. Ltd.,Primo Securities (PVT) Ltd.,10,472.0,4720.0,2025-07-28T11:24:03.087165
2025-07-28,153121,2025072803004183,GBBL,Siprabi Securities Pvt. Ltd.,Imperial Securities Company Pvt. Ltd.,75,472.5,35437.5,2025-07-28T11:24:05.019673
2025-07-28,153084,2025072803004199,GBBL,Kalika Securities Pvt. Ltd.,Vision Securities Pvt. Ltd,110,472.0,51920.0,2025-07-28T11:24:07.711267
2025-07-28,153033,2025072803004208,GBBL,Kalika Securities Pvt. Ltd.,Sani Securities Company Ltd.,35,472.0,16520.0,2025-07-28T11:24:11.07626
2025-07-28,152945,2025072803004224,GBBL,Kalika Securities Pvt. Ltd.,Dakshinkali Investment & Securities Pvt. Ltd.,16,472.0,7552.0,2025-07-28T11:24:18.428201
2025-07-28,152944,2025072803004225,GBBL,Sani Securities Company Ltd.,Dakshinkali Investment & Securities Pvt. Ltd.,59,472.0,27848.0,2025-07-28T11:24:18.428488
2025-07-28,152918,2025072803004232,GBBL,Sani Securities Company Ltd.,Vision Securities Pvt. Ltd,300,472.0,141600.0,2025-07-28T11:24:20.833493
2025-07-28,152877,2025072803004243,GBBL,Sani Securities Company Ltd.,Naasa Securities Co. Ltd.,500,472.0,236000.0,2025-07-28T11:24:23.757147
2025-07-28,152774,2025072803004270,GBBL,Sani Securities Company Ltd.,Elite Stock House Limited,141,472.0,66552.0,2025-07-28T11:24:33.236267
2025-07-28,152773,2025072803004271,GBBL,Sani Securities Company Ltd.,Elite Stock House Limited,859,472.0,405448.0,2025-07-28T11:24:33.236422
2025-07-28,152729,2025072803004280,GBBL,Sani Securities Company Ltd.,Imperial Securities Company Pvt. Ltd.,126,472.0,59472.0,2025-07-28T11:24:35.488568
2025-07-28,152716,2025072803004283,GBBL,Sani Securities Company Ltd.,Dipshikha Dhitopatra Karobar Co. Pvt Ltd.,15,472.0,7080.0,2025-07-28T11:24:36.238284
2025-07-28,152685,2025072803004298,GBBL,Kumari Securities Private Limited,Naasa Securities Co. Ltd.,50,472.0,23600.0,2025-07-28T11:24:39.711322
2025-07-28,152507,2025072803004346,GBBL,Imperial Securities Company Pvt. Ltd.,Nepal Investment And Securities Trading Private Limited,265,470.1,124576.5,2025-07-28T11:24:55.781652
2025-07-28,152189,2025072803004407,GBBL,Imperial Securities Company Pvt. Ltd.,Online Securities Pvt. Ltd.,232,470.1,109063.2,2025-07-28T11:25:23.333662
2025-07-28,152082,2025072803004442,GBBL,Imperial Securities Company Pvt. Ltd.,Investment Management Nepal Pvt. Ltd.,50,470.1,23505.0,2025-07-28T11:25:34.810475
2025-07-28,152073,2025072803004443,GBBL,Imperial Securities Company Pvt. Ltd.,Midas Stock Broking Company Private Limited,453,470.1,212955.3,2025-07-28T11:25:35.045448
2025-07-28,152072,2025072803004444,GBBL,Capital Hub P. Ltd,Midas Stock Broking Company Private Limited,160,470.0,75200.0,2025-07-28T11:25:35.045507
2025-07-28,152071,2025072803004445,GBBL,Opal Securities Investment (PVT) Ltd.,Midas Stock Broking Company Private Limited,79,470.0,37130.0,2025-07-28T11:25:35.045535
2025-07-28,152070,2025072803004446,GBBL,ABC Securities Private Limited,Midas Stock Broking Company Private Limited,100,470.0,47000.0,2025-07-28T11:25:35.045559
2025-07-28,152069,2025072803004447,GBBL,Imperial Securities Company Pvt. Ltd.,Midas Stock Broking Company Private Limited,200,470.0,94000.0,2025-07-28T11:25:35.045601
2025-07-28,151973,2025072803004469,GBBL,Dipshikha Dhitopatra Karobar Co. Pvt Ltd.,Dipshikha Dhitopatra Karobar Co. Pvt Ltd.,50,470.2,23510.0,2025-07-28T11:25:40.921988
2025-07-28,151963,2025072803004472,GBBL,Online Securities Pvt. Ltd.,Capital Hub P. Ltd,55,470.0,25850.0,2025-07-28T11:25:41.973386
2025-07-28,151962,2025072803004473,GBBL,Thrive Brokerage House Pvt. Ltd,Capital Hub P. Ltd,200,470.0,94000.0,2025-07-28T11:25:41.973677
2025-07-28,151961,2025072803004474,GBBL,Siprabi Securities Pvt. Ltd.,Capital Hub P. Ltd,42,470.0,19740.0,2025-07-28T11:25:41.973873
2025-07-28,151960,2025072803004475,GBBL,Cristal Kanchanjanga Securites Pvt. Ltd.,Capital Hub P. Ltd,200,470.0,94000.0,2025-07-28T11:25:41.974093
2025-07-28,151719,2025072803004521,GBBL,Sani Securities Company Ltd.,Capital Hub P. Ltd,503,470.0,236410.0,2025-07-28T11:26:04.291855
2025-07-28,151718,2025072803004522,GBBL,Sani Securities Company Ltd.,Vision Securities Pvt. Ltd,160,470.0,75200.0,2025-07-28T11:26:04.292044
2025-07-28,151717,2025072803004523,GBBL,Sani Securities Company Ltd.,South Asian Bulls Pvt. Ltd.,203,470.0,95410.0,2025-07-28T11:26:04.292112
2025-07-28,151716,2025072803004524,GBBL,Sani Securities Company Ltd.,Vision Securities Pvt. Ltd,197,470.0,92590.0,2025-07-28T11:26:04.292184
2025-07-28,151506,2025072803004588,GBBL,Trishakti Securities Public Limited,Naasa Securities Co. Ltd.,200,469.9,93980.0,2025-07-28T11:26:23.249401
2025-07-28,151434,2025072803004598,GBBL,Trishakti Securities Public Limited,Sewa Securities Pvt. Ltd.,60,469.9,28194.0,2025-07-28T11:26:29.11341
2025-07-28,151327,2025072803004613,GBBL,Trishakti Securities Public Limited,Kohinoor Investment & Securities Pvt. Ltd.,40,469.9,18796.0,2025-07-28T11:26:36.815576
2025-07-28,150895,2025072803004707,GBBL,Kumari Securities Private Limited,Siprabi Securities Pvt. Ltd.,50,468.0,23400.0,2025-07-28T11:27:15.178855
2025-07-28,150673,2025072803004749,GBBL,Asian Securities Private Ltd.,South Asian Bulls Pvt. Ltd.,20,468.1,9362.0,2025-07-28T11:27:31.086331
2025-07-28,150636,2025072803004762,GBBL,Asian Securities Private Ltd.,Imperial Securities Company Pvt. Ltd.,38,468.1,17787.8,2025-07-28T11:27:33.877418
2025-07-28,150435,2025072803004795,GBBL,Asian Securities Private Ltd.,Sharepro Securities Private Limited,200,468.1,93620.0,2025-07-28T11:27:56.498648
2025-07-28,149319,2025072803005037,GBBL,Trishakti Securities Public Limited,Primo Securities (PVT) Ltd.,500,468.9,234450.0,2025-07-28T11:29:44.954516
2025-07-28,149069,2025072803005102,GBBL,Naasa Securities Co. Ltd.,Thrive Brokerage House Pvt. Ltd,50,469.0,23450.0,2025-07-28T11:30:11.923176
2025-07-28,148714,2025072803005197,GBBL,Cristal Kanchanjanga Securites Pvt. Ltd.,Thrive Brokerage House Pvt. Ltd,280,469.0,131320.0,2025-07-28T11:30:39.311308
2025-07-28,148477,2025072803005263,GBBL,Online Securities Pvt. Ltd.,Premier Securities Company Ltd.,50,469.0,23450.0,2025-07-28T11:31:01.149068
2025-07-28,148457,2025072803005267,GBBL,Cristal Kanchanjanga Securites Pvt. Ltd.,Premier Securities Company Ltd.,50,469.0,23450.0,2025-07-28T11:31:02.419626
2025-07-28,148456,2025072803005268,GBBL,Cristal Kanchanjanga Securites Pvt. Ltd.,Naasa Securities Co. Ltd.,350,469.3,164255.0,2025-07-28T11:31:02.419824
2025-07-28,148455,2025072803005269,GBBL,Cristal Kanchanjanga Securites Pvt. Ltd.,Dipshikha Dhitopatra Karobar Co. Pvt Ltd.,100,469.4,46940.0,2025-07-28T11:31:02.419903
2025-07-28,148454,2025072803005270,GBBL,Cristal Kanchanjanga Securites Pvt. Ltd.,Kohinoor Investment & Securities Pvt. Ltd.,60,469.9,28194.0,2025-07-28T11:31:02.419979
2025-07-28,148453,2025072803005271,GBBL,Cristal Kanchanjanga Securites Pvt. Ltd.,Aakashbhairab Securities Ltd.,200,469.9,93980.0,2025-07-28T11:31:02.420064
2025-07-28,148452,2025072803005272,GBBL,Cristal Kanchanjanga Securites Pvt. Ltd.,Vision Securities Pvt. Ltd,590,470.0,277300.0,2025-07-28T11:31:02.420139
2025-07-28,148451,2025072803005273,GBBL,Cristal Kanchanjanga Securites Pvt. Ltd.,Opal Securities Investment (PVT) Ltd.,2000,470.0,940000.0,2025-07-28T11:31:02.420213
2025-07-28,148450,2025072803005274,GBBL,Cristal Kanchanjanga Securites Pvt. Ltd.,Vision Securities Pvt. Ltd,1000,470.0,470000.0,2025-07-28T11:31:02.420289
2025-07-28,148449,2025072803005275,GBBL,Cristal Kanchanjanga Securites Pvt. Ltd.,Online Securities Pvt. Ltd.,500,470.0,235000.0,2025-07-28T11:31:02.420362
2025-07-28,148448,2025072803005276,GBBL,Cristal Kanchanjanga Securites Pvt. Ltd.,Kumari Securities Private Limited,40,470.0,18800.0,2025-07-28T11:31:02.420435
2025-07-28,148447,2025072803005277,GBBL,Cristal Kanchanjanga Securites Pvt. Ltd.,Online Securities Pvt. Ltd.,300,470.0,141000.0,2025-07-28T11:31:02.420507
2025-07-28,148446,2025072803005278,GBBL,Cristal Kanchanjanga Securites Pvt. Ltd.,Sani Securities Company Ltd.,1000,470.0,470000.0,2025-07-28T11:31:02.420584
2025-07-28,148445,2025072803005279,GBBL,Cristal Kanchanjanga Securites Pvt. Ltd.,Vision Securities Pvt. Ltd,100,470.0,47000.0,2025-07-28T11:31:02.420659
2025-07-28,148444,2025072803005280,GBBL,Cristal Kanchanjanga Securites Pvt. Ltd.,Dynamic Money Managers Securities Pvt. Ltd.,133,470.0,62510.0,2025-07-28T11:31:02.42073
2025-07-28,148317,2025072803005327,GBBL,Dipshikha Dhitopatra Karobar Co. Pvt Ltd.,Dipshikha Dhitopatra Karobar Co. Pvt Ltd.,50,470.1,23505.0,2025-07-28T11:31:13.759288
2025-07-28,148110,2025072803005372,GBBL,Cristal Kanchanjanga Securites Pvt. Ltd.,Sani Securities Company Ltd.,100,470.0,47000.0,2025-07-28T11:31:27.786865
2025-07-28,148075,2025072803005386,GBBL,Kohinoor Investment & Securities Pvt. Ltd.,Dipshikha Dhitopatra Karobar Co. Pvt Ltd.,147,470.1,69104.7,2025-07-28T11:31:32.367344
2025-07-28,147444,2025072803005532,GBBL,Kohinoor Investment & Securities Pvt. Ltd.,Opal Securities Investment (PVT) Ltd.,15,470.1,7051.5,2025-07-28T11:32:37.287622
2025-07-28,147429,2025072803005537,GBBL,Kohinoor Investment & Securities Pvt. Ltd.,Creative Securities Pvt Ltd,38,470.1,17863.8,2025-07-28T11:32:40.305423
2025-07-28,147428,2025072803005538,GBBL,Cristal Kanchanjanga Securites Pvt. Ltd.,Creative Securities Pvt Ltd,62,470.0,29140.0,2025-07-28T11:32:40.305604
2025-07-28,147217,2025072803005588,GBBL,Cristal Kanchanjanga Securites Pvt. Ltd.,Sumeru Securities Pvt. Ltd.,200,470.0,94000.0,2025-07-28T11:32:59.162108
2025-07-28,146425,2025072803005812,GBBL,Aryatara Investment & Securities,Naasa Securities Co. Ltd.,100,470.1,47010.0,2025-07-28T11:34:04.948298
2025-07-28,146403,2025072803005827,GBBL,Aryatara Investment & Securities,Beni Securities Pvt.Ltd.,100,471.0,47100.0,2025-07-28T11:34:07.280549
2025-07-28,146402,2025072803005828,GBBL,Aryatara Investment & Securities,Premier Securities Company Ltd.,100,471.0,47100.0,2025-07-28T11:34:07.280936
2025-07-28,146362,2025072803005850,GBBL,Trishakti Securities Public Limited,Linch Stock Market Ltd.,100,471.9,47190.0,2025-07-28T11:34:11.524662
2025-07-28,146361,2025072803005851,GBBL,Trishakti Securities Public Limited,Premier Securities Company Ltd.,100,472.0,47200.0,2025-07-28T11:34:11.525019
2025-07-28,146360,2025072803005852,GBBL,Trishakti Securities Public Limited,Sani Securities Company Ltd.,100,472.0,47200.0,2025-07-28T11:34:11.525257
2025-07-28,146359,2025072803005853,GBBL,Trishakti Securities Public Limited,Vision Securities Pvt. Ltd,200,472.0,94400.0,2025-07-28T11:34:11.525481
2025-07-28,146162,2025072803005912,GBBL,Kumari Securities Private Limited,Infinity Securities Limited,200,471.0,94200.0,2025-07-28T11:34:30.294748
2025-07-28,145933,2025072803006002,GBBL,Opal Securities Investment (PVT) Ltd.,Kohinoor Investment & Securities Pvt. Ltd.,100,471.9,47190.0,2025-07-28T11:34:49.905923
2025-07-28,145932,2025072803006003,GBBL,Opal Securities Investment (PVT) Ltd.,Vision Securities Pvt. Ltd,70,472.0,33040.0,2025-07-28T11:34:49.906328
2025-07-28,145931,2025072803006004,GBBL,Opal Securities Investment (PVT) Ltd.,Swarna Laxmi Securities Pvt. Ltd.,100,472.0,47200.0,2025-07-28T11:34:49.90656
2025-07-28,145930,2025072803006005,GBBL,Opal Securities Investment (PVT) Ltd.,Primo Securities (PVT) Ltd.,20,472.0,9440.0,2025-07-28T11:34:49.906789
2025-07-28,145929,2025072803006006,GBBL,Opal Securities Investment (PVT) Ltd.,Sani Securities Company Ltd.,710,472.0,335120.0,2025-07-28T11:34:49.907016
2025-07-28,145673,2025072803006092,GBBL,Creative Securities Pvt Ltd,Sharepro Securities Private Limited,100,471.1,47110.0,2025-07-28T11:35:09.191508
2025-07-28,145594,2025072803006106,GBBL,Sanima Securities Limited,Sani Securities Company Ltd.,1000,472.0,472000.0,2025-07-28T11:35:17.119861
2025-07-28,145409,2025072803006155,GBBL,Swarna Laxmi Securities Pvt. Ltd.,Kumari Securities Private Limited,17,471.2,8010.4,2025-07-28T11:35:33.467156
2025-07-28,145326,2025072803006169,GBBL,Swarna Laxmi Securities Pvt. Ltd.,Dakshinkali Investment & Securities Pvt. Ltd.,300,471.2,141360.0,2025-07-28T11:35:40.351593
2025-07-28,145214,2025072803006182,GBBL,Magnet Securities and Investment Company Private Limited,Sani Securities Company Ltd.,60,472.0,28320.0,2025-07-28T11:35:51.338266
2025-07-28,145213,2025072803006183,GBBL,Magnet Securities and Investment Company Private Limited,Dynamic Money Managers Securities Pvt. Ltd.,33,472.0,15576.0,2025-07-28T11:35:51.338464
2025-07-28,145212,2025072803006184,GBBL,Magnet Securities and Investment Company Private Limited,Kohinoor Investment & Securities Pvt. Ltd.,50,472.0,23600.0,2025-07-28T11:35:51.338548
2025-07-28,145091,2025072803006211,GBBL,Magnet Securities and Investment Company Private Limited,Kohinoor Investment & Securities Pvt. Ltd.,10,472.0,4720.0,2025-07-28T11:36:02.041621
2025-07-28,145090,2025072803006212,GBBL,Magnet Securities and Investment Company Private Limited,Aryatara Investment & Securities,100,472.0,47200.0,2025-07-28T11:36:02.249876
2025-07-28,144998,2025072803006234,GBBL,Aryatara Investment & Securities,Naasa Securities Co. Ltd.,100,472.9,47290.0,2025-07-28T11:36:09.286939
2025-07-28,144853,2025072803006259,GBBL,Dipshikha Dhitopatra Karobar Co. Pvt Ltd.,Bhrikuti Stock Broking Co. Pvt. Ltd.,75,473.0,35475.0,2025-07-28T11:36:20.342978
2025-07-28,144852,2025072803006260,GBBL,Dipshikha Dhitopatra Karobar Co. Pvt Ltd.,Sani Securities Company Ltd.,50,473.0,23650.0,2025-07-28T11:36:20.343183
2025-07-28,144851,2025072803006261,GBBL,Dipshikha Dhitopatra Karobar Co. Pvt Ltd.,Vision Securities Pvt. Ltd,140,473.0,66220.0,2025-07-28T11:36:20.343264
2025-07-28,144850,2025072803006262,GBBL,Dipshikha Dhitopatra Karobar Co. Pvt Ltd.,Online Securities Pvt. Ltd.,88,473.5,41668.0,2025-07-28T11:36:20.343345
2025-07-28,144849,2025072803006263,GBBL,Dipshikha Dhitopatra Karobar Co. Pvt Ltd.,Deevyaa Securities & Stock House Pvt. Ltd,547,473.9,259223.3,2025-07-28T11:36:20.343426
2025-07-28,144673,2025072803006299,GBBL,Dipshikha Dhitopatra Karobar Co. Pvt Ltd.,Imperial Securities Company Pvt. Ltd.,100,472.2,47220.0,2025-07-28T11:36:37.839201
2025-07-28,144672,2025072803006300,GBBL,Trisul Securities & Invt. Ltd.,Imperial Securities Company Pvt. Ltd.,100,472.2,47220.0,2025-07-28T11:36:37.839388
2025-07-28,144671,2025072803006301,GBBL,Creative Securities Pvt Ltd,Imperial Securities Company Pvt. Ltd.,800,472.1,377680.0,2025-07-28T11:36:37.839482
2025-07-28,144544,2025072803006338,GBBL,Sanima Securities Limited,Deevyaa Securities & Stock House Pvt. Ltd,775,473.9,367272.5,2025-07-28T11:36:49.470215
2025-07-28,144543,2025072803006339,GBBL,Sanima Securities Limited,Vision Securities Pvt. Ltd,420,474.0,199080.0,2025-07-28T11:36:49.470412
2025-07-28,144542,2025072803006340,GBBL,Sanima Securities Limited,Kumari Securities Private Limited,250,474.0,118500.0,2025-07-28T11:36:49.470494
2025-07-28,144541,2025072803006341,GBBL,Sanima Securities Limited,Vision Securities Pvt. Ltd,555,474.0,263070.0,2025-07-28T11:36:49.470571
2025-07-28,144507,2025072803006345,GBBL,Creative Securities Pvt Ltd,Capital Hub P. Ltd,100,472.1,47210.0,2025-07-28T11:36:50.607323
2025-07-28,144293,2025072803006373,GBBL,Sanima Securities Limited,Vision Securities Pvt. Ltd,715,474.0,338910.0,2025-07-28T11:37:08.530021
2025-07-28,144292,2025072803006374,GBBL,Sanima Securities Limited,Dynamic Money Managers Securities Pvt. Ltd.,285,474.0,135090.0,2025-07-28T11:37:08.530364
2025-07-28,144239,2025072803006387,GBBL,Asian Securities Private Ltd.,Dynamic Money Managers Securities Pvt. Ltd.,115,474.0,54510.0,2025-07-28T11:37:12.235126
2025-07-28,144238,2025072803006388,GBBL,Asian Securities Private Ltd.,Vision Securities Pvt. Ltd,85,474.0,40290.0,2025-07-28T11:37:12.235324
2025-07-28,144235,2025072803006390,GBBL,Nepal Investment And Securities Trading Private Limited,Vision Securities Pvt. Ltd,75,474.0,35550.0,2025-07-28T11:37:12.411991
2025-07-28,144234,2025072803006391,GBBL,Nepal Investment And Securities Trading Private Limited,Premier Securities Company Ltd.,700,474.0,331800.0,2025-07-28T11:37:12.412189
2025-07-28,144233,2025072803006392,GBBL,Nepal Investment And Securities Trading Private Limited,Pragyan Securities (PVT) Ltd.,200,474.0,94800.0,2025-07-28T11:37:12.412271
2025-07-28,144222,2025072803006395,GBBL,Nepal Investment And Securities Trading Private Limited,Siprabi Securities Pvt. Ltd.,20,474.0,9480.0,2025-07-28T11:37:13.207344
2025-07-28,144188,2025072803006408,GBBL,Aryatara Investment & Securities,Premier Securities Company Ltd.,12,474.0,5688.0,2025-07-28T11:37:16.76176
2025-07-28,143752,2025072803006530,GBBL,Miyo Securities Pvt Ltd,Arun Securities (PVT) Ltd.,100,472.5,47250.0,2025-07-28T11:37:57.904175
2025-07-28,143751,2025072803006531,GBBL,Deevyaa Securities & Stock House Pvt. Ltd,Arun Securities (PVT) Ltd.,400,472.5,189000.0,2025-07-28T11:37:57.904379
2025-07-28,143718,2025072803006544,GBBL,Deevyaa Securities & Stock House Pvt. Ltd,Sani Securities Company Ltd.,335,472.5,158287.5,2025-07-28T11:38:01.588217
2025-07-28,143629,2025072803006561,GBBL,Deevyaa Securities & Stock House Pvt. Ltd,Dakshinkali Investment & Securities Pvt. Ltd.,32,472.5,15120.0,2025-07-28T11:38:13.103226
2025-07-28,143593,2025072803006571,GBBL,Naasa Securities Co. Ltd.,Online Securities Pvt. Ltd.,300,474.0,142200.0,2025-07-28T11:38:17.237021
2025-07-28,143592,2025072803006572,GBBL,Naasa Securities Co. Ltd.,Dynamic Money Managers Securities Pvt. Ltd.,147,474.8,69795.6,2025-07-28T11:38:17.237088
2025-07-28,143420,2025072803006622,GBBL,Deevyaa Securities & Stock House Pvt. Ltd,Kumari Securities Private Limited,10,472.5,4725.0,2025-07-28T11:38:31.316366
2025-07-28,143372,2025072803006637,GBBL,Midas Stock Broking Company Private Limited,Asian Securities Private Ltd.,100,474.7,47470.0,2025-07-28T11:38:35.706491
2025-07-28,143371,2025072803006638,GBBL,Midas Stock Broking Company Private Limited,Dynamic Money Managers Securities Pvt. Ltd.,53,474.8,25164.4,2025-07-28T11:38:35.706735
2025-07-28,143370,2025072803006639,GBBL,Midas Stock Broking Company Private Limited,Vision Securities Pvt. Ltd,200,474.9,94980.0,2025-07-28T11:38:35.706826
2025-07-28,143369,2025072803006640,GBBL,Midas Stock Broking Company Private Limited,Vision Securities Pvt. Ltd,147,474.9,69810.3,2025-07-28T11:38:35.706919
2025-07-28,143226,2025072803006670,GBBL,Cristal Kanchanjanga Securites Pvt. Ltd.,Vision Securities Pvt. Ltd,1000,474.9,474900.0,2025-07-28T11:38:48.408373
2025-07-28,143129,2025072803006713,GBBL,Magnet Securities and Investment Company Private Limited,KALASH STOCK MARKET PVT. LTD.,85,473.0,40205.0,2025-07-28T11:38:55.156684
2025-07-28,142834,2025072803006790,GBBL,Magnet Securities and Investment Company Private Limited,Infinity Securities Limited,200,473.0,94600.0,2025-07-28T11:39:23.468835
2025-07-28,142701,2025072803006837,GBBL,Magnet Securities and Investment Company Private Limited,Miyo Securities Pvt Ltd,962,473.0,455026.0,2025-07-28T11:39:37.032734
2025-07-28,142239,2025072803006987,GBBL,Dipshikha Dhitopatra Karobar Co. Pvt Ltd.,Sagarmatha Securities Private Limited,50,472.6,23630.0,2025-07-28T11:40:20.522893
2025-07-28,142238,2025072803006988,GBBL,Midas Stock Broking Company Private Limited,Sagarmatha Securities Private Limited,50,472.6,23630.0,2025-07-28T11:40:20.523134
2025-07-28,142208,2025072803006993,GBBL,Vision Securities Pvt. Ltd,Sani Securities Company Ltd.,110,473.9,52129.0,2025-07-28T11:40:23.888904
2025-07-28,142017,2025072803007047,GBBL,Secured Securities Ltd.,Sundhara Securities Limited,10,472.6,4726.0,2025-07-28T11:40:41.468355
2025-07-28,142016,2025072803007048,GBBL,Deevyaa Securities & Stock House Pvt. Ltd,Sundhara Securities Limited,190,472.5,89775.0,2025-07-28T11:40:41.468562
2025-07-28,141797,2025072803007096,GBBL,Deevyaa Securities & Stock House Pvt. Ltd,Premier Securities Company Ltd.,33,472.5,15592.5,2025-07-28T11:40:58.54109
2025-07-28,141796,2025072803007097,GBBL,Blue Chip Securities Ltd,Premier Securities Company Ltd.,200,472.0,94400.0,2025-07-28T11:40:58.541309
2025-07-28,141795,2025072803007098,GBBL,Swarna Laxmi Securities Pvt. Ltd.,Premier Securities Company Ltd.,683,471.2,321829.6,2025-07-28T11:40:58.5414
2025-07-28,141794,2025072803007099,GBBL,Kumari Securities Private Limited,Premier Securities Company Ltd.,800,471.0,376800.0,2025-07-28T11:40:58.541489
2025-07-28,141793,2025072803007100,GBBL,Cristal Kanchanjanga Securites Pvt. Ltd.,Premier Securities Company Ltd.,1215,470.0,571050.0,2025-07-28T11:40:58.541576
2025-07-28,141792,2025072803007101,GBBL,Thrive Brokerage House Pvt. Ltd,Premier Securities Company Ltd.,30,470.0,14100.0,2025-07-28T11:40:58.541663
2025-07-28,141791,2025072803007102,GBBL,Kalika Securities Pvt. Ltd.,Premier Securities Company Ltd.,38,470.0,17860.0,2025-07-28T11:40:58.54175
2025-07-28,141790,2025072803007103,GBBL,Imperial Securities Company Pvt. Ltd.,Premier Securities Company Ltd.,30,470.0,14100.0,2025-07-28T11:40:58.541835
2025-07-28,141789,2025072803007104,GBBL,Cristal Kanchanjanga Securites Pvt. Ltd.,Premier Securities Company Ltd.,10,470.0,4700.0,2025-07-28T11:40:58.541918
2025-07-28,141788,2025072803007105,GBBL,Imperial Securities Company Pvt. Ltd.,Premier Securities Company Ltd.,1050,470.0,493500.0,2025-07-28T11:40:58.542006
2025-07-28,141565,2025072803007158,GBBL,Naasa Securities Co. Ltd.,Premier Securities Company Ltd.,20,470.0,9400.0,2025-07-28T11:41:19.661945
2025-07-28,141537,2025072803007162,GBBL,Cristal Kanchanjanga Securites Pvt. Ltd.,Imperial Securities Company Pvt. Ltd.,100,469.0,46900.0,2025-07-28T11:41:22.242584
2025-07-28,141536,2025072803007163,GBBL,Imperial Securities Company Pvt. Ltd.,Imperial Securities Company Pvt. Ltd.,200,469.0,93800.0,2025-07-28T11:41:22.24283
2025-07-28,141185,2025072803007257,GBBL,Trishakti Securities Public Limited,Nepal Investment And Securities Trading Private Limited,10,469.1,4691.0,2025-07-28T11:41:53.205964
2025-07-28,141184,2025072803007258,GBBL,Imperial Securities Company Pvt. Ltd.,Nepal Investment And Securities Trading Private Limited,70,469.0,32830.0,2025-07-28T11:41:53.206227
2025-07-28,141027,2025072803007296,GBBL,Kohinoor Investment & Securities Pvt. Ltd.,Imperial Securities Company Pvt. Ltd.,96,469.1,45033.6,2025-07-28T11:42:04.58645
2025-07-28,140843,2025072803007338,GBBL,Vision Securities Pvt. Ltd,Premier Securities Company Ltd.,1000,470.0,470000.0,2025-07-28T11:42:18.537764
2025-07-28,140821,2025072803007341,GBBL,Kohinoor Investment & Securities Pvt. Ltd.,Sani Securities Company Ltd.,104,469.1,48786.4,2025-07-28T11:42:19.948467
2025-07-28,140820,2025072803007342,GBBL,Imperial Securities Company Pvt. Ltd.,Sani Securities Company Ltd.,396,469.0,185724.0,2025-07-28T11:42:19.948672
2025-07-28,140679,2025072803007370,GBBL,Imperial Securities Company Pvt. Ltd.,Premier Securities Company Ltd.,14,469.0,6566.0,2025-07-28T11:42:30.98523
2025-07-28,140590,2025072803007377,GBBL,Imperial Securities Company Pvt. Ltd.,J.F. Securites (PVT) Ltd.,509,469.0,238721.0,2025-07-28T11:42:34.729135
2025-07-28,140453,2025072803007409,GBBL,Imperial Securities Company Pvt. Ltd.,Midas Stock Broking Company Private Limited,200,469.0,93800.0,2025-07-28T11:42:43.984417
2025-07-28,140441,2025072803007411,GBBL,Premier Securities Company Ltd.,Premier Securities Company Ltd.,1500,470.0,705000.0,2025-07-28T11:42:44.60636
2025-07-28,140216,2025072803007484,GBBL,Imperial Securities Company Pvt. Ltd.,Market Securities & Exchange (PVT) Ltd.,611,469.0,286559.0,2025-07-28T11:43:02.619195
2025-07-28,140060,2025072803007516,GBBL,Vision Securities Pvt. Ltd,Market Securities & Exchange (PVT) Ltd.,155,469.0,72695.0,2025-07-28T11:43:12.438978
2025-07-28,139610,2025072803007612,GBBL,Asian Securities Private Ltd.,Premier Securities Company Ltd.,61,468.1,28554.1,2025-07-28T11:43:46.836654
2025-07-28,139600,2025072803007613,GBBL,Asian Securities Private Ltd.,Shree Krishna Securities Ltd.,181,468.1,84726.1,2025-07-28T11:43:47.657906
2025-07-28,139599,2025072803007614,GBBL,Capital Hub P. Ltd,Shree Krishna Securities Ltd.,106,468.1,49618.6,2025-07-28T11:43:47.658155
2025-07-28,139119,2025072803007744,GBBL,Capital Hub P. Ltd,South Asian Bulls Pvt. Ltd.,38,468.1,17787.8,2025-07-28T11:44:21.59666
2025-07-28,138843,2025072803007836,GBBL,South Asian Bulls Pvt. Ltd.,Market Securities & Exchange (PVT) Ltd.,234,469.0,109746.0,2025-07-28T11:44:41.911777
2025-07-28,138842,2025072803007837,GBBL,South Asian Bulls Pvt. Ltd.,Ashutosh Brokerage & Securities (PVT) Ltd.,50,469.9,23495.0,2025-07-28T11:44:41.912215
2025-07-28,138841,2025072803007838,GBBL,South Asian Bulls Pvt. Ltd.,Dipshikha Dhitopatra Karobar Co. Pvt Ltd.,200,470.0,94000.0,2025-07-28T11:44:41.912492
2025-07-28,138840,2025072803007839,GBBL,South Asian Bulls Pvt. Ltd.,Aryatara Investment & Securities,425,470.0,199750.0,2025-07-28T11:44:41.912761
2025-07-28,138839,2025072803007840,GBBL,South Asian Bulls Pvt. Ltd.,Infinity Securities Limited,500,470.0,235000.0,2025-07-28T11:44:41.913041
2025-07-28,138489,2025072803007921,GBBL,South Asian Bulls Pvt. Ltd.,Swarna Laxmi Securities Pvt. Ltd.,200,470.0,94000.0,2025-07-28T11:45:08.004927
2025-07-28,137938,2025072803008088,GBBL,Sewa Securities Pvt. Ltd.,Linch Stock Market Ltd.,100,470.1,47010.0,2025-07-28T11:45:49.188506
2025-07-28,137937,2025072803008089,GBBL,Capital Hub P. Ltd,Linch Stock Market Ltd.,200,470.0,94000.0,2025-07-28T11:45:49.188544
2025-07-28,137352,2025072803008243,GBBL,Malla & Malla Stock Broking Company Pvt. Limited,South Asian Bulls Pvt. Ltd.,11,469.1,5160.1,2025-07-28T11:46:32.173083
2025-07-28,137351,2025072803008244,GBBL,South Asian Bulls Pvt. Ltd.,South Asian Bulls Pvt. Ltd.,380,469.0,178220.0,2025-07-28T11:46:32.173314
2025-07-28,137041,2025072803008319,GBBL,Cristal Kanchanjanga Securites Pvt. Ltd.,Imperial Securities Company Pvt. Ltd.,15,470.0,7050.0,2025-07-28T11:46:55.92119
2025-07-28,137040,2025072803008320,GBBL,Cristal Kanchanjanga Securites Pvt. Ltd.,Naasa Securities Co. Ltd.,21,470.0,9870.0,2025-07-28T11:46:55.921632
2025-07-28,137039,2025072803008321,GBBL,Cristal Kanchanjanga Securites Pvt. Ltd.,Sani Securities Company Ltd.,100,470.0,47000.0,2025-07-28T11:46:55.921946
2025-07-28,137038,2025072803008322,GBBL,Cristal Kanchanjanga Securites Pvt. Ltd.,Oxford Securities Pvt. Ltd.,164,470.0,77080.0,2025-07-28T11:46:55.922244
2025-07-28,136704,2025072803008408,GBBL,Stoxkarts Securities Limited,Oxford Securities Pvt. Ltd.,36,470.0,16920.0,2025-07-28T11:47:20.905926
2025-07-28,136703,2025072803008409,GBBL,Stoxkarts Securities Limited,Dipshikha Dhitopatra Karobar Co. Pvt Ltd.,143,470.0,67210.0,2025-07-28T11:47:20.906178
2025-07-28,136486,2025072803008457,GBBL,Sundhara Securities Limited,Property Wiard Limited,50,471.0,23550.0,2025-07-28T11:47:31.264551
2025-07-28,136485,2025072803008458,GBBL,Sundhara Securities Limited,Linch Stock Market Ltd.,190,472.0,89680.0,2025-07-28T11:47:31.265087
2025-07-28,136484,2025072803008459,GBBL,Sundhara Securities Limited,Vision Securities Pvt. Ltd,1000,472.0,472000.0,2025-07-28T11:47:31.265403
2025-07-28,136483,2025072803008460,GBBL,Sundhara Securities Limited,Premier Securities Company Ltd.,88,472.0,41536.0,2025-07-28T11:47:31.265734
2025-07-28,136393,2025072803008472,GBBL,Sundhara Securities Limited,Linch Stock Market Ltd.,500,472.0,236000.0,2025-07-28T11:47:35.88422
2025-07-28,136353,2025072803008487,GBBL,Nepal Investment And Securities Trading Private Limited,Asian Securities Private Ltd.,5,474.0,2370.0,2025-07-28T11:47:38.86419
2025-07-28,136263,2025072803008509,GBBL,BHOLE GANESH SECURITIES LTD,Trishakti Securities Public Limited,100,472.5,47250.0,2025-07-28T11:47:46.918959
2025-07-28,136100,2025072803008564,GBBL,Swarna Laxmi Securities Pvt. Ltd.,Bhrikuti Stock Broking Co. Pvt. Ltd.,150,472.8,70920.0,2025-07-28T11:47:56.660531
2025-07-28,136099,2025072803008565,GBBL,Swarna Laxmi Securities Pvt. Ltd.,Elite Stock House Limited,300,472.8,141840.0,2025-07-28T11:47:56.660795
2025-07-28,136098,2025072803008566,GBBL,Swarna Laxmi Securities Pvt. Ltd.,Sundhara Securities Limited,50,472.9,23645.0,2025-07-28T11:47:56.660904
2025-07-28,136090,2025072803008569,GBBL,ABC Securities Private Limited,Sundhara Securities Limited,450,472.9,212805.0,2025-07-28T11:47:57.402471
2025-07-28,136089,2025072803008570,GBBL,ABC Securities Private Limited,KALASH STOCK MARKET PVT. LTD.,200,473.0,94600.0,2025-07-28T11:47:57.402587
2025-07-28,136088,2025072803008571,GBBL,ABC Securities Private Limited,Nepal Stock House (PVT) Ltd.,350,473.0,165550.0,2025-07-28T11:47:57.402621
2025-07-28,135904,2025072803008649,GBBL,Aakashbhairab Securities Ltd.,Nepal Stock House (PVT) Ltd.,150,473.0,70950.0,2025-07-28T11:48:07.883636
2025-07-28,135903,2025072803008650,GBBL,Aakashbhairab Securities Ltd.,Sani Securities Company Ltd.,18,473.0,8514.0,2025-07-28T11:48:07.883865
2025-07-28,135775,2025072803008704,GBBL,BHOLE GANESH SECURITIES LTD,Sani Securities Company Ltd.,390,473.9,184821.0,2025-07-28T11:48:18.856175
2025-07-28,135774,2025072803008705,GBBL,BHOLE GANESH SECURITIES LTD,Kohinoor Investment & Securities Pvt. Ltd.,70,474.0,33180.0,2025-07-28T11:48:18.856636
2025-07-28,135675,2025072803008753,GBBL,ABC Securities Private Limited,Kohinoor Investment & Securities Pvt. Ltd.,930,474.0,440820.0,2025-07-28T11:48:22.979775
2025-07-28,135674,2025072803008754,GBBL,ABC Securities Private Limited,KALASH STOCK MARKET PVT. LTD.,50,474.0,23700.0,2025-07-28T11:48:22.979827
2025-07-28,135673,2025072803008755,GBBL,ABC Securities Private Limited,Online Securities Pvt. Ltd.,300,474.0,142200.0,2025-07-28T11:48:22.979854
2025-07-28,135672,2025072803008756,GBBL,ABC Securities Private Limited,Dipshikha Dhitopatra Karobar Co. Pvt Ltd.,250,474.0,118500.0,2025-07-28T11:48:22.979882
2025-07-28,135671,2025072803008757,GBBL,ABC Securities Private Limited,Agrawal Securities (PVT) Ltd.,100,474.5,47450.0,2025-07-28T11:48:22.979908
2025-07-28,135670,2025072803008758,GBBL,ABC Securities Private Limited,Vision Securities Pvt. Ltd,123,474.9,58412.7,2025-07-28T11:48:22.979936
2025-07-28,135669,2025072803008759,GBBL,ABC Securities Private Limited,Citizens Share Broker Limited,300,474.9,142470.0,2025-07-28T11:48:22.979966
2025-07-28,135668,2025072803008760,GBBL,ABC Securities Private Limited,Sewa Securities Pvt. Ltd.,10,474.9,4749.0,2025-07-28T11:48:22.979993
2025-07-28,135667,2025072803008761,GBBL,ABC Securities Private Limited,Sundhara Securities Limited,50,474.9,23745.0,2025-07-28T11:48:22.980018
2025-07-28,135666,2025072803008762,GBBL,ABC Securities Private Limited,Vision Securities Pvt. Ltd,140,475.0,66500.0,2025-07-28T11:48:22.980051
2025-07-28,135665,2025072803008763,GBBL,ABC Securities Private Limited,Naasa Securities Co. Ltd.,65,475.0,30875.0,2025-07-28T11:48:22.980077
2025-07-28,135664,2025072803008764,GBBL,ABC Securities Private Limited,Sani Securities Company Ltd.,50,475.0,23750.0,2025-07-28T11:48:22.980106
2025-07-28,135663,2025072803008765,GBBL,ABC Securities Private Limited,Vision Securities Pvt. Ltd,150,475.0,71250.0,2025-07-28T11:48:22.98013
2025-07-28,135662,2025072803008766,GBBL,ABC Securities Private Limited,Naasa Securities Co. Ltd.,247,475.0,117325.0,2025-07-28T11:48:22.980154
2025-07-28,135661,2025072803008767,GBBL,ABC Securities Private Limited,Online Securities Pvt. Ltd.,200,475.0,95000.0,2025-07-28T11:48:22.980179
2025-07-28,135660,2025072803008768,GBBL,ABC Securities Private Limited,Dakshinkali Investment & Securities Pvt. Ltd.,102,475.0,48450.0,2025-07-28T11:48:22.980213
2025-07-28,135659,2025072803008769,GBBL,ABC Securities Private Limited,Sundhara Securities Limited,50,475.0,23750.0,2025-07-28T11:48:22.980249
2025-07-28,135658,2025072803008770,GBBL,ABC Securities Private Limited,Trisul Securities & Invt. Ltd.,500,475.0,237500.0,2025-07-28T11:48:22.980278
2025-07-28,135657,2025072803008771,GBBL,ABC Securities Private Limited,Online Securities Pvt. Ltd.,100,475.0,47500.0,2025-07-28T11:48:22.980303
2025-07-28,135656,2025072803008772,GBBL,ABC Securities Private Limited,Blue Chip Securities Ltd,200,475.0,95000.0,2025-07-28T11:48:22.980332
2025-07-28,135655,2025072803008773,GBBL,ABC Securities Private Limited,Naasa Securities Co. Ltd.,50,475.0,23750.0,2025-07-28T11:48:22.980355
2025-07-28,135654,2025072803008774,GBBL,ABC Securities Private Limited,Opal Securities Investment (PVT) Ltd.,2000,475.0,950000.0,2025-07-28T11:48:22.980378
2025-07-28,135653,2025072803008775,GBBL,ABC Securities Private Limited,Creative Securities Pvt Ltd,500,475.0,237500.0,2025-07-28T11:48:22.980402
2025-07-28,135652,2025072803008776,GBBL,ABC Securities Private Limited,Sani Securities Company Ltd.,100,475.0,47500.0,2025-07-28T11:48:22.980425
2025-07-28,135651,2025072803008777,GBBL,ABC Securities Private Limited,Aryatara Investment & Securities,1000,475.0,475000.0,2025-07-28T11:48:22.980452
2025-07-28,135650,2025072803008778,GBBL,ABC Securities Private Limited,Vision Securities Pvt. Ltd,300,475.0,142500.0,2025-07-28T11:48:22.980476
2025-07-28,135649,2025072803008779,GBBL,ABC Securities Private Limited,ABC Securities Private Limited,75,475.0,35625.0,2025-07-28T11:48:22.980512
2025-07-28,135648,2025072803008780,GBBL,ABC Securities Private Limited,Dynamic Money Managers Securities Pvt. Ltd.,100,475.0,47500.0,2025-07-28T11:48:22.980538
2025-07-28,135647,2025072803008781,GBBL,ABC Securities Private Limited,Kumari Securities Private Limited,77,475.0,36575.0,2025-07-28T11:48:22.980579
2025-07-28,135646,2025072803008782,GBBL,ABC Securities Private Limited,Asian Securities Private Ltd.,100,475.0,47500.0,2025-07-28T11:48:22.98061
2025-07-28,135645,2025072803008783,GBBL,ABC Securities Private Limited,Nepal Stock House (PVT) Ltd.,20,475.0,9500.0,2025-07-28T11:48:22.980635
2025-07-28,135644,2025072803008784,GBBL,ABC Securities Private Limited,Sani Securities Company Ltd.,100,475.0,47500.0,2025-07-28T11:48:22.980659
2025-07-28,135643,2025072803008785,GBBL,ABC Securities Private Limited,Naasa Securities Co. Ltd.,20,475.0,9500.0,2025-07-28T11:48:22.980707
2025-07-28,135642,2025072803008786,GBBL,ABC Securities Private Limited,SHUBHAKAMANA SECURITIES PVT. LTD,100,475.9,47590.0,2025-07-28T11:48:22.980735
2025-07-28,135641,2025072803008787,GBBL,ABC Securities Private Limited,Online Securities Pvt. Ltd.,50,476.0,23800.0,2025-07-28T11:48:22.980765
2025-07-28,135640,2025072803008788,GBBL,ABC Securities Private Limited,Capital Hub P. Ltd,50,476.0,23800.0,2025-07-28T11:48:22.980792
2025-07-28,135639,2025072803008789,GBBL,ABC Securities Private Limited,Sewa Securities Pvt. Ltd.,100,476.0,47600.0,2025-07-28T11:48:22.980816
2025-07-28,135638,2025072803008790,GBBL,ABC Securities Private Limited,Deevyaa Securities & Stock House Pvt. Ltd,500,476.0,238000.0,2025-07-28T11:48:22.98084
2025-07-28,135637,2025072803008791,GBBL,ABC Securities Private Limited,Online Securities Pvt. Ltd.,357,476.0,169932.0,2025-07-28T11:48:22.980863
2025-07-28,135636,2025072803008792,GBBL,ABC Securities Private Limited,Sumeru Securities Pvt. Ltd.,92,476.0,43792.0,2025-07-28T11:48:22.980888
2025-07-28,135635,2025072803008793,GBBL,ABC Securities Private Limited,Online Securities Pvt. Ltd.,392,476.8,186905.6,2025-07-28T11:48:22.980919
2025-07-28,135444,2025072803008898,GBBL,Aakashbhairab Securities Ltd.,Imperial Securities Company Pvt. Ltd.,100,473.0,47300.0,2025-07-28T11:48:32.181196
2025-07-28,135284,2025072803008959,GBBL,Himalayan Brokerage Company Limited,South Asian Bulls Pvt. Ltd.,98,474.0,46452.0,2025-07-28T11:48:43.756767
2025-07-28,134825,2025072803009163,GBBL,Sri Hari Securities Pvt. Ltd.,Kohinoor Investment & Securities Pvt. Ltd.,50,475.0,23750.0,2025-07-28T11:49:09.933685
2025-07-28,134824,2025072803009164,GBBL,Sri Hari Securities Pvt. Ltd.,Sani Securities Company Ltd.,50,475.0,23750.0,2025-07-28T11:49:09.934144
2025-07-28,134768,2025072803009177,GBBL,Sri Hari Securities Pvt. Ltd.,Imperial Securities Company Pvt. Ltd.,44,475.0,20900.0,2025-07-28T11:49:13.653316
2025-07-28,134738,2025072803009182,GBBL,Sri Hari Securities Pvt. Ltd.,Premier Securities Company Ltd.,12,475.0,5700.0,2025-07-28T11:49:14.359562
2025-07-28,134660,2025072803009210,GBBL,Sri Hari Securities Pvt. Ltd.,Market Securities & Exchange (PVT) Ltd.,100,475.0,47500.0,2025-07-28T11:49:20.935889
2025-07-28,134629,2025072803009216,GBBL,Malla & Malla Stock Broking Company Pvt. Limited,Imperial Securities Company Pvt. Ltd.,100,476.0,47600.0,2025-07-28T11:49:23.647725
2025-07-28,134300,2025072803009287,GBBL,SUN SECURITIES PVT LTD,Imperial Securities Company Pvt. Ltd.,100,476.0,47600.0,2025-07-28T11:49:41.007206
2025-07-28,134299,2025072803009288,GBBL,SUN SECURITIES PVT LTD,ABC Securities Private Limited,200,476.0,95200.0,2025-07-28T11:49:41.007644
2025-07-28,134247,2025072803009310,GBBL,Capital Max Securities Ltd,ABC Securities Private Limited,300,476.0,142800.0,2025-07-28T11:49:43.656913
2025-07-28,134246,2025072803009311,GBBL,Capital Max Securities Ltd,Online Securities Pvt. Ltd.,108,476.8,51494.4,2025-07-28T11:49:43.657118
2025-07-28,134245,2025072803009312,GBBL,Capital Max Securities Ltd,Creative Securities Pvt Ltd,500,476.8,238400.0,2025-07-28T11:49:43.657206
2025-07-28,134244,2025072803009313,GBBL,Capital Max Securities Ltd,Online Securities Pvt. Ltd.,25,476.9,11922.5,2025-07-28T11:49:43.657292
2025-07-28,134243,2025072803009314,GBBL,Capital Max Securities Ltd,Vision Securities Pvt. Ltd,100,477.0,47700.0,2025-07-28T11:49:43.657376
2025-07-28,134242,2025072803009315,GBBL,Capital Max Securities Ltd,Kohinoor Investment & Securities Pvt. Ltd.,200,477.0,95400.0,2025-07-28T11:49:43.657478
2025-07-28,134241,2025072803009316,GBBL,Capital Max Securities Ltd,Dynamic Money Managers Securities Pvt. Ltd.,100,477.0,47700.0,2025-07-28T11:49:43.657563
2025-07-28,134240,2025072803009317,GBBL,Capital Max Securities Ltd,Kohinoor Investment & Securities Pvt. Ltd.,500,477.0,238500.0,2025-07-28T11:49:43.657644
2025-07-28,134239,2025072803009318,GBBL,Capital Max Securities Ltd,Trisul Securities & Invt. Ltd.,25,477.0,11925.0,2025-07-28T11:49:43.657725
2025-07-28,134238,2025072803009319,GBBL,Capital Max Securities Ltd,Vision Securities Pvt. Ltd,440,477.0,209880.0,2025-07-28T11:49:43.657807
2025-07-28,134237,2025072803009320,GBBL,Capital Max Securities Ltd,Naasa Securities Co. Ltd.,287,477.0,136899.0,2025-07-28T11:49:43.657898
2025-07-28,134236,2025072803009321,GBBL,Capital Max Securities Ltd,Bhrikuti Stock Broking Co. Pvt. Ltd.,200,477.0,95400.0,2025-07-28T11:49:43.657979
2025-07-28,134235,2025072803009322,GBBL,Capital Max Securities Ltd,Sumeru Securities Pvt. Ltd.,11,477.0,5247.0,2025-07-28T11:49:43.658065
2025-07-28,134234,2025072803009323,GBBL,Capital Max Securities Ltd,Infinity Securities Limited,400,477.0,190800.0,2025-07-28T11:49:43.658146
2025-07-28,134233,2025072803009324,GBBL,Capital Max Securities Ltd,Online Securities Pvt. Ltd.,100,477.0,47700.0,2025-07-28T11:49:43.658233
2025-07-28,134232,2025072803009325,GBBL,Capital Max Securities Ltd,Agrawal Securities (PVT) Ltd.,15,477.0,7155.0,2025-07-28T11:49:43.658318
2025-07-28,134231,2025072803009326,GBBL,Capital Max Securities Ltd,Trishakti Securities Public Limited,1689,477.0,805653.0,2025-07-28T11:49:43.6584
2025-07-28,133888,2025072803009450,GBBL,Kumari Securities Private Limited,Asian Securities Private Ltd.,400,477.0,190800.0,2025-07-28T11:50:07.980182
2025-07-28,133727,2025072803009518,GBBL,Kumari Securities Private Limited,Asian Securities Private Ltd.,60,477.0,28620.0,2025-07-28T11:50:16.8868
2025-07-28,133694,2025072803009533,GBBL,Kumari Securities Private Limited,Vision Securities Pvt. Ltd,540,477.0,257580.0,2025-07-28T11:50:19.654533
2025-07-28,133440,2025072803009619,GBBL,Vision Securities Pvt. Ltd,Vision Securities Pvt. Ltd,60,477.0,28620.0,2025-07-28T11:50:38.007968
2025-07-28,133439,2025072803009620,GBBL,Vision Securities Pvt. Ltd,Investment Management Nepal Pvt. Ltd.,50,477.1,23855.0,2025-07-28T11:50:38.008407
2025-07-28,133438,2025072803009621,GBBL,Vision Securities Pvt. Ltd,Secured Securities Ltd.,500,477.4,238700.0,2025-07-28T11:50:38.008679
2025-07-28,133218,2025072803009730,GBBL,Sumeru Securities Pvt. Ltd.,Kohinoor Investment & Securities Pvt. Ltd.,200,477.7,95540.0,2025-07-28T11:50:53.710222
2025-07-28,133217,2025072803009731,GBBL,Sumeru Securities Pvt. Ltd.,Elite Stock House Limited,50,477.7,23885.0,2025-07-28T11:50:53.71042
2025-07-28,133067,2025072803009778,GBBL,Secured Securities Ltd.,Elite Stock House Limited,120,477.7,57324.0,2025-07-28T11:51:04.5766
2025-07-28,132979,2025072803009840,GBBL,Vision Securities Pvt. Ltd,Imperial Securities Company Pvt. Ltd.,141,477.4,67313.4,2025-07-28T11:51:10.633565
2025-07-28,132677,2025072803009915,GBBL,SUN SECURITIES PVT LTD,Imperial Securities Company Pvt. Ltd.,246,477.0,117342.0,2025-07-28T11:51:31.44537
2025-07-28,132676,2025072803009916,GBBL,SUN SECURITIES PVT LTD,Bhrikuti Stock Broking Co. Pvt. Ltd.,704,477.0,335808.0,2025-07-28T11:51:31.445577
2025-07-28,132567,2025072803009958,GBBL,Malla & Malla Stock Broking Company Pvt. Limited,Bhrikuti Stock Broking Co. Pvt. Ltd.,296,477.0,141192.0,2025-07-28T11:51:40.314954
2025-07-28,132477,2025072803010005,GBBL,Shree Krishna Securities Ltd.,Opal Securities Investment (PVT) Ltd.,100,475.1,47510.0,2025-07-28T11:51:49.604691
2025-07-28,132308,2025072803010054,GBBL,Sri Hari Securities Pvt. Ltd.,Cristal Kanchanjanga Securites Pvt. Ltd.,400,477.0,190800.0,2025-07-28T11:52:04.142772
2025-07-28,131962,2025072803010174,GBBL,Infinity Securities Limited,Cristal Kanchanjanga Securites Pvt. Ltd.,100,477.0,47700.0,2025-07-28T11:52:28.454779
2025-07-28,131961,2025072803010175,GBBL,Infinity Securities Limited,Prabhu Stock Market Limited,500,477.0,238500.0,2025-07-28T11:52:28.454847
2025-07-28,131960,2025072803010176,GBBL,Infinity Securities Limited,Trishakti Securities Public Limited,50,477.4,23870.0,2025-07-28T11:52:28.454874
2025-07-28,131959,2025072803010177,GBBL,Infinity Securities Limited,Online Securities Pvt. Ltd.,250,477.5,119375.0,2025-07-28T11:52:28.454897
2025-07-28,131958,2025072803010178,GBBL,Infinity Securities Limited,Sundhara Securities Limited,50,477.5,23875.0,2025-07-28T11:52:28.454934
2025-07-28,131957,2025072803010179,GBBL,Infinity Securities Limited,Elite Stock House Limited,830,477.7,396491.0,2025-07-28T11:52:28.454973
2025-07-28,131956,2025072803010180,GBBL,Infinity Securities Limited,KALASH STOCK MARKET PVT. LTD.,850,478.0,406300.0,2025-07-28T11:52:28.454999
2025-07-28,131955,2025072803010181,GBBL,Infinity Securities Limited,ABC Securities Private Limited,191,478.0,91298.0,2025-07-28T11:52:28.455027
2025-07-28,131954,2025072803010182,GBBL,Infinity Securities Limited,J.F. Securites (PVT) Ltd.,100,478.0,47800.0,2025-07-28T11:52:28.455047
2025-07-28,131953,2025072803010183,GBBL,Infinity Securities Limited,Dipshikha Dhitopatra Karobar Co. Pvt Ltd.,99,478.0,47322.0,2025-07-28T11:52:28.455068
2025-07-28,131952,2025072803010184,GBBL,Infinity Securities Limited,Swarna Laxmi Securities Pvt. Ltd.,100,478.0,47800.0,2025-07-28T11:52:28.455089
2025-07-28,131951,2025072803010185,GBBL,Infinity Securities Limited,Imperial Securities Company Pvt. Ltd.,880,478.0,420640.0,2025-07-28T11:52:28.455108
2025-07-28,131935,2025072803010196,GBBL,Imperial Securities Company Pvt. Ltd.,Imperial Securities Company Pvt. Ltd.,120,478.0,57360.0,2025-07-28T11:52:29.003815
2025-07-28,131934,2025072803010197,GBBL,Imperial Securities Company Pvt. Ltd.,Kumari Securities Private Limited,116,478.0,55448.0,2025-07-28T11:52:29.00402
2025-07-28,131933,2025072803010198,GBBL,Imperial Securities Company Pvt. Ltd.,Bhrikuti Stock Broking Co. Pvt. Ltd.,128,478.0,61184.0,2025-07-28T11:52:29.004117
2025-07-28,131932,2025072803010199,GBBL,Imperial Securities Company Pvt. Ltd.,Aryatara Investment & Securities,500,478.0,239000.0,2025-07-28T11:52:29.004202
2025-07-28,131931,2025072803010200,GBBL,Imperial Securities Company Pvt. Ltd.,Vision Securities Pvt. Ltd,200,478.0,95600.0,2025-07-28T11:52:29.004307
2025-07-28,131930,2025072803010201,GBBL,Imperial Securities Company Pvt. Ltd.,Trisul Securities & Invt. Ltd.,400,478.0,191200.0,2025-07-28T11:52:29.004397
2025-07-28,131929,2025072803010202,GBBL,Imperial Securities Company Pvt. Ltd.,Linch Stock Market Ltd.,170,478.0,81260.0,2025-07-28T11:52:29.004484
2025-07-28,131928,2025072803010203,GBBL,Imperial Securities Company Pvt. Ltd.,Dipshikha Dhitopatra Karobar Co. Pvt Ltd.,100,478.0,47800.0,2025-07-28T11:52:29.004569
2025-07-28,131867,2025072803010219,GBBL,Imperial Securities Company Pvt. Ltd.,Naasa Securities Co. Ltd.,1500,478.0,717000.0,2025-07-28T11:52:34.609098
2025-07-28,131816,2025072803010243,GBBL,Himalayan Securities Limited,Bhrikuti Stock Broking Co. Pvt. Ltd.,200,478.3,95660.0,2025-07-28T11:52:38.326005
2025-07-28,131767,2025072803010262,GBBL,Vision Securities Pvt. Ltd,Bhrikuti Stock Broking Co. Pvt. Ltd.,240,478.3,114792.0,2025-07-28T11:52:43.692372
2025-07-28,131766,2025072803010263,GBBL,Vision Securities Pvt. Ltd,Aryatara Investment & Securities,50,478.6,23930.0,2025-07-28T11:52:43.692811
2025-07-28,131765,2025072803010264,GBBL,Vision Securities Pvt. Ltd,Prabhu Stock Market Limited,500,479.0,239500.0,2025-07-28T11:52:43.693097
2025-07-28,131764,2025072803010265,GBBL,Vision Securities Pvt. Ltd,Imperial Securities Company Pvt. Ltd.,143,479.0,68497.0,2025-07-28T11:52:43.693352
2025-07-28,131763,2025072803010266,GBBL,Vision Securities Pvt. Ltd,Naasa Securities Co. Ltd.,1000,479.0,479000.0,2025-07-28T11:52:43.693596
2025-07-28,131762,2025072803010267,GBBL,Vision Securities Pvt. Ltd,Aryatara Investment & Securities,100,479.0,47900.0,2025-07-28T11:52:43.69384
2025-07-28,131761,2025072803010268,GBBL,Vision Securities Pvt. Ltd,Online Securities Pvt. Ltd.,500,479.0,239500.0,2025-07-28T11:52:43.694102
2025-07-28,131760,2025072803010269,GBBL,Vision Securities Pvt. Ltd,Agrawal Securities (PVT) Ltd.,100,479.0,47900.0,2025-07-28T11:52:43.694354
2025-07-28,131759,2025072803010270,GBBL,Vision Securities Pvt. Ltd,Online Securities Pvt. Ltd.,260,479.4,124644.0,2025-07-28T11:52:43.694665
2025-07-28,131758,2025072803010271,GBBL,Vision Securities Pvt. Ltd,ABC Securities Private Limited,50,479.4,23970.0,2025-07-28T11:52:43.694969
2025-07-28,131757,2025072803010272,GBBL,Vision Securities Pvt. Ltd,Oxford Securities Pvt. Ltd.,300,479.4,143820.0,2025-07-28T11:52:43.695233
2025-07-28,131756,2025072803010273,GBBL,Vision Securities Pvt. Ltd,Imperial Securities Company Pvt. Ltd.,500,479.4,239700.0,2025-07-28T11:52:43.695474
2025-07-28,131755,2025072803010274,GBBL,Vision Securities Pvt. Ltd,Imperial Securities Company Pvt. Ltd.,500,479.4,239700.0,2025-07-28T11:52:43.695795
2025-07-28,131754,2025072803010275,GBBL,Vision Securities Pvt. Ltd,Oxford Securities Pvt. Ltd.,200,479.9,95980.0,2025-07-28T11:52:43.696243
2025-07-28,131753,2025072803010276,GBBL,Vision Securities Pvt. Ltd,Kumari Securities Private Limited,500,480.0,240000.0,2025-07-28T11:52:43.696646
2025-07-28,131752,2025072803010277,GBBL,Vision Securities Pvt. Ltd,Vision Securities Pvt. Ltd,2000,480.0,960000.0,2025-07-28T11:52:43.697008
2025-07-28,131751,2025072803010278,GBBL,Vision Securities Pvt. Ltd,Online Securities Pvt. Ltd.,640,480.0,307200.0,2025-07-28T11:52:43.697299
2025-07-28,131750,2025072803010279,GBBL,Vision Securities Pvt. Ltd,K.B.L. Securities Limited ,2000,480.0,960000.0,2025-07-28T11:52:43.69757
2025-07-28,131749,2025072803010280,GBBL,Vision Securities Pvt. Ltd,Sumeru Securities Pvt. Ltd.,150,480.0,72000.0,2025-07-28T11:52:43.697847
2025-07-28,131748,2025072803010281,GBBL,Vision Securities Pvt. Ltd,Kohinoor Investment & Securities Pvt. Ltd.,50,480.0,24000.0,2025-07-28T11:52:43.698118
2025-07-28,131747,2025072803010282,GBBL,Vision Securities Pvt. Ltd,K.B.L. Securities Limited ,100,480.0,48000.0,2025-07-28T11:52:43.698364
2025-07-28,131746,2025072803010283,GBBL,Vision Securities Pvt. Ltd,Malla & Malla Stock Broking Company Pvt. Limited,117,480.0,56160.0,2025-07-28T11:52:43.698681
2025-07-28,131744,2025072803010285,GBBL,Imperial Securities Company Pvt. Ltd.,Nepal Investment And Securities Trading Private Limited,200,478.0,95600.0,2025-07-28T11:52:43.790247
2025-07-28,131730,2025072803010291,GBBL,Sri Hari Securities Pvt. Ltd.,Nepal Stock House (PVT) Ltd.,100,479.0,47900.0,2025-07-28T11:52:45.499472
2025-07-28,131704,2025072803010302,GBBL,Global IME Securities Limited,Malla & Malla Stock Broking Company Pvt. Limited,83,480.0,39840.0,2025-07-28T11:52:48.861304
2025-07-28,131703,2025072803010303,GBBL,Global IME Securities Limited,Sundhara Securities Limited,66,480.0,31680.0,2025-07-28T11:52:48.861477
2025-07-28,131702,2025072803010304,GBBL,Global IME Securities Limited,Bhrikuti Stock Broking Co. Pvt. Ltd.,1000,480.0,480000.0,2025-07-28T11:52:48.861559
2025-07-28,131701,2025072803010305,GBBL,Global IME Securities Limited,INDEX SECURITIES LIMITED,287,480.0,137760.0,2025-07-28T11:52:48.861638
2025-07-28,131700,2025072803010306,GBBL,Global IME Securities Limited,Imperial Securities Company Pvt. Ltd.,100,480.0,48000.0,2025-07-28T11:52:48.861715
2025-07-28,131699,2025072803010307,GBBL,Global IME Securities Limited,Opal Securities Investment (PVT) Ltd.,464,480.0,222720.0,2025-07-28T11:52:48.861792
2025-07-28,131682,2025072803010313,GBBL,Sri Hari Securities Pvt. Ltd.,Trishakti Securities Public Limited,644,479.0,308476.0,2025-07-28T11:52:50.519055
2025-07-28,131681,2025072803010314,GBBL,Imperial Securities Company Pvt. Ltd.,Trishakti Securities Public Limited,167,478.0,79826.0,2025-07-28T11:52:50.519247
2025-07-28,131567,2025072803010335,GBBL,Imperial Securities Company Pvt. Ltd.,Sri Hari Securities Pvt. Ltd.,140,478.0,66920.0,2025-07-28T11:53:00.442411
2025-07-28,131563,2025072803010336,GBBL,Miyo Securities Pvt Ltd,Opal Securities Investment (PVT) Ltd.,36,480.0,17280.0,2025-07-28T11:53:00.92649
2025-07-28,131562,2025072803010337,GBBL,Miyo Securities Pvt Ltd,NIMB Stock Markets Limited,340,480.0,163200.0,2025-07-28T11:53:00.926538
2025-07-28,131561,2025072803010338,GBBL,Miyo Securities Pvt Ltd,Opal Securities Investment (PVT) Ltd.,385,480.0,184800.0,2025-07-28T11:53:00.926565
2025-07-28,131560,2025072803010339,GBBL,Miyo Securities Pvt Ltd,Sani Securities Company Ltd.,500,480.0,240000.0,2025-07-28T11:53:00.92659
2025-07-28,131559,2025072803010340,GBBL,Miyo Securities Pvt Ltd,Opal Securities Investment (PVT) Ltd.,500,480.0,240000.0,2025-07-28T11:53:00.926615
2025-07-28,131558,2025072803010341,GBBL,Miyo Securities Pvt Ltd,Imperial Securities Company Pvt. Ltd.,32,480.0,15360.0,2025-07-28T11:53:00.926638
2025-07-28,131557,2025072803010342,GBBL,Miyo Securities Pvt Ltd,Naasa Securities Co. Ltd.,378,480.0,181440.0,2025-07-28T11:53:00.926661
2025-07-28,131556,2025072803010343,GBBL,Miyo Securities Pvt Ltd,Arun Securities (PVT) Ltd.,200,480.0,96000.0,2025-07-28T11:53:00.926686
2025-07-28,131555,2025072803010344,GBBL,Miyo Securities Pvt Ltd,Trisul Securities & Invt. Ltd.,129,480.0,61920.0,2025-07-28T11:53:00.92671
2025-07-28,131441,2025072803010378,GBBL,Infinity Securities Limited,Sweta Securities Private Limited,20,479.9,9598.0,2025-07-28T11:53:09.845821
2025-07-28,131440,2025072803010379,GBBL,Infinity Securities Limited,Trisul Securities & Invt. Ltd.,660,480.0,316800.0,2025-07-28T11:53:09.845877
2025-07-28,131439,2025072803010380,GBBL,Infinity Securities Limited,Sundhara Securities Limited,100,480.0,48000.0,2025-07-28T11:53:09.845907
2025-07-28,131438,2025072803010381,GBBL,Infinity Securities Limited,Sewa Securities Pvt. Ltd.,20,480.0,9600.0,2025-07-28T11:53:09.845931
2025-07-28,131437,2025072803010382,GBBL,Infinity Securities Limited,Naasa Securities Co. Ltd.,10,480.0,4800.0,2025-07-28T11:53:09.845959
2025-07-28,131436,2025072803010383,GBBL,Infinity Securities Limited,Secured Securities Ltd.,500,480.0,240000.0,2025-07-28T11:53:09.845984
2025-07-28,131435,2025072803010384,GBBL,Infinity Securities Limited,Linch Stock Market Ltd.,10,480.0,4800.0,2025-07-28T11:53:09.846008
2025-07-28,131434,2025072803010385,GBBL,Infinity Securities Limited,Capital Hub P. Ltd,400,480.0,192000.0,2025-07-28T11:53:09.846047
2025-07-28,131433,2025072803010386,GBBL,Infinity Securities Limited,ABC Securities Private Limited,280,480.0,134400.0,2025-07-28T11:53:09.846073
2025-07-28,131418,2025072803010389,GBBL,Dynamic Money Managers Securities Pvt. Ltd.,ABC Securities Private Limited,220,480.0,105600.0,2025-07-28T11:53:11.33754
2025-07-28,131417,2025072803010390,GBBL,Dynamic Money Managers Securities Pvt. Ltd.,Premier Securities Company Ltd.,20,480.0,9600.0,2025-07-28T11:53:11.337735
2025-07-28,131381,2025072803010395,GBBL,Dynamic Money Managers Securities Pvt. Ltd.,Linch Stock Market Ltd.,260,480.0,124800.0,2025-07-28T11:53:14.903166
2025-07-28,131380,2025072803010396,GBBL,Sani Securities Company Ltd.,Linch Stock Market Ltd.,72,480.0,34560.0,2025-07-28T11:53:14.903336
2025-07-28,131379,2025072803010397,GBBL,Sweta Securities Private Limited,Linch Stock Market Ltd.,500,480.0,240000.0,2025-07-28T11:53:14.903412
2025-07-28,131257,2025072803010434,GBBL,Dipshikha Dhitopatra Karobar Co. Pvt Ltd.,Linch Stock Market Ltd.,168,480.0,80640.0,2025-07-28T11:53:23.236248
2025-07-28,131256,2025072803010435,GBBL,Dipshikha Dhitopatra Karobar Co. Pvt Ltd.,Online Securities Pvt. Ltd.,100,480.0,48000.0,2025-07-28T11:53:23.236418
2025-07-28,131255,2025072803010436,GBBL,Dipshikha Dhitopatra Karobar Co. Pvt Ltd.,Investment Management Nepal Pvt. Ltd.,300,480.0,144000.0,2025-07-28T11:53:23.236494
2025-07-28,131226,2025072803010443,GBBL,Trishakti Securities Public Limited,Oxford Securities Pvt. Ltd.,500,481.0,240500.0,2025-07-28T11:53:29.218251
2025-07-28,131204,2025072803010447,GBBL,Dipshikha Dhitopatra Karobar Co. Pvt Ltd.,Market Securities & Exchange (PVT) Ltd.,200,480.0,96000.0,2025-07-28T11:53:30.884594
2025-07-28,131140,2025072803010479,GBBL,Global IME Securities Limited,Kohinoor Investment & Securities Pvt. Ltd.,100,481.0,48100.0,2025-07-28T11:53:35.536744
2025-07-28,131139,2025072803010480,GBBL,Global IME Securities Limited,Dynamic Money Managers Securities Pvt. Ltd.,500,481.0,240500.0,2025-07-28T11:53:35.536919
2025-07-28,131138,2025072803010481,GBBL,Global IME Securities Limited,Vision Securities Pvt. Ltd,400,481.0,192400.0,2025-07-28T11:53:35.537007
2025-07-28,131072,2025072803010508,GBBL,Dipshikha Dhitopatra Karobar Co. Pvt Ltd.,Dakshinkali Investment & Securities Pvt. Ltd.,25,480.0,12000.0,2025-07-28T11:53:41.029545
2025-07-28,131052,2025072803010522,GBBL,Dipshikha Dhitopatra Karobar Co. Pvt Ltd.,Elite Stock House Limited,207,480.0,99360.0,2025-07-28T11:53:42.354606
2025-07-28,131051,2025072803010523,GBBL,Sani Securities Company Ltd.,Elite Stock House Limited,500,480.0,240000.0,2025-07-28T11:53:42.354886
2025-07-28,131036,2025072803010526,GBBL,Naasa Securities Co. Ltd.,Elite Stock House Limited,10,480.0,4800.0,2025-07-28T11:53:44.851181
2025-07-28,131030,2025072803010527,GBBL,Nepal Stock House (PVT) Ltd.,Elite Stock House Limited,15,480.0,7200.0,2025-07-28T11:53:45.431745
2025-07-28,131029,2025072803010528,GBBL,Nepal Stock House (PVT) Ltd.,Vision Securities Pvt. Ltd,100,481.0,48100.0,2025-07-28T11:53:45.43194
2025-07-28,131028,2025072803010529,GBBL,Nepal Stock House (PVT) Ltd.,Vision Securities Pvt. Ltd,80,481.0,38480.0,2025-07-28T11:53:45.43202
2025-07-28,131027,2025072803010530,GBBL,Nepal Stock House (PVT) Ltd.,Miyo Securities Pvt Ltd,305,481.0,146705.0,2025-07-28T11:53:45.432104
2025-07-28,130924,2025072803010558,GBBL,Himalayan Securities Limited,K.B.L. Securities Limited ,20,480.0,9600.0,2025-07-28T11:53:56.045676
2025-07-28,130923,2025072803010559,GBBL,Himalayan Securities Limited,Miyo Securities Pvt Ltd,80,481.0,38480.0,2025-07-28T11:53:56.045859
2025-07-28,130872,2025072803010585,GBBL,Global IME Securities Limited,Opal Securities Investment (PVT) Ltd.,11,479.0,5269.0,2025-07-28T11:54:03.589394
2025-07-28,130871,2025072803010586,GBBL,Global IME Securities Limited,Opal Securities Investment (PVT) Ltd.,11,479.0,5269.0,2025-07-28T11:54:03.589451
2025-07-28,130870,2025072803010587,GBBL,Market Securities & Exchange (PVT) Ltd.,Opal Securities Investment (PVT) Ltd.,38,478.1,18167.8,2025-07-28T11:54:03.589483
2025-07-28,130810,2025072803010624,GBBL,Naasa Securities Co. Ltd.,Miyo Securities Pvt Ltd,115,481.0,55315.0,2025-07-28T11:54:09.660874
2025-07-28,130809,2025072803010625,GBBL,Naasa Securities Co. Ltd.,Global IME Securities Limited,20,481.0,9620.0,2025-07-28T11:54:09.660967
2025-07-28,130808,2025072803010626,GBBL,Naasa Securities Co. Ltd.,South Asian Bulls Pvt. Ltd.,460,481.0,221260.0,2025-07-28T11:54:09.661054
2025-07-28,130665,2025072803010693,GBBL,Midas Stock Broking Company Private Limited,South Asian Bulls Pvt. Ltd.,500,481.0,240500.0,2025-07-28T11:54:20.843098
2025-07-28,130573,2025072803010736,GBBL,Midas Stock Broking Company Private Limited,South Asian Bulls Pvt. Ltd.,40,481.0,19240.0,2025-07-28T11:54:27.754261
2025-07-28,130572,2025072803010737,GBBL,Midas Stock Broking Company Private Limited,Vision Securities Pvt. Ltd,460,481.0,221260.0,2025-07-28T11:54:27.754446
2025-07-28,130436,2025072803010790,GBBL,Trishakti Securities Public Limited,Vision Securities Pvt. Ltd,540,481.0,259740.0,2025-07-28T11:54:42.538768
2025-07-28,130435,2025072803010791,GBBL,Trishakti Securities Public Limited,Sundhara Securities Limited,100,481.0,48100.0,2025-07-28T11:54:42.538953
2025-07-28,130434,2025072803010792,GBBL,Trishakti Securities Public Limited,Kohinoor Investment & Securities Pvt. Ltd.,60,481.0,28860.0,2025-07-28T11:54:42.539053
2025-07-28,130433,2025072803010793,GBBL,Trishakti Securities Public Limited,Sani Securities Company Ltd.,200,481.0,96200.0,2025-07-28T11:54:42.539141
2025-07-28,130432,2025072803010794,GBBL,Trishakti Securities Public Limited,Dakshinkali Investment & Securities Pvt. Ltd.,18,481.0,8658.0,2025-07-28T11:54:42.539222
2025-07-28,130431,2025072803010795,GBBL,Trishakti Securities Public Limited,Naasa Securities Co. Ltd.,82,481.0,39442.0,2025-07-28T11:54:42.539301
2025-07-28,130417,2025072803010806,GBBL,Sweta Securities Private Limited,Naasa Securities Co. Ltd.,500,481.0,240500.0,2025-07-28T11:54:44.131758
2025-07-28,130410,2025072803010808,GBBL,Asian Securities Private Ltd.,Naasa Securities Co. Ltd.,418,481.0,201058.0,2025-07-28T11:54:44.656767
2025-07-28,130356,2025072803010827,GBBL,Asian Securities Private Ltd.,Bhrikuti Stock Broking Co. Pvt. Ltd.,203,481.0,97643.0,2025-07-28T11:54:50.098804
2025-07-28,130203,2025072803010909,GBBL,Asian Securities Private Ltd.,Trishakti Securities Public Limited,20,481.0,9620.0,2025-07-28T11:54:59.897861
2025-07-28,130152,2025072803010920,GBBL,Dipshikha Dhitopatra Karobar Co. Pvt Ltd.,Investment Management Nepal Pvt. Ltd.,50,481.1,24055.0,2025-07-28T11:55:04.30991
2025-07-28,130146,2025072803010924,GBBL,Dipshikha Dhitopatra Karobar Co. Pvt Ltd.,South Asian Bulls Pvt. Ltd.,344,481.3,165567.2,2025-07-28T11:55:05.123519
2025-07-28,130145,2025072803010925,GBBL,Shree Krishna Securities Ltd.,South Asian Bulls Pvt. Ltd.,200,481.1,96220.0,2025-07-28T11:55:05.123724
2025-07-28,130144,2025072803010926,GBBL,Asian Securities Private Ltd.,South Asian Bulls Pvt. Ltd.,359,481.0,172679.0,2025-07-28T11:55:05.12382
2025-07-28,130143,2025072803010927,GBBL,Midas Stock Broking Company Private Limited,South Asian Bulls Pvt. Ltd.,97,481.0,46657.0,2025-07-28T11:55:05.123902
2025-07-28,130112,2025072803010947,GBBL,Malla & Malla Stock Broking Company Pvt. Limited,Dakshinkali Investment & Securities Pvt. Ltd.,198,481.4,95317.2,2025-07-28T11:55:07.359697
2025-07-28,130111,2025072803010948,GBBL,Malla & Malla Stock Broking Company Pvt. Limited,Vision Securities Pvt. Ltd,72,481.4,34660.8,2025-07-28T11:55:07.360131
2025-07-28,130110,2025072803010949,GBBL,Malla & Malla Stock Broking Company Pvt. Limited,Naasa Securities Co. Ltd.,88,481.9,42407.2,2025-07-28T11:55:07.360379
2025-07-28,130109,2025072803010950,GBBL,Malla & Malla Stock Broking Company Pvt. Limited,Naasa Securities Co. Ltd.,20,481.9,9638.0,2025-07-28T11:55:07.360612
2025-07-28,130108,2025072803010951,GBBL,Malla & Malla Stock Broking Company Pvt. Limited,Dakshinkali Investment & Securities Pvt. Ltd.,22,481.9,10601.8,2025-07-28T11:55:07.360853
2025-07-28,130106,2025072803010953,GBBL,Midas Stock Broking Company Private Limited,Trishakti Securities Public Limited,50,481.0,24050.0,2025-07-28T11:55:07.440898
2025-07-28,130048,2025072803010968,GBBL,Midas Stock Broking Company Private Limited,Dynamic Money Managers Securities Pvt. Ltd.,353,481.0,169793.0,2025-07-28T11:55:16.268421
2025-07-28,130047,2025072803010969,GBBL,Midas Stock Broking Company Private Limited,Dynamic Money Managers Securities Pvt. Ltd.,500,481.0,240500.0,2025-07-28T11:55:16.268612
2025-07-28,130046,2025072803010970,GBBL,Market Securities & Exchange (PVT) Ltd.,Dynamic Money Managers Securities Pvt. Ltd.,500,481.0,240500.0,2025-07-28T11:55:16.268694
2025-07-28,129925,2025072803010999,GBBL,Secured Securities Ltd.,Premier Securities Company Ltd.,384,480.0,184320.0,2025-07-28T11:55:25.667329
2025-07-28,129924,2025072803011000,GBBL,Market Securities & Exchange (PVT) Ltd.,Premier Securities Company Ltd.,500,480.0,240000.0,2025-07-28T11:55:25.667527
2025-07-28,129923,2025072803011001,GBBL,Vision Securities Pvt. Ltd,Premier Securities Company Ltd.,116,480.0,55680.0,2025-07-28T11:55:25.667608
2025-07-28,129913,2025072803011002,GBBL,Vision Securities Pvt. Ltd,Aryatara Investment & Securities,384,480.0,184320.0,2025-07-28T11:55:26.817155
2025-07-28,129846,2025072803011025,GBBL,Malla & Malla Stock Broking Company Pvt. Limited,Aryatara Investment & Securities,10,480.0,4800.0,2025-07-28T11:55:35.940431
2025-07-28,129795,2025072803011068,GBBL,Vision Securities Pvt. Ltd,Aryatara Investment & Securities,606,480.0,290880.0,2025-07-28T11:55:37.801056
2025-07-28,129794,2025072803011069,GBBL,Vision Securities Pvt. Ltd,Dynamic Money Managers Securities Pvt. Ltd.,10,480.0,4800.0,2025-07-28T11:55:37.801249
2025-07-28,129765,2025072803011079,GBBL,Sewa Securities Pvt. Ltd.,Naasa Securities Co. Ltd.,140,481.0,67340.0,2025-07-28T11:55:41.448493
2025-07-28,129600,2025072803011149,GBBL,Vision Securities Pvt. Ltd,Market Securities & Exchange (PVT) Ltd.,200,480.0,96000.0,2025-07-28T11:55:55.659384
2025-07-28,129588,2025072803011154,GBBL,Vision Securities Pvt. Ltd,Sundhara Securities Limited,184,480.0,88320.0,2025-07-28T11:55:57.840033
2025-07-28,129587,2025072803011155,GBBL,Market Securities & Exchange (PVT) Ltd.,Sundhara Securities Limited,400,480.0,192000.0,2025-07-28T11:55:57.84028
2025-07-28,129584,2025072803011156,GBBL,Online Securities Pvt. Ltd.,Sundhara Securities Limited,200,480.0,96000.0,2025-07-28T11:55:57.985257
2025-07-28,129477,2025072803011203,GBBL,Sundhara Securities Limited,Sundhara Securities Limited,386,480.0,185280.0,2025-07-28T11:56:09.668128
2025-07-28,129375,2025072803011240,GBBL,Global IME Securities Limited,Dakshinkali Investment & Securities Pvt. Ltd.,1000,480.9,480900.0,2025-07-28T11:56:18.992696
2025-07-28,129369,2025072803011245,GBBL,Sundhara Securities Limited,Oxford Securities Pvt. Ltd.,220,480.0,105600.0,2025-07-28T11:56:19.467151
2025-07-28,129312,2025072803011267,GBBL,Sundhara Securities Limited,Property Wiard Limited,500,480.0,240000.0,2025-07-28T11:56:23.694644
2025-07-28,129233,2025072803011295,GBBL,Sundhara Securities Limited,Neev Securities Pvt. Ltd.,500,480.0,240000.0,2025-07-28T11:56:31.183558
2025-07-28,129224,2025072803011296,GBBL,Sundhara Securities Limited,Investment Management Nepal Pvt. Ltd.,30,480.0,14400.0,2025-07-28T11:56:32.451816
2025-07-28,129157,2025072803011325,GBBL,Sundhara Securities Limited,Neev Securities Pvt. Ltd.,36,480.0,17280.0,2025-07-28T11:56:39.344052
2025-07-28,129004,2025072803011386,GBBL,Sani Securities Company Ltd.,Neev Securities Pvt. Ltd.,64,480.0,30720.0,2025-07-28T11:56:51.438633
2025-07-28,129003,2025072803011387,GBBL,Sani Securities Company Ltd.,J.F. Securites (PVT) Ltd.,36,480.0,17280.0,2025-07-28T11:56:51.438844
2025-07-28,128963,2025072803011398,GBBL,Machhapuchchhre Securities Limited,Vision Securities Pvt. Ltd,50,479.1,23955.0,2025-07-28T11:56:57.049176
2025-07-28,128950,2025072803011406,GBBL,Nepal Stock House (PVT) Ltd.,J.F. Securites (PVT) Ltd.,14,480.0,6720.0,2025-07-28T11:56:58.790308
2025-07-28,128949,2025072803011407,GBBL,Nepal Stock House (PVT) Ltd.,Miyo Securities Pvt Ltd,103,480.0,49440.0,2025-07-28T11:56:58.790557
2025-07-28,128948,2025072803011408,GBBL,Nepal Stock House (PVT) Ltd.,Vision Securities Pvt. Ltd,83,480.0,39840.0,2025-07-28T11:56:58.79066
2025-07-28,128863,2025072803011443,GBBL,Sani Securities Company Ltd.,Vision Securities Pvt. Ltd,78,480.0,37440.0,2025-07-28T11:57:06.285819
2025-07-28,128731,2025072803011474,GBBL,Machhapuchchhre Securities Limited,Sagarmatha Securities Private Limited,150,479.1,71865.0,2025-07-28T11:57:20.458869
2025-07-28,128714,2025072803011479,GBBL,Machhapuchchhre Securities Limited,Naasa Securities Co. Ltd.,300,479.1,143730.0,2025-07-28T11:57:23.223887
2025-07-28,128713,2025072803011480,GBBL,Kohinoor Investment & Securities Pvt. Ltd.,Naasa Securities Co. Ltd.,410,479.0,196390.0,2025-07-28T11:57:23.224324
2025-07-28,128490,2025072803011542,GBBL,Kohinoor Investment & Securities Pvt. Ltd.,South Asian Bulls Pvt. Ltd.,20,479.0,9580.0,2025-07-28T11:57:44.212479
2025-07-28,128475,2025072803011545,GBBL,Kohinoor Investment & Securities Pvt. Ltd.,Linch Stock Market Ltd.,570,479.0,273030.0,2025-07-28T11:57:45.062392
2025-07-28,128474,2025072803011546,GBBL,Siprabi Securities Pvt. Ltd.,Linch Stock Market Ltd.,20,478.3,9566.0,2025-07-28T11:57:45.062472
2025-07-28,128408,2025072803011569,GBBL,Siprabi Securities Pvt. Ltd.,Vision Securities Pvt. Ltd,140,478.3,66962.0,2025-07-28T11:57:50.199475
2025-07-28,128248,2025072803011623,GBBL,Sri Hari Securities Pvt. Ltd.,Pragyan Securities (PVT) Ltd.,400,479.0,191600.0,2025-07-28T11:58:07.770804
2025-07-28,128247,2025072803011624,GBBL,Sri Hari Securities Pvt. Ltd.,Kohinoor Investment & Securities Pvt. Ltd.,209,479.0,100111.0,2025-07-28T11:58:07.771086
2025-07-28,128246,2025072803011625,GBBL,Sri Hari Securities Pvt. Ltd.,Sewa Securities Pvt. Ltd.,100,479.1,47910.0,2025-07-28T11:58:07.771186
2025-07-28,128245,2025072803011626,GBBL,Sri Hari Securities Pvt. Ltd.,Vision Securities Pvt. Ltd,291,480.0,139680.0,2025-07-28T11:58:07.771285
2025-07-28,128002,2025072803011712,GBBL,Siprabi Securities Pvt. Ltd.,SUN SECURITIES PVT LTD,80,478.3,38264.0,2025-07-28T11:58:32.660947
2025-07-28,127890,2025072803011759,GBBL,Miyo Securities Pvt Ltd,Online Securities Pvt. Ltd.,25,478.4,11960.0,2025-07-28T11:58:44.997189
2025-07-28,127730,2025072803011822,GBBL,Miyo Securities Pvt Ltd,Vision Securities Pvt. Ltd,100,478.4,47840.0,2025-07-28T11:58:58.971888
2025-07-28,127683,2025072803011833,GBBL,Sri Hari Securities Pvt. Ltd.,Trishakti Securities Public Limited,250,479.0,119750.0,2025-07-28T11:59:01.886342
2025-07-28,127682,2025072803011834,GBBL,Sri Hari Securities Pvt. Ltd.,Blue Chip Securities Ltd,50,479.0,23950.0,2025-07-28T11:59:01.886624
2025-07-28,127573,2025072803011866,GBBL,Capital Max Securities Ltd,Blue Chip Securities Ltd,56,479.0,26824.0,2025-07-28T11:59:12.688516
2025-07-28,127512,2025072803011892,GBBL,INDEX SECURITIES LIMITED,Sewa Securities Pvt. Ltd.,100,478.5,47850.0,2025-07-28T11:59:18.681443
2025-07-28,127503,2025072803011894,GBBL,INDEX SECURITIES LIMITED,Agrawal Securities (PVT) Ltd.,30,478.5,14355.0,2025-07-28T11:59:19.868491
2025-07-28,127362,2025072803011947,GBBL,INDEX SECURITIES LIMITED,Linch Stock Market Ltd.,370,478.5,177045.0,2025-07-28T11:59:28.089193
2025-07-28,127361,2025072803011948,GBBL,Miyo Securities Pvt Ltd,Linch Stock Market Ltd.,230,478.4,110032.0,2025-07-28T11:59:28.089237
2025-07-28,127062,2025072803012012,GBBL,Miyo Securities Pvt Ltd,Linch Stock Market Ltd.,145,478.4,69368.0,2025-07-28T11:59:51.571576
2025-07-28,126897,2025072803012078,GBBL,Siprabi Securities Pvt. Ltd.,Malla & Malla Stock Broking Company Pvt. Limited,300,478.3,143490.0,2025-07-28T12:00:07.427447
2025-07-28,126800,2025072803012103,GBBL,Opal Securities Investment (PVT) Ltd.,Blue Chip Securities Ltd,134,479.0,64186.0,2025-07-28T12:00:16.977618
2025-07-28,126799,2025072803012104,GBBL,Opal Securities Investment (PVT) Ltd.,SUN SECURITIES PVT LTD,210,479.0,100590.0,2025-07-28T12:00:16.977908
2025-07-28,126798,2025072803012105,GBBL,Opal Securities Investment (PVT) Ltd.,Dakshinkali Investment & Securities Pvt. Ltd.,611,479.8,293157.8,2025-07-28T12:00:16.978052
2025-07-28,126797,2025072803012106,GBBL,Opal Securities Investment (PVT) Ltd.,Premier Securities Company Ltd.,300,479.9,143970.0,2025-07-28T12:00:16.978209
2025-07-28,126796,2025072803012107,GBBL,Opal Securities Investment (PVT) Ltd.,Property Wiard Limited,500,479.9,239950.0,2025-07-28T12:00:16.978378
2025-07-28,126795,2025072803012108,GBBL,Opal Securities Investment (PVT) Ltd.,Oxford Securities Pvt. Ltd.,100,479.9,47990.0,2025-07-28T12:00:16.978507
2025-07-28,126794,2025072803012109,GBBL,Opal Securities Investment (PVT) Ltd.,Imperial Securities Company Pvt. Ltd.,2000,479.9,959800.0,2025-07-28T12:00:16.978643
2025-07-28,126793,2025072803012110,GBBL,Opal Securities Investment (PVT) Ltd.,Vision Securities Pvt. Ltd,1548,480.0,743040.0,2025-07-28T12:00:16.978773
2025-07-28,126792,2025072803012111,GBBL,Opal Securities Investment (PVT) Ltd.,Malla & Malla Stock Broking Company Pvt. Limited,264,480.0,126720.0,2025-07-28T12:00:16.97887
2025-07-28,126791,2025072803012112,GBBL,Opal Securities Investment (PVT) Ltd.,Dynamic Money Managers Securities Pvt. Ltd.,10,480.0,4800.0,2025-07-28T12:00:16.979083
2025-07-28,126790,2025072803012113,GBBL,Opal Securities Investment (PVT) Ltd.,Trishakti Securities Public Limited,50,480.0,24000.0,2025-07-28T12:00:16.97921
2025-07-28,126789,2025072803012114,GBBL,Opal Securities Investment (PVT) Ltd.,Aryatara Investment & Securities,100,480.0,48000.0,2025-07-28T12:00:16.979346
2025-07-28,126788,2025072803012115,GBBL,Opal Securities Investment (PVT) Ltd.,Aryatara Investment & Securities,200,480.0,96000.0,2025-07-28T12:00:16.979471
2025-07-28,126787,2025072803012116,GBBL,Opal Securities Investment (PVT) Ltd.,Online Securities Pvt. Ltd.,90,480.0,43200.0,2025-07-28T12:00:16.979567
2025-07-28,126786,2025072803012117,GBBL,Opal Securities Investment (PVT) Ltd.,Trishakti Securities Public Limited,883,480.0,423840.0,2025-07-28T12:00:16.979668
2025-07-28,126594,2025072803012163,GBBL,Dakshinkali Investment & Securities Pvt. Ltd.,Kalika Securities Pvt. Ltd.,50,478.9,23945.0,2025-07-28T12:00:36.849848
2025-07-28,126458,2025072803012191,GBBL,Dakshinkali Investment & Securities Pvt. Ltd.,Linch Stock Market Ltd.,161,479.0,77119.0,2025-07-28T12:00:44.41795
2025-07-28,126454,2025072803012194,GBBL,Imperial Securities Company Pvt. Ltd.,Trishakti Securities Public Limited,217,480.0,104160.0,2025-07-28T12:00:45.111317
2025-07-28,126453,2025072803012195,GBBL,Imperial Securities Company Pvt. Ltd.,Blue Chip Securities Ltd,200,480.0,96000.0,2025-07-28T12:00:45.111562
2025-07-28,126452,2025072803012196,GBBL,Imperial Securities Company Pvt. Ltd.,Investment Management Nepal Pvt. Ltd.,200,480.0,96000.0,2025-07-28T12:00:45.111661
2025-07-28,126451,2025072803012197,GBBL,Imperial Securities Company Pvt. Ltd.,Naasa Securities Co. Ltd.,664,480.0,318720.0,2025-07-28T12:00:45.11176
2025-07-28,126450,2025072803012198,GBBL,Imperial Securities Company Pvt. Ltd.,Opal Securities Investment (PVT) Ltd.,2000,480.0,960000.0,2025-07-28T12:00:45.111855
2025-07-28,126449,2025072803012199,GBBL,Imperial Securities Company Pvt. Ltd.,Sewa Securities Pvt. Ltd.,200,480.0,96000.0,2025-07-28T12:00:45.111955
2025-07-28,126440,2025072803012204,GBBL,SUN SECURITIES PVT LTD,Malla & Malla Stock Broking Company Pvt. Limited,100,480.3,48030.0,2025-07-28T12:00:47.022945
2025-07-28,126439,2025072803012205,GBBL,SUN SECURITIES PVT LTD,Infinity Securities Limited,1000,480.3,480300.0,2025-07-28T12:00:47.02307
2025-07-28,126438,2025072803012206,GBBL,SUN SECURITIES PVT LTD,Cristal Kanchanjanga Securites Pvt. Ltd.,10,480.9,4809.0,2025-07-28T12:00:47.023146
2025-07-28,126437,2025072803012207,GBBL,SUN SECURITIES PVT LTD,Aryatara Investment & Securities,210,480.9,100989.0,2025-07-28T12:00:47.023219
2025-07-28,126436,2025072803012208,GBBL,SUN SECURITIES PVT LTD,Global IME Securities Limited,280,481.0,134680.0,2025-07-28T12:00:47.023294
2025-07-28,126435,2025072803012209,GBBL,SUN SECURITIES PVT LTD,Cristal Kanchanjanga Securites Pvt. Ltd.,400,481.0,192400.0,2025-07-28T12:00:47.023375
2025-07-28,126434,2025072803012210,GBBL,SUN SECURITIES PVT LTD,Online Securities Pvt. Ltd.,100,481.0,48100.0,2025-07-28T12:00:47.02347
2025-07-28,126433,2025072803012211,GBBL,SUN SECURITIES PVT LTD,Infinity Securities Limited,143,481.0,68783.0,2025-07-28T12:00:47.023558
2025-07-28,126432,2025072803012212,GBBL,SUN SECURITIES PVT LTD,Pragyan Securities (PVT) Ltd.,267,481.0,128427.0,2025-07-28T12:00:47.023659
2025-07-28,126431,2025072803012213,GBBL,SUN SECURITIES PVT LTD,Online Securities Pvt. Ltd.,200,481.0,96200.0,2025-07-28T12:00:47.023743
2025-07-28,126430,2025072803012214,GBBL,SUN SECURITIES PVT LTD,Oxford Securities Pvt. Ltd.,71,481.0,34151.0,2025-07-28T12:00:47.023835
2025-07-28,126429,2025072803012215,GBBL,SUN SECURITIES PVT LTD,Linch Stock Market Ltd.,10,481.0,4810.0,2025-07-28T12:00:47.023942
2025-07-28,126428,2025072803012216,GBBL,SUN SECURITIES PVT LTD,Dipshikha Dhitopatra Karobar Co. Pvt Ltd.,550,481.0,264550.0,2025-07-28T12:00:47.02408
2025-07-28,126427,2025072803012217,GBBL,SUN SECURITIES PVT LTD,Aryatara Investment & Securities,1000,481.8,481800.0,2025-07-28T12:00:47.024175
2025-07-28,126426,2025072803012218,GBBL,SUN SECURITIES PVT LTD,Trishakti Securities Public Limited,659,481.9,317572.1,2025-07-28T12:00:47.024261
2025-07-28,126320,2025072803012265,GBBL,Imperial Securities Company Pvt. Ltd.,Nepal Investment And Securities Trading Private Limited,600,480.0,288000.0,2025-07-28T12:00:59.262939
2025-07-28,126312,2025072803012267,GBBL,Imperial Securities Company Pvt. Ltd.,Linch Stock Market Ltd.,119,480.0,57120.0,2025-07-28T12:01:00.237002
2025-07-28,126311,2025072803012268,GBBL,Dakshinkali Investment & Securities Pvt. Ltd.,Linch Stock Market Ltd.,581,479.0,278299.0,2025-07-28T12:01:00.237057
2025-07-28,126239,2025072803012283,GBBL,Siprabi Securities Pvt. Ltd.,Trishakti Securities Public Limited,10,481.9,4819.0,2025-07-28T12:01:09.350219
2025-07-28,126169,2025072803012296,GBBL,Sundhara Securities Limited,Oxford Securities Pvt. Ltd.,100,480.0,48000.0,2025-07-28T12:01:17.553386
2025-07-28,125989,2025072803012343,GBBL,Online Securities Pvt. Ltd.,Oxford Securities Pvt. Ltd.,100,480.0,48000.0,2025-07-28T12:01:30.647883
2025-07-28,125956,2025072803012345,GBBL,ABC Securities Private Limited,Oxford Securities Pvt. Ltd.,35,480.0,16800.0,2025-07-28T12:01:34.02719
2025-07-28,125922,2025072803012354,GBBL,Dipshikha Dhitopatra Karobar Co. Pvt Ltd.,Oxford Securities Pvt. Ltd.,42,480.0,20160.0,2025-07-28T12:01:37.194403
2025-07-28,125921,2025072803012355,GBBL,Dipshikha Dhitopatra Karobar Co. Pvt Ltd.,Linch Stock Market Ltd.,258,480.0,123840.0,2025-07-28T12:01:37.194657
2025-07-28,125884,2025072803012374,GBBL,Sewa Securities Pvt. Ltd.,Linch Stock Market Ltd.,1000,479.1,479100.0,2025-07-28T12:01:43.320239
2025-07-28,125860,2025072803012380,GBBL,SUN SECURITIES PVT LTD,Linch Stock Market Ltd.,42,480.0,20160.0,2025-07-28T12:01:44.733225
2025-07-28,125859,2025072803012381,GBBL,SUN SECURITIES PVT LTD,Dipshikha Dhitopatra Karobar Co. Pvt Ltd.,60,480.0,28800.0,2025-07-28T12:01:44.733694
2025-07-28,125858,2025072803012382,GBBL,SUN SECURITIES PVT LTD,Sani Securities Company Ltd.,50,480.0,24000.0,2025-07-28T12:01:44.734172
2025-07-28,125857,2025072803012383,GBBL,SUN SECURITIES PVT LTD,Global IME Securities Limited,75,480.0,36000.0,2025-07-28T12:01:44.734644
2025-07-28,125856,2025072803012384,GBBL,SUN SECURITIES PVT LTD,Creative Securities Pvt Ltd,50,480.0,24000.0,2025-07-28T12:01:44.735135
2025-07-28,125833,2025072803012394,GBBL,SUN SECURITIES PVT LTD,Trishakti Securities Public Limited,40,480.0,19200.0,2025-07-28T12:01:47.281995
2025-07-28,125831,2025072803012395,GBBL,SUN SECURITIES PVT LTD,Nepal Investment And Securities Trading Private Limited,300,480.0,144000.0,2025-07-28T12:01:47.445564
2025-07-28,125752,2025072803012415,GBBL,Nagarik Stock Dealer ,Dynamic Money Managers Securities Pvt. Ltd.,2000,481.0,962000.0,2025-07-28T12:01:53.890839
2025-07-28,125751,2025072803012416,GBBL,Nagarik Stock Dealer ,Thrive Brokerage House Pvt. Ltd,600,482.0,289200.0,2025-07-28T12:01:53.890886
2025-07-28,125750,2025072803012417,GBBL,Nagarik Stock Dealer ,Nepal Stock House (PVT) Ltd.,50,482.0,24100.0,2025-07-28T12:01:53.890912
2025-07-28,125749,2025072803012418,GBBL,Nagarik Stock Dealer ,Nepal Investment And Securities Trading Private Limited,100,482.0,48200.0,2025-07-28T12:01:53.890936
2025-07-28,125748,2025072803012419,GBBL,Nagarik Stock Dealer ,SUN SECURITIES PVT LTD,185,482.0,89170.0,2025-07-28T12:01:53.890958
2025-07-28,125747,2025072803012420,GBBL,Nagarik Stock Dealer ,Sundhara Securities Limited,65,482.0,31330.0,2025-07-28T12:01:53.890978
2025-07-28,125623,2025072803012447,GBBL,Nagarik Stock Dealer ,Online Securities Pvt. Ltd.,25,481.9,12047.5,2025-07-28T12:02:10.851686
2025-07-28,125622,2025072803012448,GBBL,Nagarik Stock Dealer ,Dynamic Money Managers Securities Pvt. Ltd.,1975,481.9,951752.5,2025-07-28T12:02:10.851791
2025-07-28,125600,2025072803012461,GBBL,Linch Stock Market Ltd.,Neev Securities Pvt. Ltd.,500,481.0,240500.0,2025-07-28T12:02:13.124478
2025-07-28,125567,2025072803012470,GBBL,Linch Stock Market Ltd.,Linch Stock Market Ltd.,1000,481.0,481000.0,2025-07-28T12:02:18.456085
2025-07-28,125520,2025072803012486,GBBL,Sani Securities Company Ltd.,Dynamic Money Managers Securities Pvt. Ltd.,50,481.9,24095.0,2025-07-28T12:02:20.690085
2025-07-28,125401,2025072803012518,GBBL,R.B.B. Securities Company Ltd,Dynamic Money Managers Securities Pvt. Ltd.,555,481.9,267454.5,2025-07-28T12:02:31.387097
2025-07-28,125400,2025072803012519,GBBL,R.B.B. Securities Company Ltd,Sundhara Securities Limited,78,482.0,37596.0,2025-07-28T12:02:31.387196
2025-07-28,125399,2025072803012520,GBBL,R.B.B. Securities Company Ltd,Dipshikha Dhitopatra Karobar Co. Pvt Ltd.,100,482.0,48200.0,2025-07-28T12:02:31.387228
2025-07-28,125398,2025072803012521,GBBL,R.B.B. Securities Company Ltd,Vision Securities Pvt. Ltd,350,482.0,168700.0,2025-07-28T12:02:31.387255
2025-07-28,125397,2025072803012522,GBBL,R.B.B. Securities Company Ltd,Online Securities Pvt. Ltd.,247,482.0,119054.0,2025-07-28T12:02:31.387281
2025-07-28,125396,2025072803012523,GBBL,R.B.B. Securities Company Ltd,Online Securities Pvt. Ltd.,100,482.0,48200.0,2025-07-28T12:02:31.387307
2025-07-28,125395,2025072803012524,GBBL,R.B.B. Securities Company Ltd,J.F. Securites (PVT) Ltd.,15,482.4,7236.0,2025-07-28T12:02:31.387333
2025-07-28,125394,2025072803012525,GBBL,R.B.B. Securities Company Ltd,Agrawal Securities (PVT) Ltd.,550,482.4,265320.0,2025-07-28T12:02:31.38738
2025-07-28,125384,2025072803012527,GBBL,Linch Stock Market Ltd.,Linch Stock Market Ltd.,500,481.0,240500.0,2025-07-28T12:02:31.865758
2025-07-28,125383,2025072803012528,GBBL,Premier Securities Company Ltd.,Linch Stock Market Ltd.,500,481.0,240500.0,2025-07-28T12:02:31.865831
2025-07-28,125247,2025072803012565,GBBL,Dipshikha Dhitopatra Karobar Co. Pvt Ltd.,South Asian Bulls Pvt. Ltd.,93,480.1,44649.3,2025-07-28T12:02:45.331198
2025-07-28,125052,2025072803012628,GBBL,Nepal Investment And Securities Trading Private Limited,Kohinoor Investment & Securities Pvt. Ltd.,20,480.3,9606.0,2025-07-28T12:03:06.794079
2025-07-28,125037,2025072803012635,GBBL,Property Wiard Limited,Linch Stock Market Ltd.,2000,481.0,962000.0,2025-07-28T12:03:08.11619
2025-07-28,124971,2025072803012653,GBBL,Nepal Investment And Securities Trading Private Limited,Nepal Investment And Securities Trading Private Limited,40,480.3,19212.0,2025-07-28T12:03:13.002061
2025-07-28,124898,2025072803012672,GBBL,Dipshikha Dhitopatra Karobar Co. Pvt Ltd.,Sani Securities Company Ltd.,80,480.4,38432.0,2025-07-28T12:03:22.384357
