Date,S.N.,contract_id,symbol,buyer_broker,seller_broker,volume,price,amount,transaction_time
2025-07-28,167779,2025072801000591,SBL,Creative Securities Pvt Ltd,Sumeru Securities Pvt. Ltd.,91,380.1,34589.1,2025-07-28T11:07:04.287894
2025-07-28,167586,2025072801000654,SBL,Creative Securities Pvt Ltd,Sumeru Securities Pvt. Ltd.,10,380.1,3801.0,2025-07-28T11:07:24.378803
2025-07-28,166710,2025072801000872,SBL,Market Securities & Exchange (PVT) Ltd.,Kumari Securities Private Limited,500,380.2,190100.0,2025-07-28T11:08:58.829008
2025-07-28,166435,2025072801000941,SBL,Vision Securities Pvt. Ltd,Kumari Securities Private Limited,500,380.5,190250.0,2025-07-28T11:09:25.172541
2025-07-28,166307,2025072801000970,SBL,Vision Securities Pvt. Ltd,Sagarmatha Securities Private Limited,200,380.5,76100.0,2025-07-28T11:09:31.812358
2025-07-28,165814,2025072801001113,SBL,Sagarmatha Securities Private Limited,Midas Stock Broking Company Private Limited,100,380.6,38060.0,2025-07-28T11:10:06.038247
2025-07-28,165813,2025072801001114,SBL,Vision Securities Pvt. Ltd,Midas Stock Broking Company Private Limited,300,380.5,114150.0,2025-07-28T11:10:06.03844
2025-07-28,165812,2025072801001115,SBL,Market Securities & Exchange (PVT) Ltd.,Midas Stock Broking Company Private Limited,500,380.2,190100.0,2025-07-28T11:10:06.038568
2025-07-28,165811,2025072801001116,SBL,Kumari Securities Private Limited,Midas Stock Broking Company Private Limited,25,380.2,9505.0,2025-07-28T11:10:06.038712
2025-07-28,165810,2025072801001117,SBL,Creative Securities Pvt Ltd,Midas Stock Broking Company Private Limited,75,380.1,28507.5,2025-07-28T11:10:06.038819
2025-07-28,164825,2025072801001362,SBL,Creative Securities Pvt Ltd,Kumari Securities Private Limited,15,380.1,5701.5,2025-07-28T11:11:29.251951
2025-07-28,164285,2025072801001500,SBL,Cristal Kanchanjanga Securites Pvt. Ltd.,Cristal Kanchanjanga Securites Pvt. Ltd.,10,385.0,3850.0,2025-07-28T11:12:05.346077
2025-07-28,162130,2025072801001992,SBL,Miyo Securities Pvt Ltd,Cristal Kanchanjanga Securites Pvt. Ltd.,990,385.0,381150.0,2025-07-28T11:14:31.556146
2025-07-28,162129,2025072801001993,SBL,Miyo Securities Pvt Ltd,Linch Stock Market Ltd.,64,385.0,24640.0,2025-07-28T11:14:31.556209
2025-07-28,162128,2025072801001994,SBL,Miyo Securities Pvt Ltd,Sani Securities Company Ltd.,70,385.0,26950.0,2025-07-28T11:14:31.556234
2025-07-28,162127,2025072801001995,SBL,Miyo Securities Pvt Ltd,Sumeru Securities Pvt. Ltd.,500,386.0,193000.0,2025-07-28T11:14:31.556262
2025-07-28,162126,2025072801001996,SBL,Miyo Securities Pvt Ltd,Nepal Stock House (PVT) Ltd.,500,386.0,193000.0,2025-07-28T11:14:31.556285
2025-07-28,162125,2025072801001997,SBL,Miyo Securities Pvt Ltd,Capital Hub P. Ltd,1000,386.0,386000.0,2025-07-28T11:14:31.556306
2025-07-28,162124,2025072801001998,SBL,Miyo Securities Pvt Ltd,Sumeru Securities Pvt. Ltd.,500,386.9,193450.0,2025-07-28T11:14:31.556328
2025-07-28,162123,2025072801001999,SBL,Miyo Securities Pvt Ltd,Trisul Securities & Invt. Ltd.,1376,387.0,532512.0,2025-07-28T11:14:31.556352
2025-07-28,160185,2025072801002353,SBL,Kalika Securities Pvt. Ltd.,Vision Securities Pvt. Ltd,50,384.6,19230.0,2025-07-28T11:16:17.229134
2025-07-28,159900,2025072801002416,SBL,Nepal Investment And Securities Trading Private Limited,Primo Securities (PVT) Ltd.,100,382.2,38220.0,2025-07-28T11:16:37.235915
2025-07-28,159134,2025072801002578,SBL,Dynamic Money Managers Securities Pvt. Ltd.,Vision Securities Pvt. Ltd,512,384.6,196915.2,2025-07-28T11:17:22.613269
2025-07-28,159133,2025072801002579,SBL,Dynamic Money Managers Securities Pvt. Ltd.,ABC Securities Private Limited,200,385.0,77000.0,2025-07-28T11:17:22.613367
2025-07-28,159132,2025072801002580,SBL,Dynamic Money Managers Securities Pvt. Ltd.,Kumari Securities Private Limited,100,385.0,38500.0,2025-07-28T11:17:22.613414
2025-07-28,159131,2025072801002581,SBL,Dynamic Money Managers Securities Pvt. Ltd.,Trisul Securities & Invt. Ltd.,2000,386.0,772000.0,2025-07-28T11:17:22.61346
2025-07-28,159009,2025072801002610,SBL,Dynamic Money Managers Securities Pvt. Ltd.,Dynamic Money Managers Securities Pvt. Ltd.,43,386.0,16598.0,2025-07-28T11:17:31.558999
2025-07-28,158824,2025072801002630,SBL,Miyo Securities Pvt Ltd,Trisul Securities & Invt. Ltd.,624,387.0,241488.0,2025-07-28T11:17:44.714038
2025-07-28,158823,2025072801002631,SBL,Miyo Securities Pvt Ltd,Creative Securities Pvt Ltd,56,387.0,21672.0,2025-07-28T11:17:44.714106
2025-07-28,158822,2025072801002632,SBL,Miyo Securities Pvt Ltd,Kohinoor Investment & Securities Pvt. Ltd.,128,387.0,49536.0,2025-07-28T11:17:44.714146
2025-07-28,158821,2025072801002633,SBL,Miyo Securities Pvt Ltd,Online Securities Pvt. Ltd.,200,387.0,77400.0,2025-07-28T11:17:44.714177
2025-07-28,158820,2025072801002634,SBL,Miyo Securities Pvt Ltd,South Asian Bulls Pvt. Ltd.,112,387.0,43344.0,2025-07-28T11:17:44.714206
2025-07-28,158819,2025072801002635,SBL,Miyo Securities Pvt Ltd,Nepal Stock House (PVT) Ltd.,375,387.0,145125.0,2025-07-28T11:17:44.714235
2025-07-28,158818,2025072801002636,SBL,Miyo Securities Pvt Ltd,Pragyan Securities (PVT) Ltd.,350,387.0,135450.0,2025-07-28T11:17:44.714262
2025-07-28,158817,2025072801002637,SBL,Miyo Securities Pvt Ltd,Global IME Securities Limited,25,387.5,9687.5,2025-07-28T11:17:44.714288
2025-07-28,158816,2025072801002638,SBL,Miyo Securities Pvt Ltd,Vision Securities Pvt. Ltd,10,387.7,3877.0,2025-07-28T11:17:44.714318
2025-07-28,158815,2025072801002639,SBL,Miyo Securities Pvt Ltd,Sewa Securities Pvt. Ltd.,120,387.8,46536.0,2025-07-28T11:17:44.714348
2025-07-28,156992,2025072801003052,SBL,Dynamic Money Managers Securities Pvt. Ltd.,Global IME Securities Limited,46,386.0,17756.0,2025-07-28T11:19:51.595163
2025-07-28,152659,2025072801004046,SBL,Dynamic Money Managers Securities Pvt. Ltd.,Secured Securities Ltd.,120,383.0,45960.0,2025-07-28T11:24:41.695876
2025-07-28,152548,2025072801004085,SBL,Dynamic Money Managers Securities Pvt. Ltd.,Sewa Securities Pvt. Ltd.,150,383.0,57450.0,2025-07-28T11:24:51.07073
2025-07-28,151969,2025072801004230,SBL,Dynamic Money Managers Securities Pvt. Ltd.,Sumeru Securities Pvt. Ltd.,500,385.9,192950.0,2025-07-28T11:25:41.343487
2025-07-28,151968,2025072801004231,SBL,Dynamic Money Managers Securities Pvt. Ltd.,Shree Krishna Securities Ltd.,172,386.0,66392.0,2025-07-28T11:25:41.3436
2025-07-28,151967,2025072801004232,SBL,Dynamic Money Managers Securities Pvt. Ltd.,Cristal Kanchanjanga Securites Pvt. Ltd.,500,386.0,193000.0,2025-07-28T11:25:41.343652
2025-07-28,149407,2025072801005016,SBL,Deevyaa Securities & Stock House Pvt. Ltd,Kalika Securities Pvt. Ltd.,10,384.0,3840.0,2025-07-28T11:29:34.76922
2025-07-28,149406,2025072801005017,SBL,Dynamic Money Managers Securities Pvt. Ltd.,Kalika Securities Pvt. Ltd.,90,384.0,34560.0,2025-07-28T11:29:34.769515
2025-07-28,149012,2025072801005149,SBL,Dynamic Money Managers Securities Pvt. Ltd.,Dynamic Money Managers Securities Pvt. Ltd.,567,384.0,217728.0,2025-07-28T11:30:16.243926
2025-07-28,149011,2025072801005150,SBL,KALASH STOCK MARKET PVT. LTD.,Dynamic Money Managers Securities Pvt. Ltd.,31,382.1,11845.1,2025-07-28T11:30:16.244057
2025-07-28,149010,2025072801005151,SBL,Sweta Securities Private Limited,Dynamic Money Managers Securities Pvt. Ltd.,2000,381.6,763200.0,2025-07-28T11:30:16.244113
2025-07-28,149009,2025072801005152,SBL,Sri Hari Securities Pvt. Ltd.,Dynamic Money Managers Securities Pvt. Ltd.,957,381.5,365095.5,2025-07-28T11:30:16.244169
2025-07-28,145400,2025072801006109,SBL,Online Securities Pvt. Ltd.,Sani Securities Company Ltd.,138,381.8,52688.4,2025-07-28T11:35:34.275255
2025-07-28,144504,2025072801006360,SBL,Naasa Securities Co. Ltd.,Capital Max Securities Ltd,10,385.0,3850.0,2025-07-28T11:36:51.220566
2025-07-28,144327,2025072801006411,SBL,Kohinoor Investment & Securities Pvt. Ltd.,Dakshinkali Investment & Securities Pvt. Ltd.,400,382.0,152800.0,2025-07-28T11:37:03.623192
2025-07-28,144232,2025072801006434,SBL,Siprabi Securities Pvt. Ltd.,Deevyaa Securities & Stock House Pvt. Ltd,100,385.0,38500.0,2025-07-28T11:37:12.62094
2025-07-28,144231,2025072801006435,SBL,Siprabi Securities Pvt. Ltd.,Midas Stock Broking Company Private Limited,200,385.0,77000.0,2025-07-28T11:37:12.621037
2025-07-28,144230,2025072801006436,SBL,Siprabi Securities Pvt. Ltd.,Shree Krishna Securities Ltd.,700,385.0,269500.0,2025-07-28T11:37:12.62107
2025-07-28,143589,2025072801006597,SBL,Kohinoor Investment & Securities Pvt. Ltd.,Sewa Securities Pvt. Ltd.,1600,382.0,611200.0,2025-07-28T11:38:17.60277
2025-07-28,143588,2025072801006598,SBL,Dakshinkali Investment & Securities Pvt. Ltd.,Sewa Securities Pvt. Ltd.,400,382.0,152800.0,2025-07-28T11:38:17.602919
2025-07-28,143426,2025072801006626,SBL,Dakshinkali Investment & Securities Pvt. Ltd.,Linch Stock Market Ltd.,15,382.0,5730.0,2025-07-28T11:38:30.985358
2025-07-28,143397,2025072801006632,SBL,Imperial Securities Company Pvt. Ltd.,Shree Krishna Securities Ltd.,24,385.0,9240.0,2025-07-28T11:38:33.040808
2025-07-28,142917,2025072801006742,SBL,Sharepro Securities Private Limited,Shree Krishna Securities Ltd.,3000,382.1,1146300.0,2025-07-28T11:39:15.636338
2025-07-28,142912,2025072801006746,SBL,Bhrikuti Stock Broking Co. Pvt. Ltd.,Shree Krishna Securities Ltd.,276,385.0,106260.0,2025-07-28T11:39:16.269917
2025-07-28,142911,2025072801006747,SBL,Bhrikuti Stock Broking Co. Pvt. Ltd.,Shree Krishna Securities Ltd.,1000,385.0,385000.0,2025-07-28T11:39:16.270081
2025-07-28,142658,2025072801006810,SBL,Bhrikuti Stock Broking Co. Pvt. Ltd.,Aryatara Investment & Securities,724,385.0,278740.0,2025-07-28T11:39:41.325078
2025-07-28,142657,2025072801006811,SBL,Dakshinkali Investment & Securities Pvt. Ltd.,Aryatara Investment & Securities,85,382.0,32470.0,2025-07-28T11:39:41.325133
2025-07-28,142656,2025072801006812,SBL,Primo Securities (PVT) Ltd.,Aryatara Investment & Securities,1500,382.0,573000.0,2025-07-28T11:39:41.325156
2025-07-28,142655,2025072801006813,SBL,Trisul Securities & Invt. Ltd.,Aryatara Investment & Securities,150,381.9,57285.0,2025-07-28T11:39:41.325178
2025-07-28,142654,2025072801006814,SBL,Online Securities Pvt. Ltd.,Aryatara Investment & Securities,192,381.8,73305.6,2025-07-28T11:39:41.325199
2025-07-28,142653,2025072801006815,SBL,Aakashbhairab Securities Ltd.,Aryatara Investment & Securities,500,381.8,190900.0,2025-07-28T11:39:41.325239
2025-07-28,142652,2025072801006816,SBL,Primo Securities (PVT) Ltd.,Aryatara Investment & Securities,849,381.8,324148.2,2025-07-28T11:39:41.325263
2025-07-28,141815,2025072801007002,SBL,Primo Securities (PVT) Ltd.,Sanima Securities Limited,151,381.8,57651.8,2025-07-28T11:40:56.803536
2025-07-28,141814,2025072801007003,SBL,Nepal Investment And Securities Trading Private Limited,Sanima Securities Limited,100,381.7,38170.0,2025-07-28T11:40:56.803836
2025-07-28,139905,2025072801007517,SBL,Online Securities Pvt. Ltd.,Siprabi Securities Pvt. Ltd.,200,382.0,76400.0,2025-07-28T11:43:24.186774
2025-07-28,139904,2025072801007518,SBL,Nepal Investment And Securities Trading Private Limited,Siprabi Securities Pvt. Ltd.,100,382.0,38200.0,2025-07-28T11:43:24.186911
2025-07-28,139678,2025072801007559,SBL,Nepal Investment And Securities Trading Private Limited,Aakashbhairab Securities Ltd.,100,382.0,38200.0,2025-07-28T11:43:39.543517
2025-07-28,138813,2025072801007759,SBL,Opal Securities Investment (PVT) Ltd.,Aakashbhairab Securities Ltd.,300,382.0,114600.0,2025-07-28T11:44:43.924284
2025-07-28,138812,2025072801007760,SBL,Opal Securities Investment (PVT) Ltd.,Vision Securities Pvt. Ltd,25,382.0,9550.0,2025-07-28T11:44:43.924414
2025-07-28,138811,2025072801007761,SBL,Opal Securities Investment (PVT) Ltd.,Kumari Securities Private Limited,60,384.0,23040.0,2025-07-28T11:44:43.924475
2025-07-28,138810,2025072801007762,SBL,Opal Securities Investment (PVT) Ltd.,Siprabi Securities Pvt. Ltd.,56,384.0,21504.0,2025-07-28T11:44:43.924532
2025-07-28,138809,2025072801007763,SBL,Opal Securities Investment (PVT) Ltd.,Opal Securities Investment (PVT) Ltd.,559,384.9,215159.1,2025-07-28T11:44:43.924588
2025-07-28,138678,2025072801007813,SBL,Capital Max Securities Ltd,Miyo Securities Pvt Ltd,142,381.7,54201.4,2025-07-28T11:44:52.346238
2025-07-28,138432,2025072801007900,SBL,S.P.S.A. Securities Limited,Midas Stock Broking Company Private Limited,185,381.8,70633.0,2025-07-28T11:45:14.137085
2025-07-28,137635,2025072801008094,SBL,Dakshinkali Investment & Securities Pvt. Ltd.,Pragyan Securities (PVT) Ltd.,20,384.0,7680.0,2025-07-28T11:46:13.538535
2025-07-28,133986,2025072801008955,SBL,Sri Hari Securities Pvt. Ltd.,Pragyan Securities (PVT) Ltd.,78,384.0,29952.0,2025-07-28T11:50:00.819602
2025-07-28,133420,2025072801009095,SBL,S.P.S.A. Securities Limited,Kalika Securities Pvt. Ltd.,385,383.1,147493.5,2025-07-28T11:50:39.416168
2025-07-28,131078,2025072801009639,SBL,S.P.S.A. Securities Limited,Global IME Securities Limited,100,383.3,38330.0,2025-07-28T11:53:40.464964
2025-07-28,130830,2025072801009689,SBL,K.B.L. Securities Limited ,Pragyan Securities (PVT) Ltd.,102,384.0,39168.0,2025-07-28T11:54:05.717267
2025-07-28,130340,2025072801009800,SBL,K.B.L. Securities Limited ,Cristal Kanchanjanga Securites Pvt. Ltd.,50,384.0,19200.0,2025-07-28T11:54:51.03451
2025-07-28,129679,2025072801009905,SBL,K.B.L. Securities Limited ,Imperial Securities Company Pvt. Ltd.,112,384.0,43008.0,2025-07-28T11:55:47.96363
2025-07-28,129293,2025072801010018,SBL,K.B.L. Securities Limited ,Sharepro Securities Private Limited,130,384.0,49920.0,2025-07-28T11:56:25.390865
2025-07-28,129116,2025072801010050,SBL,Miyo Securities Pvt Ltd,Opal Securities Investment (PVT) Ltd.,241,384.9,92760.9,2025-07-28T11:56:42.602701
2025-07-28,129115,2025072801010051,SBL,Miyo Securities Pvt Ltd,Midas Stock Broking Company Private Limited,114,385.0,43890.0,2025-07-28T11:56:42.602741
2025-07-28,129114,2025072801010052,SBL,Miyo Securities Pvt Ltd,Thrive Brokerage House Pvt. Ltd,100,385.0,38500.0,2025-07-28T11:56:42.602767
2025-07-28,129113,2025072801010053,SBL,Miyo Securities Pvt Ltd,Kumari Securities Private Limited,50,385.0,19250.0,2025-07-28T11:56:42.602795
2025-07-28,129112,2025072801010054,SBL,Miyo Securities Pvt Ltd,Pragyan Securities (PVT) Ltd.,183,385.0,70455.0,2025-07-28T11:56:42.60282
2025-07-28,129111,2025072801010055,SBL,Miyo Securities Pvt Ltd,Trisul Securities & Invt. Ltd.,4312,385.0,1660120.0,2025-07-28T11:56:42.602845
2025-07-28,129103,2025072801010056,SBL,K.B.L. Securities Limited ,ABC Securities Private Limited,109,384.0,41856.0,2025-07-28T11:56:42.965166
2025-07-28,127675,2025072801010364,SBL,K.B.L. Securities Limited ,Sani Securities Company Ltd.,415,384.0,159360.0,2025-07-28T11:59:02.9017
2025-07-28,125647,2025072801010895,SBL,K.B.L. Securities Limited ,Global IME Securities Limited,30,384.0,11520.0,2025-07-28T12:02:06.958516
2025-07-28,124798,2025072801011142,SBL,K.B.L. Securities Limited ,Aakashbhairab Securities Ltd.,52,384.0,19968.0,2025-07-28T12:03:34.656526
2025-07-28,124797,2025072801011143,SBL,Nepal Investment And Securities Trading Private Limited,Aakashbhairab Securities Ltd.,100,384.0,38400.0,2025-07-28T12:03:34.656702
2025-07-28,124796,2025072801011144,SBL,Nepal Stock House (PVT) Ltd.,Aakashbhairab Securities Ltd.,148,384.0,56832.0,2025-07-28T12:03:34.656778
2025-07-28,124130,2025072801011322,SBL,Sharepro Securities Private Limited,Trisul Securities & Invt. Ltd.,688,385.0,264880.0,2025-07-28T12:04:43.84035
2025-07-28,124129,2025072801011323,SBL,Sharepro Securities Private Limited,J.F. Securites (PVT) Ltd.,200,385.0,77000.0,2025-07-28T12:04:43.840508
2025-07-28,124128,2025072801011324,SBL,Sharepro Securities Private Limited,Vision Securities Pvt. Ltd,36,385.0,13860.0,2025-07-28T12:04:43.840575
2025-07-28,124009,2025072801011359,SBL,S.P.S.A. Securities Limited,Sweta Securities Private Limited,500,384.1,192050.0,2025-07-28T12:04:56.449502
2025-07-28,122301,2025072801011798,SBL,S.P.S.A. Securities Limited,Sani Securities Company Ltd.,80,384.1,30728.0,2025-07-28T12:07:51.677619
2025-07-28,121860,2025072801011897,SBL,S.P.S.A. Securities Limited,Agrawal Securities (PVT) Ltd.,50,384.1,19205.0,2025-07-28T12:08:38.039235
2025-07-28,121602,2025072801011972,SBL,S.P.S.A. Securities Limited,Aakashbhairab Securities Ltd.,700,384.1,268870.0,2025-07-28T12:08:59.806014
2025-07-28,120724,2025072801012244,SBL,MILKY WAY SHARE BROKER COMPANY LTD ,Sani Securities Company Ltd.,135,383.9,51826.5,2025-07-28T12:10:15.750834
2025-07-28,118570,2025072801012751,SBL,MILKY WAY SHARE BROKER COMPANY LTD ,Thrive Brokerage House Pvt. Ltd,600,383.9,230340.0,2025-07-28T12:12:54.283337
2025-07-28,118243,2025072801012859,SBL,MILKY WAY SHARE BROKER COMPANY LTD ,Imperial Securities Company Pvt. Ltd.,52,383.9,19962.8,2025-07-28T12:13:16.115877
2025-07-28,117238,2025072801013153,SBL,MILKY WAY SHARE BROKER COMPANY LTD ,Trisul Securities & Invt. Ltd.,10,383.9,3839.0,2025-07-28T12:14:21.719238
2025-07-28,116317,2025072801013419,SBL,MILKY WAY SHARE BROKER COMPANY LTD ,Thrive Brokerage House Pvt. Ltd,201,383.9,77163.9,2025-07-28T12:15:09.38497
2025-07-28,114564,2025072801013957,SBL,Aryatara Investment & Securities,Aryatara Investment & Securities,20,384.0,7680.0,2025-07-28T12:16:43.952852
2025-07-28,114526,2025072801013971,SBL,Aryatara Investment & Securities,Creative Securities Pvt Ltd,500,384.0,192000.0,2025-07-28T12:16:46.050158
2025-07-28,114133,2025072801014097,SBL,Aryatara Investment & Securities,Naasa Securities Co. Ltd.,35,384.0,13440.0,2025-07-28T12:17:10.598538
2025-07-28,113183,2025072801014308,SBL,Aryatara Investment & Securities,Aakashbhairab Securities Ltd.,545,384.0,209280.0,2025-07-28T12:18:05.168898
2025-07-28,112459,2025072801014481,SBL,Primo Securities (PVT) Ltd.,ABC Securities Private Limited,1000,383.9,383900.0,2025-07-28T12:18:51.740714
2025-07-28,111728,2025072801014675,SBL,Sundhara Securities Limited,Trisul Securities & Invt. Ltd.,30,384.0,11520.0,2025-07-28T12:19:30.075319
2025-07-28,111111,2025072801014829,SBL,Naasa Securities Co. Ltd.,KALASH STOCK MARKET PVT. LTD.,13,383.9,4990.7,2025-07-28T12:20:05.950244
2025-07-28,111110,2025072801014830,SBL,South Asian Bulls Pvt. Ltd.,KALASH STOCK MARKET PVT. LTD.,137,383.8,52580.6,2025-07-28T12:20:05.950486
2025-07-28,110140,2025072801015097,SBL,South Asian Bulls Pvt. Ltd.,ABC Securities Private Limited,983,383.8,377275.4,2025-07-28T12:21:00.595494
2025-07-28,109254,2025072801015308,SBL,Cristal Kanchanjanga Securites Pvt. Ltd.,Trisul Securities & Invt. Ltd.,20,384.0,7680.0,2025-07-28T12:21:55.992058
2025-07-28,109253,2025072801015309,SBL,Cristal Kanchanjanga Securites Pvt. Ltd.,Online Securities Pvt. Ltd.,50,384.0,19200.0,2025-07-28T12:21:55.992115
2025-07-28,109252,2025072801015310,SBL,Cristal Kanchanjanga Securites Pvt. Ltd.,Cristal Kanchanjanga Securites Pvt. Ltd.,200,384.4,76880.0,2025-07-28T12:21:55.992144
2025-07-28,109251,2025072801015311,SBL,Cristal Kanchanjanga Securites Pvt. Ltd.,Online Securities Pvt. Ltd.,230,384.5,88435.0,2025-07-28T12:21:55.992176
2025-07-28,108929,2025072801015380,SBL,South Asian Bulls Pvt. Ltd.,Linch Stock Market Ltd.,500,383.8,191900.0,2025-07-28T12:22:16.865072
2025-07-28,108199,2025072801015558,SBL,South Asian Bulls Pvt. Ltd.,Trisul Securities & Invt. Ltd.,380,383.8,145844.0,2025-07-28T12:23:09.099522
2025-07-28,108198,2025072801015559,SBL,South Asian Bulls Pvt. Ltd.,Trisul Securities & Invt. Ltd.,2000,383.7,767400.0,2025-07-28T12:23:09.099829
2025-07-28,108197,2025072801015560,SBL,Vision Securities Pvt. Ltd,Trisul Securities & Invt. Ltd.,1000,383.7,383700.0,2025-07-28T12:23:09.100074
2025-07-28,108196,2025072801015561,SBL,South Asian Bulls Pvt. Ltd.,Trisul Securities & Invt. Ltd.,4000,383.6,1534400.0,2025-07-28T12:23:09.100301
2025-07-28,108195,2025072801015562,SBL,Sri Hari Securities Pvt. Ltd.,Trisul Securities & Invt. Ltd.,19043,383.6,7304894.8,2025-07-28T12:23:09.100518
2025-07-28,108150,2025072801015584,SBL,Dakshinkali Investment & Securities Pvt. Ltd.,Siprabi Securities Pvt. Ltd.,20,383.5,7670.0,2025-07-28T12:23:11.934347
2025-07-28,107504,2025072801015735,SBL,MILKY WAY SHARE BROKER COMPANY LTD ,ABC Securities Private Limited,1,383.9,383.9,2025-07-28T12:23:51.89675
2025-07-28,107039,2025072801015874,SBL,Dakshinkali Investment & Securities Pvt. Ltd.,Naasa Securities Co. Ltd.,64,383.5,24544.0,2025-07-28T12:24:26.75781
2025-07-28,105540,2025072801016294,SBL,Dakshinkali Investment & Securities Pvt. Ltd.,Thrive Brokerage House Pvt. Ltd,150,383.5,57525.0,2025-07-28T12:26:17.743515
2025-07-28,105469,2025072801016313,SBL,Dakshinkali Investment & Securities Pvt. Ltd.,Aakashbhairab Securities Ltd.,266,383.5,102011.0,2025-07-28T12:26:23.985297
2025-07-28,105468,2025072801016314,SBL,Opal Securities Investment (PVT) Ltd.,Aakashbhairab Securities Ltd.,489,383.5,187531.5,2025-07-28T12:26:23.985589
2025-07-28,104783,2025072801016529,SBL,Opal Securities Investment (PVT) Ltd.,Imperial Securities Company Pvt. Ltd.,11,383.5,4218.5,2025-07-28T12:27:12.06636
2025-07-28,103508,2025072801016889,SBL,Primo Securities (PVT) Ltd.,Aakashbhairab Securities Ltd.,888,383.4,340459.2,2025-07-28T12:28:45.22369
2025-07-28,103507,2025072801016890,SBL,Aakashbhairab Securities Ltd.,Aakashbhairab Securities Ltd.,112,383.4,42940.8,2025-07-28T12:28:45.224012
2025-07-28,102885,2025072801017094,SBL,Aakashbhairab Securities Ltd.,NIMB Stock Markets Limited,35,383.4,13419.0,2025-07-28T12:29:25.517933
2025-07-28,102283,2025072801017265,SBL,Dipshikha Dhitopatra Karobar Co. Pvt Ltd.,Imperial Securities Company Pvt. Ltd.,10,383.5,3835.0,2025-07-28T12:30:14.966751
2025-07-28,101781,2025072801017419,SBL,Citizens Share Broker Limited,Aakashbhairab Securities Ltd.,50,383.2,19160.0,2025-07-28T12:30:56.777682
2025-07-28,101430,2025072801017530,SBL,Citizens Share Broker Limited,Sumeru Securities Pvt. Ltd.,700,383.2,268240.0,2025-07-28T12:31:27.519498
2025-07-28,101284,2025072801017574,SBL,Citizens Share Broker Limited,Sweta Securities Private Limited,100,383.2,38320.0,2025-07-28T12:31:40.021034
2025-07-28,100831,2025072801017708,SBL,Citizens Share Broker Limited,Machhapuchchhre Securities Limited,500,383.2,191600.0,2025-07-28T12:32:17.410453
2025-07-28,100760,2025072801017731,SBL,Citizens Share Broker Limited,Siprabi Securities Pvt. Ltd.,200,383.2,76640.0,2025-07-28T12:32:23.773325
2025-07-28,100091,2025072801017941,SBL,S.P.S.A. Securities Limited,Naasa Securities Co. Ltd.,16,383.3,6132.8,2025-07-28T12:33:19.039329
2025-07-28,99821,2025072801018012,SBL,Nepal Stock House (PVT) Ltd.,Imperial Securities Company Pvt. Ltd.,100,383.5,38350.0,2025-07-28T12:33:43.971959
2025-07-28,99793,2025072801018020,SBL,S.P.S.A. Securities Limited,Vision Securities Pvt. Ltd,400,383.3,153320.0,2025-07-28T12:33:47.358549
2025-07-28,99184,2025072801018177,SBL,ABC Securities Private Limited,Nepal Investment And Securities Trading Private Limited,280,383.4,107352.0,2025-07-28T12:34:33.905959
2025-07-28,98286,2025072801018391,SBL,ABC Securities Private Limited,Imperial Securities Company Pvt. Ltd.,120,383.4,46008.0,2025-07-28T12:35:45.436032
2025-07-28,97907,2025072801018519,SBL,S.P.S.A. Securities Limited,Imperial Securities Company Pvt. Ltd.,414,383.3,158686.2,2025-07-28T12:36:07.578503
2025-07-28,96846,2025072801018831,SBL,NIMB Stock Markets Limited,Trisul Securities & Invt. Ltd.,220,383.6,84392.0,2025-07-28T12:37:36.166528
2025-07-28,96076,2025072801018999,SBL,Sharepro Securities Private Limited,Trisul Securities & Invt. Ltd.,357,383.6,136945.2,2025-07-28T12:38:42.833113
2025-07-28,96075,2025072801019000,SBL,Sharepro Securities Private Limited,Sani Securities Company Ltd.,50,383.6,19180.0,2025-07-28T12:38:42.833217
2025-07-28,96074,2025072801019001,SBL,Sharepro Securities Private Limited,Sweta Securities Private Limited,500,384.0,192000.0,2025-07-28T12:38:42.833307
2025-07-28,96073,2025072801019002,SBL,Sharepro Securities Private Limited,Siprabi Securities Pvt. Ltd.,50,384.0,19200.0,2025-07-28T12:38:42.833379
2025-07-28,96072,2025072801019003,SBL,Sharepro Securities Private Limited,Online Securities Pvt. Ltd.,20,384.5,7690.0,2025-07-28T12:38:42.833445
2025-07-28,96071,2025072801019004,SBL,Sharepro Securities Private Limited,Midas Stock Broking Company Private Limited,23,384.5,8843.5,2025-07-28T12:38:42.833507
2025-07-28,95142,2025072801019282,SBL,S.P.S.A. Securities Limited,Aryatara Investment & Securities,200,383.3,76660.0,2025-07-28T12:39:47.379287
2025-07-28,94355,2025072801019471,SBL,Nepal Stock House (PVT) Ltd.,Midas Stock Broking Company Private Limited,27,384.5,10381.5,2025-07-28T12:40:33.566211
2025-07-28,93664,2025072801019673,SBL,Nepal Stock House (PVT) Ltd.,Thrive Brokerage House Pvt. Ltd,200,384.5,76900.0,2025-07-28T12:41:08.945297
2025-07-28,93323,2025072801019726,SBL,Investment Management Nepal Pvt. Ltd.,S.P.S.A. Securities Limited,150,384.9,57735.0,2025-07-28T12:41:25.257349
2025-07-28,93079,2025072801019768,SBL,Dynamic Money Managers Securities Pvt. Ltd.,S.P.S.A. Securities Limited,410,384.9,157809.0,2025-07-28T12:41:35.263868
2025-07-28,93078,2025072801019769,SBL,Dynamic Money Managers Securities Pvt. Ltd.,Cristal Kanchanjanga Securites Pvt. Ltd.,50,385.0,19250.0,2025-07-28T12:41:35.263946
2025-07-28,93077,2025072801019770,SBL,Dynamic Money Managers Securities Pvt. Ltd.,Trishakti Securities Public Limited,60,385.0,23100.0,2025-07-28T12:41:35.263969
2025-07-28,93076,2025072801019771,SBL,Dynamic Money Managers Securities Pvt. Ltd.,Sani Securities Company Ltd.,100,385.0,38500.0,2025-07-28T12:41:35.263994
2025-07-28,93075,2025072801019772,SBL,Dynamic Money Managers Securities Pvt. Ltd.,Shree Krishna Securities Ltd.,100,385.0,38500.0,2025-07-28T12:41:35.264017
2025-07-28,93074,2025072801019773,SBL,Dynamic Money Managers Securities Pvt. Ltd.,Agrawal Securities (PVT) Ltd.,100,385.0,38500.0,2025-07-28T12:41:35.264048
2025-07-28,93073,2025072801019774,SBL,Dynamic Money Managers Securities Pvt. Ltd.,Naasa Securities Co. Ltd.,16,385.0,6160.0,2025-07-28T12:41:35.26409
2025-07-28,93072,2025072801019775,SBL,Dynamic Money Managers Securities Pvt. Ltd.,Linch Stock Market Ltd.,28,385.0,10780.0,2025-07-28T12:41:35.264113
2025-07-28,93071,2025072801019776,SBL,Dynamic Money Managers Securities Pvt. Ltd.,Kumari Securities Private Limited,176,385.0,67760.0,2025-07-28T12:41:35.264134
2025-07-28,93059,2025072801019779,SBL,Nepal Stock House (PVT) Ltd.,Trishakti Securities Public Limited,137,384.5,52676.5,2025-07-28T12:41:35.956406
2025-07-28,92987,2025072801019797,SBL,MILKY WAY SHARE BROKER COMPANY LTD ,Kumari Securities Private Limited,955,385.0,367675.0,2025-07-28T12:41:40.479099
2025-07-28,92986,2025072801019798,SBL,MILKY WAY SHARE BROKER COMPANY LTD ,Bhrikuti Stock Broking Co. Pvt. Ltd.,1045,385.0,402325.0,2025-07-28T12:41:40.479245
2025-07-28,92119,2025072801020013,SBL,ABC Securities Private Limited,Bhrikuti Stock Broking Co. Pvt. Ltd.,200,385.0,77000.0,2025-07-28T12:42:20.213308
2025-07-28,91880,2025072801020081,SBL,Dynamic Money Managers Securities Pvt. Ltd.,Bhrikuti Stock Broking Co. Pvt. Ltd.,255,385.0,98175.0,2025-07-28T12:42:36.23687
2025-07-28,91879,2025072801020082,SBL,Dynamic Money Managers Securities Pvt. Ltd.,Sri Hari Securities Pvt. Ltd.,10,385.0,3850.0,2025-07-28T12:42:36.236919
2025-07-28,91878,2025072801020083,SBL,Dynamic Money Managers Securities Pvt. Ltd.,Imperial Securities Company Pvt. Ltd.,15,385.0,5775.0,2025-07-28T12:42:36.236944
2025-07-28,91444,2025072801020207,SBL,Agrawal Securities (PVT) Ltd.,Thrive Brokerage House Pvt. Ltd,50,385.0,19250.0,2025-07-28T12:43:04.039072
2025-07-28,91137,2025072801020269,SBL,Miyo Securities Pvt Ltd,Thrive Brokerage House Pvt. Ltd,50,385.0,19250.0,2025-07-28T12:43:21.45289
2025-07-28,91136,2025072801020270,SBL,Miyo Securities Pvt Ltd,Nepal Stock House (PVT) Ltd.,200,385.5,77100.0,2025-07-28T12:43:21.452977
2025-07-28,91135,2025072801020271,SBL,Miyo Securities Pvt Ltd,Sumeru Securities Pvt. Ltd.,50,385.5,19275.0,2025-07-28T12:43:21.453016
2025-07-28,91134,2025072801020272,SBL,Miyo Securities Pvt Ltd,SHUBHAKAMANA SECURITIES PVT. LTD,250,385.9,96475.0,2025-07-28T12:43:21.453059
2025-07-28,91133,2025072801020273,SBL,Miyo Securities Pvt Ltd,Kumari Securities Private Limited,1000,385.9,385900.0,2025-07-28T12:43:21.453088
2025-07-28,91132,2025072801020274,SBL,Miyo Securities Pvt Ltd,Midas Stock Broking Company Private Limited,200,386.0,77200.0,2025-07-28T12:43:21.453117
2025-07-28,91131,2025072801020275,SBL,Miyo Securities Pvt Ltd,Midas Stock Broking Company Private Limited,38,386.0,14668.0,2025-07-28T12:43:21.453144
2025-07-28,91130,2025072801020276,SBL,Miyo Securities Pvt Ltd,Bhrikuti Stock Broking Co. Pvt. Ltd.,100,386.0,38600.0,2025-07-28T12:43:21.453168
2025-07-28,91129,2025072801020277,SBL,Miyo Securities Pvt Ltd,Trisul Securities & Invt. Ltd.,5000,386.0,1930000.0,2025-07-28T12:43:21.453215
2025-07-28,91128,2025072801020278,SBL,Miyo Securities Pvt Ltd,SHUBHAKAMANA SECURITIES PVT. LTD,112,386.0,43232.0,2025-07-28T12:43:21.453248
2025-07-28,87707,2025072801021197,SBL,Nepal Stock House (PVT) Ltd.,SHUBHAKAMANA SECURITIES PVT. LTD,179,386.0,69094.0,2025-07-28T12:47:53.245536
2025-07-28,87706,2025072801021198,SBL,Nepal Stock House (PVT) Ltd.,Dipshikha Dhitopatra Karobar Co. Pvt Ltd.,20,386.0,7720.0,2025-07-28T12:47:53.245715
2025-07-28,87705,2025072801021199,SBL,Nepal Stock House (PVT) Ltd.,Bhrikuti Stock Broking Co. Pvt. Ltd.,437,386.0,168682.0,2025-07-28T12:47:53.24578
2025-07-28,86957,2025072801021404,SBL,Miyo Securities Pvt Ltd,Bhrikuti Stock Broking Co. Pvt. Ltd.,150,386.0,57900.0,2025-07-28T12:49:14.854374
2025-07-28,86956,2025072801021405,SBL,Miyo Securities Pvt Ltd,Vision Securities Pvt. Ltd,500,386.0,193000.0,2025-07-28T12:49:14.854473
2025-07-28,86955,2025072801021406,SBL,Miyo Securities Pvt Ltd,Online Securities Pvt. Ltd.,100,386.0,38600.0,2025-07-28T12:49:14.854536
2025-07-28,86954,2025072801021407,SBL,Miyo Securities Pvt Ltd,Nepal Investment And Securities Trading Private Limited,100,386.9,38690.0,2025-07-28T12:49:14.854605
2025-07-28,86953,2025072801021408,SBL,Miyo Securities Pvt Ltd,Nepal Stock House (PVT) Ltd.,500,386.9,193450.0,2025-07-28T12:49:14.854666
2025-07-28,86952,2025072801021409,SBL,Miyo Securities Pvt Ltd,Kalika Securities Pvt. Ltd.,100,387.0,38700.0,2025-07-28T12:49:14.854758
2025-07-28,86951,2025072801021410,SBL,Miyo Securities Pvt Ltd,Trishakti Securities Public Limited,100,387.0,38700.0,2025-07-28T12:49:14.85483
2025-07-28,86950,2025072801021411,SBL,Miyo Securities Pvt Ltd,Nepal Stock House (PVT) Ltd.,353,387.0,136611.0,2025-07-28T12:49:14.854886
2025-07-28,86949,2025072801021412,SBL,Miyo Securities Pvt Ltd,Dipshikha Dhitopatra Karobar Co. Pvt Ltd.,200,387.0,77400.0,2025-07-28T12:49:14.854949
2025-07-28,86948,2025072801021413,SBL,Miyo Securities Pvt Ltd,Kohinoor Investment & Securities Pvt. Ltd.,371,387.0,143577.0,2025-07-28T12:49:14.85501
2025-07-28,86947,2025072801021414,SBL,Miyo Securities Pvt Ltd,Midas Stock Broking Company Private Limited,200,387.0,77400.0,2025-07-28T12:49:14.855107
2025-07-28,86946,2025072801021415,SBL,Miyo Securities Pvt Ltd,Sumeru Securities Pvt. Ltd.,250,387.0,96750.0,2025-07-28T12:49:14.855196
2025-07-28,86945,2025072801021416,SBL,Miyo Securities Pvt Ltd,Dynamic Money Managers Securities Pvt. Ltd.,76,387.0,29412.0,2025-07-28T12:49:14.85526
2025-07-28,84789,2025072801022027,SBL,Naasa Securities Co. Ltd.,INDEX SECURITIES LIMITED,200,385.0,77000.0,2025-07-28T12:53:02.900098
2025-07-28,84788,2025072801022028,SBL,Opal Securities Investment (PVT) Ltd.,INDEX SECURITIES LIMITED,300,385.0,115500.0,2025-07-28T12:53:02.90042
2025-07-28,84658,2025072801022053,SBL,Opal Securities Investment (PVT) Ltd.,Opal Securities Investment (PVT) Ltd.,128,385.0,49280.0,2025-07-28T12:53:13.968474
2025-07-28,84637,2025072801022057,SBL,Opal Securities Investment (PVT) Ltd.,Sumeru Securities Pvt. Ltd.,561,385.0,215985.0,2025-07-28T12:53:15.697901
2025-07-28,83965,2025072801022219,SBL,Opal Securities Investment (PVT) Ltd.,Ashutosh Brokerage & Securities (PVT) Ltd.,122,385.0,46970.0,2025-07-28T12:54:11.853341
2025-07-28,83964,2025072801022220,SBL,Vision Securities Pvt. Ltd,Ashutosh Brokerage & Securities (PVT) Ltd.,1000,385.0,385000.0,2025-07-28T12:54:11.853441
2025-07-28,83963,2025072801022221,SBL,Naasa Securities Co. Ltd.,Ashutosh Brokerage & Securities (PVT) Ltd.,1038,385.0,399630.0,2025-07-28T12:54:11.853512
2025-07-28,83962,2025072801022222,SBL,South Asian Bulls Pvt. Ltd.,Ashutosh Brokerage & Securities (PVT) Ltd.,2000,384.3,768600.0,2025-07-28T12:54:11.853589
2025-07-28,83961,2025072801022223,SBL,South Asian Bulls Pvt. Ltd.,Ashutosh Brokerage & Securities (PVT) Ltd.,2000,384.2,768400.0,2025-07-28T12:54:11.853663
2025-07-28,83960,2025072801022224,SBL,South Asian Bulls Pvt. Ltd.,Ashutosh Brokerage & Securities (PVT) Ltd.,3840,384.1,1474944.0,2025-07-28T12:54:11.853737
2025-07-28,82849,2025072801022483,SBL,South Asian Bulls Pvt. Ltd.,Arun Securities (PVT) Ltd.,160,384.1,61456.0,2025-07-28T12:55:44.054763
2025-07-28,82848,2025072801022484,SBL,Sri Hari Securities Pvt. Ltd.,Arun Securities (PVT) Ltd.,4840,384.0,1858560.0,2025-07-28T12:55:44.054927
2025-07-28,82618,2025072801022531,SBL,South Asian Bulls Pvt. Ltd.,SUN SECURITIES PVT LTD,3000,384.1,1152300.0,2025-07-28T12:56:03.19006
2025-07-28,82617,2025072801022532,SBL,Sri Hari Securities Pvt. Ltd.,SUN SECURITIES PVT LTD,15160,384.0,5821440.0,2025-07-28T12:56:03.19016
2025-07-28,82616,2025072801022533,SBL,Sri Hari Securities Pvt. Ltd.,SUN SECURITIES PVT LTD,20000,383.6,7672000.0,2025-07-28T12:56:03.19022
2025-07-28,82615,2025072801022534,SBL,Opal Securities Investment (PVT) Ltd.,SUN SECURITIES PVT LTD,500,383.5,191750.0,2025-07-28T12:56:03.19029
2025-07-28,82614,2025072801022535,SBL,Sri Hari Securities Pvt. Ltd.,SUN SECURITIES PVT LTD,7340,383.5,2814890.0,2025-07-28T12:56:03.190358
2025-07-28,82187,2025072801022680,SBL,Sri Hari Securities Pvt. Ltd.,SUN SECURITIES PVT LTD,12660,383.5,4855110.0,2025-07-28T12:56:42.339879
2025-07-28,82186,2025072801022681,SBL,S.P.S.A. Securities Limited,SUN SECURITIES PVT LTD,1970,383.3,755101.0,2025-07-28T12:56:42.33997
2025-07-28,82185,2025072801022682,SBL,Citizens Share Broker Limited,SUN SECURITIES PVT LTD,370,383.2,141784.0,2025-07-28T12:56:42.34008
2025-07-28,82018,2025072801022746,SBL,Citizens Share Broker Limited,J.F. Securites (PVT) Ltd.,380,383.2,145616.0,2025-07-28T12:56:59.757527
2025-07-28,82017,2025072801022747,SBL,Aakashbhairab Securities Ltd.,J.F. Securites (PVT) Ltd.,120,383.2,45984.0,2025-07-28T12:56:59.757576
2025-07-28,79936,2025072801023322,SBL,Aakashbhairab Securities Ltd.,Ashutosh Brokerage & Securities (PVT) Ltd.,134,383.2,51348.8,2025-07-28T13:01:07.921557
2025-07-28,79807,2025072801023358,SBL,Aakashbhairab Securities Ltd.,Aryatara Investment & Securities,99,383.2,37936.8,2025-07-28T13:01:22.562081
2025-07-28,79806,2025072801023359,SBL,Secured Securities Ltd.,Aryatara Investment & Securities,200,383.1,76620.0,2025-07-28T13:01:22.562329
2025-07-28,79805,2025072801023360,SBL,Vision Securities Pvt. Ltd,Aryatara Investment & Securities,1701,383.0,651483.0,2025-07-28T13:01:22.56245
2025-07-28,79478,2025072801023464,SBL,Vision Securities Pvt. Ltd,Kalika Securities Pvt. Ltd.,100,383.8,38380.0,2025-07-28T13:02:09.586377
2025-07-28,78182,2025072801023834,SBL,Agrawal Securities (PVT) Ltd.,Dipshikha Dhitopatra Karobar Co. Pvt Ltd.,1000,383.3,383300.0,2025-07-28T13:04:41.079098
2025-07-28,77977,2025072801023921,SBL,APPLE SECURITIES PRIVATE LIMITED,Kalika Securities Pvt. Ltd.,10,383.8,3838.0,2025-07-28T13:05:13.187059
2025-07-28,77120,2025072801024216,SBL,Agrawal Securities (PVT) Ltd.,Aryatara Investment & Securities,1000,383.3,383300.0,2025-07-28T13:07:03.91158
2025-07-28,77050,2025072801024227,SBL,Capital Max Securities Ltd,Kalika Securities Pvt. Ltd.,18,383.8,6908.4,2025-07-28T13:07:13.731272
2025-07-28,77049,2025072801024228,SBL,Capital Max Securities Ltd,Naasa Securities Co. Ltd.,100,383.8,38380.0,2025-07-28T13:07:13.731442
2025-07-28,77048,2025072801024229,SBL,Capital Max Securities Ltd,Nepal Stock House (PVT) Ltd.,1000,383.8,383800.0,2025-07-28T13:07:13.731508
2025-07-28,77047,2025072801024230,SBL,Capital Max Securities Ltd,Oxford Securities Pvt. Ltd.,100,385.0,38500.0,2025-07-28T13:07:13.731572
2025-07-28,77046,2025072801024231,SBL,Capital Max Securities Ltd,Thrive Brokerage House Pvt. Ltd,625,385.0,240625.0,2025-07-28T13:07:13.731635
2025-07-28,77045,2025072801024232,SBL,Capital Max Securities Ltd,Trisul Securities & Invt. Ltd.,8157,385.5,3144523.5,2025-07-28T13:07:13.731697
2025-07-28,76920,2025072801024261,SBL,Agrawal Securities (PVT) Ltd.,Dipshikha Dhitopatra Karobar Co. Pvt Ltd.,125,383.3,47912.5,2025-07-28T13:07:30.399045
2025-07-28,76468,2025072801024373,SBL,Capital Max Securities Ltd,Trisul Securities & Invt. Ltd.,500,385.5,192750.0,2025-07-28T13:08:38.577608
2025-07-28,76234,2025072801024458,SBL,Agrawal Securities (PVT) Ltd.,Sani Securities Company Ltd.,875,383.3,335387.5,2025-07-28T13:09:07.831126
2025-07-28,76233,2025072801024459,SBL,Vision Securities Pvt. Ltd,Sani Securities Company Ltd.,125,383.0,47875.0,2025-07-28T13:09:07.831309
2025-07-28,75629,2025072801024617,SBL,Vision Securities Pvt. Ltd,Linch Stock Market Ltd.,174,383.0,66642.0,2025-07-28T13:10:55.257175
2025-07-28,75628,2025072801024618,SBL,Naasa Securities Co. Ltd.,Linch Stock Market Ltd.,200,383.0,76600.0,2025-07-28T13:10:55.257478
2025-07-28,75627,2025072801024619,SBL,K.B.L. Securities Limited ,Linch Stock Market Ltd.,126,383.0,48258.0,2025-07-28T13:10:55.257672
2025-07-28,75544,2025072801024638,SBL,K.B.L. Securities Limited ,Online Securities Pvt. Ltd.,25,383.0,9575.0,2025-07-28T13:11:08.225977
2025-07-28,75110,2025072801024745,SBL,Secured Securities Ltd.,Aryatara Investment & Securities,50,384.0,19200.0,2025-07-28T13:12:17.893511
2025-07-28,73883,2025072801025047,SBL,Nepal Stock House (PVT) Ltd.,Asian Securities Private Ltd.,2,384.0,768.0,2025-07-28T13:15:03.050279
2025-07-28,72268,2025072801025499,SBL,Siprabi Securities Pvt. Ltd.,Trisul Securities & Invt. Ltd.,10,385.5,3855.0,2025-07-28T13:18:36.966923
2025-07-28,71835,2025072801025608,SBL,Secured Securities Ltd.,Deevyaa Securities & Stock House Pvt. Ltd,30,384.0,11520.0,2025-07-28T13:19:33.538622
2025-07-28,71614,2025072801025664,SBL,Online Securities Pvt. Ltd.,Thrive Brokerage House Pvt. Ltd,10,385.0,3850.0,2025-07-28T13:20:09.090678
2025-07-28,71125,2025072801025770,SBL,Capital Max Securities Ltd,Thrive Brokerage House Pvt. Ltd,190,385.0,73150.0,2025-07-28T13:21:13.603845
2025-07-28,70368,2025072801025992,SBL,Capital Max Securities Ltd,Opal Securities Investment (PVT) Ltd.,310,385.0,119350.0,2025-07-28T13:23:07.505574
2025-07-28,70367,2025072801025993,SBL,Secured Securities Ltd.,Opal Securities Investment (PVT) Ltd.,147,384.0,56448.0,2025-07-28T13:23:07.505627
2025-07-28,70315,2025072801026005,SBL,Naasa Securities Co. Ltd.,Trisul Securities & Invt. Ltd.,10,385.5,3855.0,2025-07-28T13:23:16.321021
2025-07-28,69893,2025072801026139,SBL,Dakshinkali Investment & Securities Pvt. Ltd.,Trisul Securities & Invt. Ltd.,2000,385.5,771000.0,2025-07-28T13:23:52.123846
2025-07-28,69760,2025072801026160,SBL,Dakshinkali Investment & Securities Pvt. Ltd.,Trisul Securities & Invt. Ltd.,2000,385.5,771000.0,2025-07-28T13:24:05.628882
2025-07-28,69684,2025072801026202,SBL,Creative Securities Pvt Ltd,Trisul Securities & Invt. Ltd.,150,385.5,57825.0,2025-07-28T13:24:10.985293
2025-07-28,69410,2025072801026232,SBL,Sri Hari Securities Pvt. Ltd.,Nepal Stock House (PVT) Ltd.,85,385.0,32725.0,2025-07-28T13:24:29.023397
2025-07-28,69400,2025072801026233,SBL,Asian Securities Private Ltd.,Trisul Securities & Invt. Ltd.,50,385.5,19275.0,2025-07-28T13:24:29.834053
2025-07-28,69257,2025072801026262,SBL,Dakshinkali Investment & Securities Pvt. Ltd.,Trisul Securities & Invt. Ltd.,2000,385.5,771000.0,2025-07-28T13:24:44.817684
2025-07-28,69244,2025072801026266,SBL,Vision Securities Pvt. Ltd,Trisul Securities & Invt. Ltd.,1000,385.5,385500.0,2025-07-28T13:24:45.812628
2025-07-28,69137,2025072801026300,SBL,Dakshinkali Investment & Securities Pvt. Ltd.,Trisul Securities & Invt. Ltd.,2000,385.5,771000.0,2025-07-28T13:24:57.967106
2025-07-28,68601,2025072801026437,SBL,Asian Securities Private Ltd.,Trisul Securities & Invt. Ltd.,50,385.5,19275.0,2025-07-28T13:25:53.098383
2025-07-28,67936,2025072801026625,SBL,Sri Hari Securities Pvt. Ltd.,Naasa Securities Co. Ltd.,15,385.0,5775.0,2025-07-28T13:27:04.73846
2025-07-28,67935,2025072801026626,SBL,Miyo Securities Pvt Ltd,Naasa Securities Co. Ltd.,97,385.0,37345.0,2025-07-28T13:27:04.738633
2025-07-28,67615,2025072801026702,SBL,Dakshinkali Investment & Securities Pvt. Ltd.,Dipshikha Dhitopatra Karobar Co. Pvt Ltd.,300,385.4,115620.0,2025-07-28T13:27:29.146643
2025-07-28,67614,2025072801026703,SBL,Dakshinkali Investment & Securities Pvt. Ltd.,Trisul Securities & Invt. Ltd.,1700,385.5,655350.0,2025-07-28T13:27:29.146824
2025-07-28,67528,2025072801026722,SBL,Dakshinkali Investment & Securities Pvt. Ltd.,Trisul Securities & Invt. Ltd.,200,385.5,77100.0,2025-07-28T13:27:38.234864
2025-07-28,67319,2025072801026784,SBL,Miyo Securities Pvt Ltd,Linch Stock Market Ltd.,50,385.0,19250.0,2025-07-28T13:27:56.398466
2025-07-28,66729,2025072801026934,SBL,Miyo Securities Pvt Ltd,Sweta Securities Private Limited,1000,385.0,385000.0,2025-07-28T13:28:53.021884
2025-07-28,66188,2025072801027108,SBL,Naasa Securities Co. Ltd.,Imperial Securities Company Pvt. Ltd.,10,385.4,3854.0,2025-07-28T13:29:46.182289
2025-07-28,66187,2025072801027109,SBL,Naasa Securities Co. Ltd.,Trisul Securities & Invt. Ltd.,10,385.5,3855.0,2025-07-28T13:29:46.182326
2025-07-28,66172,2025072801027116,SBL,Miyo Securities Pvt Ltd,Vision Securities Pvt. Ltd,853,385.0,328405.0,2025-07-28T13:29:47.47633
2025-07-28,66171,2025072801027117,SBL,Secured Securities Ltd.,Vision Securities Pvt. Ltd,17,385.0,6545.0,2025-07-28T13:29:47.476539
2025-07-28,66170,2025072801027118,SBL,Thrive Brokerage House Pvt. Ltd,Vision Securities Pvt. Ltd,100,385.0,38500.0,2025-07-28T13:29:47.476649
2025-07-28,65643,2025072801027234,SBL,Cristal Kanchanjanga Securites Pvt. Ltd.,Vision Securities Pvt. Ltd,1000,385.0,385000.0,2025-07-28T13:30:34.628577
2025-07-28,62593,2025072801027860,SBL,Vision Securities Pvt. Ltd,Vision Securities Pvt. Ltd,30,385.0,11550.0,2025-07-28T13:34:29.288932
2025-07-28,62592,2025072801027861,SBL,Vision Securities Pvt. Ltd,Nepal Stock House (PVT) Ltd.,20,385.0,7700.0,2025-07-28T13:34:29.289152
2025-07-28,60867,2025072801028267,SBL,Sharepro Securities Private Limited,Trisul Securities & Invt. Ltd.,163,385.5,62836.5,2025-07-28T13:36:46.025957
2025-07-28,60866,2025072801028268,SBL,Sharepro Securities Private Limited,Nepal Stock House (PVT) Ltd.,100,385.5,38550.0,2025-07-28T13:36:46.026158
2025-07-28,60865,2025072801028269,SBL,Sharepro Securities Private Limited,Vision Securities Pvt. Ltd,490,385.5,188895.0,2025-07-28T13:36:46.026258
2025-07-28,60864,2025072801028270,SBL,Sharepro Securities Private Limited,Bhrikuti Stock Broking Co. Pvt. Ltd.,130,385.5,50115.0,2025-07-28T13:36:46.026339
2025-07-28,60863,2025072801028271,SBL,Sharepro Securities Private Limited,Asian Securities Private Ltd.,112,386.0,43232.0,2025-07-28T13:36:46.026416
2025-07-28,60227,2025072801028503,SBL,Linch Stock Market Ltd.,Online Securities Pvt. Ltd.,10,386.0,3860.0,2025-07-28T13:37:29.292779
2025-07-28,60226,2025072801028504,SBL,Linch Stock Market Ltd.,Thrive Brokerage House Pvt. Ltd,50,386.0,19300.0,2025-07-28T13:37:29.293142
2025-07-28,58902,2025072801028834,SBL,Siprabi Securities Pvt. Ltd.,Thrive Brokerage House Pvt. Ltd,50,386.0,19300.0,2025-07-28T13:39:12.319169
2025-07-28,58901,2025072801028835,SBL,Siprabi Securities Pvt. Ltd.,Nepal Investment And Securities Trading Private Limited,10,386.9,3869.0,2025-07-28T13:39:12.319207
2025-07-28,58824,2025072801028863,SBL,Primo Securities (PVT) Ltd.,Cristal Kanchanjanga Securites Pvt. Ltd.,663,385.0,255255.0,2025-07-28T13:39:18.727519
2025-07-28,56431,2025072801029537,SBL,Online Securities Pvt. Ltd.,Nepal Investment And Securities Trading Private Limited,90,386.9,34821.0,2025-07-28T13:42:42.441472
2025-07-28,54568,2025072801029980,SBL,Miyo Securities Pvt Ltd,Dynamic Money Managers Securities Pvt. Ltd.,40,387.0,15480.0,2025-07-28T13:45:41.596158
2025-07-28,54567,2025072801029981,SBL,Miyo Securities Pvt Ltd,Dynamic Money Managers Securities Pvt. Ltd.,399,387.0,154413.0,2025-07-28T13:45:41.596209
2025-07-28,54566,2025072801029982,SBL,Miyo Securities Pvt Ltd,Agrawal Securities (PVT) Ltd.,150,387.0,58050.0,2025-07-28T13:45:41.596241
2025-07-28,54565,2025072801029983,SBL,Miyo Securities Pvt Ltd,Pragyan Securities (PVT) Ltd.,300,387.0,116100.0,2025-07-28T13:45:41.596265
2025-07-28,54564,2025072801029984,SBL,Miyo Securities Pvt Ltd,Kohinoor Investment & Securities Pvt. Ltd.,80,387.0,30960.0,2025-07-28T13:45:41.596306
2025-07-28,54563,2025072801029985,SBL,Miyo Securities Pvt Ltd,Kohinoor Investment & Securities Pvt. Ltd.,500,387.0,193500.0,2025-07-28T13:45:41.596332
2025-07-28,54562,2025072801029986,SBL,Miyo Securities Pvt Ltd,Nepal Stock House (PVT) Ltd.,100,387.0,38700.0,2025-07-28T13:45:41.59636
2025-07-28,54560,2025072801029987,SBL,Sani Securities Company Ltd.,Dipshikha Dhitopatra Karobar Co. Pvt Ltd.,100,386.0,38600.0,2025-07-28T13:45:42.268724
2025-07-28,52819,2025072801030478,SBL,Cristal Kanchanjanga Securites Pvt. Ltd.,Kohinoor Investment & Securities Pvt. Ltd.,10,387.7,3877.0,2025-07-28T13:47:54.124282
2025-07-28,47942,2025072801031923,SBL,Sumeru Securities Pvt. Ltd.,Nepal Stock House (PVT) Ltd.,385,386.3,148725.5,2025-07-28T13:53:02.472887
2025-07-28,46949,2025072801032167,SBL,Sumeru Securities Pvt. Ltd.,Cristal Kanchanjanga Securites Pvt. Ltd.,240,386.3,92712.0,2025-07-28T13:53:45.900986
2025-07-28,46689,2025072801032221,SBL,Sumeru Securities Pvt. Ltd.,SUN SECURITIES PVT LTD,375,386.3,144862.5,2025-07-28T13:53:59.268956
2025-07-28,46688,2025072801032222,SBL,Linch Stock Market Ltd.,SUN SECURITIES PVT LTD,320,386.0,123520.0,2025-07-28T13:53:59.269006
2025-07-28,46687,2025072801032223,SBL,Sani Securities Company Ltd.,SUN SECURITIES PVT LTD,200,386.0,77200.0,2025-07-28T13:53:59.269052
2025-07-28,46686,2025072801032224,SBL,Sagarmatha Securities Private Limited,SUN SECURITIES PVT LTD,5000,386.0,1930000.0,2025-07-28T13:53:59.26909
2025-07-28,46685,2025072801032225,SBL,Capital Max Securities Ltd,SUN SECURITIES PVT LTD,1858,385.1,715515.8,2025-07-28T13:53:59.269122
2025-07-28,46684,2025072801032226,SBL,Vision Securities Pvt. Ltd,SUN SECURITIES PVT LTD,500,385.1,192550.0,2025-07-28T13:53:59.269153
2025-07-28,46683,2025072801032227,SBL,Trisul Securities & Invt. Ltd.,SUN SECURITIES PVT LTD,200,385.1,77020.0,2025-07-28T13:53:59.269182
2025-07-28,46682,2025072801032228,SBL,Sipla Securities Private Limited,SUN SECURITIES PVT LTD,5000,385.0,1925000.0,2025-07-28T13:53:59.269214
2025-07-28,46681,2025072801032229,SBL,Swarna Laxmi Securities Pvt. Ltd.,SUN SECURITIES PVT LTD,600,385.0,231000.0,2025-07-28T13:53:59.269245
2025-07-28,46396,2025072801032272,SBL,Swarna Laxmi Securities Pvt. Ltd.,Cristal Kanchanjanga Securites Pvt. Ltd.,800,385.0,308000.0,2025-07-28T13:54:15.513306
2025-07-28,46395,2025072801032273,SBL,Imperial Securities Company Pvt. Ltd.,Cristal Kanchanjanga Securites Pvt. Ltd.,200,385.0,77000.0,2025-07-28T13:54:15.513475
2025-07-28,45582,2025072801032537,SBL,Asian Securities Private Ltd.,Capital Max Securities Ltd,1000,385.1,385100.0,2025-07-28T13:55:00.932132
2025-07-28,45581,2025072801032538,SBL,Imperial Securities Company Pvt. Ltd.,Capital Max Securities Ltd,50,385.0,19250.0,2025-07-28T13:55:00.932472
2025-07-28,45580,2025072801032539,SBL,Miyo Securities Pvt Ltd,Capital Max Securities Ltd,2000,385.0,770000.0,2025-07-28T13:55:00.93268
2025-07-28,45579,2025072801032540,SBL,Sani Securities Company Ltd.,Capital Max Securities Ltd,250,385.0,96250.0,2025-07-28T13:55:00.932886
2025-07-28,45578,2025072801032541,SBL,Sipla Securities Private Limited,Capital Max Securities Ltd,600,385.0,231000.0,2025-07-28T13:55:00.933094
2025-07-28,42754,2025072801033429,SBL,Asian Securities Private Ltd.,Linch Stock Market Ltd.,1000,386.3,386300.0,2025-07-28T13:59:42.890391
2025-07-28,42448,2025072801033502,SBL,Elite Stock House Limited,SHUBHAKAMANA SECURITIES PVT. LTD,300,386.9,116070.0,2025-07-28T14:00:37.201337
2025-07-28,42447,2025072801033503,SBL,Elite Stock House Limited,Sanima Securities Limited,500,386.9,193450.0,2025-07-28T14:00:37.201543
2025-07-28,42446,2025072801033504,SBL,Elite Stock House Limited,J.F. Securites (PVT) Ltd.,200,386.9,77380.0,2025-07-28T14:00:37.201631
2025-07-28,42445,2025072801033505,SBL,Elite Stock House Limited,Dipshikha Dhitopatra Karobar Co. Pvt Ltd.,300,386.9,116070.0,2025-07-28T14:00:37.201719
2025-07-28,42444,2025072801033506,SBL,Elite Stock House Limited,Creative Securities Pvt Ltd,500,387.0,193500.0,2025-07-28T14:00:37.201806
2025-07-28,42148,2025072801033578,SBL,Asian Securities Private Ltd.,Naasa Securities Co. Ltd.,22,387.1,8516.2,2025-07-28T14:01:22.789066
2025-07-28,41948,2025072801033628,SBL,Asian Securities Private Ltd.,Thrive Brokerage House Pvt. Ltd,100,387.1,38710.0,2025-07-28T14:01:59.339129
2025-07-28,41844,2025072801033658,SBL,Asian Securities Private Ltd.,Deevyaa Securities & Stock House Pvt. Ltd,800,387.1,309680.0,2025-07-28T14:02:16.323189
2025-07-28,41482,2025072801033795,SBL,Asian Securities Private Ltd.,Kohinoor Investment & Securities Pvt. Ltd.,78,387.1,30193.8,2025-07-28T14:03:13.133214
2025-07-28,41481,2025072801033796,SBL,Arun Securities (PVT) Ltd.,Kohinoor Investment & Securities Pvt. Ltd.,222,387.1,85936.2,2025-07-28T14:03:13.133592
2025-07-28,40615,2025072801034045,SBL,ABC Securities Private Limited,Sani Securities Company Ltd.,500,387.5,193750.0,2025-07-28T14:05:36.132727
2025-07-28,40562,2025072801034071,SBL,ABC Securities Private Limited,Sani Securities Company Ltd.,500,387.5,193750.0,2025-07-28T14:05:42.367211
2025-07-28,40184,2025072801034164,SBL,ABC Securities Private Limited,Vision Securities Pvt. Ltd,500,387.5,193750.0,2025-07-28T14:06:30.614431
2025-07-28,39992,2025072801034210,SBL,Miyo Securities Pvt Ltd,Kohinoor Investment & Securities Pvt. Ltd.,40,387.7,15508.0,2025-07-28T14:06:55.130502
2025-07-28,39991,2025072801034211,SBL,Miyo Securities Pvt Ltd,Nepal Stock House (PVT) Ltd.,100,387.7,38770.0,2025-07-28T14:06:55.130565
2025-07-28,39990,2025072801034212,SBL,Miyo Securities Pvt Ltd,Trishakti Securities Public Limited,100,388.0,38800.0,2025-07-28T14:06:55.130615
2025-07-28,39989,2025072801034213,SBL,Miyo Securities Pvt Ltd,Premier Securities Company Ltd.,100,388.0,38800.0,2025-07-28T14:06:55.130641
2025-07-28,39988,2025072801034214,SBL,Miyo Securities Pvt Ltd,Agrawal Securities (PVT) Ltd.,20,388.0,7760.0,2025-07-28T14:06:55.130666
2025-07-28,39987,2025072801034215,SBL,Miyo Securities Pvt Ltd,Trisul Securities & Invt. Ltd.,200,388.0,77600.0,2025-07-28T14:06:55.130691
2025-07-28,39986,2025072801034216,SBL,Miyo Securities Pvt Ltd,Thrive Brokerage House Pvt. Ltd,100,388.0,38800.0,2025-07-28T14:06:55.130738
2025-07-28,39985,2025072801034217,SBL,Miyo Securities Pvt Ltd,Ashutosh Brokerage & Securities (PVT) Ltd.,128,388.0,49664.0,2025-07-28T14:06:55.130767
2025-07-28,39984,2025072801034218,SBL,Miyo Securities Pvt Ltd,Neev Securities Pvt. Ltd.,1000,389.0,389000.0,2025-07-28T14:06:55.130788
2025-07-28,39983,2025072801034219,SBL,Miyo Securities Pvt Ltd,Sundhara Securities Limited,128,389.0,49792.0,2025-07-28T14:06:55.130809
2025-07-28,39982,2025072801034220,SBL,Miyo Securities Pvt Ltd,Midas Stock Broking Company Private Limited,200,389.0,77800.0,2025-07-28T14:06:55.13083
2025-07-28,39981,2025072801034221,SBL,Miyo Securities Pvt Ltd,Dipshikha Dhitopatra Karobar Co. Pvt Ltd.,500,389.0,194500.0,2025-07-28T14:06:55.130853
2025-07-28,39980,2025072801034222,SBL,Miyo Securities Pvt Ltd,Dynamic Money Managers Securities Pvt. Ltd.,384,389.0,149376.0,2025-07-28T14:06:55.130875
2025-07-28,38974,2025072801034447,SBL,Arun Securities (PVT) Ltd.,Opal Securities Investment (PVT) Ltd.,28,387.1,10838.8,2025-07-28T14:08:47.782041
2025-07-28,38950,2025072801034455,SBL,Elite Stock House Limited,Dynamic Money Managers Securities Pvt. Ltd.,116,389.0,45124.0,2025-07-28T14:08:49.594951
2025-07-28,38949,2025072801034456,SBL,Elite Stock House Limited,Investment Management Nepal Pvt. Ltd.,500,389.0,194500.0,2025-07-28T14:08:49.595162
2025-07-28,38948,2025072801034457,SBL,Elite Stock House Limited,Sharepro Securities Private Limited,50,389.0,19450.0,2025-07-28T14:08:49.595239
2025-07-28,38947,2025072801034458,SBL,Elite Stock House Limited,Thrive Brokerage House Pvt. Ltd,100,389.0,38900.0,2025-07-28T14:08:49.595311
2025-07-28,38746,2025072801034485,SBL,Elite Stock House Limited,Cristal Kanchanjanga Securites Pvt. Ltd.,68,389.0,26452.0,2025-07-28T14:09:17.737018
2025-07-28,38471,2025072801034560,SBL,Elite Stock House Limited,Nepal Stock House (PVT) Ltd.,366,389.0,142374.0,2025-07-28T14:09:51.367616
2025-07-28,37172,2025072801034923,SBL,Capital Max Securities Ltd,Kohinoor Investment & Securities Pvt. Ltd.,10,389.5,3895.0,2025-07-28T14:12:39.751488
2025-07-28,36397,2025072801035102,SBL,Imperial Securities Company Pvt. Ltd.,Sani Securities Company Ltd.,100,389.0,38900.0,2025-07-28T14:14:33.645216
2025-07-28,36036,2025072801035217,SBL,Imperial Securities Company Pvt. Ltd.,Nepal Stock House (PVT) Ltd.,400,389.0,155600.0,2025-07-28T14:15:28.892058
2025-07-28,35803,2025072801035282,SBL,Arun Securities (PVT) Ltd.,Bhrikuti Stock Broking Co. Pvt. Ltd.,10,387.1,3871.0,2025-07-28T14:16:08.899439
2025-07-28,35802,2025072801035283,SBL,Dipshikha Dhitopatra Karobar Co. Pvt Ltd.,Bhrikuti Stock Broking Co. Pvt. Ltd.,190,387.0,73530.0,2025-07-28T14:16:08.899491
2025-07-28,33840,2025072801035804,SBL,Thrive Brokerage House Pvt. Ltd,Capital Max Securities Ltd,10,387.9,3879.0,2025-07-28T14:21:03.822715
2025-07-28,33839,2025072801035805,SBL,Thrive Brokerage House Pvt. Ltd,Sani Securities Company Ltd.,100,388.1,38810.0,2025-07-28T14:21:03.822934
2025-07-28,33838,2025072801035806,SBL,Thrive Brokerage House Pvt. Ltd,Premier Securities Company Ltd.,190,388.9,73891.0,2025-07-28T14:21:03.823016
2025-07-28,33425,2025072801035922,SBL,Vision Securities Pvt. Ltd,Linch Stock Market Ltd.,5,385.0,1925.0,2025-07-28T14:21:56.830737
2025-07-28,32209,2025072801036397,SBL,Naasa Securities Co. Ltd.,Online Securities Pvt. Ltd.,10,388.0,3880.0,2025-07-28T14:24:16.828123
2025-07-28,30979,2025072801036753,SBL,Midas Stock Broking Company Private Limited,Aryatara Investment & Securities,2,385.0,770.0,2025-07-28T14:26:47.742407
2025-07-28,30203,2025072801036954,SBL,Dipshikha Dhitopatra Karobar Co. Pvt Ltd.,Opal Securities Investment (PVT) Ltd.,102,387.0,39474.0,2025-07-28T14:28:36.807855
2025-07-28,29169,2025072801037297,SBL,Primo Securities (PVT) Ltd.,Imperial Securities Company Pvt. Ltd.,200,387.0,77400.0,2025-07-28T14:30:51.64001
2025-07-28,29112,2025072801037311,SBL,Primo Securities (PVT) Ltd.,Neev Securities Pvt. Ltd.,40,387.0,15480.0,2025-07-28T14:30:57.985477
2025-07-28,29052,2025072801037332,SBL,Primo Securities (PVT) Ltd.,ABC Securities Private Limited,60,387.0,23220.0,2025-07-28T14:31:05.700911
2025-07-28,29051,2025072801037333,SBL,Bhrikuti Stock Broking Co. Pvt. Ltd.,ABC Securities Private Limited,140,386.2,54068.0,2025-07-28T14:31:05.701127
2025-07-28,28838,2025072801037397,SBL,South Asian Bulls Pvt. Ltd.,Trishakti Securities Public Limited,24,387.0,9288.0,2025-07-28T14:31:38.001007
2025-07-28,28665,2025072801037470,SBL,Bhrikuti Stock Broking Co. Pvt. Ltd.,Sharepro Securities Private Limited,160,386.2,61792.0,2025-07-28T14:31:59.418915
2025-07-28,28664,2025072801037471,SBL,Malla & Malla Stock Broking Company Pvt. Limited,Sharepro Securities Private Limited,40,386.0,15440.0,2025-07-28T14:31:59.419133
2025-07-28,28461,2025072801037537,SBL,Malla & Malla Stock Broking Company Pvt. Limited,Opal Securities Investment (PVT) Ltd.,100,386.0,38600.0,2025-07-28T14:32:28.466288
2025-07-28,28447,2025072801037543,SBL,Malla & Malla Stock Broking Company Pvt. Limited,Trishakti Securities Public Limited,20,386.0,7720.0,2025-07-28T14:32:30.825227
2025-07-28,28446,2025072801037544,SBL,ABC Securities Private Limited,Trishakti Securities Public Limited,106,386.0,40916.0,2025-07-28T14:32:30.825676
2025-07-28,25037,2025072801038359,SBL,ABC Securities Private Limited,Thrive Brokerage House Pvt. Ltd,100,386.0,38600.0,2025-07-28T14:38:42.245388
2025-07-28,25028,2025072801038362,SBL,Premier Securities Company Ltd.,Dynamic Money Managers Securities Pvt. Ltd.,10,387.0,3870.0,2025-07-28T14:38:43.918261
2025-07-28,25027,2025072801038363,SBL,Premier Securities Company Ltd.,Dynamic Money Managers Securities Pvt. Ltd.,10,387.0,3870.0,2025-07-28T14:38:43.918502
2025-07-28,25026,2025072801038364,SBL,Premier Securities Company Ltd.,Kohinoor Investment & Securities Pvt. Ltd.,480,387.0,185760.0,2025-07-28T14:38:43.91858
2025-07-28,25002,2025072801038370,SBL,Dipshikha Dhitopatra Karobar Co. Pvt Ltd.,Sani Securities Company Ltd.,8,387.0,3096.0,2025-07-28T14:38:45.520624
2025-07-28,24989,2025072801038374,SBL,Neev Securities Pvt. Ltd.,Kohinoor Investment & Securities Pvt. Ltd.,10,387.0,3870.0,2025-07-28T14:38:47.191685
2025-07-28,24988,2025072801038375,SBL,Neev Securities Pvt. Ltd.,Sani Securities Company Ltd.,100,387.0,38700.0,2025-07-28T14:38:47.191891
2025-07-28,24987,2025072801038376,SBL,Neev Securities Pvt. Ltd.,Thrive Brokerage House Pvt. Ltd,214,387.0,82818.0,2025-07-28T14:38:47.191975
2025-07-28,23590,2025072801038661,SBL,Neev Securities Pvt. Ltd.,Sri Hari Securities Pvt. Ltd.,20,387.0,7740.0,2025-07-28T14:40:28.219445
2025-07-28,22105,2025072801039016,SBL,MILKY WAY SHARE BROKER COMPANY LTD ,Nepal Investment And Securities Trading Private Limited,237,387.8,91908.6,2025-07-28T14:42:19.786116
2025-07-28,22104,2025072801039017,SBL,MILKY WAY SHARE BROKER COMPANY LTD ,Premier Securities Company Ltd.,100,387.9,38790.0,2025-07-28T14:42:19.786539
2025-07-28,22103,2025072801039018,SBL,MILKY WAY SHARE BROKER COMPANY LTD ,Premier Securities Company Ltd.,810,387.9,314199.0,2025-07-28T14:42:19.786851
2025-07-28,22102,2025072801039019,SBL,MILKY WAY SHARE BROKER COMPANY LTD ,Online Securities Pvt. Ltd.,102,388.0,39576.0,2025-07-28T14:42:19.787217
2025-07-28,22101,2025072801039020,SBL,MILKY WAY SHARE BROKER COMPANY LTD ,ABC Securities Private Limited,100,388.0,38800.0,2025-07-28T14:42:19.787551
2025-07-28,22100,2025072801039021,SBL,MILKY WAY SHARE BROKER COMPANY LTD ,Bhrikuti Stock Broking Co. Pvt. Ltd.,651,388.0,252588.0,2025-07-28T14:42:19.78791
2025-07-28,20008,2025072801039602,SBL,Neev Securities Pvt. Ltd.,Nepal Investment And Securities Trading Private Limited,184,387.0,71208.0,2025-07-28T14:44:43.224339
2025-07-28,19712,2025072801039675,SBL,Cristal Kanchanjanga Securites Pvt. Ltd.,Bhrikuti Stock Broking Co. Pvt. Ltd.,10,388.0,3880.0,2025-07-28T14:44:56.370714
2025-07-28,18993,2025072801039856,SBL,Neev Securities Pvt. Ltd.,Prabhu Stock Market Limited,972,387.0,376164.0,2025-07-28T14:45:27.074994
2025-07-28,18943,2025072801039876,SBL,Sharepro Securities Private Limited,Bhrikuti Stock Broking Co. Pvt. Ltd.,1339,388.0,519532.0,2025-07-28T14:45:31.378492
2025-07-28,18552,2025072801040004,SBL,Aryatara Investment & Securities,Prabhu Stock Market Limited,25,388.0,9700.0,2025-07-28T14:45:52.000693
2025-07-28,18282,2025072801040106,SBL,Trisul Securities & Invt. Ltd.,Prabhu Stock Market Limited,20,387.0,7740.0,2025-07-28T14:46:07.697016
2025-07-28,18281,2025072801040107,SBL,K.B.L. Securities Limited ,Prabhu Stock Market Limited,55,387.0,21285.0,2025-07-28T14:46:07.697243
2025-07-28,18191,2025072801040136,SBL,Miyo Securities Pvt Ltd,SHUBHAKAMANA SECURITIES PVT. LTD,200,388.8,77760.0,2025-07-28T14:46:14.315539
2025-07-28,18190,2025072801040137,SBL,Miyo Securities Pvt Ltd,Creative Securities Pvt Ltd,500,388.8,194400.0,2025-07-28T14:46:14.315578
2025-07-28,18189,2025072801040138,SBL,Miyo Securities Pvt Ltd,Linch Stock Market Ltd.,500,388.9,194450.0,2025-07-28T14:46:14.31561
2025-07-28,18188,2025072801040139,SBL,Miyo Securities Pvt Ltd,Nepal Stock House (PVT) Ltd.,100,389.0,38900.0,2025-07-28T14:46:14.315659
2025-07-28,18187,2025072801040140,SBL,Miyo Securities Pvt Ltd,Online Securities Pvt. Ltd.,175,389.0,68075.0,2025-07-28T14:46:14.315688
2025-07-28,18186,2025072801040141,SBL,Miyo Securities Pvt Ltd,Sani Securities Company Ltd.,200,389.0,77800.0,2025-07-28T14:46:14.315718
2025-07-28,18185,2025072801040142,SBL,Miyo Securities Pvt Ltd,Malla & Malla Stock Broking Company Pvt. Limited,100,389.0,38900.0,2025-07-28T14:46:14.315743
2025-07-28,18184,2025072801040143,SBL,Miyo Securities Pvt Ltd,Imperial Securities Company Pvt. Ltd.,1000,389.0,389000.0,2025-07-28T14:46:14.315768
2025-07-28,18183,2025072801040144,SBL,Miyo Securities Pvt Ltd,Aryatara Investment & Securities,1025,389.0,398725.0,2025-07-28T14:46:14.315798
2025-07-28,18182,2025072801040145,SBL,Miyo Securities Pvt Ltd,Sundhara Securities Limited,200,389.0,77800.0,2025-07-28T14:46:14.315824
2025-07-28,17586,2025072801040382,SBL,Roadshow securities limited,Sundhara Securities Limited,19,389.0,7391.0,2025-07-28T14:46:43.112354
2025-07-28,17585,2025072801040383,SBL,Roadshow securities limited,Sri Hari Securities Pvt. Ltd.,864,389.0,336096.0,2025-07-28T14:46:43.112455
2025-07-28,17584,2025072801040384,SBL,Roadshow securities limited,Opal Securities Investment (PVT) Ltd.,400,389.1,155640.0,2025-07-28T14:46:43.112538
2025-07-28,17583,2025072801040385,SBL,Roadshow securities limited,J.F. Securites (PVT) Ltd.,275,389.5,107112.5,2025-07-28T14:46:43.112606
2025-07-28,17582,2025072801040386,SBL,Roadshow securities limited,Dipshikha Dhitopatra Karobar Co. Pvt Ltd.,20,389.5,7790.0,2025-07-28T14:46:43.112673
2025-07-28,17581,2025072801040387,SBL,Roadshow securities limited,Online Securities Pvt. Ltd.,500,389.5,194750.0,2025-07-28T14:46:43.112741
2025-07-28,17580,2025072801040388,SBL,Roadshow securities limited,Sanima Securities Limited,500,389.9,194950.0,2025-07-28T14:46:43.112818
2025-07-28,17579,2025072801040389,SBL,Roadshow securities limited,Aakashbhairab Securities Ltd.,1000,389.9,389900.0,2025-07-28T14:46:43.112882
2025-07-28,17578,2025072801040390,SBL,Roadshow securities limited,Agrawal Securities (PVT) Ltd.,500,390.0,195000.0,2025-07-28T14:46:43.112963
2025-07-28,17577,2025072801040391,SBL,Roadshow securities limited,Online Securities Pvt. Ltd.,21,390.0,8190.0,2025-07-28T14:46:43.113056
2025-07-28,17576,2025072801040392,SBL,Roadshow securities limited,Kohinoor Investment & Securities Pvt. Ltd.,363,390.0,141570.0,2025-07-28T14:46:43.113142
2025-07-28,17575,2025072801040393,SBL,Roadshow securities limited,Online Securities Pvt. Ltd.,500,390.0,195000.0,2025-07-28T14:46:43.113208
2025-07-28,17574,2025072801040394,SBL,Roadshow securities limited,Siprabi Securities Pvt. Ltd.,38,390.0,14820.0,2025-07-28T14:46:43.113272
2025-07-28,17462,2025072801040423,SBL,K.B.L. Securities Limited ,Oxford Securities Pvt. Ltd.,200,387.0,77400.0,2025-07-28T14:46:50.83268
2025-07-28,16609,2025072801040635,SBL,Cristal Kanchanjanga Securites Pvt. Ltd.,S.P.S.A. Securities Limited,10,389.9,3899.0,2025-07-28T14:47:35.658175
2025-07-28,14073,2025072801041353,SBL,Dakshinkali Investment & Securities Pvt. Ltd.,S.P.S.A. Securities Limited,990,389.9,386001.0,2025-07-28T14:50:06.527591
2025-07-28,14072,2025072801041354,SBL,Dakshinkali Investment & Securities Pvt. Ltd.,Nabil Stock Dealer Ltd.,10,389.9,3899.0,2025-07-28T14:50:06.527784
2025-07-28,13264,2025072801041567,SBL,Vision Securities Pvt. Ltd,ABC Securities Private Limited,100,388.0,38800.0,2025-07-28T14:50:50.600737
2025-07-28,13027,2025072801041642,SBL,Sri Hari Securities Pvt. Ltd.,Nabil Stock Dealer Ltd.,406,389.9,158299.4,2025-07-28T14:51:05.724321
2025-07-28,13026,2025072801041643,SBL,Sri Hari Securities Pvt. Ltd.,Nepal Stock House (PVT) Ltd.,500,389.9,194950.0,2025-07-28T14:51:05.724696
2025-07-28,13025,2025072801041644,SBL,Sri Hari Securities Pvt. Ltd.,Cristal Kanchanjanga Securites Pvt. Ltd.,2000,389.9,779800.0,2025-07-28T14:51:05.724939
2025-07-28,13024,2025072801041645,SBL,Sri Hari Securities Pvt. Ltd.,Siprabi Securities Pvt. Ltd.,174,390.0,67860.0,2025-07-28T14:51:05.725254
2025-07-28,13023,2025072801041646,SBL,Sri Hari Securities Pvt. Ltd.,Neev Securities Pvt. Ltd.,113,390.0,44070.0,2025-07-28T14:51:05.725487
2025-07-28,13022,2025072801041647,SBL,Sri Hari Securities Pvt. Ltd.,Dynamic Money Managers Securities Pvt. Ltd.,3000,390.0,1170000.0,2025-07-28T14:51:05.725747
2025-07-28,13021,2025072801041648,SBL,Sri Hari Securities Pvt. Ltd.,Nepal Stock House (PVT) Ltd.,500,390.0,195000.0,2025-07-28T14:51:05.725981
2025-07-28,13020,2025072801041649,SBL,Sri Hari Securities Pvt. Ltd.,Trisul Securities & Invt. Ltd.,200,390.0,78000.0,2025-07-28T14:51:05.726215
2025-07-28,13019,2025072801041650,SBL,Sri Hari Securities Pvt. Ltd.,Arun Securities (PVT) Ltd.,5000,390.0,1950000.0,2025-07-28T14:51:05.72651
2025-07-28,13018,2025072801041651,SBL,Sri Hari Securities Pvt. Ltd.,Vision Securities Pvt. Ltd,2000,390.0,780000.0,2025-07-28T14:51:05.726838
2025-07-28,13017,2025072801041652,SBL,Sri Hari Securities Pvt. Ltd.,Sri Hari Securities Pvt. Ltd.,73,390.0,28470.0,2025-07-28T14:51:05.727144
2025-07-28,13016,2025072801041653,SBL,Sri Hari Securities Pvt. Ltd.,Dakshinkali Investment & Securities Pvt. Ltd.,375,390.0,146250.0,2025-07-28T14:51:05.727455
2025-07-28,13015,2025072801041654,SBL,Sri Hari Securities Pvt. Ltd.,Trisul Securities & Invt. Ltd.,5000,390.0,1950000.0,2025-07-28T14:51:05.727723
2025-07-28,13014,2025072801041655,SBL,Sri Hari Securities Pvt. Ltd.,Kumari Securities Private Limited,100,390.0,39000.0,2025-07-28T14:51:05.728018
2025-07-28,13013,2025072801041656,SBL,Sri Hari Securities Pvt. Ltd.,Asian Securities Private Ltd.,50,390.0,19500.0,2025-07-28T14:51:05.728378
2025-07-28,13012,2025072801041657,SBL,Sri Hari Securities Pvt. Ltd.,Linch Stock Market Ltd.,50,390.0,19500.0,2025-07-28T14:51:05.72869
2025-07-28,13011,2025072801041658,SBL,Sri Hari Securities Pvt. Ltd.,Agrawal Securities (PVT) Ltd.,300,390.0,117000.0,2025-07-28T14:51:05.728994
2025-07-28,13010,2025072801041659,SBL,Sri Hari Securities Pvt. Ltd.,Naasa Securities Co. Ltd.,159,390.0,62010.0,2025-07-28T14:51:05.729378
2025-07-28,11803,2025072801042022,SBL,Vision Securities Pvt. Ltd,Imperial Securities Company Pvt. Ltd.,20,388.0,7760.0,2025-07-28T14:52:20.475075
2025-07-28,10444,2025072801042412,SBL,KALASH STOCK MARKET PVT. LTD.,ABC Securities Private Limited,100,389.8,38980.0,2025-07-28T14:53:40.871498
2025-07-28,10443,2025072801042413,SBL,KALASH STOCK MARKET PVT. LTD.,Dynamic Money Managers Securities Pvt. Ltd.,400,389.9,155960.0,2025-07-28T14:53:40.871852
2025-07-28,10244,2025072801042492,SBL,Sharepro Securities Private Limited,Vision Securities Pvt. Ltd,5,386.0,1930.0,2025-07-28T14:53:49.615431
2025-07-28,8658,2025072801042916,SBL,ABC Securities Private Limited,ABC Securities Private Limited,100,389.8,38980.0,2025-07-28T14:55:10.925416
2025-07-28,8657,2025072801042917,SBL,ABC Securities Private Limited,Dynamic Money Managers Securities Pvt. Ltd.,100,389.9,38990.0,2025-07-28T14:55:10.925593
2025-07-28,8656,2025072801042918,SBL,ABC Securities Private Limited,Sani Securities Company Ltd.,51,389.9,19884.9,2025-07-28T14:55:10.925666
2025-07-28,8655,2025072801042919,SBL,ABC Securities Private Limited,Dynamic Money Managers Securities Pvt. Ltd.,25,389.9,9747.5,2025-07-28T14:55:10.92574
2025-07-28,8654,2025072801042920,SBL,ABC Securities Private Limited,Naasa Securities Co. Ltd.,141,390.0,54990.0,2025-07-28T14:55:10.925807
2025-07-28,8653,2025072801042921,SBL,ABC Securities Private Limited,Linch Stock Market Ltd.,100,390.0,39000.0,2025-07-28T14:55:10.925873
2025-07-28,8652,2025072801042922,SBL,ABC Securities Private Limited,Malla & Malla Stock Broking Company Pvt. Limited,500,390.0,195000.0,2025-07-28T14:55:10.925938
2025-07-28,8651,2025072801042923,SBL,ABC Securities Private Limited,BHOLE GANESH SECURITIES LTD,500,390.0,195000.0,2025-07-28T14:55:10.926003
2025-07-28,8650,2025072801042924,SBL,ABC Securities Private Limited,Investment Management Nepal Pvt. Ltd.,257,390.0,100230.0,2025-07-28T14:55:10.926075
2025-07-28,8649,2025072801042925,SBL,ABC Securities Private Limited,Sani Securities Company Ltd.,20,390.0,7800.0,2025-07-28T14:55:10.92614
2025-07-28,8504,2025072801042950,SBL,ABC Securities Private Limited,Sani Securities Company Ltd.,120,390.0,46800.0,2025-07-28T14:55:18.552904
2025-07-28,8503,2025072801042951,SBL,ABC Securities Private Limited,ABC Securities Private Limited,500,390.0,195000.0,2025-07-28T14:55:18.553094
2025-07-28,8502,2025072801042952,SBL,ABC Securities Private Limited,Siprabi Securities Pvt. Ltd.,20,390.0,7800.0,2025-07-28T14:55:18.55317
2025-07-28,8501,2025072801042953,SBL,ABC Securities Private Limited,ABC Securities Private Limited,100,390.0,39000.0,2025-07-28T14:55:18.553243
2025-07-28,8395,2025072801043004,SBL,Cristal Kanchanjanga Securites Pvt. Ltd.,Trishakti Securities Public Limited,10,391.0,3910.0,2025-07-28T14:55:22.966777
2025-07-28,8030,2025072801043118,SBL,ABC Securities Private Limited,Dynamic Money Managers Securities Pvt. Ltd.,1260,390.0,491400.0,2025-07-28T14:55:40.199381
2025-07-28,7504,2025072801043245,SBL,INDEX SECURITIES LIMITED,Dynamic Money Managers Securities Pvt. Ltd.,375,390.0,146250.0,2025-07-28T14:56:08.732424
2025-07-28,6370,2025072801043564,SBL,INDEX SECURITIES LIMITED,Dynamic Money Managers Securities Pvt. Ltd.,10,390.0,3900.0,2025-07-28T14:57:02.896235
2025-07-28,6043,2025072801043661,SBL,Trishakti Securities Public Limited,Dynamic Money Managers Securities Pvt. Ltd.,800,390.0,312000.0,2025-07-28T14:57:17.73303
2025-07-28,3967,2025072801044277,SBL,Imperial Securities Company Pvt. Ltd.,Dynamic Money Managers Securities Pvt. Ltd.,300,390.0,117000.0,2025-07-28T14:58:31.245097
2025-07-28,3182,2025072801044510,SBL,Trishakti Securities Public Limited,Dynamic Money Managers Securities Pvt. Ltd.,50,390.0,19500.0,2025-07-28T14:58:54.11721
2025-07-28,80,2025072801045454,SBL,Trisul Securities & Invt. Ltd.,Himalayan Brokerage Company Limited,100,388.6,38860.0,2025-07-28T14:59:58.746285
