Date,S.N.,Contract ID,Symbol,Buyer Broker,Seller Broker,quantity,rate,amount,transaction_time
2025-09-03,68589,2025090301000001,HBL,Kumari Securities Private Limited,Naasa Securities Co. Ltd.,10,204.0,2040.0,2025-09-03 10:46:00.017420
2025-09-03,68588,2025090301000002,HBL,Kumari Securities Private Limited,Naasa Securities Co. Ltd.,10,204.0,2040.0,2025-09-03 10:46:00.017465
2025-09-03,68587,2025090301000003,HBL,Kumari Securities Private Limited,Oxford Securities Pvt. Ltd.,10,204.0,2040.0,2025-09-03 10:46:00.017505
2025-09-03,68586,2025090301000004,HBL,Kumari Securities Private Limited,Imperial Securities Company Pvt. Ltd.,10,204.0,2040.0,2025-09-03 10:46:00.017534
2025-09-03,68585,2025090301000005,HBL,Kumari Securities Private Limited,Dipshikha Dhitopatra Karobar Co. Pvt Ltd.,10,204.0,2040.0,2025-09-03 10:46:00.017560
2025-09-03,68584,2025090301000006,HBL,Kumari Securities Private Limited,Dipshikha Dhitopatra Karobar Co. Pvt Ltd.,10,204.0,2040.0,2025-09-03 10:46:00.017584
2025-09-03,68583,2025090301000007,HBL,Kumari Securities Private Limited,Naasa Securities Co. Ltd.,10,204.0,2040.0,2025-09-03 10:46:00.017602
2025-09-03,68582,2025090301000008,HBL,Kumari Securities Private Limited,Oxford Securities Pvt. Ltd.,10,204.0,2040.0,2025-09-03 10:46:00.017629
2025-09-03,68581,2025090301000009,HBL,Kumari Securities Private Limited,Dipshikha Dhitopatra Karobar Co. Pvt Ltd.,10,204.0,2040.0,2025-09-03 10:46:00.017652
2025-09-03,68580,2025090301000010,HBL,Kumari Securities Private Limited,Dipshikha Dhitopatra Karobar Co. Pvt Ltd.,10,204.0,2040.0,2025-09-03 10:46:00.017691
2025-09-03,68579,2025090301000011,HBL,Kumari Securities Private Limited,Dipshikha Dhitopatra Karobar Co. Pvt Ltd.,10,204.0,2040.0,2025-09-03 10:46:00.017719
2025-09-03,68578,2025090301000012,HBL,Kumari Securities Private Limited,Dipshikha Dhitopatra Karobar Co. Pvt Ltd.,10,204.0,2040.0,2025-09-03 10:46:00.017775
2025-09-03,68577,2025090301000013,HBL,Kumari Securities Private Limited,Vision Securities Pvt. Ltd,10,204.0,2040.0,2025-09-03 10:46:00.017797
2025-09-03,68576,2025090301000014,HBL,Kumari Securities Private Limited,Imperial Securities Company Pvt. Ltd.,10,204.0,2040.0,2025-09-03 10:46:00.017817
2025-09-03,68575,2025090301000015,HBL,Kumari Securities Private Limited,Naasa Securities Co. Ltd.,10,204.0,2040.0,2025-09-03 10:46:00.017843
2025-09-03,68574,2025090301000016,HBL,Kumari Securities Private Limited,Sani Securities Company Ltd.,10,204.0,2040.0,2025-09-03 10:46:00.017864
2025-09-03,68573,2025090301000017,HBL,Kumari Securities Private Limited,Naasa Securities Co. Ltd.,10,204.0,2040.0,2025-09-03 10:46:00.017890
2025-09-03,68572,2025090301000018,HBL,Kumari Securities Private Limited,Vision Securities Pvt. Ltd,10,204.0,2040.0,2025-09-03 10:46:00.017915
2025-09-03,68571,2025090301000019,HBL,Kumari Securities Private Limited,Online Securities Pvt. Ltd.,10,204.0,2040.0,2025-09-03 10:46:00.017937
2025-09-03,68570,2025090301000020,HBL,Kumari Securities Private Limited,Sweta Securities Private Limited,10,204.0,2040.0,2025-09-03 10:46:00.017960
2025-09-03,68569,2025090301000021,HBL,Kumari Securities Private Limited,Imperial Securities Company Pvt. Ltd.,10,204.0,2040.0,2025-09-03 10:46:00.017982
2025-09-03,68568,2025090301000022,HBL,Kumari Securities Private Limited,Imperial Securities Company Pvt. Ltd.,10,204.0,2040.0,2025-09-03 10:46:00.018007
2025-09-03,68567,2025090301000023,HBL,Kumari Securities Private Limited,Online Securities Pvt. Ltd.,10,204.0,2040.0,2025-09-03 10:46:00.018037
2025-09-03,68566,2025090301000024,HBL,Kumari Securities Private Limited,Kohinoor Investment & Securities Pvt. Ltd.,10,204.0,2040.0,2025-09-03 10:46:00.018064
2025-09-03,68565,2025090301000025,HBL,Kumari Securities Private Limited,Online Securities Pvt. Ltd.,10,204.0,2040.0,2025-09-03 10:46:00.018087
2025-09-03,68564,2025090301000026,HBL,Kumari Securities Private Limited,Kumari Securities Private Limited,10,204.0,2040.0,2025-09-03 10:46:00.018113
2025-09-03,68563,2025090301000027,HBL,Kumari Securities Private Limited,Dipshikha Dhitopatra Karobar Co. Pvt Ltd.,10,204.0,2040.0,2025-09-03 10:46:00.018137
2025-09-03,68562,2025090301000028,HBL,Kumari Securities Private Limited,Sani Securities Company Ltd.,10,204.0,2040.0,2025-09-03 10:46:00.018161
2025-09-03,68561,2025090301000029,HBL,Kumari Securities Private Limited,Imperial Securities Company Pvt. Ltd.,10,204.0,2040.0,2025-09-03 10:46:00.018195
2025-09-03,68560,2025090301000030,HBL,Kumari Securities Private Limited,BHOLE GANESH SECURITIES LTD,10,204.0,2040.0,2025-09-03 10:46:00.018218
2025-09-03,68504,2025090301000041,HBL,Kumari Securities Private Limited,Naasa Securities Co. Ltd.,10,204.0,2040.0,2025-09-03 11:00:04.018689
2025-09-03,68502,2025090301000042,HBL,Kumari Securities Private Limited,Naasa Securities Co. Ltd.,10,204.0,2040.0,2025-09-03 11:00:10.821658
2025-09-03,68501,2025090301000043,HBL,Kumari Securities Private Limited,Online Securities Pvt. Ltd.,10,204.0,2040.0,2025-09-03 11:00:11.996165
2025-09-03,68500,2025090301000044,HBL,Kumari Securities Private Limited,Secured Securities Ltd.,10,204.0,2040.0,2025-09-03 11:00:13.263551
2025-09-03,68497,2025090301000045,HBL,Kumari Securities Private Limited,Online Securities Pvt. Ltd.,10,204.0,2040.0,2025-09-03 11:00:17.010949
2025-09-03,68495,2025090301000046,HBL,Kumari Securities Private Limited,Thrive Brokerage House Pvt. Ltd,10,204.0,2040.0,2025-09-03 11:00:18.979309
2025-09-03,68494,2025090301000047,HBL,Kumari Securities Private Limited,Sani Securities Company Ltd.,10,204.0,2040.0,2025-09-03 11:00:20.602804
2025-09-03,68493,2025090301000048,HBL,Kumari Securities Private Limited,Naasa Securities Co. Ltd.,10,204.0,2040.0,2025-09-03 11:00:20.603675
2025-09-03,68492,2025090301000049,HBL,Kumari Securities Private Limited,Imperial Securities Company Pvt. Ltd.,10,204.0,2040.0,2025-09-03 11:00:20.657063
2025-09-03,68490,2025090301000051,HBL,Kumari Securities Private Limited,Nepal Investment And Securities Trading Private Limited,10,204.0,2040.0,2025-09-03 11:00:22.601671
2025-09-03,68484,2025090301000053,HBL,Naasa Securities Co. Ltd.,Kalika Securities Pvt. Ltd.,10,202.0,2020.0,2025-09-03 11:00:30.801631
2025-09-03,68457,2025090301000058,HBL,Shree Krishna Securities Ltd.,Sundhara Securities Limited,10,201.7,2017.0,2025-09-03 11:00:49.556173
2025-09-03,68447,2025090301000060,HBL,Shree Krishna Securities Ltd.,Vision Securities Pvt. Ltd,10,201.7,2017.0,2025-09-03 11:00:55.561452
2025-09-03,68440,2025090301000062,HBL,Shree Krishna Securities Ltd.,Trisul Securities & Invt. Ltd.,10,201.7,2017.0,2025-09-03 11:00:57.844307
2025-09-03,68437,2025090301000064,HBL,Shree Krishna Securities Ltd.,Dipshikha Dhitopatra Karobar Co. Pvt Ltd.,10,201.7,2017.0,2025-09-03 11:00:58.129476
2025-09-03,68436,2025090301000065,HBL,Shree Krishna Securities Ltd.,Agrawal Securities (PVT) Ltd.,10,201.7,2017.0,2025-09-03 11:00:58.184095
2025-09-03,68434,2025090301000066,HBL,Shree Krishna Securities Ltd.,Nepal Stock House (PVT) Ltd.,10,201.7,2017.0,2025-09-03 11:00:58.919722
2025-09-03,68431,2025090301000067,HBL,Shree Krishna Securities Ltd.,Naasa Securities Co. Ltd.,10,201.7,2017.0,2025-09-03 11:00:59.914766
2025-09-03,68429,2025090301000068,HBL,Shree Krishna Securities Ltd.,Naasa Securities Co. Ltd.,10,201.7,2017.0,2025-09-03 11:01:00.358079
2025-09-03,68428,2025090301000069,HBL,Shree Krishna Securities Ltd.,Agrawal Securities (PVT) Ltd.,10,201.7,2017.0,2025-09-03 11:01:00.697789
2025-09-03,68427,2025090301000070,HBL,Shree Krishna Securities Ltd.,Online Securities Pvt. Ltd.,10,201.7,2017.0,2025-09-03 11:01:02.524219
2025-09-03,68426,2025090301000071,HBL,Shree Krishna Securities Ltd.,Naasa Securities Co. Ltd.,10,201.7,2017.0,2025-09-03 11:01:03.525568
2025-09-03,68420,2025090301000075,HBL,Shree Krishna Securities Ltd.,Oxford Securities Pvt. Ltd.,11,201.7,2218.7,2025-09-03 11:01:04.677019
2025-09-03,68415,2025090301000077,HBL,Shree Krishna Securities Ltd.,Kohinoor Investment & Securities Pvt. Ltd.,10,201.7,2017.0,2025-09-03 11:01:05.536566
2025-09-03,68413,2025090301000079,HBL,Shree Krishna Securities Ltd.,Naasa Securities Co. Ltd.,10,201.7,2017.0,2025-09-03 11:01:06.452779
2025-09-03,68411,2025090301000080,HBL,Shree Krishna Securities Ltd.,Naasa Securities Co. Ltd.,10,201.7,2017.0,2025-09-03 11:01:07.467922
2025-09-03,68404,2025090301000081,HBL,Shree Krishna Securities Ltd.,Kohinoor Investment & Securities Pvt. Ltd.,10,201.7,2017.0,2025-09-03 11:01:08.044138
2025-09-03,68403,2025090301000082,HBL,Shree Krishna Securities Ltd.,Vision Securities Pvt. Ltd,10,201.7,2017.0,2025-09-03 11:01:08.139995
2025-09-03,68402,2025090301000083,HBL,Shree Krishna Securities Ltd.,Vision Securities Pvt. Ltd,10,201.7,2017.0,2025-09-03 11:01:08.151770
2025-09-03,68400,2025090301000085,HBL,Shree Krishna Securities Ltd.,Imperial Securities Company Pvt. Ltd.,10,201.7,2017.0,2025-09-03 11:01:08.211061
2025-09-03,68399,2025090301000086,HBL,Shree Krishna Securities Ltd.,Sani Securities Company Ltd.,10,201.7,2017.0,2025-09-03 11:01:08.703730
2025-09-03,68397,2025090301000087,HBL,Shree Krishna Securities Ltd.,Naasa Securities Co. Ltd.,10,201.7,2017.0,2025-09-03 11:01:09.996784
2025-09-03,68396,2025090301000088,HBL,Shree Krishna Securities Ltd.,Dipshikha Dhitopatra Karobar Co. Pvt Ltd.,10,201.7,2017.0,2025-09-03 11:01:10.680037
2025-09-03,68395,2025090301000089,HBL,Shree Krishna Securities Ltd.,Naasa Securities Co. Ltd.,10,201.7,2017.0,2025-09-03 11:01:12.001160
2025-09-03,68392,2025090301000090,HBL,Shree Krishna Securities Ltd.,Nepal Investment And Securities Trading Private Limited,10,201.7,2017.0,2025-09-03 11:01:12.790652
2025-09-03,68391,2025090301000091,HBL,Shree Krishna Securities Ltd.,S.P.S.A. Securities Limited,10,201.7,2017.0,2025-09-03 11:01:13.687195
2025-09-03,68390,2025090301000092,HBL,Shree Krishna Securities Ltd.,Kohinoor Investment & Securities Pvt. Ltd.,10,201.7,2017.0,2025-09-03 11:01:15.581949
2025-09-03,68388,2025090301000094,HBL,Shree Krishna Securities Ltd.,Dipshikha Dhitopatra Karobar Co. Pvt Ltd.,10,201.7,2017.0,2025-09-03 11:01:15.702615
2025-09-03,68387,2025090301000095,HBL,Shree Krishna Securities Ltd.,Imperial Securities Company Pvt. Ltd.,10,201.7,2017.0,2025-09-03 11:01:15.757296
2025-09-03,68383,2025090301000098,HBL,Shree Krishna Securities Ltd.,Nepal Stock House (PVT) Ltd.,10,201.7,2017.0,2025-09-03 11:01:16.813090
2025-09-03,68381,2025090301000099,HBL,Shree Krishna Securities Ltd.,Online Securities Pvt. Ltd.,10,201.7,2017.0,2025-09-03 11:01:17.757490
2025-09-03,68377,2025090301000101,HBL,Shree Krishna Securities Ltd.,Sri Hari Securities Pvt. Ltd.,10,201.7,2017.0,2025-09-03 11:01:20.121514
2025-09-03,68376,2025090301000102,HBL,Shree Krishna Securities Ltd.,Capital Max Securities Ltd,10,201.7,2017.0,2025-09-03 11:01:20.163402
2025-09-03,68372,2025090301000104,HBL,Shree Krishna Securities Ltd.,Sundhara Securities Limited,10,201.7,2017.0,2025-09-03 11:01:22.201711
2025-09-03,68371,2025090301000105,HBL,Shree Krishna Securities Ltd.,Online Securities Pvt. Ltd.,366,201.7,73822.2,2025-09-03 11:01:22.781756
2025-09-03,68370,2025090301000106,HBL,Shree Krishna Securities Ltd.,ABC Securities Private Limited,10,201.7,2017.0,2025-09-03 11:01:22.782715
2025-09-03,68368,2025090301000107,HBL,Shree Krishna Securities Ltd.,Himalayan Brokerage Company Limited,10,201.7,2017.0,2025-09-03 11:01:23.598127
2025-09-03,68367,2025090301000108,HBL,Shree Krishna Securities Ltd.,Trishakti Securities Public Limited,10,201.7,2017.0,2025-09-03 11:01:24.683016
2025-09-03,68366,2025090301000109,HBL,Shree Krishna Securities Ltd.,Naasa Securities Co. Ltd.,10,201.7,2017.0,2025-09-03 11:01:25.037818
2025-09-03,68361,2025090301000110,HBL,Shree Krishna Securities Ltd.,Online Securities Pvt. Ltd.,10,201.7,2017.0,2025-09-03 11:01:25.289688
2025-09-03,68359,2025090301000111,HBL,Shree Krishna Securities Ltd.,Linch Stock Market Ltd.,10,201.7,2017.0,2025-09-03 11:01:25.835868
2025-09-03,68350,2025090301000120,HBL,Shree Krishna Securities Ltd.,Online Securities Pvt. Ltd.,10,201.7,2017.0,2025-09-03 11:01:27.809295
2025-09-03,68349,2025090301000121,HBL,Shree Krishna Securities Ltd.,Online Securities Pvt. Ltd.,10,201.7,2017.0,2025-09-03 11:01:27.819508
2025-09-03,68345,2025090301000122,HBL,Shree Krishna Securities Ltd.,Naasa Securities Co. Ltd.,10,201.7,2017.0,2025-09-03 11:01:29.277318
2025-09-03,68344,2025090301000123,HBL,Shree Krishna Securities Ltd.,Oxford Securities Pvt. Ltd.,10,201.7,2017.0,2025-09-03 11:01:29.750600
2025-09-03,68343,2025090301000124,HBL,Shree Krishna Securities Ltd.,Naasa Securities Co. Ltd.,10,201.7,2017.0,2025-09-03 11:01:30.079904
2025-09-03,68340,2025090301000126,HBL,Shree Krishna Securities Ltd.,Naasa Securities Co. Ltd.,10,201.7,2017.0,2025-09-03 11:01:30.490324
2025-09-03,68330,2025090301000136,HBL,Shree Krishna Securities Ltd.,Midas Stock Broking Company Private Limited,10,201.7,2017.0,2025-09-03 11:01:32.816593
2025-09-03,68328,2025090301000137,HBL,Shree Krishna Securities Ltd.,Naasa Securities Co. Ltd.,10,201.7,2017.0,2025-09-03 11:01:33.106514
2025-09-03,68327,2025090301000138,HBL,Shree Krishna Securities Ltd.,Naasa Securities Co. Ltd.,10,201.7,2017.0,2025-09-03 11:01:33.187071
2025-09-03,68324,2025090301000140,HBL,Shree Krishna Securities Ltd.,Vision Securities Pvt. Ltd,10,201.7,2017.0,2025-09-03 11:01:33.361227
2025-09-03,68322,2025090301000142,HBL,Shree Krishna Securities Ltd.,Himalayan Brokerage Company Limited,10,201.7,2017.0,2025-09-03 11:01:34.478868
2025-09-03,68321,2025090301000143,HBL,Shree Krishna Securities Ltd.,Dynamic Money Managers Securities Pvt. Ltd.,10,201.7,2017.0,2025-09-03 11:01:34.686436
2025-09-03,68319,2025090301000144,HBL,Shree Krishna Securities Ltd.,Opal Securities Investment (PVT) Ltd.,10,201.7,2017.0,2025-09-03 11:01:35.508146
2025-09-03,68317,2025090301000145,HBL,Shree Krishna Securities Ltd.,Naasa Securities Co. Ltd.,10,201.7,2017.0,2025-09-03 11:01:36.001578
2025-09-03,68315,2025090301000146,HBL,Shree Krishna Securities Ltd.,Bhrikuti Stock Broking Co. Pvt. Ltd.,10,201.7,2017.0,2025-09-03 11:01:37.295223
2025-09-03,68312,2025090301000147,HBL,Shree Krishna Securities Ltd.,Kohinoor Investment & Securities Pvt. Ltd.,10,201.7,2017.0,2025-09-03 11:01:38.167093
2025-09-03,68311,2025090301000148,HBL,Shree Krishna Securities Ltd.,Sani Securities Company Ltd.,10,201.7,2017.0,2025-09-03 11:01:38.881750
2025-09-03,68309,2025090301000150,HBL,Shree Krishna Securities Ltd.,Sundhara Securities Limited,10,201.7,2017.0,2025-09-03 11:01:39.749139
2025-09-03,68306,2025090301000151,HBL,Shree Krishna Securities Ltd.,Naasa Securities Co. Ltd.,10,201.7,2017.0,2025-09-03 11:01:39.791039
2025-09-03,68305,2025090301000152,HBL,Shree Krishna Securities Ltd.,ABC Securities Private Limited,10,201.7,2017.0,2025-09-03 11:01:40.326508
2025-09-03,68304,2025090301000153,HBL,Shree Krishna Securities Ltd.,Midas Stock Broking Company Private Limited,10,201.7,2017.0,2025-09-03 11:01:40.330069
2025-09-03,68303,2025090301000154,HBL,Shree Krishna Securities Ltd.,Sweta Securities Private Limited,10,201.7,2017.0,2025-09-03 11:01:40.560516
2025-09-03,68297,2025090301000160,HBL,Shree Krishna Securities Ltd.,Naasa Securities Co. Ltd.,10,201.7,2017.0,2025-09-03 11:01:41.415342
2025-09-03,68291,2025090301000164,HBL,Shree Krishna Securities Ltd.,Dipshikha Dhitopatra Karobar Co. Pvt Ltd.,10,201.7,2017.0,2025-09-03 11:01:43.381941
2025-09-03,68281,2025090301000172,HBL,Linch Stock Market Ltd.,Vision Securities Pvt. Ltd,10,201.7,2017.0,2025-09-03 11:01:48.407423
2025-09-03,68280,2025090301000173,HBL,Linch Stock Market Ltd.,Bhrikuti Stock Broking Co. Pvt. Ltd.,10,201.7,2017.0,2025-09-03 11:01:48.407576
2025-09-03,68279,2025090301000174,HBL,Linch Stock Market Ltd.,Sweta Securities Private Limited,10,201.7,2017.0,2025-09-03 11:01:48.407652
2025-09-03,68278,2025090301000175,HBL,Linch Stock Market Ltd.,Naasa Securities Co. Ltd.,10,201.7,2017.0,2025-09-03 11:01:48.407729
2025-09-03,68277,2025090301000176,HBL,Linch Stock Market Ltd.,Naasa Securities Co. Ltd.,10,202.0,2020.0,2025-09-03 11:01:48.407810
2025-09-03,68276,2025090301000177,HBL,Linch Stock Market Ltd.,Online Securities Pvt. Ltd.,10,202.0,2020.0,2025-09-03 11:01:48.407896
2025-09-03,68275,2025090301000178,HBL,Linch Stock Market Ltd.,Naasa Securities Co. Ltd.,10,202.0,2020.0,2025-09-03 11:01:48.407972
2025-09-03,68274,2025090301000179,HBL,Linch Stock Market Ltd.,Aryatara Investment & Securities,10,202.0,2020.0,2025-09-03 11:01:48.408053
2025-09-03,68273,2025090301000180,HBL,Linch Stock Market Ltd.,Imperial Securities Company Pvt. Ltd.,10,202.0,2020.0,2025-09-03 11:01:48.408125
2025-09-03,68272,2025090301000181,HBL,Linch Stock Market Ltd.,Dipshikha Dhitopatra Karobar Co. Pvt Ltd.,10,202.0,2020.0,2025-09-03 11:01:48.408196
2025-09-03,68271,2025090301000182,HBL,Linch Stock Market Ltd.,Imperial Securities Company Pvt. Ltd.,10,202.0,2020.0,2025-09-03 11:01:48.408270
2025-09-03,68270,2025090301000183,HBL,Linch Stock Market Ltd.,Naasa Securities Co. Ltd.,10,202.0,2020.0,2025-09-03 11:01:48.408343
2025-09-03,68269,2025090301000184,HBL,Linch Stock Market Ltd.,Dipshikha Dhitopatra Karobar Co. Pvt Ltd.,10,202.0,2020.0,2025-09-03 11:01:48.408413
2025-09-03,68268,2025090301000185,HBL,Linch Stock Market Ltd.,Sundhara Securities Limited,10,202.0,2020.0,2025-09-03 11:01:48.408479
2025-09-03,68267,2025090301000186,HBL,Linch Stock Market Ltd.,Online Securities Pvt. Ltd.,10,202.0,2020.0,2025-09-03 11:01:48.408551
2025-09-03,68266,2025090301000187,HBL,Linch Stock Market Ltd.,Imperial Securities Company Pvt. Ltd.,10,202.0,2020.0,2025-09-03 11:01:48.408624
2025-09-03,68265,2025090301000188,HBL,Linch Stock Market Ltd.,Sweta Securities Private Limited,10,202.0,2020.0,2025-09-03 11:01:48.408700
2025-09-03,68264,2025090301000189,HBL,Linch Stock Market Ltd.,Vision Securities Pvt. Ltd,10,202.0,2020.0,2025-09-03 11:01:48.408771
2025-09-03,68263,2025090301000190,HBL,Linch Stock Market Ltd.,Sani Securities Company Ltd.,10,202.0,2020.0,2025-09-03 11:01:48.408838
2025-09-03,68262,2025090301000191,HBL,Linch Stock Market Ltd.,Sundhara Securities Limited,10,202.0,2020.0,2025-09-03 11:01:48.408906
2025-09-03,68261,2025090301000192,HBL,Linch Stock Market Ltd.,Premier Securities Company Ltd.,10,202.0,2020.0,2025-09-03 11:01:48.408976
2025-09-03,68260,2025090301000193,HBL,Linch Stock Market Ltd.,Naasa Securities Co. Ltd.,10,202.0,2020.0,2025-09-03 11:01:48.409051
2025-09-03,68259,2025090301000194,HBL,Linch Stock Market Ltd.,Online Securities Pvt. Ltd.,10,202.0,2020.0,2025-09-03 11:01:48.409119
2025-09-03,68258,2025090301000195,HBL,Linch Stock Market Ltd.,Dipshikha Dhitopatra Karobar Co. Pvt Ltd.,10,202.0,2020.0,2025-09-03 11:01:48.409185
2025-09-03,68257,2025090301000196,HBL,Linch Stock Market Ltd.,Deevyaa Securities & Stock House Pvt. Ltd,10,202.0,2020.0,2025-09-03 11:01:48.409252
2025-09-03,68256,2025090301000197,HBL,Linch Stock Market Ltd.,Sri Hari Securities Pvt. Ltd.,10,202.0,2020.0,2025-09-03 11:01:48.409321
2025-09-03,68255,2025090301000198,HBL,Linch Stock Market Ltd.,Premier Securities Company Ltd.,10,202.0,2020.0,2025-09-03 11:01:48.409388
2025-09-03,68254,2025090301000199,HBL,Linch Stock Market Ltd.,Linch Stock Market Ltd.,10,202.0,2020.0,2025-09-03 11:01:48.409459
2025-09-03,68253,2025090301000200,HBL,Linch Stock Market Ltd.,Global IME Securities Limited,10,202.0,2020.0,2025-09-03 11:01:48.786408
2025-09-03,68252,2025090301000201,HBL,Linch Stock Market Ltd.,Neev Securities Pvt. Ltd.,10,202.0,2020.0,2025-09-03 11:01:49.628141
2025-09-03,68251,2025090301000202,HBL,Linch Stock Market Ltd.,Naasa Securities Co. Ltd.,10,202.0,2020.0,2025-09-03 11:01:50.192760
2025-09-03,68250,2025090301000203,HBL,Linch Stock Market Ltd.,Midas Stock Broking Company Private Limited,10,202.0,2020.0,2025-09-03 11:01:50.343397
2025-09-03,68249,2025090301000204,HBL,Linch Stock Market Ltd.,Online Securities Pvt. Ltd.,10,202.0,2020.0,2025-09-03 11:01:50.520514
2025-09-03,68248,2025090301000205,HBL,Linch Stock Market Ltd.,Online Securities Pvt. Ltd.,10,202.0,2020.0,2025-09-03 11:01:50.538281
2025-09-03,68247,2025090301000206,HBL,Linch Stock Market Ltd.,Naasa Securities Co. Ltd.,10,202.0,2020.0,2025-09-03 11:01:50.564236
2025-09-03,68246,2025090301000207,HBL,Linch Stock Market Ltd.,Opal Securities Investment (PVT) Ltd.,10,202.0,2020.0,2025-09-03 11:01:50.672665
2025-09-03,68243,2025090301000210,HBL,Linch Stock Market Ltd.,ABC Securities Private Limited,10,202.0,2020.0,2025-09-03 11:01:52.857113
2025-09-03,68239,2025090301000211,HBL,Linch Stock Market Ltd.,Dipshikha Dhitopatra Karobar Co. Pvt Ltd.,10,202.0,2020.0,2025-09-03 11:01:53.519704
2025-09-03,68238,2025090301000212,HBL,Linch Stock Market Ltd.,Naasa Securities Co. Ltd.,10,202.0,2020.0,2025-09-03 11:01:53.839371
2025-09-03,68231,2025090301000215,HBL,Linch Stock Market Ltd.,Midas Stock Broking Company Private Limited,10,202.0,2020.0,2025-09-03 11:01:57.863764
2025-09-03,68225,2025090301000218,HBL,Linch Stock Market Ltd.,Oxford Securities Pvt. Ltd.,10,202.0,2020.0,2025-09-03 11:01:59.829989
2025-09-03,68224,2025090301000219,HBL,Linch Stock Market Ltd.,Naasa Securities Co. Ltd.,10,202.0,2020.0,2025-09-03 11:02:00.260056
2025-09-03,68222,2025090301000221,HBL,Linch Stock Market Ltd.,Dipshikha Dhitopatra Karobar Co. Pvt Ltd.,10,202.0,2020.0,2025-09-03 11:02:01.055419
2025-09-03,68219,2025090301000223,HBL,Linch Stock Market Ltd.,Online Securities Pvt. Ltd.,10,202.0,2020.0,2025-09-03 11:02:03.251684
2025-09-03,68218,2025090301000224,HBL,Linch Stock Market Ltd.,Swarna Laxmi Securities Pvt. Ltd.,10,202.0,2020.0,2025-09-03 11:02:03.274756
2025-09-03,68215,2025090301000226,HBL,Linch Stock Market Ltd.,Imperial Securities Company Pvt. Ltd.,10,202.0,2020.0,2025-09-03 11:02:03.647796
2025-09-03,68214,2025090301000227,HBL,Linch Stock Market Ltd.,Naasa Securities Co. Ltd.,10,202.0,2020.0,2025-09-03 11:02:03.786308
2025-09-03,68213,2025090301000228,HBL,Linch Stock Market Ltd.,Naasa Securities Co. Ltd.,10,202.0,2020.0,2025-09-03 11:02:05.291843
2025-09-03,68212,2025090301000229,HBL,Linch Stock Market Ltd.,Midas Stock Broking Company Private Limited,10,202.0,2020.0,2025-09-03 11:02:05.368368
2025-09-03,68209,2025090301000232,HBL,Creative Securities Pvt Ltd,Naasa Securities Co. Ltd.,10,202.0,2020.0,2025-09-03 11:02:05.758957
2025-09-03,68206,2025090301000233,HBL,Creative Securities Pvt Ltd,Linch Stock Market Ltd.,10,202.0,2020.0,2025-09-03 11:02:06.032720
2025-09-03,68205,2025090301000234,HBL,Creative Securities Pvt Ltd,Vision Securities Pvt. Ltd,10,202.0,2020.0,2025-09-03 11:02:06.049099
2025-09-03,68203,2025090301000236,HBL,Creative Securities Pvt Ltd,Sani Securities Company Ltd.,10,202.0,2020.0,2025-09-03 11:02:07.024213
2025-09-03,68202,2025090301000237,HBL,Creative Securities Pvt Ltd,Naasa Securities Co. Ltd.,10,202.0,2020.0,2025-09-03 11:02:07.809251
2025-09-03,68200,2025090301000239,HBL,Creative Securities Pvt Ltd,Vision Securities Pvt. Ltd,10,202.0,2020.0,2025-09-03 11:02:08.561948
2025-09-03,68199,2025090301000240,HBL,Creative Securities Pvt Ltd,Naasa Securities Co. Ltd.,10,202.0,2020.0,2025-09-03 11:02:09.742057
2025-09-03,68198,2025090301000241,HBL,Creative Securities Pvt Ltd,Nepal Stock House (PVT) Ltd.,10,202.0,2020.0,2025-09-03 11:02:10.214361
2025-09-03,68197,2025090301000242,HBL,Creative Securities Pvt Ltd,Online Securities Pvt. Ltd.,10,202.0,2020.0,2025-09-03 11:02:10.856452
2025-09-03,68196,2025090301000243,HBL,Creative Securities Pvt Ltd,Naasa Securities Co. Ltd.,10,202.0,2020.0,2025-09-03 11:02:11.010049
2025-09-03,68194,2025090301000245,HBL,Creative Securities Pvt Ltd,Sani Securities Company Ltd.,10,202.0,2020.0,2025-09-03 11:02:12.042871
2025-09-03,68192,2025090301000246,HBL,Creative Securities Pvt Ltd,Naasa Securities Co. Ltd.,10,202.0,2020.0,2025-09-03 11:02:12.429083
2025-09-03,68190,2025090301000247,HBL,Creative Securities Pvt Ltd,Naasa Securities Co. Ltd.,10,202.0,2020.0,2025-09-03 11:02:12.832449
2025-09-03,68189,2025090301000248,HBL,Creative Securities Pvt Ltd,Midas Stock Broking Company Private Limited,10,202.0,2020.0,2025-09-03 11:02:12.885542
2025-09-03,68188,2025090301000249,HBL,Creative Securities Pvt Ltd,Trisul Securities & Invt. Ltd.,10,202.0,2020.0,2025-09-03 11:02:13.101296
2025-09-03,68187,2025090301000250,HBL,Creative Securities Pvt Ltd,J.F. Securites (PVT) Ltd.,10,202.0,2020.0,2025-09-03 11:02:13.316275
2025-09-03,68185,2025090301000251,HBL,Creative Securities Pvt Ltd,Online Securities Pvt. Ltd.,10,202.0,2020.0,2025-09-03 11:02:13.418483
2025-09-03,68184,2025090301000252,HBL,Creative Securities Pvt Ltd,Online Securities Pvt. Ltd.,10,202.0,2020.0,2025-09-03 11:02:13.430105
2025-09-03,68183,2025090301000253,HBL,Creative Securities Pvt Ltd,Agrawal Securities (PVT) Ltd.,10,202.0,2020.0,2025-09-03 11:02:13.559405
2025-09-03,68182,2025090301000254,HBL,Creative Securities Pvt Ltd,Dipshikha Dhitopatra Karobar Co. Pvt Ltd.,10,202.0,2020.0,2025-09-03 11:02:13.602266
2025-09-03,68180,2025090301000256,HBL,Elite Stock House Limited,Dipshikha Dhitopatra Karobar Co. Pvt Ltd.,10,201.6,2016.0,2025-09-03 11:02:13.609592
2025-09-03,68175,2025090301000258,HBL,Elite Stock House Limited,Indira securities pvt. ltd,10,201.6,2016.0,2025-09-03 11:02:16.393184
2025-09-03,68168,2025090301000261,HBL,Global IME Securities Limited,Naasa Securities Co. Ltd.,10,202.0,2020.0,2025-09-03 11:02:18.836523
2025-09-03,68167,2025090301000262,HBL,Global IME Securities Limited,Kumari Securities Private Limited,10,202.0,2020.0,2025-09-03 11:02:18.836679
2025-09-03,68166,2025090301000263,HBL,Global IME Securities Limited,Naasa Securities Co. Ltd.,10,202.0,2020.0,2025-09-03 11:02:18.836764
2025-09-03,68165,2025090301000264,HBL,Global IME Securities Limited,Sweta Securities Private Limited,10,202.0,2020.0,2025-09-03 11:02:18.836843
2025-09-03,68164,2025090301000265,HBL,Global IME Securities Limited,Imperial Securities Company Pvt. Ltd.,10,202.0,2020.0,2025-09-03 11:02:18.836933
2025-09-03,68150,2025090301000273,HBL,Elite Stock House Limited,J.F. Securites (PVT) Ltd.,10,201.6,2016.0,2025-09-03 11:02:23.359398
2025-09-03,68149,2025090301000274,HBL,Elite Stock House Limited,Dipshikha Dhitopatra Karobar Co. Pvt Ltd.,10,201.6,2016.0,2025-09-03 11:02:23.655968
2025-09-03,68146,2025090301000276,HBL,Naasa Securities Co. Ltd.,Dynamic Money Managers Securities Pvt. Ltd.,10,202.0,2020.0,2025-09-03 11:02:24.150062
2025-09-03,68145,2025090301000277,HBL,Naasa Securities Co. Ltd.,Naasa Securities Co. Ltd.,10,202.0,2020.0,2025-09-03 11:02:24.150401
2025-09-03,68143,2025090301000279,HBL,Naasa Securities Co. Ltd.,Naasa Securities Co. Ltd.,10,202.0,2020.0,2025-09-03 11:02:24.977949
2025-09-03,68142,2025090301000280,HBL,Naasa Securities Co. Ltd.,Capital Max Securities Ltd,10,202.0,2020.0,2025-09-03 11:02:25.332096
2025-09-03,68140,2025090301000281,HBL,Naasa Securities Co. Ltd.,Naasa Securities Co. Ltd.,10,202.0,2020.0,2025-09-03 11:02:25.382162
2025-09-03,68138,2025090301000283,HBL,Naasa Securities Co. Ltd.,Naasa Securities Co. Ltd.,10,202.0,2020.0,2025-09-03 11:02:25.460491
2025-09-03,68137,2025090301000284,HBL,Naasa Securities Co. Ltd.,Sweta Securities Private Limited,10,202.0,2020.0,2025-09-03 11:02:25.795197
2025-09-03,68135,2025090301000286,HBL,Naasa Securities Co. Ltd.,Global IME Securities Limited,10,202.0,2020.0,2025-09-03 11:02:26.349105
2025-09-03,68133,2025090301000288,HBL,Naasa Securities Co. Ltd.,Secured Securities Ltd.,10,202.0,2020.0,2025-09-03 11:02:28.412264
2025-09-03,68130,2025090301000290,HBL,Naasa Securities Co. Ltd.,Imperial Securities Company Pvt. Ltd.,10,202.0,2020.0,2025-09-03 11:02:28.910865
2025-09-03,68129,2025090301000291,HBL,Naasa Securities Co. Ltd.,Naasa Securities Co. Ltd.,10,202.0,2020.0,2025-09-03 11:02:29.723923
2025-09-03,68127,2025090301000292,HBL,Naasa Securities Co. Ltd.,Property Wiard Limited,10,202.0,2020.0,2025-09-03 11:02:30.358697
2025-09-03,68126,2025090301000293,HBL,Naasa Securities Co. Ltd.,Naasa Securities Co. Ltd.,10,202.0,2020.0,2025-09-03 11:02:30.548520
2025-09-03,68123,2025090301000296,HBL,Naasa Securities Co. Ltd.,Dipshikha Dhitopatra Karobar Co. Pvt Ltd.,10,202.0,2020.0,2025-09-03 11:02:31.205139
2025-09-03,68122,2025090301000297,HBL,Naasa Securities Co. Ltd.,Dipshikha Dhitopatra Karobar Co. Pvt Ltd.,10,202.0,2020.0,2025-09-03 11:02:31.216451
2025-09-03,68119,2025090301000298,HBL,Naasa Securities Co. Ltd.,Kalika Securities Pvt. Ltd.,10,202.0,2020.0,2025-09-03 11:02:31.704563
2025-09-03,68117,2025090301000300,HBL,Naasa Securities Co. Ltd.,Kohinoor Investment & Securities Pvt. Ltd.,10,202.0,2020.0,2025-09-03 11:02:33.421338
2025-09-03,68116,2025090301000301,HBL,Naasa Securities Co. Ltd.,Online Securities Pvt. Ltd.,10,202.0,2020.0,2025-09-03 11:02:33.607868
2025-09-03,68115,2025090301000302,HBL,Naasa Securities Co. Ltd.,Online Securities Pvt. Ltd.,10,202.0,2020.0,2025-09-03 11:02:33.631519
2025-09-03,68111,2025090301000306,HBL,Naasa Securities Co. Ltd.,Premier Securities Company Ltd.,10,202.0,2020.0,2025-09-03 11:02:36.011489
2025-09-03,68107,2025090301000309,HBL,Naasa Securities Co. Ltd.,Sundhara Securities Limited,10,202.0,2020.0,2025-09-03 11:02:37.404440
2025-09-03,68101,2025090301000313,HBL,Naasa Securities Co. Ltd.,Vision Securities Pvt. Ltd,10,202.0,2020.0,2025-09-03 11:02:38.902175
2025-09-03,68100,2025090301000314,HBL,Naasa Securities Co. Ltd.,Magnet Securities and Investment Company Private Limited,10,202.0,2020.0,2025-09-03 11:02:38.994058
2025-09-03,68096,2025090301000318,HBL,Naasa Securities Co. Ltd.,Property Wiard Limited,10,202.0,2020.0,2025-09-03 11:02:40.380919
2025-09-03,68095,2025090301000319,HBL,Naasa Securities Co. Ltd.,Naasa Securities Co. Ltd.,10,202.0,2020.0,2025-09-03 11:02:40.606570
2025-09-03,68093,2025090301000321,HBL,Naasa Securities Co. Ltd.,Naasa Securities Co. Ltd.,10,202.0,2020.0,2025-09-03 11:02:40.661211
2025-09-03,68092,2025090301000322,HBL,Naasa Securities Co. Ltd.,J.F. Securites (PVT) Ltd.,10,202.0,2020.0,2025-09-03 11:02:40.987118
2025-09-03,68089,2025090301000324,HBL,Naasa Securities Co. Ltd.,Naasa Securities Co. Ltd.,10,202.0,2020.0,2025-09-03 11:02:41.531697
2025-09-03,68081,2025090301000330,HBL,Naasa Securities Co. Ltd.,Sumeru Securities Pvt. Ltd.,10,202.0,2020.0,2025-09-03 11:02:43.343847
2025-09-03,68077,2025090301000331,HBL,Naasa Securities Co. Ltd.,Naasa Securities Co. Ltd.,10,202.0,2020.0,2025-09-03 11:02:45.642808
2025-09-03,68075,2025090301000332,HBL,Naasa Securities Co. Ltd.,Nepal Investment And Securities Trading Private Limited,10,202.0,2020.0,2025-09-03 11:02:45.743671
2025-09-03,68074,2025090301000333,HBL,Naasa Securities Co. Ltd.,Nepal Stock House (PVT) Ltd.,10,202.0,2020.0,2025-09-03 11:02:45.752074
2025-09-03,68073,2025090301000334,HBL,Naasa Securities Co. Ltd.,Agrawal Securities (PVT) Ltd.,10,202.0,2020.0,2025-09-03 11:02:46.206552
2025-09-03,68071,2025090301000336,HBL,Naasa Securities Co. Ltd.,Naasa Securities Co. Ltd.,10,202.0,2020.0,2025-09-03 11:02:46.832268
2025-09-03,68070,2025090301000337,HBL,Naasa Securities Co. Ltd.,Sani Securities Company Ltd.,10,202.0,2020.0,2025-09-03 11:02:47.369269
2025-09-03,68068,2025090301000338,HBL,Naasa Securities Co. Ltd.,Dipshikha Dhitopatra Karobar Co. Pvt Ltd.,10,202.0,2020.0,2025-09-03 11:02:48.824395
2025-09-03,68067,2025090301000339,HBL,Naasa Securities Co. Ltd.,Linch Stock Market Ltd.,10,202.0,2020.0,2025-09-03 11:02:48.833796
2025-09-03,68066,2025090301000340,HBL,Naasa Securities Co. Ltd.,Vision Securities Pvt. Ltd,10,202.0,2020.0,2025-09-03 11:02:48.955932
2025-09-03,68064,2025090301000341,HBL,Naasa Securities Co. Ltd.,Imperial Securities Company Pvt. Ltd.,10,202.0,2020.0,2025-09-03 11:02:49.087725
2025-09-03,68063,2025090301000342,HBL,Naasa Securities Co. Ltd.,Naasa Securities Co. Ltd.,10,202.0,2020.0,2025-09-03 11:02:49.277150
2025-09-03,68058,2025090301000347,HBL,Naasa Securities Co. Ltd.,Property Wiard Limited,10,202.0,2020.0,2025-09-03 11:02:50.395481
2025-09-03,68055,2025090301000348,HBL,Naasa Securities Co. Ltd.,Sundhara Securities Limited,10,202.0,2020.0,2025-09-03 11:02:52.472953
2025-09-03,68054,2025090301000349,HBL,Naasa Securities Co. Ltd.,Trishakti Securities Public Limited,10,202.0,2020.0,2025-09-03 11:02:52.520244
2025-09-03,68053,2025090301000350,HBL,Naasa Securities Co. Ltd.,Capital Max Securities Ltd,10,202.0,2020.0,2025-09-03 11:02:52.917830
2025-09-03,68052,2025090301000351,HBL,Naasa Securities Co. Ltd.,Aryatara Investment & Securities,10,202.0,2020.0,2025-09-03 11:02:53.187069
2025-09-03,68051,2025090301000352,HBL,Naasa Securities Co. Ltd.,Naasa Securities Co. Ltd.,10,202.0,2020.0,2025-09-03 11:02:53.190810
2025-09-03,68042,2025090301000353,HBL,Naasa Securities Co. Ltd.,Imperial Securities Company Pvt. Ltd.,10,202.0,2020.0,2025-09-03 11:02:54.127599
2025-09-03,68040,2025090301000355,HBL,Naasa Securities Co. Ltd.,Primo Securities (PVT) Ltd.,10,202.0,2020.0,2025-09-03 11:02:55.363555
2025-09-03,68039,2025090301000356,HBL,Naasa Securities Co. Ltd.,Shree Krishna Securities Ltd.,10,202.0,2020.0,2025-09-03 11:02:55.669610
2025-09-03,68033,2025090301000358,HBL,Naasa Securities Co. Ltd.,Online Securities Pvt. Ltd.,10,202.0,2020.0,2025-09-03 11:02:56.398518
2025-09-03,68023,2025090301000359,HBL,Elite Stock House Limited,Dipshikha Dhitopatra Karobar Co. Pvt Ltd.,10,201.6,2016.0,2025-09-03 11:03:01.386133
2025-09-03,68014,2025090301000367,HBL,Elite Stock House Limited,Naasa Securities Co. Ltd.,10,201.6,2016.0,2025-09-03 11:03:08.235534
2025-09-03,68011,2025090301000369,HBL,Elite Stock House Limited,Sundhara Securities Limited,10,201.6,2016.0,2025-09-03 11:03:10.011846
2025-09-03,68010,2025090301000370,HBL,Elite Stock House Limited,Sewa Securities Pvt. Ltd.,10,201.6,2016.0,2025-09-03 11:03:10.086616
2025-09-03,68004,2025090301000371,HBL,Elite Stock House Limited,Dipshikha Dhitopatra Karobar Co. Pvt Ltd.,10,201.6,2016.0,2025-09-03 11:03:11.555258
2025-09-03,67998,2025090301000374,HBL,Elite Stock House Limited,Naasa Securities Co. Ltd.,10,201.6,2016.0,2025-09-03 11:03:13.134959
2025-09-03,67994,2025090301000377,HBL,Elite Stock House Limited,Vision Securities Pvt. Ltd,10,201.6,2016.0,2025-09-03 11:03:14.302552
2025-09-03,67993,2025090301000378,HBL,Elite Stock House Limited,Naasa Securities Co. Ltd.,10,201.6,2016.0,2025-09-03 11:03:14.924355
2025-09-03,67988,2025090301000379,HBL,Elite Stock House Limited,Agrawal Securities (PVT) Ltd.,10,201.6,2016.0,2025-09-03 11:03:16.369530
2025-09-03,67987,2025090301000380,HBL,Elite Stock House Limited,Online Securities Pvt. Ltd.,10,201.6,2016.0,2025-09-03 11:03:16.489812
2025-09-03,67986,2025090301000381,HBL,Elite Stock House Limited,Online Securities Pvt. Ltd.,10,201.6,2016.0,2025-09-03 11:03:16.496682
2025-09-03,67985,2025090301000382,HBL,Elite Stock House Limited,Sani Securities Company Ltd.,10,201.6,2016.0,2025-09-03 11:03:17.574304
2025-09-03,67981,2025090301000383,HBL,Elite Stock House Limited,Opal Securities Investment (PVT) Ltd.,10,201.6,2016.0,2025-09-03 11:03:18.406018
2025-09-03,67980,2025090301000384,HBL,Elite Stock House Limited,Naasa Securities Co. Ltd.,10,201.6,2016.0,2025-09-03 11:03:18.420169
2025-09-03,67975,2025090301000389,HBL,Elite Stock House Limited,Imperial Securities Company Pvt. Ltd.,10,201.6,2016.0,2025-09-03 11:03:19.314569
2025-09-03,67971,2025090301000391,HBL,Elite Stock House Limited,Dipshikha Dhitopatra Karobar Co. Pvt Ltd.,10,201.6,2016.0,2025-09-03 11:03:21.635377
2025-09-03,67966,2025090301000393,HBL,Elite Stock House Limited,Naasa Securities Co. Ltd.,10,201.6,2016.0,2025-09-03 11:03:23.498403
2025-09-03,67945,2025090301000404,HBL,Creative Securities Pvt Ltd,Naasa Securities Co. Ltd.,10,201.7,2017.0,2025-09-03 11:03:26.100143
2025-09-03,67943,2025090301000406,HBL,Creative Securities Pvt Ltd,Sani Securities Company Ltd.,10,201.7,2017.0,2025-09-03 11:03:27.647968
2025-09-03,67942,2025090301000407,HBL,Creative Securities Pvt Ltd,Property Wiard Limited,10,201.7,2017.0,2025-09-03 11:03:27.936908
2025-09-03,67940,2025090301000408,HBL,Creative Securities Pvt Ltd,Nabil Stock Dealer Ltd.,10,201.7,2017.0,2025-09-03 11:03:28.311165
2025-09-03,67939,2025090301000409,HBL,Creative Securities Pvt Ltd,Aryatara Investment & Securities,10,201.7,2017.0,2025-09-03 11:03:28.385703
2025-09-03,67935,2025090301000413,HBL,Creative Securities Pvt Ltd,Sri Hari Securities Pvt. Ltd.,10,201.7,2017.0,2025-09-03 11:03:30.733100
2025-09-03,67933,2025090301000414,HBL,Creative Securities Pvt Ltd,Dipshikha Dhitopatra Karobar Co. Pvt Ltd.,10,201.7,2017.0,2025-09-03 11:03:31.764570
2025-09-03,67932,2025090301000415,HBL,Creative Securities Pvt Ltd,Vision Securities Pvt. Ltd,10,201.7,2017.0,2025-09-03 11:03:31.919912
2025-09-03,67921,2025090301000418,HBL,Creative Securities Pvt Ltd,Neev Securities Pvt. Ltd.,10,201.7,2017.0,2025-09-03 11:03:34.951847
2025-09-03,67920,2025090301000419,HBL,Creative Securities Pvt Ltd,Sani Securities Company Ltd.,10,201.7,2017.0,2025-09-03 11:03:35.226073
2025-09-03,67916,2025090301000420,HBL,Elite Stock House Limited,Naasa Securities Co. Ltd.,10,201.6,2016.0,2025-09-03 11:03:36.169851
2025-09-03,67914,2025090301000422,HBL,Elite Stock House Limited,Dipshikha Dhitopatra Karobar Co. Pvt Ltd.,10,201.6,2016.0,2025-09-03 11:03:36.790505
2025-09-03,67910,2025090301000425,HBL,Elite Stock House Limited,Naasa Securities Co. Ltd.,10,201.6,2016.0,2025-09-03 11:03:38.082101
2025-09-03,67907,2025090301000427,HBL,Elite Stock House Limited,Dipshikha Dhitopatra Karobar Co. Pvt Ltd.,10,201.6,2016.0,2025-09-03 11:03:39.301880
2025-09-03,67905,2025090301000428,HBL,Kohinoor Investment & Securities Pvt. Ltd.,Property Wiard Limited,10,201.6,2016.0,2025-09-03 11:03:40.472073
2025-09-03,67901,2025090301000429,HBL,Kohinoor Investment & Securities Pvt. Ltd.,Dipshikha Dhitopatra Karobar Co. Pvt Ltd.,10,201.6,2016.0,2025-09-03 11:03:41.847796
2025-09-03,67899,2025090301000430,HBL,Kohinoor Investment & Securities Pvt. Ltd.,Naasa Securities Co. Ltd.,10,201.6,2016.0,2025-09-03 11:03:42.593837
2025-09-03,67896,2025090301000431,HBL,Kohinoor Investment & Securities Pvt. Ltd.,Premier Securities Company Ltd.,10,201.6,2016.0,2025-09-03 11:03:43.812089
2025-09-03,67885,2025090301000432,HBL,Kohinoor Investment & Securities Pvt. Ltd.,Sani Securities Company Ltd.,10,201.6,2016.0,2025-09-03 11:03:45.293109
2025-09-03,67881,2025090301000435,HBL,Kohinoor Investment & Securities Pvt. Ltd.,Ashutosh Brokerage & Securities (PVT) Ltd.,10,201.6,2016.0,2025-09-03 11:03:46.124741
2025-09-03,67879,2025090301000436,HBL,Kohinoor Investment & Securities Pvt. Ltd.,Dipshikha Dhitopatra Karobar Co. Pvt Ltd.,10,201.6,2016.0,2025-09-03 11:03:46.869788
2025-09-03,67878,2025090301000437,HBL,Kohinoor Investment & Securities Pvt. Ltd.,Arun Securities (PVT) Ltd.,10,201.6,2016.0,2025-09-03 11:03:47.695136
2025-09-03,67877,2025090301000438,HBL,Kohinoor Investment & Securities Pvt. Ltd.,Sani Securities Company Ltd.,10,201.6,2016.0,2025-09-03 11:03:47.810945
2025-09-03,67876,2025090301000439,HBL,Kohinoor Investment & Securities Pvt. Ltd.,Primo Securities (PVT) Ltd.,10,201.6,2016.0,2025-09-03 11:03:47.976383
2025-09-03,67866,2025090301000446,HBL,Shree Krishna Securities Ltd.,Dipshikha Dhitopatra Karobar Co. Pvt Ltd.,10,201.5,2015.0,2025-09-03 11:03:51.891840
2025-09-03,67865,2025090301000447,HBL,Shree Krishna Securities Ltd.,Dipshikha Dhitopatra Karobar Co. Pvt Ltd.,10,201.5,2015.0,2025-09-03 11:03:51.900253
2025-09-03,67858,2025090301000448,HBL,Shree Krishna Securities Ltd.,Sanima Securities Limited,10,201.5,2015.0,2025-09-03 11:03:56.239570
2025-09-03,67856,2025090301000449,HBL,Shree Krishna Securities Ltd.,Naasa Securities Co. Ltd.,10,201.5,2015.0,2025-09-03 11:03:56.402522
2025-09-03,67854,2025090301000450,HBL,Shree Krishna Securities Ltd.,Dipshikha Dhitopatra Karobar Co. Pvt Ltd.,10,201.5,2015.0,2025-09-03 11:03:56.919101
2025-09-03,67850,2025090301000451,HBL,Shree Krishna Securities Ltd.,Neev Securities Pvt. Ltd.,10,201.5,2015.0,2025-09-03 11:04:00.042074
2025-09-03,67849,2025090301000452,HBL,Shree Krishna Securities Ltd.,Sewa Securities Pvt. Ltd.,10,201.5,2015.0,2025-09-03 11:04:00.200604
2025-09-03,67846,2025090301000455,HBL,Shree Krishna Securities Ltd.,Arun Securities (PVT) Ltd.,10,201.5,2015.0,2025-09-03 11:04:01.256480
2025-09-03,67845,2025090301000456,HBL,Shree Krishna Securities Ltd.,Siprabi Securities Pvt. Ltd.,10,201.5,2015.0,2025-09-03 11:04:01.393689
2025-09-03,67844,2025090301000457,HBL,Shree Krishna Securities Ltd.,Naasa Securities Co. Ltd.,10,201.5,2015.0,2025-09-03 11:04:01.421758
2025-09-03,67843,2025090301000458,HBL,Shree Krishna Securities Ltd.,Naasa Securities Co. Ltd.,10,201.5,2015.0,2025-09-03 11:04:01.639875
2025-09-03,67840,2025090301000459,HBL,Shree Krishna Securities Ltd.,Dipshikha Dhitopatra Karobar Co. Pvt Ltd.,10,201.5,2015.0,2025-09-03 11:04:01.963790
2025-09-03,67838,2025090301000461,HBL,Shree Krishna Securities Ltd.,Sani Securities Company Ltd.,10,201.5,2015.0,2025-09-03 11:04:02.882740
2025-09-03,67836,2025090301000463,HBL,Shree Krishna Securities Ltd.,Naasa Securities Co. Ltd.,10,201.5,2015.0,2025-09-03 11:04:03.891722
2025-09-03,67834,2025090301000465,HBL,Shree Krishna Securities Ltd.,Online Securities Pvt. Ltd.,10,201.5,2015.0,2025-09-03 11:04:04.036578
2025-09-03,67833,2025090301000466,HBL,Shree Krishna Securities Ltd.,Naasa Securities Co. Ltd.,10,201.5,2015.0,2025-09-03 11:04:04.394164
2025-09-03,67832,2025090301000467,HBL,Shree Krishna Securities Ltd.,Vision Securities Pvt. Ltd,10,201.5,2015.0,2025-09-03 11:04:04.576881
2025-09-03,67814,2025090301000483,HBL,Shree Krishna Securities Ltd.,Capital Max Securities Ltd,10,201.5,2015.0,2025-09-03 11:04:05.642863
2025-09-03,67813,2025090301000484,HBL,Shree Krishna Securities Ltd.,Naasa Securities Co. Ltd.,10,201.5,2015.0,2025-09-03 11:04:06.189056
2025-09-03,67812,2025090301000485,HBL,Shree Krishna Securities Ltd.,Aryatara Investment & Securities,10,201.5,2015.0,2025-09-03 11:04:06.191500
2025-09-03,67809,2025090301000486,HBL,Shree Krishna Securities Ltd.,Naasa Securities Co. Ltd.,10,201.5,2015.0,2025-09-03 11:04:06.555925
2025-09-03,67808,2025090301000487,HBL,Shree Krishna Securities Ltd.,Indira securities pvt. ltd,10,201.5,2015.0,2025-09-03 11:04:06.559422
2025-09-03,67806,2025090301000489,HBL,Shree Krishna Securities Ltd.,Linch Stock Market Ltd.,10,201.5,2015.0,2025-09-03 11:04:06.733550
2025-09-03,67804,2025090301000490,HBL,Shree Krishna Securities Ltd.,Nepal Investment And Securities Trading Private Limited,10,201.5,2015.0,2025-09-03 11:04:08.510285
2025-09-03,67803,2025090301000491,HBL,Shree Krishna Securities Ltd.,Asian Securities Private Ltd.,10,201.5,2015.0,2025-09-03 11:04:08.674282
2025-09-03,67802,2025090301000492,HBL,Shree Krishna Securities Ltd.,Aryatara Investment & Securities,10,201.5,2015.0,2025-09-03 11:04:08.712222
2025-09-03,67798,2025090301000494,HBL,Shree Krishna Securities Ltd.,Online Securities Pvt. Ltd.,10,201.5,2015.0,2025-09-03 11:04:09.123870
2025-09-03,67797,2025090301000495,HBL,Shree Krishna Securities Ltd.,Online Securities Pvt. Ltd.,10,201.5,2015.0,2025-09-03 11:04:09.126335
2025-09-03,67790,2025090301000501,HBL,Shree Krishna Securities Ltd.,Sani Securities Company Ltd.,10,201.5,2015.0,2025-09-03 11:04:10.420705
2025-09-03,67788,2025090301000503,HBL,Shree Krishna Securities Ltd.,Shree Krishna Securities Ltd.,10,201.5,2015.0,2025-09-03 11:04:10.891545
2025-09-03,67786,2025090301000505,HBL,Shree Krishna Securities Ltd.,Naasa Securities Co. Ltd.,10,201.5,2015.0,2025-09-03 11:04:11.489387
2025-09-03,67784,2025090301000507,HBL,Shree Krishna Securities Ltd.,Online Securities Pvt. Ltd.,10,201.5,2015.0,2025-09-03 11:04:11.642247
2025-09-03,67783,2025090301000508,HBL,Shree Krishna Securities Ltd.,Naasa Securities Co. Ltd.,10,201.5,2015.0,2025-09-03 11:04:11.851069
2025-09-03,67782,2025090301000509,HBL,Shree Krishna Securities Ltd.,Dipshikha Dhitopatra Karobar Co. Pvt Ltd.,10,201.5,2015.0,2025-09-03 11:04:12.026172
2025-09-03,67781,2025090301000510,HBL,Shree Krishna Securities Ltd.,Naasa Securities Co. Ltd.,10,201.5,2015.0,2025-09-03 11:04:12.045192
2025-09-03,67780,2025090301000511,HBL,Shree Krishna Securities Ltd.,Naasa Securities Co. Ltd.,10,201.5,2015.0,2025-09-03 11:04:12.189687
2025-09-03,67779,2025090301000512,HBL,Shree Krishna Securities Ltd.,Imperial Securities Company Pvt. Ltd.,10,201.5,2015.0,2025-09-03 11:04:12.244220
2025-09-03,67777,2025090301000513,HBL,Shree Krishna Securities Ltd.,Capital Max Securities Ltd,10,201.5,2015.0,2025-09-03 11:04:13.143886
2025-09-03,67775,2025090301000514,HBL,Shree Krishna Securities Ltd.,Naasa Securities Co. Ltd.,10,201.5,2015.0,2025-09-03 11:04:13.654054
2025-09-03,67769,2025090301000516,HBL,Shree Krishna Securities Ltd.,Online Securities Pvt. Ltd.,10,201.5,2015.0,2025-09-03 11:04:14.159889
2025-09-03,67767,2025090301000517,HBL,Shree Krishna Securities Ltd.,Sani Securities Company Ltd.,10,201.5,2015.0,2025-09-03 11:04:15.436980
2025-09-03,67766,2025090301000518,HBL,Shree Krishna Securities Ltd.,Opal Securities Investment (PVT) Ltd.,10,201.5,2015.0,2025-09-03 11:04:16.026044
2025-09-03,67761,2025090301000519,HBL,Shree Krishna Securities Ltd.,Naasa Securities Co. Ltd.,10,201.5,2015.0,2025-09-03 11:04:19.066310
2025-09-03,67760,2025090301000520,HBL,Shree Krishna Securities Ltd.,Indira securities pvt. ltd,10,201.5,2015.0,2025-09-03 11:04:19.092226
2025-09-03,67759,2025090301000521,HBL,Shree Krishna Securities Ltd.,Agrawal Securities (PVT) Ltd.,10,201.5,2015.0,2025-09-03 11:04:19.138777
2025-09-03,67757,2025090301000523,HBL,Shree Krishna Securities Ltd.,Dipshikha Dhitopatra Karobar Co. Pvt Ltd.,10,201.5,2015.0,2025-09-03 11:04:19.574336
2025-09-03,67756,2025090301000524,HBL,Shree Krishna Securities Ltd.,Dipshikha Dhitopatra Karobar Co. Pvt Ltd.,10,201.5,2015.0,2025-09-03 11:04:19.579908
2025-09-03,67753,2025090301000525,HBL,Shree Krishna Securities Ltd.,Naasa Securities Co. Ltd.,10,201.5,2015.0,2025-09-03 11:04:21.262139
2025-09-03,67752,2025090301000526,HBL,Shree Krishna Securities Ltd.,Kohinoor Investment & Securities Pvt. Ltd.,10,201.5,2015.0,2025-09-03 11:04:21.445893
2025-09-03,67751,2025090301000527,HBL,Shree Krishna Securities Ltd.,Premier Securities Company Ltd.,10,201.5,2015.0,2025-09-03 11:04:21.462667
2025-09-03,67750,2025090301000528,HBL,Shree Krishna Securities Ltd.,Imperial Securities Company Pvt. Ltd.,10,201.5,2015.0,2025-09-03 11:04:22.322275
2025-09-03,67746,2025090301000529,HBL,Shree Krishna Securities Ltd.,Sweta Securities Private Limited,490,201.5,98735.0,2025-09-03 11:04:23.718508
2025-09-03,67731,2025090301000539,HBL,Shree Krishna Securities Ltd.,Naasa Securities Co. Ltd.,10,201.3,2013.0,2025-09-03 11:04:29.613839
2025-09-03,67728,2025090301000540,HBL,Shree Krishna Securities Ltd.,Oxford Securities Pvt. Ltd.,10,201.3,2013.0,2025-09-03 11:04:30.357001
2025-09-03,67727,2025090301000541,HBL,Shree Krishna Securities Ltd.,Midas Stock Broking Company Private Limited,10,201.3,2013.0,2025-09-03 11:04:30.683157
2025-09-03,67725,2025090301000543,HBL,Shree Krishna Securities Ltd.,Global IME Securities Limited,10,201.3,2013.0,2025-09-03 11:04:31.547124
2025-09-03,67724,2025090301000544,HBL,Shree Krishna Securities Ltd.,Prabhu Stock Market Limited,10,201.3,2013.0,2025-09-03 11:04:31.842784
2025-09-03,67722,2025090301000546,HBL,Shree Krishna Securities Ltd.,Nabil Stock Dealer Ltd.,10,201.3,2013.0,2025-09-03 11:04:33.411867
2025-09-03,67720,2025090301000547,HBL,Shree Krishna Securities Ltd.,Agrawal Securities (PVT) Ltd.,10,201.3,2013.0,2025-09-03 11:04:34.197327
2025-09-03,67712,2025090301000555,HBL,Shree Krishna Securities Ltd.,Midas Stock Broking Company Private Limited,10,201.3,2013.0,2025-09-03 11:04:35.696902
2025-09-03,67711,2025090301000556,HBL,Shree Krishna Securities Ltd.,Creative Securities Pvt Ltd,10,201.3,2013.0,2025-09-03 11:04:36.385984
2025-09-03,67710,2025090301000557,HBL,Shree Krishna Securities Ltd.,J.F. Securites (PVT) Ltd.,10,201.3,2013.0,2025-09-03 11:04:36.413104
2025-09-03,67709,2025090301000558,HBL,Shree Krishna Securities Ltd.,Naasa Securities Co. Ltd.,10,201.3,2013.0,2025-09-03 11:04:36.698191
2025-09-03,67708,2025090301000559,HBL,Shree Krishna Securities Ltd.,Dipshikha Dhitopatra Karobar Co. Pvt Ltd.,10,201.3,2013.0,2025-09-03 11:04:37.197075
2025-09-03,67707,2025090301000560,HBL,Shree Krishna Securities Ltd.,Neev Securities Pvt. Ltd.,10,201.3,2013.0,2025-09-03 11:04:38.155607
2025-09-03,67704,2025090301000563,HBL,Shree Krishna Securities Ltd.,Naasa Securities Co. Ltd.,10,201.3,2013.0,2025-09-03 11:04:39.243193
2025-09-03,67703,2025090301000564,HBL,Shree Krishna Securities Ltd.,Naasa Securities Co. Ltd.,10,201.3,2013.0,2025-09-03 11:04:39.247983
2025-09-03,67697,2025090301000570,HBL,Shree Krishna Securities Ltd.,Naasa Securities Co. Ltd.,10,201.3,2013.0,2025-09-03 11:04:41.756706
2025-09-03,67696,2025090301000571,HBL,Shree Krishna Securities Ltd.,Naasa Securities Co. Ltd.,10,201.3,2013.0,2025-09-03 11:04:41.782250
2025-09-03,67695,2025090301000572,HBL,Shree Krishna Securities Ltd.,Online Securities Pvt. Ltd.,10,201.3,2013.0,2025-09-03 11:04:41.948348
2025-09-03,67691,2025090301000576,HBL,Shree Krishna Securities Ltd.,Vision Securities Pvt. Ltd,10,201.3,2013.0,2025-09-03 11:04:44.971788
2025-09-03,67690,2025090301000577,HBL,Shree Krishna Securities Ltd.,Vision Securities Pvt. Ltd,10,201.3,2013.0,2025-09-03 11:04:44.975701
2025-09-03,67688,2025090301000579,HBL,Shree Krishna Securities Ltd.,Naasa Securities Co. Ltd.,10,201.3,2013.0,2025-09-03 11:04:45.284613
2025-09-03,67686,2025090301000580,HBL,Shree Krishna Securities Ltd.,Sani Securities Company Ltd.,10,201.3,2013.0,2025-09-03 11:04:45.658213
2025-09-03,67685,2025090301000581,HBL,Shree Krishna Securities Ltd.,Midas Stock Broking Company Private Limited,10,201.3,2013.0,2025-09-03 11:04:45.719632
2025-09-03,67684,2025090301000582,HBL,Shree Krishna Securities Ltd.,ABC Securities Private Limited,10,201.3,2013.0,2025-09-03 11:04:45.952277
2025-09-03,67676,2025090301000583,HBL,Shree Krishna Securities Ltd.,Agrawal Securities (PVT) Ltd.,10,201.3,2013.0,2025-09-03 11:04:46.776712
2025-09-03,67674,2025090301000585,HBL,Shree Krishna Securities Ltd.,Trishakti Securities Public Limited,10,201.3,2013.0,2025-09-03 11:04:47.931122
2025-09-03,67667,2025090301000587,HBL,Shree Krishna Securities Ltd.,Aryatara Investment & Securities,10,201.3,2013.0,2025-09-03 11:04:48.995532
2025-09-03,67665,2025090301000589,HBL,Shree Krishna Securities Ltd.,Vision Securities Pvt. Ltd,10,201.3,2013.0,2025-09-03 11:04:50.017511
2025-09-03,67660,2025090301000593,HBL,Shree Krishna Securities Ltd.,Naasa Securities Co. Ltd.,33,201.3,6642.9,2025-09-03 11:04:50.637321
2025-09-03,67657,2025090301000595,HBL,Shree Krishna Securities Ltd.,Opal Securities Investment (PVT) Ltd.,10,201.3,2013.0,2025-09-03 11:04:51.202118
2025-09-03,67655,2025090301000596,HBL,Shree Krishna Securities Ltd.,Siprabi Securities Pvt. Ltd.,10,201.3,2013.0,2025-09-03 11:04:51.618057
2025-09-03,67653,2025090301000598,HBL,Shree Krishna Securities Ltd.,Dipshikha Dhitopatra Karobar Co. Pvt Ltd.,10,201.3,2013.0,2025-09-03 11:04:52.289267
2025-09-03,67652,2025090301000599,HBL,Shree Krishna Securities Ltd.,Naasa Securities Co. Ltd.,10,201.3,2013.0,2025-09-03 11:04:52.477469
2025-09-03,67651,2025090301000600,HBL,Shree Krishna Securities Ltd.,Vision Securities Pvt. Ltd,10,201.3,2013.0,2025-09-03 11:04:52.662769
2025-09-03,67649,2025090301000602,HBL,Shree Krishna Securities Ltd.,Naasa Securities Co. Ltd.,10,201.3,2013.0,2025-09-03 11:04:53.446165
2025-09-03,67642,2025090301000604,HBL,Shree Krishna Securities Ltd.,Online Securities Pvt. Ltd.,10,201.3,2013.0,2025-09-03 11:04:54.645486
2025-09-03,67640,2025090301000605,HBL,Shree Krishna Securities Ltd.,Bhrikuti Stock Broking Co. Pvt. Ltd.,10,201.3,2013.0,2025-09-03 11:04:55.504997
2025-09-03,67639,2025090301000606,HBL,Shree Krishna Securities Ltd.,Midas Stock Broking Company Private Limited,10,201.3,2013.0,2025-09-03 11:04:55.744459
2025-09-03,67638,2025090301000607,HBL,Shree Krishna Securities Ltd.,Neev Securities Pvt. Ltd.,10,201.3,2013.0,2025-09-03 11:04:55.807784
2025-09-03,67635,2025090301000610,HBL,Shree Krishna Securities Ltd.,Kohinoor Investment & Securities Pvt. Ltd.,10,201.3,2013.0,2025-09-03 11:04:56.609594
2025-09-03,67634,2025090301000611,HBL,Shree Krishna Securities Ltd.,Arun Securities (PVT) Ltd.,10,201.3,2013.0,2025-09-03 11:04:56.865201
2025-09-03,67633,2025090301000612,HBL,Shree Krishna Securities Ltd.,Dipshikha Dhitopatra Karobar Co. Pvt Ltd.,10,201.3,2013.0,2025-09-03 11:04:57.317483
2025-09-03,67632,2025090301000613,HBL,Shree Krishna Securities Ltd.,Dipshikha Dhitopatra Karobar Co. Pvt Ltd.,10,201.3,2013.0,2025-09-03 11:04:57.320371
2025-09-03,67624,2025090301000619,HBL,Shree Krishna Securities Ltd.,Sani Securities Company Ltd.,10,201.3,2013.0,2025-09-03 11:05:00.762586
2025-09-03,67622,2025090301000621,HBL,Shree Krishna Securities Ltd.,Himalayan Securities Limited,10,201.3,2013.0,2025-09-03 11:05:01.573810
2025-09-03,67621,2025090301000622,HBL,Shree Krishna Securities Ltd.,Premier Securities Company Ltd.,10,201.3,2013.0,2025-09-03 11:05:01.604494
2025-09-03,67619,2025090301000623,HBL,Shree Krishna Securities Ltd.,Naasa Securities Co. Ltd.,10,201.3,2013.0,2025-09-03 11:05:02.004681
2025-09-03,67618,2025090301000624,HBL,Shree Krishna Securities Ltd.,Dipshikha Dhitopatra Karobar Co. Pvt Ltd.,10,201.3,2013.0,2025-09-03 11:05:02.343824
2025-09-03,67617,2025090301000625,HBL,Shree Krishna Securities Ltd.,Himalayan Brokerage Company Limited,10,201.3,2013.0,2025-09-03 11:05:02.755114
2025-09-03,67616,2025090301000626,HBL,Shree Krishna Securities Ltd.,Naasa Securities Co. Ltd.,10,201.3,2013.0,2025-09-03 11:05:03.046614
2025-09-03,67610,2025090301000628,HBL,Shree Krishna Securities Ltd.,Kohinoor Investment & Securities Pvt. Ltd.,10,201.3,2013.0,2025-09-03 11:05:04.232233
2025-09-03,67609,2025090301000629,HBL,Shree Krishna Securities Ltd.,Naasa Securities Co. Ltd.,10,201.3,2013.0,2025-09-03 11:05:04.519637
2025-09-03,67605,2025090301000632,HBL,Shree Krishna Securities Ltd.,Sani Securities Company Ltd.,10,201.3,2013.0,2025-09-03 11:05:05.795485
2025-09-03,67604,2025090301000633,HBL,Shree Krishna Securities Ltd.,Ashutosh Brokerage & Securities (PVT) Ltd.,10,201.3,2013.0,2025-09-03 11:05:06.426199
2025-09-03,67601,2025090301000634,HBL,Shree Krishna Securities Ltd.,Premier Securities Company Ltd.,10,201.3,2013.0,2025-09-03 11:05:06.633538
2025-09-03,67597,2025090301000635,HBL,Shree Krishna Securities Ltd.,Deevyaa Securities & Stock House Pvt. Ltd,10,201.3,2013.0,2025-09-03 11:05:08.042698
2025-09-03,67595,2025090301000636,HBL,Shree Krishna Securities Ltd.,Primo Securities (PVT) Ltd.,10,201.3,2013.0,2025-09-03 11:05:08.166423
2025-09-03,67585,2025090301000645,HBL,Shree Krishna Securities Ltd.,Kohinoor Investment & Securities Pvt. Ltd.,10,201.3,2013.0,2025-09-03 11:05:09.341083
2025-09-03,67584,2025090301000646,HBL,Shree Krishna Securities Ltd.,Naasa Securities Co. Ltd.,10,201.3,2013.0,2025-09-03 11:05:09.569019
2025-09-03,67583,2025090301000647,HBL,Shree Krishna Securities Ltd.,Dipshikha Dhitopatra Karobar Co. Pvt Ltd.,10,201.3,2013.0,2025-09-03 11:05:09.883344
2025-09-03,67582,2025090301000648,HBL,Shree Krishna Securities Ltd.,Imperial Securities Company Pvt. Ltd.,10,201.3,2013.0,2025-09-03 11:05:10.325925
2025-09-03,67581,2025090301000649,HBL,Shree Krishna Securities Ltd.,Oxford Securities Pvt. Ltd.,10,201.3,2013.0,2025-09-03 11:05:10.464776
2025-09-03,67580,2025090301000650,HBL,Shree Krishna Securities Ltd.,Neev Securities Pvt. Ltd.,10,201.3,2013.0,2025-09-03 11:05:10.868685
2025-09-03,67578,2025090301000652,HBL,Shree Krishna Securities Ltd.,Trisul Securities & Invt. Ltd.,10,201.3,2013.0,2025-09-03 11:05:11.111828
2025-09-03,67577,2025090301000653,HBL,Shree Krishna Securities Ltd.,Aryatara Investment & Securities,10,201.3,2013.0,2025-09-03 11:05:11.613129
2025-09-03,67576,2025090301000654,HBL,Shree Krishna Securities Ltd.,Kohinoor Investment & Securities Pvt. Ltd.,10,201.3,2013.0,2025-09-03 11:05:11.860518
2025-09-03,67574,2025090301000656,HBL,Shree Krishna Securities Ltd.,Online Securities Pvt. Ltd.,10,201.3,2013.0,2025-09-03 11:05:12.406012
2025-09-03,67573,2025090301000657,HBL,Shree Krishna Securities Ltd.,Online Securities Pvt. Ltd.,10,201.3,2013.0,2025-09-03 11:05:12.408808
2025-09-03,67571,2025090301000659,HBL,Shree Krishna Securities Ltd.,Naasa Securities Co. Ltd.,10,201.3,2013.0,2025-09-03 11:05:12.417972
2025-09-03,67569,2025090301000661,HBL,Shree Krishna Securities Ltd.,Vision Securities Pvt. Ltd,10,201.3,2013.0,2025-09-03 11:05:12.789906
2025-09-03,67568,2025090301000662,HBL,Shree Krishna Securities Ltd.,Sundhara Securities Limited,10,201.3,2013.0,2025-09-03 11:05:12.861099
2025-09-03,67566,2025090301000663,HBL,Shree Krishna Securities Ltd.,Aryatara Investment & Securities,10,201.3,2013.0,2025-09-03 11:05:14.126956
2025-09-03,67565,2025090301000664,HBL,Shree Krishna Securities Ltd.,Premier Securities Company Ltd.,10,201.3,2013.0,2025-09-03 11:05:14.180685
2025-09-03,67564,2025090301000665,HBL,Shree Krishna Securities Ltd.,Naasa Securities Co. Ltd.,10,201.3,2013.0,2025-09-03 11:05:14.610874
2025-09-03,67563,2025090301000666,HBL,Shree Krishna Securities Ltd.,Arun Securities (PVT) Ltd.,10,201.3,2013.0,2025-09-03 11:05:14.911635
2025-09-03,67562,2025090301000667,HBL,Shree Krishna Securities Ltd.,Naasa Securities Co. Ltd.,10,201.3,2013.0,2025-09-03 11:05:15.419098
2025-09-03,67559,2025090301000668,HBL,Shree Krishna Securities Ltd.,Naasa Securities Co. Ltd.,10,201.3,2013.0,2025-09-03 11:05:16.348525
2025-09-03,67556,2025090301000669,HBL,Shree Krishna Securities Ltd.,Agrawal Securities (PVT) Ltd.,10,201.3,2013.0,2025-09-03 11:05:16.913157
2025-09-03,67555,2025090301000670,HBL,Shree Krishna Securities Ltd.,Online Securities Pvt. Ltd.,10,201.3,2013.0,2025-09-03 11:05:17.435223
2025-09-03,67554,2025090301000671,HBL,Shree Krishna Securities Ltd.,Dipshikha Dhitopatra Karobar Co. Pvt Ltd.,10,201.3,2013.0,2025-09-03 11:05:17.437461
2025-09-03,67552,2025090301000672,HBL,Shree Krishna Securities Ltd.,Sundhara Securities Limited,10,201.3,2013.0,2025-09-03 11:05:17.873647
2025-09-03,67551,2025090301000673,HBL,Shree Krishna Securities Ltd.,Infinity Securities Limited,10,201.3,2013.0,2025-09-03 11:05:17.966594
2025-09-03,67549,2025090301000674,HBL,Shree Krishna Securities Ltd.,Secured Securities Ltd.,10,201.3,2013.0,2025-09-03 11:05:17.999346
2025-09-03,67548,2025090301000675,HBL,Shree Krishna Securities Ltd.,Secured Securities Ltd.,10,201.3,2013.0,2025-09-03 11:05:18.001617
2025-09-03,67547,2025090301000676,HBL,Shree Krishna Securities Ltd.,Sani Securities Company Ltd.,10,201.3,2013.0,2025-09-03 11:05:18.434004
2025-09-03,67542,2025090301000677,HBL,Shree Krishna Securities Ltd.,Shree Krishna Securities Ltd.,10,201.3,2013.0,2025-09-03 11:05:18.511864
2025-09-03,67539,2025090301000678,HBL,Shree Krishna Securities Ltd.,Naasa Securities Co. Ltd.,10,201.3,2013.0,2025-09-03 11:05:19.646214
2025-09-03,67538,2025090301000679,HBL,Shree Krishna Securities Ltd.,Online Securities Pvt. Ltd.,10,201.3,2013.0,2025-09-03 11:05:19.946481
2025-09-03,67537,2025090301000680,HBL,Shree Krishna Securities Ltd.,Dipshikha Dhitopatra Karobar Co. Pvt Ltd.,10,201.3,2013.0,2025-09-03 11:05:19.948940
2025-09-03,67536,2025090301000681,HBL,Shree Krishna Securities Ltd.,Kumari Securities Private Limited,10,201.3,2013.0,2025-09-03 11:05:21.460323
2025-09-03,67535,2025090301000682,HBL,Shree Krishna Securities Ltd.,Naasa Securities Co. Ltd.,10,201.3,2013.0,2025-09-03 11:05:22.164016
2025-09-03,67534,2025090301000683,HBL,Shree Krishna Securities Ltd.,Secured Securities Ltd.,10,201.3,2013.0,2025-09-03 11:05:22.542047
2025-09-03,67531,2025090301000686,HBL,Shree Krishna Securities Ltd.,Sharepro Securities Private Limited,10,201.3,2013.0,2025-09-03 11:05:23.344290
2025-09-03,67530,2025090301000687,HBL,Shree Krishna Securities Ltd.,Sani Securities Company Ltd.,10,201.3,2013.0,2025-09-03 11:05:23.469265
2025-09-03,67527,2025090301000688,HBL,Shree Krishna Securities Ltd.,Indira securities pvt. ltd,10,201.3,2013.0,2025-09-03 11:05:24.196705
2025-09-03,67526,2025090301000689,HBL,Shree Krishna Securities Ltd.,Kohinoor Investment & Securities Pvt. Ltd.,10,201.3,2013.0,2025-09-03 11:05:24.393109
2025-09-03,67525,2025090301000690,HBL,Shree Krishna Securities Ltd.,Thrive Brokerage House Pvt. Ltd,10,201.3,2013.0,2025-09-03 11:05:24.693497
2025-09-03,67521,2025090301000692,HBL,Thrive Brokerage House Pvt. Ltd,Online Securities Pvt. Ltd.,10,201.3,2013.0,2025-09-03 11:05:24.983368
2025-09-03,67519,2025090301000693,HBL,Thrive Brokerage House Pvt. Ltd,Cristal Kanchanjanga Securites Pvt. Ltd.,10,201.3,2013.0,2025-09-03 11:05:25.619917
2025-09-03,67517,2025090301000694,HBL,Thrive Brokerage House Pvt. Ltd,Naasa Securities Co. Ltd.,10,201.3,2013.0,2025-09-03 11:05:25.875447
2025-09-03,67516,2025090301000695,HBL,Thrive Brokerage House Pvt. Ltd,Neev Securities Pvt. Ltd.,10,201.3,2013.0,2025-09-03 11:05:25.925279
2025-09-03,67506,2025090301000698,HBL,Thrive Brokerage House Pvt. Ltd,Naasa Securities Co. Ltd.,10,201.3,2013.0,2025-09-03 11:05:26.479640
2025-09-03,67505,2025090301000699,HBL,Thrive Brokerage House Pvt. Ltd,Asian Securities Private Ltd.,10,201.3,2013.0,2025-09-03 11:05:26.553806
2025-09-03,67501,2025090301000703,HBL,Thrive Brokerage House Pvt. Ltd,Dipshikha Dhitopatra Karobar Co. Pvt Ltd.,10,201.3,2013.0,2025-09-03 11:05:27.483738
2025-09-03,67500,2025090301000704,HBL,Thrive Brokerage House Pvt. Ltd,Naasa Securities Co. Ltd.,10,201.3,2013.0,2025-09-03 11:05:27.781514
2025-09-03,67498,2025090301000705,HBL,Thrive Brokerage House Pvt. Ltd,Vision Securities Pvt. Ltd,10,201.3,2013.0,2025-09-03 11:05:27.898726
2025-09-03,67497,2025090301000706,HBL,Thrive Brokerage House Pvt. Ltd,Vision Securities Pvt. Ltd,10,201.3,2013.0,2025-09-03 11:05:27.949535
2025-09-03,67496,2025090301000707,HBL,Thrive Brokerage House Pvt. Ltd,Dynamic Money Managers Securities Pvt. Ltd.,10,201.3,2013.0,2025-09-03 11:05:27.996669
2025-09-03,67491,2025090301000712,HBL,Thrive Brokerage House Pvt. Ltd,Neev Securities Pvt. Ltd.,10,201.3,2013.0,2025-09-03 11:05:28.440921
2025-09-03,67487,2025090301000713,HBL,Thrive Brokerage House Pvt. Ltd,Malla & Malla Stock Broking Company Pvt. Limited,10,201.3,2013.0,2025-09-03 11:05:29.823091
2025-09-03,67483,2025090301000715,HBL,Thrive Brokerage House Pvt. Ltd,J.F. Securites (PVT) Ltd.,10,201.3,2013.0,2025-09-03 11:05:31.691562
2025-09-03,67482,2025090301000716,HBL,Thrive Brokerage House Pvt. Ltd,Online Securities Pvt. Ltd.,10,201.3,2013.0,2025-09-03 11:05:32.520616
2025-09-03,67481,2025090301000717,HBL,Kohinoor Investment & Securities Pvt. Ltd.,Online Securities Pvt. Ltd.,10,201.4,2014.0,2025-09-03 11:05:33.564350
2025-09-03,67480,2025090301000718,HBL,Kohinoor Investment & Securities Pvt. Ltd.,Naasa Securities Co. Ltd.,10,201.4,2014.0,2025-09-03 11:05:33.564647
2025-09-03,67479,2025090301000719,HBL,Kohinoor Investment & Securities Pvt. Ltd.,Imperial Securities Company Pvt. Ltd.,10,201.4,2014.0,2025-09-03 11:05:33.564805
2025-09-03,67478,2025090301000720,HBL,Kohinoor Investment & Securities Pvt. Ltd.,Dynamic Money Managers Securities Pvt. Ltd.,10,201.4,2014.0,2025-09-03 11:05:33.564962
2025-09-03,67477,2025090301000721,HBL,Kohinoor Investment & Securities Pvt. Ltd.,Imperial Securities Company Pvt. Ltd.,10,201.4,2014.0,2025-09-03 11:05:33.565127
2025-09-03,67476,2025090301000722,HBL,Kohinoor Investment & Securities Pvt. Ltd.,Sweta Securities Private Limited,10,201.5,2015.0,2025-09-03 11:05:33.565284
2025-09-03,67475,2025090301000723,HBL,Thrive Brokerage House Pvt. Ltd,Sani Securities Company Ltd.,10,201.3,2013.0,2025-09-03 11:05:33.567129
2025-09-03,67474,2025090301000724,HBL,Thrive Brokerage House Pvt. Ltd,ABC Securities Private Limited,10,201.3,2013.0,2025-09-03 11:05:33.637226
2025-09-03,67471,2025090301000727,HBL,Thrive Brokerage House Pvt. Ltd,Neev Securities Pvt. Ltd.,10,201.3,2013.0,2025-09-03 11:05:35.994119
2025-09-03,67470,2025090301000728,HBL,Thrive Brokerage House Pvt. Ltd,Naasa Securities Co. Ltd.,10,201.3,2013.0,2025-09-03 11:05:36.074426
2025-09-03,67466,2025090301000730,HBL,Thrive Brokerage House Pvt. Ltd,Naasa Securities Co. Ltd.,10,201.3,2013.0,2025-09-03 11:05:36.633608
2025-09-03,67464,2025090301000732,HBL,Thrive Brokerage House Pvt. Ltd,Dipshikha Dhitopatra Karobar Co. Pvt Ltd.,10,201.3,2013.0,2025-09-03 11:05:36.877557
2025-09-03,67463,2025090301000733,HBL,Thrive Brokerage House Pvt. Ltd,Naasa Securities Co. Ltd.,10,201.3,2013.0,2025-09-03 11:05:37.370409
2025-09-03,67462,2025090301000734,HBL,Thrive Brokerage House Pvt. Ltd,Kalika Securities Pvt. Ltd.,10,201.3,2013.0,2025-09-03 11:05:37.771343
2025-09-03,67460,2025090301000736,HBL,Thrive Brokerage House Pvt. Ltd,Naasa Securities Co. Ltd.,10,201.3,2013.0,2025-09-03 11:05:39.089196
2025-09-03,67459,2025090301000737,HBL,Thrive Brokerage House Pvt. Ltd,Vision Securities Pvt. Ltd,10,201.3,2013.0,2025-09-03 11:05:39.104157
2025-09-03,67457,2025090301000738,HBL,Thrive Brokerage House Pvt. Ltd,Naasa Securities Co. Ltd.,10,201.3,2013.0,2025-09-03 11:05:40.040495
2025-09-03,67455,2025090301000740,HBL,Thrive Brokerage House Pvt. Ltd,N.I.M.B. Stock Markets Limited,10,201.3,2013.0,2025-09-03 11:05:40.695934
2025-09-03,67454,2025090301000741,HBL,Thrive Brokerage House Pvt. Ltd,Neev Securities Pvt. Ltd.,10,201.3,2013.0,2025-09-03 11:05:41.010619
2025-09-03,67450,2025090301000743,HBL,Thrive Brokerage House Pvt. Ltd,Online Securities Pvt. Ltd.,10,201.3,2013.0,2025-09-03 11:05:42.634896
2025-09-03,67449,2025090301000744,HBL,Thrive Brokerage House Pvt. Ltd,Naasa Securities Co. Ltd.,10,201.3,2013.0,2025-09-03 11:05:43.380871
2025-09-03,67446,2025090301000747,HBL,Thrive Brokerage House Pvt. Ltd,Dipshikha Dhitopatra Karobar Co. Pvt Ltd.,10,201.3,2013.0,2025-09-03 11:05:44.543484
2025-09-03,67443,2025090301000749,HBL,Thrive Brokerage House Pvt. Ltd,Bhrikuti Stock Broking Co. Pvt. Ltd.,10,201.3,2013.0,2025-09-03 11:05:45.648740
2025-09-03,67437,2025090301000750,HBL,Thrive Brokerage House Pvt. Ltd,Naasa Securities Co. Ltd.,10,201.3,2013.0,2025-09-03 11:05:46.031262
2025-09-03,67432,2025090301000754,HBL,Thrive Brokerage House Pvt. Ltd,Aryatara Investment & Securities,10,201.3,2013.0,2025-09-03 11:05:46.802809
2025-09-03,67431,2025090301000755,HBL,Thrive Brokerage House Pvt. Ltd,Dipshikha Dhitopatra Karobar Co. Pvt Ltd.,10,201.3,2013.0,2025-09-03 11:05:47.055856
2025-09-03,67429,2025090301000756,HBL,Thrive Brokerage House Pvt. Ltd,BHOLE GANESH SECURITIES LTD,10,201.3,2013.0,2025-09-03 11:05:48.010550
2025-09-03,67428,2025090301000757,HBL,Thrive Brokerage House Pvt. Ltd,Sewa Securities Pvt. Ltd.,10,201.3,2013.0,2025-09-03 11:05:48.173014
2025-09-03,67426,2025090301000759,HBL,Thrive Brokerage House Pvt. Ltd,Dipshikha Dhitopatra Karobar Co. Pvt Ltd.,10,201.3,2013.0,2025-09-03 11:05:49.820312
2025-09-03,67424,2025090301000761,HBL,Thrive Brokerage House Pvt. Ltd,Online Securities Pvt. Ltd.,10,201.3,2013.0,2025-09-03 11:05:50.168267
2025-09-03,67423,2025090301000762,HBL,Thrive Brokerage House Pvt. Ltd,Investment Management Nepal Pvt. Ltd.,10,201.3,2013.0,2025-09-03 11:05:50.637427
2025-09-03,67417,2025090301000766,HBL,Thrive Brokerage House Pvt. Ltd,Sani Securities Company Ltd.,10,201.3,2013.0,2025-09-03 11:05:51.174404
2025-09-03,67416,2025090301000767,HBL,Thrive Brokerage House Pvt. Ltd,Naasa Securities Co. Ltd.,10,201.3,2013.0,2025-09-03 11:05:51.215317
2025-09-03,67415,2025090301000768,HBL,Thrive Brokerage House Pvt. Ltd,Neev Securities Pvt. Ltd.,10,201.3,2013.0,2025-09-03 11:05:51.276359
2025-09-03,67414,2025090301000769,HBL,Thrive Brokerage House Pvt. Ltd,Kalika Securities Pvt. Ltd.,10,201.3,2013.0,2025-09-03 11:05:52.307442
2025-09-03,67413,2025090301000770,HBL,Thrive Brokerage House Pvt. Ltd,Online Securities Pvt. Ltd.,10,201.3,2013.0,2025-09-03 11:05:52.678365
2025-09-03,67412,2025090301000771,HBL,Thrive Brokerage House Pvt. Ltd,Online Securities Pvt. Ltd.,10,201.3,2013.0,2025-09-03 11:05:52.684863
2025-09-03,67410,2025090301000773,HBL,Thrive Brokerage House Pvt. Ltd,Naasa Securities Co. Ltd.,10,201.3,2013.0,2025-09-03 11:05:53.432033
2025-09-03,67405,2025090301000775,HBL,Thrive Brokerage House Pvt. Ltd,Naasa Securities Co. Ltd.,10,201.3,2013.0,2025-09-03 11:05:55.048899
2025-09-03,67401,2025090301000779,HBL,Thrive Brokerage House Pvt. Ltd,Bhrikuti Stock Broking Co. Pvt. Ltd.,10,201.3,2013.0,2025-09-03 11:05:55.676441
2025-09-03,67399,2025090301000780,HBL,Thrive Brokerage House Pvt. Ltd,Premier Securities Company Ltd.,10,201.3,2013.0,2025-09-03 11:05:56.824990
2025-09-03,67398,2025090301000781,HBL,Thrive Brokerage House Pvt. Ltd,Vision Securities Pvt. Ltd,10,201.3,2013.0,2025-09-03 11:05:56.835882
2025-09-03,67397,2025090301000782,HBL,Thrive Brokerage House Pvt. Ltd,Naasa Securities Co. Ltd.,10,201.3,2013.0,2025-09-03 11:05:56.855594
2025-09-03,67396,2025090301000783,HBL,Thrive Brokerage House Pvt. Ltd,Dipshikha Dhitopatra Karobar Co. Pvt Ltd.,10,201.3,2013.0,2025-09-03 11:05:57.217356
2025-09-03,67393,2025090301000785,HBL,Thrive Brokerage House Pvt. Ltd,Naasa Securities Co. Ltd.,10,201.3,2013.0,2025-09-03 11:05:58.073670
2025-09-03,67391,2025090301000787,HBL,Thrive Brokerage House Pvt. Ltd,Premier Securities Company Ltd.,10,201.3,2013.0,2025-09-03 11:05:59.352369
2025-09-03,67389,2025090301000788,HBL,Thrive Brokerage House Pvt. Ltd,Online Securities Pvt. Ltd.,10,201.3,2013.0,2025-09-03 11:06:00.237643
2025-09-03,67388,2025090301000789,HBL,Thrive Brokerage House Pvt. Ltd,Trishakti Securities Public Limited,10,201.3,2013.0,2025-09-03 11:06:00.739759
2025-09-03,67387,2025090301000790,HBL,Thrive Brokerage House Pvt. Ltd,Opal Securities Investment (PVT) Ltd.,10,201.3,2013.0,2025-09-03 11:06:01.451258
2025-09-03,67384,2025090301000792,HBL,Thrive Brokerage House Pvt. Ltd,Neev Securities Pvt. Ltd.,10,201.3,2013.0,2025-09-03 11:06:03.848718
2025-09-03,67378,2025090301000793,HBL,Thrive Brokerage House Pvt. Ltd,Dipshikha Dhitopatra Karobar Co. Pvt Ltd.,10,201.3,2013.0,2025-09-03 11:06:04.796048
2025-09-03,67377,2025090301000794,HBL,Thrive Brokerage House Pvt. Ltd,Naasa Securities Co. Ltd.,10,201.3,2013.0,2025-09-03 11:06:05.436360
2025-09-03,67376,2025090301000795,HBL,Thrive Brokerage House Pvt. Ltd,Oxford Securities Pvt. Ltd.,10,201.3,2013.0,2025-09-03 11:06:05.644617
2025-09-03,67369,2025090301000799,HBL,Thrive Brokerage House Pvt. Ltd,Naasa Securities Co. Ltd.,10,201.3,2013.0,2025-09-03 11:06:06.848799
2025-09-03,67367,2025090301000801,HBL,Thrive Brokerage House Pvt. Ltd,Aryatara Investment & Securities,10,201.3,2013.0,2025-09-03 11:06:07.016183
2025-09-03,67366,2025090301000802,HBL,Thrive Brokerage House Pvt. Ltd,Sewa Securities Pvt. Ltd.,10,201.3,2013.0,2025-09-03 11:06:08.260681
2025-09-03,67364,2025090301000803,HBL,Thrive Brokerage House Pvt. Ltd,Kohinoor Investment & Securities Pvt. Ltd.,10,201.3,2013.0,2025-09-03 11:06:08.896578
2025-09-03,67362,2025090301000804,HBL,Thrive Brokerage House Pvt. Ltd,Dipshikha Dhitopatra Karobar Co. Pvt Ltd.,10,201.3,2013.0,2025-09-03 11:06:09.821704
2025-09-03,67361,2025090301000805,HBL,Thrive Brokerage House Pvt. Ltd,Online Securities Pvt. Ltd.,10,201.3,2013.0,2025-09-03 11:06:10.276091
2025-09-03,67360,2025090301000806,HBL,Thrive Brokerage House Pvt. Ltd,Bhrikuti Stock Broking Co. Pvt. Ltd.,10,201.3,2013.0,2025-09-03 11:06:10.756073
2025-09-03,67356,2025090301000808,HBL,Thrive Brokerage House Pvt. Ltd,Cristal Kanchanjanga Securites Pvt. Ltd.,10,201.3,2013.0,2025-09-03 11:06:10.763982
2025-09-03,67349,2025090301000811,HBL,Thrive Brokerage House Pvt. Ltd,Naasa Securities Co. Ltd.,10,201.3,2013.0,2025-09-03 11:06:12.575628
2025-09-03,67344,2025090301000812,HBL,Thrive Brokerage House Pvt. Ltd,Naasa Securities Co. Ltd.,10,201.3,2013.0,2025-09-03 11:06:12.647947
2025-09-03,67343,2025090301000813,HBL,Thrive Brokerage House Pvt. Ltd,Online Securities Pvt. Ltd.,10,201.3,2013.0,2025-09-03 11:06:12.782985
2025-09-03,67342,2025090301000814,HBL,Thrive Brokerage House Pvt. Ltd,Hatemalo Financial Services Private Limited,10,201.3,2013.0,2025-09-03 11:06:12.846169
2025-09-03,67341,2025090301000815,HBL,Thrive Brokerage House Pvt. Ltd,Trishakti Securities Public Limited,10,201.3,2013.0,2025-09-03 11:06:13.282620
2025-09-03,67338,2025090301000818,HBL,Thrive Brokerage House Pvt. Ltd,Naasa Securities Co. Ltd.,10,201.3,2013.0,2025-09-03 11:06:14.537164
2025-09-03,67337,2025090301000819,HBL,Thrive Brokerage House Pvt. Ltd,Agrawal Securities (PVT) Ltd.,10,201.3,2013.0,2025-09-03 11:06:14.693012
2025-09-03,67336,2025090301000820,HBL,Thrive Brokerage House Pvt. Ltd,Dipshikha Dhitopatra Karobar Co. Pvt Ltd.,10,201.3,2013.0,2025-09-03 11:06:14.831592
2025-09-03,67335,2025090301000821,HBL,Thrive Brokerage House Pvt. Ltd,Dipshikha Dhitopatra Karobar Co. Pvt Ltd.,10,201.3,2013.0,2025-09-03 11:06:14.834907
2025-09-03,67333,2025090301000823,HBL,Thrive Brokerage House Pvt. Ltd,Naasa Securities Co. Ltd.,10,201.3,2013.0,2025-09-03 11:06:15.278133
2025-09-03,67332,2025090301000824,HBL,Thrive Brokerage House Pvt. Ltd,Sundhara Securities Limited,10,201.3,2013.0,2025-09-03 11:06:15.624365
2025-09-03,67328,2025090301000825,HBL,Thrive Brokerage House Pvt. Ltd,Neev Securities Pvt. Ltd.,10,201.3,2013.0,2025-09-03 11:06:16.478136
2025-09-03,67326,2025090301000826,HBL,Thrive Brokerage House Pvt. Ltd,Naasa Securities Co. Ltd.,10,201.3,2013.0,2025-09-03 11:06:16.784137
2025-09-03,67325,2025090301000827,HBL,Thrive Brokerage House Pvt. Ltd,Secured Securities Ltd.,10,201.3,2013.0,2025-09-03 11:06:17.149012
2025-09-03,67323,2025090301000829,HBL,Thrive Brokerage House Pvt. Ltd,Dipshikha Dhitopatra Karobar Co. Pvt Ltd.,10,201.3,2013.0,2025-09-03 11:06:17.453180
2025-09-03,67322,2025090301000830,HBL,Thrive Brokerage House Pvt. Ltd,Capital Max Securities Ltd,10,201.3,2013.0,2025-09-03 11:06:18.517690
2025-09-03,67320,2025090301000831,HBL,Thrive Brokerage House Pvt. Ltd,Opal Securities Investment (PVT) Ltd.,10,201.3,2013.0,2025-09-03 11:06:18.993501
2025-09-03,67319,2025090301000832,HBL,Thrive Brokerage House Pvt. Ltd,Naasa Securities Co. Ltd.,10,201.3,2013.0,2025-09-03 11:06:20.353313
2025-09-03,67317,2025090301000834,HBL,Thrive Brokerage House Pvt. Ltd,Miyo Securities Pvt Ltd,10,201.3,2013.0,2025-09-03 11:06:21.457107
2025-09-03,67312,2025090301000839,HBL,Thrive Brokerage House Pvt. Ltd,Online Securities Pvt. Ltd.,10,201.3,2013.0,2025-09-03 11:06:22.843014
2025-09-03,67310,2025090301000840,HBL,Thrive Brokerage House Pvt. Ltd,Sani Securities Company Ltd.,10,201.3,2013.0,2025-09-03 11:06:23.927934
2025-09-03,67308,2025090301000842,HBL,Thrive Brokerage House Pvt. Ltd,Indira securities pvt. ltd,10,201.3,2013.0,2025-09-03 11:06:24.271314
2025-09-03,67307,2025090301000843,HBL,Thrive Brokerage House Pvt. Ltd,Dynamic Money Managers Securities Pvt. Ltd.,10,201.3,2013.0,2025-09-03 11:06:25.032987
2025-09-03,67303,2025090301000844,HBL,Thrive Brokerage House Pvt. Ltd,Imperial Securities Company Pvt. Ltd.,10,201.3,2013.0,2025-09-03 11:06:25.999929
2025-09-03,67302,2025090301000845,HBL,Thrive Brokerage House Pvt. Ltd,Imperial Securities Company Pvt. Ltd.,10,201.3,2013.0,2025-09-03 11:06:26.002647
2025-09-03,67299,2025090301000847,HBL,Thrive Brokerage House Pvt. Ltd,Kohinoor Investment & Securities Pvt. Ltd.,10,201.3,2013.0,2025-09-03 11:06:26.497442
2025-09-03,67292,2025090301000852,HBL,Thrive Brokerage House Pvt. Ltd,Sri Hari Securities Pvt. Ltd.,10,201.3,2013.0,2025-09-03 11:06:26.978854
2025-09-03,67290,2025090301000853,HBL,Thrive Brokerage House Pvt. Ltd,Online Securities Pvt. Ltd.,10,201.3,2013.0,2025-09-03 11:06:27.872488
2025-09-03,67288,2025090301000854,HBL,Thrive Brokerage House Pvt. Ltd,Oxford Securities Pvt. Ltd.,10,201.3,2013.0,2025-09-03 11:06:28.198057
2025-09-03,67287,2025090301000855,HBL,Thrive Brokerage House Pvt. Ltd,Nepal Investment And Securities Trading Private Limited,10,201.3,2013.0,2025-09-03 11:06:28.994519
2025-09-03,67273,2025090301000869,HBL,Vision Securities Pvt. Ltd,J.F. Securites (PVT) Ltd.,10,201.3,2013.0,2025-09-03 11:06:29.410594
2025-09-03,67272,2025090301000870,HBL,Vision Securities Pvt. Ltd,Vision Securities Pvt. Ltd,10,201.3,2013.0,2025-09-03 11:06:29.560577
2025-09-03,67271,2025090301000871,HBL,Vision Securities Pvt. Ltd,Linch Stock Market Ltd.,10,201.3,2013.0,2025-09-03 11:06:30.073656
2025-09-03,67270,2025090301000872,HBL,Vision Securities Pvt. Ltd,Investment Management Nepal Pvt. Ltd.,10,201.3,2013.0,2025-09-03 11:06:30.755675
2025-09-03,67269,2025090301000873,HBL,Vision Securities Pvt. Ltd,Opal Securities Investment (PVT) Ltd.,10,201.3,2013.0,2025-09-03 11:06:31.540102
2025-09-03,67264,2025090301000877,HBL,Vision Securities Pvt. Ltd,Online Securities Pvt. Ltd.,10,201.3,2013.0,2025-09-03 11:06:32.946655
2025-09-03,67263,2025090301000878,HBL,Vision Securities Pvt. Ltd,Online Securities Pvt. Ltd.,10,201.3,2013.0,2025-09-03 11:06:32.956339
2025-09-03,67261,2025090301000880,HBL,Vision Securities Pvt. Ltd,Naasa Securities Co. Ltd.,10,201.3,2013.0,2025-09-03 11:06:33.298295
2025-09-03,67260,2025090301000881,HBL,Vision Securities Pvt. Ltd,Naasa Securities Co. Ltd.,10,201.3,2013.0,2025-09-03 11:06:33.372198
2025-09-03,67258,2025090301000883,HBL,Vision Securities Pvt. Ltd,Opal Securities Investment (PVT) Ltd.,10,201.3,2013.0,2025-09-03 11:06:34.055220
2025-09-03,67251,2025090301000889,HBL,Dipshikha Dhitopatra Karobar Co. Pvt Ltd.,Imperial Securities Company Pvt. Ltd.,10,201.2,2012.0,2025-09-03 11:06:36.073386
2025-09-03,67250,2025090301000890,HBL,Kohinoor Investment & Securities Pvt. Ltd.,Agrawal Securities (PVT) Ltd.,10,201.3,2013.0,2025-09-03 11:06:36.545220
2025-09-03,67249,2025090301000891,HBL,Kohinoor Investment & Securities Pvt. Ltd.,Dipshikha Dhitopatra Karobar Co. Pvt Ltd.,10,201.3,2013.0,2025-09-03 11:06:36.545555
2025-09-03,67248,2025090301000892,HBL,Kohinoor Investment & Securities Pvt. Ltd.,Online Securities Pvt. Ltd.,10,201.3,2013.0,2025-09-03 11:06:36.545808
2025-09-03,67247,2025090301000893,HBL,Kohinoor Investment & Securities Pvt. Ltd.,Naasa Securities Co. Ltd.,10,201.3,2013.0,2025-09-03 11:06:36.546044
2025-09-03,67246,2025090301000894,HBL,Kohinoor Investment & Securities Pvt. Ltd.,Aryatara Investment & Securities,10,201.3,2013.0,2025-09-03 11:06:37.352592
2025-09-03,67244,2025090301000896,HBL,Kohinoor Investment & Securities Pvt. Ltd.,Naasa Securities Co. Ltd.,10,201.3,2013.0,2025-09-03 11:06:38.039266
2025-09-03,67241,2025090301000897,HBL,Kohinoor Investment & Securities Pvt. Ltd.,Naasa Securities Co. Ltd.,10,201.3,2013.0,2025-09-03 11:06:39.254279
2025-09-03,67240,2025090301000898,HBL,Kohinoor Investment & Securities Pvt. Ltd.,Vision Securities Pvt. Ltd,10,201.3,2013.0,2025-09-03 11:06:39.634864
2025-09-03,67237,2025090301000900,HBL,Kohinoor Investment & Securities Pvt. Ltd.,Naasa Securities Co. Ltd.,10,201.3,2013.0,2025-09-03 11:06:40.105533
2025-09-03,67236,2025090301000901,HBL,Kohinoor Investment & Securities Pvt. Ltd.,Naasa Securities Co. Ltd.,10,201.3,2013.0,2025-09-03 11:06:40.547197
2025-09-03,67234,2025090301000902,HBL,Kohinoor Investment & Securities Pvt. Ltd.,Sewa Securities Pvt. Ltd.,10,201.3,2013.0,2025-09-03 11:06:40.914839
2025-09-03,67233,2025090301000903,HBL,Kohinoor Investment & Securities Pvt. Ltd.,Shree Krishna Securities Ltd.,10,201.3,2013.0,2025-09-03 11:06:41.246424
2025-09-03,67232,2025090301000904,HBL,Kohinoor Investment & Securities Pvt. Ltd.,Neev Securities Pvt. Ltd.,10,201.3,2013.0,2025-09-03 11:06:41.530340
2025-09-03,67226,2025090301000906,HBL,Kohinoor Investment & Securities Pvt. Ltd.,Dipshikha Dhitopatra Karobar Co. Pvt Ltd.,10,201.3,2013.0,2025-09-03 11:06:45.437405
2025-09-03,67225,2025090301000907,HBL,Kohinoor Investment & Securities Pvt. Ltd.,Naasa Securities Co. Ltd.,10,201.3,2013.0,2025-09-03 11:06:45.579287
2025-09-03,67224,2025090301000908,HBL,Kohinoor Investment & Securities Pvt. Ltd.,Naasa Securities Co. Ltd.,10,201.3,2013.0,2025-09-03 11:06:45.588645
2025-09-03,67223,2025090301000909,HBL,Kohinoor Investment & Securities Pvt. Ltd.,Online Securities Pvt. Ltd.,10,201.3,2013.0,2025-09-03 11:06:45.677789
2025-09-03,67216,2025090301000913,HBL,Kohinoor Investment & Securities Pvt. Ltd.,Naasa Securities Co. Ltd.,10,201.3,2013.0,2025-09-03 11:06:47.350205
2025-09-03,67214,2025090301000914,HBL,Kohinoor Investment & Securities Pvt. Ltd.,Naasa Securities Co. Ltd.,10,201.3,2013.0,2025-09-03 11:06:47.798386
2025-09-03,67213,2025090301000915,HBL,Kohinoor Investment & Securities Pvt. Ltd.,Naasa Securities Co. Ltd.,10,201.3,2013.0,2025-09-03 11:06:48.184416
2025-09-03,67212,2025090301000916,HBL,Kohinoor Investment & Securities Pvt. Ltd.,Online Securities Pvt. Ltd.,10,201.3,2013.0,2025-09-03 11:06:48.198494
2025-09-03,67210,2025090301000917,HBL,Kohinoor Investment & Securities Pvt. Ltd.,Imperial Securities Company Pvt. Ltd.,10,201.3,2013.0,2025-09-03 11:06:48.748943
2025-09-03,67207,2025090301000919,HBL,Kohinoor Investment & Securities Pvt. Ltd.,Neev Securities Pvt. Ltd.,10,201.3,2013.0,2025-09-03 11:06:49.082289
2025-09-03,67206,2025090301000920,HBL,Kohinoor Investment & Securities Pvt. Ltd.,Global IME Securities Limited,10,201.3,2013.0,2025-09-03 11:06:49.256197
2025-09-03,67204,2025090301000922,HBL,Kohinoor Investment & Securities Pvt. Ltd.,Naasa Securities Co. Ltd.,10,201.3,2013.0,2025-09-03 11:06:50.116696
2025-09-03,67202,2025090301000924,HBL,Kohinoor Investment & Securities Pvt. Ltd.,Naasa Securities Co. Ltd.,10,201.3,2013.0,2025-09-03 11:06:50.692840
2025-09-03,67201,2025090301000925,HBL,Kohinoor Investment & Securities Pvt. Ltd.,Kalika Securities Pvt. Ltd.,10,201.3,2013.0,2025-09-03 11:06:51.232892
2025-09-03,67199,2025090301000926,HBL,Kohinoor Investment & Securities Pvt. Ltd.,Dynamic Money Managers Securities Pvt. Ltd.,10,201.3,2013.0,2025-09-03 11:06:51.798972
2025-09-03,67196,2025090301000927,HBL,Kohinoor Investment & Securities Pvt. Ltd.,Vision Securities Pvt. Ltd,10,201.3,2013.0,2025-09-03 11:06:52.206060
2025-09-03,67193,2025090301000928,HBL,Kohinoor Investment & Securities Pvt. Ltd.,Malla & Malla Stock Broking Company Pvt. Limited,10,201.3,2013.0,2025-09-03 11:06:52.462461
2025-09-03,67191,2025090301000929,HBL,Kohinoor Investment & Securities Pvt. Ltd.,Online Securities Pvt. Ltd.,10,201.3,2013.0,2025-09-03 11:06:53.239194
2025-09-03,67190,2025090301000930,HBL,Kohinoor Investment & Securities Pvt. Ltd.,Online Securities Pvt. Ltd.,10,201.3,2013.0,2025-09-03 11:06:53.241697
2025-09-03,67189,2025090301000931,HBL,Kohinoor Investment & Securities Pvt. Ltd.,Kohinoor Investment & Securities Pvt. Ltd.,10,201.3,2013.0,2025-09-03 11:06:54.138713
2025-09-03,67188,2025090301000932,HBL,Kohinoor Investment & Securities Pvt. Ltd.,Naasa Securities Co. Ltd.,10,201.3,2013.0,2025-09-03 11:06:54.331505
2025-09-03,67187,2025090301000933,HBL,Kohinoor Investment & Securities Pvt. Ltd.,Vision Securities Pvt. Ltd,10,201.3,2013.0,2025-09-03 11:06:54.712281
2025-09-03,67183,2025090301000934,HBL,Kohinoor Investment & Securities Pvt. Ltd.,SHUBHAKAMANA SECURITIES PVT. LTD,10,201.3,2013.0,2025-09-03 11:06:55.572620
2025-09-03,67181,2025090301000935,HBL,Kohinoor Investment & Securities Pvt. Ltd.,KALASH STOCK MARKET PVT. LTD.,10,201.3,2013.0,2025-09-03 11:06:55.789390
2025-09-03,67180,2025090301000936,HBL,Kohinoor Investment & Securities Pvt. Ltd.,Asian Securities Private Ltd.,10,201.3,2013.0,2025-09-03 11:06:57.005060
2025-09-03,67176,2025090301000938,HBL,Kohinoor Investment & Securities Pvt. Ltd.,Dipshikha Dhitopatra Karobar Co. Pvt Ltd.,10,201.3,2013.0,2025-09-03 11:07:00.572168
2025-09-03,67175,2025090301000939,HBL,Kohinoor Investment & Securities Pvt. Ltd.,Bhrikuti Stock Broking Co. Pvt. Ltd.,10,201.3,2013.0,2025-09-03 11:07:00.903853
2025-09-03,67172,2025090301000940,HBL,Dipshikha Dhitopatra Karobar Co. Pvt Ltd.,Imperial Securities Company Pvt. Ltd.,10,201.2,2012.0,2025-09-03 11:07:01.347586
2025-09-03,67167,2025090301000945,HBL,Dipshikha Dhitopatra Karobar Co. Pvt Ltd.,Kalika Securities Pvt. Ltd.,10,201.2,2012.0,2025-09-03 11:07:02.695846
2025-09-03,67166,2025090301000946,HBL,Dipshikha Dhitopatra Karobar Co. Pvt Ltd.,Sani Securities Company Ltd.,10,201.2,2012.0,2025-09-03 11:07:04.161055
2025-09-03,67157,2025090301000951,HBL,Dipshikha Dhitopatra Karobar Co. Pvt Ltd.,Imperial Securities Company Pvt. Ltd.,10,201.2,2012.0,2025-09-03 11:07:06.584558
2025-09-03,67153,2025090301000954,HBL,Dipshikha Dhitopatra Karobar Co. Pvt Ltd.,Dipshikha Dhitopatra Karobar Co. Pvt Ltd.,10,201.2,2012.0,2025-09-03 11:07:08.158014
2025-09-03,67150,2025090301000955,HBL,Dipshikha Dhitopatra Karobar Co. Pvt Ltd.,Online Securities Pvt. Ltd.,10,201.2,2012.0,2025-09-03 11:07:08.318383
2025-09-03,67149,2025090301000956,HBL,Dipshikha Dhitopatra Karobar Co. Pvt Ltd.,Naasa Securities Co. Ltd.,10,201.2,2012.0,2025-09-03 11:07:08.321203
2025-09-03,67148,2025090301000957,HBL,Dipshikha Dhitopatra Karobar Co. Pvt Ltd.,Trishakti Securities Public Limited,10,201.2,2012.0,2025-09-03 11:07:08.455882
2025-09-03,67146,2025090301000958,HBL,Shree Krishna Securities Ltd.,Imperial Securities Company Pvt. Ltd.,10,201.1,2011.0,2025-09-03 11:07:08.923406
2025-09-03,67143,2025090301000959,HBL,Shree Krishna Securities Ltd.,Dipshikha Dhitopatra Karobar Co. Pvt Ltd.,10,201.1,2011.0,2025-09-03 11:07:10.734910
2025-09-03,67132,2025090301000962,HBL,Shree Krishna Securities Ltd.,Kohinoor Investment & Securities Pvt. Ltd.,10,201.1,2011.0,2025-09-03 11:07:11.736070
2025-09-03,67128,2025090301000966,HBL,Shree Krishna Securities Ltd.,Naasa Securities Co. Ltd.,10,201.1,2011.0,2025-09-03 11:07:13.442560
2025-09-03,67127,2025090301000967,HBL,Shree Krishna Securities Ltd.,Naasa Securities Co. Ltd.,10,201.1,2011.0,2025-09-03 11:07:13.932774
2025-09-03,67121,2025090301000973,HBL,Shree Krishna Securities Ltd.,Sani Securities Company Ltd.,10,201.1,2011.0,2025-09-03 11:07:14.273117
2025-09-03,67114,2025090301000977,HBL,Shree Krishna Securities Ltd.,Kohinoor Investment & Securities Pvt. Ltd.,10,201.1,2011.0,2025-09-03 11:07:16.749077
2025-09-03,67108,2025090301000980,HBL,Shree Krishna Securities Ltd.,Online Securities Pvt. Ltd.,10,201.1,2011.0,2025-09-03 11:07:18.518464
2025-09-03,67107,2025090301000981,HBL,Shree Krishna Securities Ltd.,Imperial Securities Company Pvt. Ltd.,10,201.1,2011.0,2025-09-03 11:07:19.024052
2025-09-03,67105,2025090301000983,HBL,Shree Krishna Securities Ltd.,Kohinoor Investment & Securities Pvt. Ltd.,10,201.1,2011.0,2025-09-03 11:07:19.255943
2025-09-03,67097,2025090301000988,HBL,Shree Krishna Securities Ltd.,Naasa Securities Co. Ltd.,10,201.1,2011.0,2025-09-03 11:07:19.703479
2025-09-03,67094,2025090301000990,HBL,Shree Krishna Securities Ltd.,Naasa Securities Co. Ltd.,10,201.1,2011.0,2025-09-03 11:07:21.252951
2025-09-03,67088,2025090301000992,HBL,Naasa Securities Co. Ltd.,Naasa Securities Co. Ltd.,10,201.2,2012.0,2025-09-03 11:07:22.864880
2025-09-03,67087,2025090301000993,HBL,Shree Krishna Securities Ltd.,Naasa Securities Co. Ltd.,10,201.1,2011.0,2025-09-03 11:07:23.581716
2025-09-03,67084,2025090301000995,HBL,Shree Krishna Securities Ltd.,Kohinoor Investment & Securities Pvt. Ltd.,10,201.1,2011.0,2025-09-03 11:07:24.304172
2025-09-03,67078,2025090301001001,HBL,Sumeru Securities Pvt. Ltd.,Arun Securities (PVT) Ltd.,10,201.2,2012.0,2025-09-03 11:07:24.675779
2025-09-03,67077,2025090301001002,HBL,Sumeru Securities Pvt. Ltd.,Naasa Securities Co. Ltd.,10,201.2,2012.0,2025-09-03 11:07:24.676171
2025-09-03,67076,2025090301001003,HBL,Sumeru Securities Pvt. Ltd.,Vision Securities Pvt. Ltd,10,201.2,2012.0,2025-09-03 11:07:24.971776
2025-09-03,67075,2025090301001004,HBL,Sumeru Securities Pvt. Ltd.,Aryatara Investment & Securities,10,201.2,2012.0,2025-09-03 11:07:25.241940
2025-09-03,67074,2025090301001005,HBL,Sumeru Securities Pvt. Ltd.,Nepal Stock House (PVT) Ltd.,10,201.2,2012.0,2025-09-03 11:07:25.553095
2025-09-03,67073,2025090301001006,HBL,Sumeru Securities Pvt. Ltd.,Online Securities Pvt. Ltd.,10,201.2,2012.0,2025-09-03 11:07:26.050231
2025-09-03,67072,2025090301001007,HBL,Sumeru Securities Pvt. Ltd.,Online Securities Pvt. Ltd.,10,201.2,2012.0,2025-09-03 11:07:26.052897
2025-09-03,67070,2025090301001009,HBL,Sumeru Securities Pvt. Ltd.,Naasa Securities Co. Ltd.,10,201.2,2012.0,2025-09-03 11:07:26.112682
2025-09-03,67069,2025090301001010,HBL,Sumeru Securities Pvt. Ltd.,Imperial Securities Company Pvt. Ltd.,10,201.2,2012.0,2025-09-03 11:07:26.627593
2025-09-03,67068,2025090301001011,HBL,Sumeru Securities Pvt. Ltd.,Neev Securities Pvt. Ltd.,10,201.2,2012.0,2025-09-03 11:07:26.738763
2025-09-03,67066,2025090301001012,HBL,Sumeru Securities Pvt. Ltd.,Asian Securities Private Ltd.,10,201.2,2012.0,2025-09-03 11:07:27.137847
2025-09-03,67057,2025090301001019,HBL,Sumeru Securities Pvt. Ltd.,Sanima Securities Limited,10,201.2,2012.0,2025-09-03 11:07:28.952967
2025-09-03,67056,2025090301001020,HBL,Sumeru Securities Pvt. Ltd.,Opal Securities Investment (PVT) Ltd.,10,201.2,2012.0,2025-09-03 11:07:29.184600
2025-09-03,67054,2025090301001022,HBL,Sumeru Securities Pvt. Ltd.,Sri Hari Securities Pvt. Ltd.,10,201.2,2012.0,2025-09-03 11:07:30.121490
2025-09-03,67053,2025090301001023,HBL,Sumeru Securities Pvt. Ltd.,Aryatara Investment & Securities,10,201.2,2012.0,2025-09-03 11:07:30.429300
2025-09-03,67043,2025090301001031,HBL,Sumeru Securities Pvt. Ltd.,Trishakti Securities Public Limited,10,201.2,2012.0,2025-09-03 11:07:33.536060
2025-09-03,67041,2025090301001033,HBL,Sumeru Securities Pvt. Ltd.,Nepal Investment And Securities Trading Private Limited,10,201.2,2012.0,2025-09-03 11:07:34.169754
2025-09-03,67040,2025090301001034,HBL,Sumeru Securities Pvt. Ltd.,Naasa Securities Co. Ltd.,10,201.2,2012.0,2025-09-03 11:07:34.454138
2025-09-03,67039,2025090301001035,HBL,Sumeru Securities Pvt. Ltd.,N.I.M.B. Stock Markets Limited,10,201.2,2012.0,2025-09-03 11:07:34.818184
2025-09-03,67038,2025090301001036,HBL,Sumeru Securities Pvt. Ltd.,Linch Stock Market Ltd.,10,201.2,2012.0,2025-09-03 11:07:35.325903
2025-09-03,67034,2025090301001038,HBL,Vision Securities Pvt. Ltd,Kohinoor Investment & Securities Pvt. Ltd.,10,201.2,2012.0,2025-09-03 11:07:37.618937
2025-09-03,67033,2025090301001039,HBL,Vision Securities Pvt. Ltd,Asian Securities Private Ltd.,10,201.2,2012.0,2025-09-03 11:07:37.619795
2025-09-03,67032,2025090301001040,HBL,Vision Securities Pvt. Ltd,Malla & Malla Stock Broking Company Pvt. Limited,10,201.2,2012.0,2025-09-03 11:07:37.620472
2025-09-03,67028,2025090301001042,HBL,Vision Securities Pvt. Ltd,Bhrikuti Stock Broking Co. Pvt. Ltd.,10,201.2,2012.0,2025-09-03 11:07:38.519616
2025-09-03,67027,2025090301001043,HBL,Vision Securities Pvt. Ltd,Nepal Stock House (PVT) Ltd.,10,201.2,2012.0,2025-09-03 11:07:38.675214
2025-09-03,67026,2025090301001044,HBL,Vision Securities Pvt. Ltd,Naasa Securities Co. Ltd.,10,201.2,2012.0,2025-09-03 11:07:38.708107
2025-09-03,67018,2025090301001047,HBL,Vision Securities Pvt. Ltd,Global IME Securities Limited,10,201.2,2012.0,2025-09-03 11:07:41.829979
2025-09-03,67017,2025090301001048,HBL,Vision Securities Pvt. Ltd,R.B.B. Securities Company Ltd,10,201.2,2012.0,2025-09-03 11:07:41.988089
2025-09-03,67013,2025090301001050,HBL,Shree Krishna Securities Ltd.,Naasa Securities Co. Ltd.,10,201.1,2011.0,2025-09-03 11:07:43.156077
2025-09-03,67010,2025090301001051,HBL,Shree Krishna Securities Ltd.,Vision Securities Pvt. Ltd,10,201.1,2011.0,2025-09-03 11:07:45.167095
2025-09-03,67006,2025090301001053,HBL,Shree Krishna Securities Ltd.,Trishakti Securities Public Limited,10,201.1,2011.0,2025-09-03 11:07:46.076300
2025-09-03,67005,2025090301001054,HBL,Shree Krishna Securities Ltd.,Naasa Securities Co. Ltd.,10,201.1,2011.0,2025-09-03 11:07:46.245769
2025-09-03,66986,2025090301001068,HBL,Shree Krishna Securities Ltd.,Nepal Investment And Securities Trading Private Limited,10,201.1,2011.0,2025-09-03 11:07:49.253188
2025-09-03,66983,2025090301001069,HBL,Shree Krishna Securities Ltd.,Imperial Securities Company Pvt. Ltd.,10,201.1,2011.0,2025-09-03 11:07:49.292116
2025-09-03,66981,2025090301001070,HBL,Shree Krishna Securities Ltd.,Dakshinkali Investment & Securities Pvt. Ltd.,495,201.1,99544.5,2025-09-03 11:07:49.795833
2025-09-03,66980,2025090301001071,HBL,Shree Krishna Securities Ltd.,Vision Securities Pvt. Ltd,10,201.1,2011.0,2025-09-03 11:07:50.203706
2025-09-03,66978,2025090301001072,HBL,Shree Krishna Securities Ltd.,Naasa Securities Co. Ltd.,10,201.1,2011.0,2025-09-03 11:07:50.428315
2025-09-03,66977,2025090301001073,HBL,Shree Krishna Securities Ltd.,Bhrikuti Stock Broking Co. Pvt. Ltd.,10,201.1,2011.0,2025-09-03 11:07:51.047684
2025-09-03,66976,2025090301001074,HBL,Shree Krishna Securities Ltd.,Naasa Securities Co. Ltd.,10,201.1,2011.0,2025-09-03 11:07:51.274579
2025-09-03,66973,2025090301001075,HBL,Shree Krishna Securities Ltd.,Global IME Securities Limited,10,201.1,2011.0,2025-09-03 11:07:51.850098
2025-09-03,66969,2025090301001076,HBL,Shree Krishna Securities Ltd.,Dipshikha Dhitopatra Karobar Co. Pvt Ltd.,10,201.1,2011.0,2025-09-03 11:07:53.556376
2025-09-03,66967,2025090301001078,HBL,Naasa Securities Co. Ltd.,Sani Securities Company Ltd.,10,201.2,2012.0,2025-09-03 11:07:53.797060
2025-09-03,66966,2025090301001079,HBL,Naasa Securities Co. Ltd.,Online Securities Pvt. Ltd.,10,201.2,2012.0,2025-09-03 11:07:53.797457
2025-09-03,66965,2025090301001080,HBL,Shree Krishna Securities Ltd.,Naasa Securities Co. Ltd.,10,201.1,2011.0,2025-09-03 11:07:53.803883
2025-09-03,66964,2025090301001081,HBL,Shree Krishna Securities Ltd.,Ashutosh Brokerage & Securities (PVT) Ltd.,10,201.1,2011.0,2025-09-03 11:07:54.459509
2025-09-03,66959,2025090301001082,HBL,Shree Krishna Securities Ltd.,Kumari Securities Private Limited,10,201.1,2011.0,2025-09-03 11:07:54.815575
2025-09-03,66957,2025090301001083,HBL,Shree Krishna Securities Ltd.,Dynamic Money Managers Securities Pvt. Ltd.,10,201.1,2011.0,2025-09-03 11:07:55.818070
2025-09-03,66956,2025090301001084,HBL,Shree Krishna Securities Ltd.,Bhrikuti Stock Broking Co. Pvt. Ltd.,10,201.1,2011.0,2025-09-03 11:07:56.071737
2025-09-03,66955,2025090301001085,HBL,Shree Krishna Securities Ltd.,Naasa Securities Co. Ltd.,10,201.1,2011.0,2025-09-03 11:07:56.080715
2025-09-03,66952,2025090301001086,HBL,Shree Krishna Securities Ltd.,Online Securities Pvt. Ltd.,10,201.1,2011.0,2025-09-03 11:07:56.244580
2025-09-03,66948,2025090301001090,HBL,Shree Krishna Securities Ltd.,Neev Securities Pvt. Ltd.,10,201.1,2011.0,2025-09-03 11:07:56.908816
2025-09-03,66943,2025090301001095,HBL,Shree Krishna Securities Ltd.,Opal Securities Investment (PVT) Ltd.,10,201.1,2011.0,2025-09-03 11:07:59.290569
2025-09-03,66939,2025090301001096,HBL,Shree Krishna Securities Ltd.,Vision Securities Pvt. Ltd,10,201.1,2011.0,2025-09-03 11:08:00.255492
2025-09-03,66926,2025090301001103,HBL,Shree Krishna Securities Ltd.,Nepal Investment And Securities Trading Private Limited,10,201.1,2011.0,2025-09-03 11:08:01.784319
2025-09-03,66918,2025090301001105,HBL,Shree Krishna Securities Ltd.,Online Securities Pvt. Ltd.,10,201.1,2011.0,2025-09-03 11:08:03.787574
2025-09-03,66916,2025090301001107,HBL,Shree Krishna Securities Ltd.,Sani Securities Company Ltd.,10,201.1,2011.0,2025-09-03 11:08:04.617100
2025-09-03,66914,2025090301001109,HBL,Shree Krishna Securities Ltd.,Naasa Securities Co. Ltd.,10,201.1,2011.0,2025-09-03 11:08:05.258495
2025-09-03,66912,2025090301001110,HBL,Shree Krishna Securities Ltd.,Dipshikha Dhitopatra Karobar Co. Pvt Ltd.,10,201.1,2011.0,2025-09-03 11:08:06.114971
2025-09-03,66910,2025090301001112,HBL,Shree Krishna Securities Ltd.,Naasa Securities Co. Ltd.,10,201.1,2011.0,2025-09-03 11:08:06.230572
2025-09-03,66909,2025090301001113,HBL,Shree Krishna Securities Ltd.,Naasa Securities Co. Ltd.,10,201.1,2011.0,2025-09-03 11:08:06.387249
2025-09-03,66908,2025090301001114,HBL,Shree Krishna Securities Ltd.,Neev Securities Pvt. Ltd.,10,201.1,2011.0,2025-09-03 11:08:06.932674
2025-09-03,66905,2025090301001115,HBL,Shree Krishna Securities Ltd.,Nepal Stock House (PVT) Ltd.,10,201.1,2011.0,2025-09-03 11:08:07.717966
2025-09-03,66904,2025090301001116,HBL,Shree Krishna Securities Ltd.,Blue Chip Securities Ltd,10,201.1,2011.0,2025-09-03 11:08:09.336117
2025-09-03,66903,2025090301001117,HBL,Shree Krishna Securities Ltd.,Naasa Securities Co. Ltd.,10,201.1,2011.0,2025-09-03 11:08:09.667255
2025-09-03,66900,2025090301001120,HBL,Shree Krishna Securities Ltd.,Naasa Securities Co. Ltd.,10,201.1,2011.0,2025-09-03 11:08:10.595814
2025-09-03,66897,2025090301001122,HBL,Shree Krishna Securities Ltd.,Oxford Securities Pvt. Ltd.,10,201.1,2011.0,2025-09-03 11:08:10.951182
2025-09-03,66896,2025090301001123,HBL,Shree Krishna Securities Ltd.,Naasa Securities Co. Ltd.,10,201.1,2011.0,2025-09-03 11:08:11.144717
2025-09-03,66895,2025090301001124,HBL,Imperial Securities Company Pvt. Ltd.,Kohinoor Investment & Securities Pvt. Ltd.,10,201.0,2010.0,2025-09-03 11:08:12.241613
2025-09-03,66893,2025090301001126,HBL,Himalayan Securities Limited,Linch Stock Market Ltd.,10,201.0,2010.0,2025-09-03 11:08:12.969736
2025-09-03,66888,2025090301001127,HBL,Himalayan Securities Limited,Dipshikha Dhitopatra Karobar Co. Pvt Ltd.,10,201.0,2010.0,2025-09-03 11:08:16.402081
2025-09-03,66879,2025090301001132,HBL,Sani Securities Company Ltd.,Bhrikuti Stock Broking Co. Pvt. Ltd.,10,200.5,2005.0,2025-09-03 11:08:18.659541
2025-09-03,66870,2025090301001138,HBL,Sani Securities Company Ltd.,Neev Securities Pvt. Ltd.,10,200.5,2005.0,2025-09-03 11:08:21.985175
2025-09-03,66866,2025090301001140,HBL,Sani Securities Company Ltd.,Naasa Securities Co. Ltd.,10,200.5,2005.0,2025-09-03 11:08:23.737020
2025-09-03,66856,2025090301001144,HBL,Sani Securities Company Ltd.,Naasa Securities Co. Ltd.,10,200.5,2005.0,2025-09-03 11:08:26.547626
2025-09-03,66855,2025090301001145,HBL,Sani Securities Company Ltd.,Naasa Securities Co. Ltd.,10,200.5,2005.0,2025-09-03 11:08:28.838170
2025-09-03,66836,2025090301001155,HBL,Sipla Securities Private Limited,Nepal Investment And Securities Trading Private Limited,10,200.4,2004.0,2025-09-03 11:08:31.874790
2025-09-03,66835,2025090301001156,HBL,Sipla Securities Private Limited,Neev Securities Pvt. Ltd.,10,200.3,2003.0,2025-09-03 11:08:32.023731
2025-09-03,66834,2025090301001157,HBL,Sipla Securities Private Limited,Imperial Securities Company Pvt. Ltd.,10,200.2,2002.0,2025-09-03 11:08:32.504149
2025-09-03,66828,2025090301001162,HBL,Sani Securities Company Ltd.,Bhrikuti Stock Broking Co. Pvt. Ltd.,10,200.1,2001.0,2025-09-03 11:08:33.706551
2025-09-03,66827,2025090301001163,HBL,Sani Securities Company Ltd.,Bhrikuti Stock Broking Co. Pvt. Ltd.,10,200.1,2001.0,2025-09-03 11:08:33.708837
2025-09-03,66826,2025090301001164,HBL,Himalayan Securities Limited,Naasa Securities Co. Ltd.,10,200.5,2005.0,2025-09-03 11:08:34.313450
2025-09-03,66825,2025090301001165,HBL,Himalayan Securities Limited,Asian Securities Private Ltd.,10,200.5,2005.0,2025-09-03 11:08:34.314448
2025-09-03,66824,2025090301001166,HBL,Himalayan Securities Limited,Dipshikha Dhitopatra Karobar Co. Pvt Ltd.,10,200.5,2005.0,2025-09-03 11:08:34.315555
2025-09-03,66823,2025090301001167,HBL,Himalayan Securities Limited,Cristal Kanchanjanga Securites Pvt. Ltd.,10,200.5,2005.0,2025-09-03 11:08:34.316708
2025-09-03,66822,2025090301001168,HBL,Himalayan Securities Limited,Naasa Securities Co. Ltd.,10,200.5,2005.0,2025-09-03 11:08:34.317881
2025-09-03,66821,2025090301001169,HBL,Himalayan Securities Limited,Naasa Securities Co. Ltd.,10,200.5,2005.0,2025-09-03 11:08:34.319069
2025-09-03,66820,2025090301001170,HBL,Himalayan Securities Limited,Sweta Securities Private Limited,10,201.0,2010.0,2025-09-03 11:08:34.320240
2025-09-03,66819,2025090301001171,HBL,Himalayan Securities Limited,Sani Securities Company Ltd.,10,201.0,2010.0,2025-09-03 11:08:34.320798
2025-09-03,66818,2025090301001172,HBL,Himalayan Securities Limited,Bhrikuti Stock Broking Co. Pvt. Ltd.,10,201.0,2010.0,2025-09-03 11:08:34.321157
2025-09-03,66799,2025090301001175,HBL,Sani Securities Company Ltd.,Online Securities Pvt. Ltd.,10,200.1,2001.0,2025-09-03 11:08:39.033985
2025-09-03,66797,2025090301001176,HBL,Sani Securities Company Ltd.,Naasa Securities Co. Ltd.,10,200.1,2001.0,2025-09-03 11:08:39.286270
2025-09-03,66796,2025090301001177,HBL,Sani Securities Company Ltd.,J.F. Securites (PVT) Ltd.,10,200.1,2001.0,2025-09-03 11:08:39.820899
2025-09-03,66795,2025090301001178,HBL,Sani Securities Company Ltd.,Siprabi Securities Pvt. Ltd.,10,200.1,2001.0,2025-09-03 11:08:40.103104
2025-09-03,66792,2025090301001180,HBL,Sani Securities Company Ltd.,Sundhara Securities Limited,10,200.1,2001.0,2025-09-03 11:08:41.047236
