Date,S.N.,Contract ID,Symbol,Buyer Broker,Seller Broker,quantity,rate,amount,transaction_time
2025-07-31,168318,2025073101000050,CZBIL,Dynamic Money Managers Securities Pvt. Ltd.,Linch Stock Market Ltd.,400,230.0,92000.0,2025-07-31 11:00:53.770050
2025-07-31,167341,2025073101000273,CZBIL,Naasa Securities Co. Ltd.,Thrive Brokerage House Pvt. Ltd,20,230.0,4600.0,2025-07-31 11:03:00.049352
2025-07-31,166216,2025073101000648,CZBIL,Sani Securities Company Ltd.,Thrive Brokerage House Pvt. Ltd,180,230.0,41400.0,2025-07-31 11:05:14.238318
2025-07-31,166118,2025073101000680,CZBIL,Sani Securities Company Ltd.,ABC Securities Private Limited,1820,230.0,418600.0,2025-07-31 11:05:22.403966
2025-07-31,166117,2025073101000681,CZBIL,Imperial Securities Company Pvt. Ltd.,ABC Securities Private Limited,180,229.6,41328.0,2025-07-31 11:05:22.404049
2025-07-31,165912,2025073101000742,CZBIL,Imperial Securities Company Pvt. Ltd.,ABC Securities Private Limited,320,229.6,73472.0,2025-07-31 11:05:40.522514
2025-07-31,165911,2025073101000743,CZBIL,Aryatara Investment & Securities,ABC Securities Private Limited,500,229.5,114750.0,2025-07-31 11:05:40.522575
2025-07-31,165910,2025073101000744,CZBIL,Linch Stock Market Ltd.,ABC Securities Private Limited,180,229.1,41238.0,2025-07-31 11:05:40.522607
2025-07-31,165614,2025073101000843,CZBIL,Linch Stock Market Ltd.,Linch Stock Market Ltd.,600,229.1,137460.0,2025-07-31 11:06:08.667077
2025-07-31,165308,2025073101000962,CZBIL,Linch Stock Market Ltd.,Aryatara Investment & Securities,2220,229.1,508602.0,2025-07-31 11:06:34.661491
2025-07-31,165183,2025073101001007,CZBIL,Deevyaa Securities & Stock House Pvt. Ltd,Bhrikuti Stock Broking Co. Pvt. Ltd.,1000,228.6,228600.0,2025-07-31 11:06:45.536222
2025-07-31,164797,2025073101001130,CZBIL,Deevyaa Securities & Stock House Pvt. Ltd,Aryatara Investment & Securities,4000,228.6,914400.0,2025-07-31 11:07:25.528789
2025-07-31,164796,2025073101001131,CZBIL,Imperial Securities Company Pvt. Ltd.,Aryatara Investment & Securities,50,228.5,11425.0,2025-07-31 11:07:25.528931
2025-07-31,164795,2025073101001132,CZBIL,Sewa Securities Pvt. Ltd.,Aryatara Investment & Securities,1000,228.1,228100.0,2025-07-31 11:07:25.529072
2025-07-31,164794,2025073101001133,CZBIL,J.F. Securites (PVT) Ltd.,Aryatara Investment & Securities,700,228.0,159600.0,2025-07-31 11:07:25.529173
2025-07-31,164503,2025073101001205,CZBIL,Blue Chip Securities Ltd,Aryatara Investment & Securities,250,228.0,57000.0,2025-07-31 11:07:49.452847
2025-07-31,162334,2025073101001954,CZBIL,Aryatara Investment & Securities,Linch Stock Market Ltd.,150,228.0,34200.0,2025-07-31 11:10:57.023013
2025-07-31,159883,2025073101002761,CZBIL,Aryatara Investment & Securities,Vision Securities Pvt. Ltd,10,228.0,2280.0,2025-07-31 11:14:16.698241
2025-07-31,159326,2025073101002893,CZBIL,Sweta Securities Private Limited,Nepal Stock House (PVT) Ltd.,2,226.0,452.0,2025-07-31 11:14:54.592686
2025-07-31,157410,2025073101003527,CZBIL,Dakshinkali Investment & Securities Pvt. Ltd.,Sweta Securities Private Limited,12,228.6,2743.2,2025-07-31 11:17:10.338550
2025-07-31,156870,2025073101003688,CZBIL,Dynamic Money Managers Securities Pvt. Ltd.,Global IME Securities Limited,29,229.0,6641.0,2025-07-31 11:17:48.244436
2025-07-31,156700,2025073101003738,CZBIL,Dynamic Money Managers Securities Pvt. Ltd.,Sani Securities Company Ltd.,71,229.0,16259.0,2025-07-31 11:17:59.771733
2025-07-31,156699,2025073101003739,CZBIL,Imperial Securities Company Pvt. Ltd.,Sani Securities Company Ltd.,529,228.7,120982.3,2025-07-31 11:17:59.771914
2025-07-31,151968,2025073101005575,CZBIL,Aryatara Investment & Securities,ABC Securities Private Limited,14,229.2,3208.8,2025-07-31 11:24:18.134823
2025-07-31,151921,2025073101005588,CZBIL,Aryatara Investment & Securities,Creative Securities Pvt Ltd,166,229.2,38047.2,2025-07-31 11:24:24.525146
2025-07-31,151920,2025073101005589,CZBIL,Property Wiard Limited,Creative Securities Pvt Ltd,100,229.1,22910.0,2025-07-31 11:24:24.525316
2025-07-31,151919,2025073101005590,CZBIL,Asian Securities Private Ltd.,Creative Securities Pvt Ltd,100,229.1,22910.0,2025-07-31 11:24:24.525469
2025-07-31,151918,2025073101005591,CZBIL,Sani Securities Company Ltd.,Creative Securities Pvt Ltd,34,229.0,7786.0,2025-07-31 11:24:24.525663
2025-07-31,151164,2025073101005855,CZBIL,Siprabi Securities Pvt. Ltd.,Malla & Malla Stock Broking Company Pvt. Limited,10,229.2,2292.0,2025-07-31 11:25:42.130951
2025-07-31,151163,2025073101005856,CZBIL,Ashutosh Brokerage & Securities (PVT) Ltd.,Malla & Malla Stock Broking Company Pvt. Limited,85,229.1,19473.5,2025-07-31 11:25:42.131088
2025-07-31,150047,2025073101006447,CZBIL,Ashutosh Brokerage & Securities (PVT) Ltd.,Premier Securities Company Ltd.,29,229.1,6643.9,2025-07-31 11:26:47.425771
2025-07-31,149695,2025073101006577,CZBIL,ABC Securities Private Limited,Premier Securities Company Ltd.,76,230.0,17480.0,2025-07-31 11:27:06.113947
2025-07-31,148645,2025073101006969,CZBIL,Primo Securities (PVT) Ltd.,Sundhara Securities Limited,170,230.9,39253.0,2025-07-31 11:28:10.886922
2025-07-31,148553,2025073101006999,CZBIL,ABC Securities Private Limited,J.F. Securites (PVT) Ltd.,500,230.0,115000.0,2025-07-31 11:28:18.457322
2025-07-31,146188,2025073101008072,CZBIL,ABC Securities Private Limited,Aryatara Investment & Securities,24,230.0,5520.0,2025-07-31 11:31:00.954546
2025-07-31,146187,2025073101008073,CZBIL,Ashutosh Brokerage & Securities (PVT) Ltd.,Aryatara Investment & Securities,1886,229.3,432459.8,2025-07-31 11:31:00.954668
2025-07-31,146186,2025073101008074,CZBIL,Kalika Securities Pvt. Ltd.,Aryatara Investment & Securities,2150,229.2,492780.0,2025-07-31 11:31:00.954727
2025-07-31,146185,2025073101008075,CZBIL,Vision Securities Pvt. Ltd,Aryatara Investment & Securities,956,229.1,219019.6,2025-07-31 11:31:00.954774
2025-07-31,145503,2025073101008374,CZBIL,Vision Securities Pvt. Ltd,Nepal Stock House (PVT) Ltd.,20,229.1,4582.0,2025-07-31 11:31:51.473893
2025-07-31,143851,2025073101009054,CZBIL,Naasa Securities Co. Ltd.,Asian Securities Private Ltd.,300,230.0,69000.0,2025-07-31 11:33:38.277857
2025-07-31,142155,2025073101009879,CZBIL,Vision Securities Pvt. Ltd,Agrawal Securities (PVT) Ltd.,58,229.1,13287.8,2025-07-31 11:35:36.633421
2025-07-31,141940,2025073101010000,CZBIL,Vision Securities Pvt. Ltd,Online Securities Pvt. Ltd.,14,229.1,3207.4,2025-07-31 11:35:46.984130
2025-07-31,140947,2025073101010569,CZBIL,Vision Securities Pvt. Ltd,Naasa Securities Co. Ltd.,800,229.1,183280.0,2025-07-31 11:37:00.731384
2025-07-31,140388,2025073101010858,CZBIL,Vision Securities Pvt. Ltd,Naasa Securities Co. Ltd.,56,229.1,12829.6,2025-07-31 11:37:46.604840
2025-07-31,138439,2025073101012084,CZBIL,Capital Hub P. Ltd,Opal Securities Investment (PVT) Ltd.,390,229.5,89505.0,2025-07-31 11:39:55.415334
2025-07-31,137952,2025073101012348,CZBIL,Imperial Securities Company Pvt. Ltd.,Bhrikuti Stock Broking Co. Pvt. Ltd.,20,229.2,4584.0,2025-07-31 11:40:26.254711
2025-07-31,137951,2025073101012349,CZBIL,Vision Securities Pvt. Ltd,Bhrikuti Stock Broking Co. Pvt. Ltd.,596,229.1,136543.6,2025-07-31 11:40:26.254844
2025-07-31,137950,2025073101012350,CZBIL,Primo Securities (PVT) Ltd.,Bhrikuti Stock Broking Co. Pvt. Ltd.,200,229.1,45820.0,2025-07-31 11:40:26.254915
2025-07-31,137949,2025073101012351,CZBIL,Sani Securities Company Ltd.,Bhrikuti Stock Broking Co. Pvt. Ltd.,16,229.0,3664.0,2025-07-31 11:40:26.254968
2025-07-31,137948,2025073101012352,CZBIL,Naasa Securities Co. Ltd.,Bhrikuti Stock Broking Co. Pvt. Ltd.,500,229.0,114500.0,2025-07-31 11:40:26.255020
2025-07-31,137947,2025073101012353,CZBIL,Nagarik Stock Dealer ,Bhrikuti Stock Broking Co. Pvt. Ltd.,1800,229.0,412200.0,2025-07-31 11:40:26.255079
2025-07-31,137946,2025073101012354,CZBIL,Nagarik Stock Dealer ,Bhrikuti Stock Broking Co. Pvt. Ltd.,500,229.0,114500.0,2025-07-31 11:40:26.255128
2025-07-31,137945,2025073101012355,CZBIL,Premier Securities Company Ltd.,Bhrikuti Stock Broking Co. Pvt. Ltd.,368,229.0,84272.0,2025-07-31 11:40:26.255175
2025-07-31,137283,2025073101012785,CZBIL,Premier Securities Company Ltd.,Sumeru Securities Pvt. Ltd.,200,229.0,45800.0,2025-07-31 11:41:12.589690
2025-07-31,135049,2025073101013946,CZBIL,Premier Securities Company Ltd.,Sweta Securities Private Limited,84,229.0,19236.0,2025-07-31 11:44:06.887829
2025-07-31,132025,2025073101015495,CZBIL,Premier Securities Company Ltd.,Opal Securities Investment (PVT) Ltd.,176,229.0,40304.0,2025-07-31 11:47:28.714136
2025-07-31,131453,2025073101015808,CZBIL,Premier Securities Company Ltd.,Vision Securities Pvt. Ltd,150,229.0,34350.0,2025-07-31 11:48:08.792911
2025-07-31,130881,2025073101016090,CZBIL,Premier Securities Company Ltd.,Naasa Securities Co. Ltd.,22,229.0,5038.0,2025-07-31 11:48:49.855649
2025-07-31,130511,2025073101016231,CZBIL,Dakshinkali Investment & Securities Pvt. Ltd.,Linch Stock Market Ltd.,13,228.6,2971.8,2025-07-31 11:49:14.837195
2025-07-31,129401,2025073101016806,CZBIL,Dakshinkali Investment & Securities Pvt. Ltd.,Imperial Securities Company Pvt. Ltd.,200,228.6,45720.0,2025-07-31 11:50:36.098433
2025-07-31,126452,2025073101018349,CZBIL,Sani Securities Company Ltd.,J.F. Securites (PVT) Ltd.,100,228.7,22870.0,2025-07-31 11:54:06.318115
2025-07-31,126321,2025073101018435,CZBIL,Property Wiard Limited,J.F. Securites (PVT) Ltd.,25,228.7,5717.5,2025-07-31 11:54:12.430478
2025-07-31,126256,2025073101018455,CZBIL,Dakshinkali Investment & Securities Pvt. Ltd.,Aryatara Investment & Securities,104,228.6,23774.4,2025-07-31 11:54:21.503089
2025-07-31,125984,2025073101018595,CZBIL,Dynamic Money Managers Securities Pvt. Ltd.,J.F. Securites (PVT) Ltd.,660,228.7,150942.0,2025-07-31 11:54:41.290731
2025-07-31,125886,2025073101018624,CZBIL,Dakshinkali Investment & Securities Pvt. Ltd.,Naasa Securities Co. Ltd.,23,228.6,5257.8,2025-07-31 11:54:45.008201
2025-07-31,125862,2025073101018640,CZBIL,Dakshinkali Investment & Securities Pvt. Ltd.,Sweta Securities Private Limited,117,228.6,26746.2,2025-07-31 11:54:46.704863
2025-07-31,125293,2025073101018945,CZBIL,Nepal Stock House (PVT) Ltd.,J.F. Securites (PVT) Ltd.,17,228.7,3887.9,2025-07-31 11:55:29.722649
2025-07-31,124534,2025073101019336,CZBIL,Dakshinkali Investment & Securities Pvt. Ltd.,Sani Securities Company Ltd.,10,228.6,2286.0,2025-07-31 11:56:36.517277
2025-07-31,124126,2025073101019571,CZBIL,Dakshinkali Investment & Securities Pvt. Ltd.,Nepal Investment And Securities Trading Private Limited,521,228.6,119100.6,2025-07-31 11:57:13.224727
2025-07-31,124125,2025073101019572,CZBIL,Thrive Brokerage House Pvt. Ltd,Nepal Investment And Securities Trading Private Limited,350,228.6,80010.0,2025-07-31 11:57:13.224854
2025-07-31,124124,2025073101019573,CZBIL,Vision Securities Pvt. Ltd,Nepal Investment And Securities Trading Private Limited,25,228.6,5715.0,2025-07-31 11:57:13.224927
2025-07-31,124123,2025073101019574,CZBIL,Kumari Securities Private Limited,Nepal Investment And Securities Trading Private Limited,500,228.4,114200.0,2025-07-31 11:57:13.224981
2025-07-31,124122,2025073101019575,CZBIL,Thrive Brokerage House Pvt. Ltd,Nepal Investment And Securities Trading Private Limited,604,228.4,137953.6,2025-07-31 11:57:13.225038
2025-07-31,122102,2025073101020656,CZBIL,Thrive Brokerage House Pvt. Ltd,Ashutosh Brokerage & Securities (PVT) Ltd.,404,228.4,92273.6,2025-07-31 12:00:03.438210
2025-07-31,122101,2025073101020657,CZBIL,Aryatara Investment & Securities,Ashutosh Brokerage & Securities (PVT) Ltd.,340,228.0,77520.0,2025-07-31 12:00:03.438257
2025-07-31,122100,2025073101020658,CZBIL,Nepal Investment And Securities Trading Private Limited,Ashutosh Brokerage & Securities (PVT) Ltd.,250,228.0,57000.0,2025-07-31 12:00:03.438298
2025-07-31,119090,2025073101021965,CZBIL,Dynamic Money Managers Securities Pvt. Ltd.,Linch Stock Market Ltd.,63,228.1,14370.3,2025-07-31 12:04:16.526060
2025-07-31,118934,2025073101022062,CZBIL,Global IME Securities Limited,Swarna Laxmi Securities Pvt. Ltd.,40,228.0,9120.0,2025-07-31 12:04:31.020080
2025-07-31,118933,2025073101022063,CZBIL,Trisul Securities & Invt. Ltd.,Swarna Laxmi Securities Pvt. Ltd.,300,228.0,68400.0,2025-07-31 12:04:31.020170
2025-07-31,118932,2025073101022064,CZBIL,Imperial Securities Company Pvt. Ltd.,Swarna Laxmi Securities Pvt. Ltd.,132,228.0,30096.0,2025-07-31 12:04:31.020252
2025-07-31,118714,2025073101022158,CZBIL,Thrive Brokerage House Pvt. Ltd,Linch Stock Market Ltd.,76,228.1,17335.6,2025-07-31 12:04:52.141102
2025-07-31,118685,2025073101022180,CZBIL,Imperial Securities Company Pvt. Ltd.,Sani Securities Company Ltd.,368,228.0,83904.0,2025-07-31 12:04:54.257598
2025-07-31,118684,2025073101022181,CZBIL,Oxford Securities Pvt. Ltd.,Sani Securities Company Ltd.,100,228.0,22800.0,2025-07-31 12:04:54.257724
2025-07-31,118683,2025073101022182,CZBIL,Imperial Securities Company Pvt. Ltd.,Sani Securities Company Ltd.,32,228.0,7296.0,2025-07-31 12:04:54.257781
2025-07-31,118281,2025073101022318,CZBIL,Imperial Securities Company Pvt. Ltd.,Sweta Securities Private Limited,27,228.0,6156.0,2025-07-31 12:05:23.795602
2025-07-31,116962,2025073101022957,CZBIL,Property Wiard Limited,Opal Securities Investment (PVT) Ltd.,25,228.1,5702.5,2025-07-31 12:07:27.193108
2025-07-31,116961,2025073101022958,CZBIL,Imperial Securities Company Pvt. Ltd.,Opal Securities Investment (PVT) Ltd.,441,228.0,100548.0,2025-07-31 12:07:27.193233
2025-07-31,116960,2025073101022959,CZBIL,Malla & Malla Stock Broking Company Pvt. Limited,Opal Securities Investment (PVT) Ltd.,34,228.0,7752.0,2025-07-31 12:07:27.193312
2025-07-31,116717,2025073101023063,CZBIL,Nepal Stock House (PVT) Ltd.,J.F. Securites (PVT) Ltd.,759,228.7,173583.3,2025-07-31 12:07:51.434264
2025-07-31,114464,2025073101024054,CZBIL,Malla & Malla Stock Broking Company Pvt. Limited,Investment Management Nepal Pvt. Ltd.,66,228.0,15048.0,2025-07-31 12:11:14.329232
2025-07-31,114463,2025073101024055,CZBIL,Sani Securities Company Ltd.,Investment Management Nepal Pvt. Ltd.,184,228.0,41952.0,2025-07-31 12:11:14.329378
2025-07-31,113488,2025073101024456,CZBIL,Naasa Securities Co. Ltd.,Ashutosh Brokerage & Securities (PVT) Ltd.,69,228.5,15766.5,2025-07-31 12:12:45.477559
2025-07-31,113487,2025073101024457,CZBIL,Aryatara Investment & Securities,Ashutosh Brokerage & Securities (PVT) Ltd.,180,228.4,41112.0,2025-07-31 12:12:45.477602
2025-07-31,113486,2025073101024458,CZBIL,Sani Securities Company Ltd.,Ashutosh Brokerage & Securities (PVT) Ltd.,816,228.0,186048.0,2025-07-31 12:12:45.477629
2025-07-31,113485,2025073101024459,CZBIL,Thrive Brokerage House Pvt. Ltd,Ashutosh Brokerage & Securities (PVT) Ltd.,135,228.0,30780.0,2025-07-31 12:12:45.477654
2025-07-31,113473,2025073101024463,CZBIL,Thrive Brokerage House Pvt. Ltd,Linch Stock Market Ltd.,65,228.0,14820.0,2025-07-31 12:12:47.273395
2025-07-31,113472,2025073101024464,CZBIL,Imperial Securities Company Pvt. Ltd.,Linch Stock Market Ltd.,100,228.0,22800.0,2025-07-31 12:12:47.273518
2025-07-31,111134,2025073101025494,CZBIL,Swarna Laxmi Securities Pvt. Ltd.,Asian Securities Private Ltd.,300,227.7,68310.0,2025-07-31 12:16:19.827705
2025-07-31,109306,2025073101026168,CZBIL,Opal Securities Investment (PVT) Ltd.,Sundhara Securities Limited,2,225.0,450.0,2025-07-31 12:19:13.109978
2025-07-31,108988,2025073101026333,CZBIL,Swarna Laxmi Securities Pvt. Ltd.,Dipshikha Dhitopatra Karobar Co. Pvt Ltd.,150,227.7,34155.0,2025-07-31 12:19:46.359862
2025-07-31,108366,2025073101026616,CZBIL,Capital Hub P. Ltd,Dipshikha Dhitopatra Karobar Co. Pvt Ltd.,250,227.7,56925.0,2025-07-31 12:20:54.101672
2025-07-31,108338,2025073101026629,CZBIL,Nepal Stock House (PVT) Ltd.,Sani Securities Company Ltd.,500,227.9,113950.0,2025-07-31 12:20:59.859206
2025-07-31,108337,2025073101026630,CZBIL,Nepal Stock House (PVT) Ltd.,Linch Stock Market Ltd.,55,228.0,12540.0,2025-07-31 12:20:59.859466
2025-07-31,108336,2025073101026631,CZBIL,Nepal Stock House (PVT) Ltd.,Sri Hari Securities Pvt. Ltd.,20,228.0,4560.0,2025-07-31 12:20:59.859612
2025-07-31,108335,2025073101026632,CZBIL,Nepal Stock House (PVT) Ltd.,Trisul Securities & Invt. Ltd.,1040,228.0,237120.0,2025-07-31 12:20:59.859758
2025-07-31,107168,2025073101027126,CZBIL,Nepal Stock House (PVT) Ltd.,KALASH STOCK MARKET PVT. LTD.,200,228.0,45600.0,2025-07-31 12:23:12.127154
2025-07-31,104679,2025073101028171,CZBIL,Nepal Stock House (PVT) Ltd.,Asian Securities Private Ltd.,12,228.0,2736.0,2025-07-31 12:27:01.861253
2025-07-31,103549,2025073101028552,CZBIL,Sani Securities Company Ltd.,Premier Securities Company Ltd.,198,229.0,45342.0,2025-07-31 12:28:19.345226
2025-07-31,102529,2025073101028956,CZBIL,Opal Securities Investment (PVT) Ltd.,Premier Securities Company Ltd.,102,229.0,23358.0,2025-07-31 12:29:50.064465
2025-07-31,102528,2025073101028957,CZBIL,Opal Securities Investment (PVT) Ltd.,Investment Management Nepal Pvt. Ltd.,98,229.0,22442.0,2025-07-31 12:29:50.064735
2025-07-31,100801,2025073101029693,CZBIL,Shree Krishna Securities Ltd.,Investment Management Nepal Pvt. Ltd.,402,229.0,92058.0,2025-07-31 12:32:15.968532
2025-07-31,100800,2025073101029694,CZBIL,Shree Krishna Securities Ltd.,Trisul Securities & Invt. Ltd.,48,229.0,10992.0,2025-07-31 12:32:15.968802
2025-07-31,99214,2025073101030364,CZBIL,Premier Securities Company Ltd.,Trisul Securities & Invt. Ltd.,50,229.0,11450.0,2025-07-31 12:34:37.248442
2025-07-31,98520,2025073101030701,CZBIL,Premier Securities Company Ltd.,Bhrikuti Stock Broking Co. Pvt. Ltd.,13,229.0,2977.0,2025-07-31 12:35:25.448042
2025-07-31,96864,2025073101031258,CZBIL,Premier Securities Company Ltd.,Bhrikuti Stock Broking Co. Pvt. Ltd.,87,229.6,19975.2,2025-07-31 12:37:28.173467
2025-07-31,95224,2025073101031962,CZBIL,Dakshinkali Investment & Securities Pvt. Ltd.,Bhrikuti Stock Broking Co. Pvt. Ltd.,413,229.6,94824.8,2025-07-31 12:40:21.803002
2025-07-31,95042,2025073101032049,CZBIL,Premier Securities Company Ltd.,Sani Securities Company Ltd.,50,229.0,11450.0,2025-07-31 12:40:44.384068
2025-07-31,94873,2025073101032113,CZBIL,S.P.S.A. Securities Limited,Sani Securities Company Ltd.,220,229.0,50380.0,2025-07-31 12:41:10.760153
2025-07-31,94365,2025073101032307,CZBIL,Sani Securities Company Ltd.,Sani Securities Company Ltd.,127,229.0,29083.0,2025-07-31 12:42:07.523173
2025-07-31,93652,2025073101032584,CZBIL,Linch Stock Market Ltd.,Sewa Securities Pvt. Ltd.,117,228.2,26699.4,2025-07-31 12:43:30.102256
2025-07-31,90389,2025073101033764,CZBIL,Online Securities Pvt. Ltd.,Trishakti Securities Public Limited,500,228.5,114250.0,2025-07-31 12:49:05.862872
2025-07-31,89712,2025073101034091,CZBIL,Linch Stock Market Ltd.,Naasa Securities Co. Ltd.,46,228.2,10497.2,2025-07-31 12:50:23.248333
2025-07-31,89401,2025073101034274,CZBIL,Linch Stock Market Ltd.,Aryatara Investment & Securities,200,228.2,45640.0,2025-07-31 12:50:56.019228
2025-07-31,87971,2025073101034873,CZBIL,Linch Stock Market Ltd.,Linch Stock Market Ltd.,137,228.2,31263.4,2025-07-31 12:53:49.192915
2025-07-31,87970,2025073101034874,CZBIL,Trishakti Securities Public Limited,Linch Stock Market Ltd.,100,228.2,22820.0,2025-07-31 12:53:49.193099
2025-07-31,87969,2025073101034875,CZBIL,Aryatara Investment & Securities,Linch Stock Market Ltd.,363,228.2,82836.6,2025-07-31 12:53:49.193193
2025-07-31,87488,2025073101035098,CZBIL,Aryatara Investment & Securities,Malla & Malla Stock Broking Company Pvt. Limited,137,228.2,31263.4,2025-07-31 12:55:07.344946
2025-07-31,87487,2025073101035099,CZBIL,Shree Krishna Securities Ltd.,Malla & Malla Stock Broking Company Pvt. Limited,70,228.1,15967.0,2025-07-31 12:55:07.345099
2025-07-31,87486,2025073101035100,CZBIL,SUN SECURITIES PVT LTD,Malla & Malla Stock Broking Company Pvt. Limited,43,228.1,9808.3,2025-07-31 12:55:07.345186
2025-07-31,86071,2025073101035702,CZBIL,Online Securities Pvt. Ltd.,Sani Securities Company Ltd.,100,228.2,22820.0,2025-07-31 12:58:15.172975
2025-07-31,83960,2025073101036574,CZBIL,Online Securities Pvt. Ltd.,Sumeru Securities Pvt. Ltd.,10,228.9,2289.0,2025-07-31 13:03:22.202572
2025-07-31,83959,2025073101036575,CZBIL,Online Securities Pvt. Ltd.,Sweta Securities Private Limited,468,229.0,107172.0,2025-07-31 13:03:22.202865
2025-07-31,83958,2025073101036576,CZBIL,Online Securities Pvt. Ltd.,Sani Securities Company Ltd.,10,229.0,2290.0,2025-07-31 13:03:22.203058
2025-07-31,83957,2025073101036577,CZBIL,Online Securities Pvt. Ltd.,MILKY WAY SHARE BROKER COMPANY LTD ,139,229.0,31831.0,2025-07-31 13:03:22.203227
2025-07-31,83237,2025073101036891,CZBIL,Sundhara Securities Limited,Vision Securities Pvt. Ltd,13,228.3,2967.9,2025-07-31 13:05:23.582341
2025-07-31,82765,2025073101037091,CZBIL,South Asian Bulls Pvt. Ltd.,MILKY WAY SHARE BROKER COMPANY LTD ,400,229.0,91600.0,2025-07-31 13:06:25.207213
2025-07-31,82017,2025073101037357,CZBIL,Vision Securities Pvt. Ltd,Swarna Laxmi Securities Pvt. Ltd.,1002,228.4,228856.8,2025-07-31 13:08:09.344545
2025-07-31,81887,2025073101037398,CZBIL,Sagarmatha Securities Private Limited,MILKY WAY SHARE BROKER COMPANY LTD ,200,229.0,45800.0,2025-07-31 13:08:31.543712
2025-07-31,81619,2025073101037523,CZBIL,Vision Securities Pvt. Ltd,Imperial Securities Company Pvt. Ltd.,16,228.4,3654.4,2025-07-31 13:09:07.336920
2025-07-31,81153,2025073101037707,CZBIL,Naasa Securities Co. Ltd.,MILKY WAY SHARE BROKER COMPANY LTD ,100,229.0,22900.0,2025-07-31 13:10:16.100422
2025-07-31,81090,2025073101037721,CZBIL,Sundhara Securities Limited,MILKY WAY SHARE BROKER COMPANY LTD ,161,229.0,36869.0,2025-07-31 13:10:25.710138
2025-07-31,80947,2025073101037766,CZBIL,Sundhara Securities Limited,Kumari Securities Private Limited,182,229.0,41678.0,2025-07-31 13:10:50.324085
2025-07-31,80419,2025073101037986,CZBIL,Naasa Securities Co. Ltd.,Nepal Investment And Securities Trading Private Limited,2,224.5,449.0,2025-07-31 13:12:03.390820
2025-07-31,79858,2025073101038230,CZBIL,Sundhara Securities Limited,Nepal Stock House (PVT) Ltd.,334,229.0,76486.0,2025-07-31 13:13:26.015344
2025-07-31,79796,2025073101038255,CZBIL,Online Securities Pvt. Ltd.,Trisul Securities & Invt. Ltd.,555,228.5,126817.5,2025-07-31 13:13:37.465907
2025-07-31,79795,2025073101038256,CZBIL,Vision Securities Pvt. Ltd,Trisul Securities & Invt. Ltd.,154,228.4,35173.6,2025-07-31 13:13:37.466059
2025-07-31,79559,2025073101038328,CZBIL,Vision Securities Pvt. Ltd,Nepal Stock House (PVT) Ltd.,166,228.4,37914.4,2025-07-31 13:14:04.695392
2025-07-31,79243,2025073101038432,CZBIL,Vision Securities Pvt. Ltd,Nepal Stock House (PVT) Ltd.,409,228.4,93415.6,2025-07-31 13:14:47.287950
2025-07-31,79066,2025073101038579,CZBIL,Sani Securities Company Ltd.,Global IME Securities Limited,8,227.0,1816.0,2025-07-31 13:14:56.234517
2025-07-31,78600,2025073101038732,CZBIL,Vision Securities Pvt. Ltd,Trishakti Securities Public Limited,104,228.4,23753.6,2025-07-31 13:15:58.628212
2025-07-31,75675,2025073101039871,CZBIL,Ashutosh Brokerage & Securities (PVT) Ltd.,Trishakti Securities Public Limited,1000,228.8,228800.0,2025-07-31 13:21:33.112789
2025-07-31,75611,2025073101039889,CZBIL,Vision Securities Pvt. Ltd,Sumeru Securities Pvt. Ltd.,10,229.5,2295.0,2025-07-31 13:21:38.569083
2025-07-31,75039,2025073101040138,CZBIL,Shree Krishna Securities Ltd.,MILKY WAY SHARE BROKER COMPANY LTD ,13,228.7,2973.1,2025-07-31 13:22:36.318316
2025-07-31,73531,2025073101040711,CZBIL,Premier Securities Company Ltd.,Kohinoor Investment & Securities Pvt. Ltd.,10,229.0,2290.0,2025-07-31 13:25:27.408278
2025-07-31,73530,2025073101040712,CZBIL,Premier Securities Company Ltd.,Sumeru Securities Pvt. Ltd.,190,229.5,43605.0,2025-07-31 13:25:27.408318
2025-07-31,73529,2025073101040713,CZBIL,Premier Securities Company Ltd.,Sumeru Securities Pvt. Ltd.,100,229.8,22980.0,2025-07-31 13:25:27.408351
2025-07-31,73528,2025073101040714,CZBIL,Premier Securities Company Ltd.,Kalika Securities Pvt. Ltd.,10,230.0,2300.0,2025-07-31 13:25:27.408394
2025-07-31,70575,2025073101041750,CZBIL,Trisul Securities & Invt. Ltd.,Sumeru Securities Pvt. Ltd.,200,230.1,46020.0,2025-07-31 13:29:37.591533
2025-07-31,70574,2025073101041751,CZBIL,Trisul Securities & Invt. Ltd.,Sundhara Securities Limited,50,230.9,11545.0,2025-07-31 13:29:37.591578
2025-07-31,70573,2025073101041752,CZBIL,Trisul Securities & Invt. Ltd.,Sumeru Securities Pvt. Ltd.,17,231.0,3927.0,2025-07-31 13:29:37.591610
2025-07-31,70572,2025073101041753,CZBIL,Trisul Securities & Invt. Ltd.,South Asian Bulls Pvt. Ltd.,500,231.0,115500.0,2025-07-31 13:29:37.591639
2025-07-31,70571,2025073101041754,CZBIL,Trisul Securities & Invt. Ltd.,Kohinoor Investment & Securities Pvt. Ltd.,13,231.0,3003.0,2025-07-31 13:29:37.591678
2025-07-31,70570,2025073101041755,CZBIL,Trisul Securities & Invt. Ltd.,Sharepro Securities Private Limited,1000,231.9,231900.0,2025-07-31 13:29:37.591705
2025-07-31,70569,2025073101041756,CZBIL,Trisul Securities & Invt. Ltd.,Naasa Securities Co. Ltd.,35,232.0,8120.0,2025-07-31 13:29:37.591731
2025-07-31,70568,2025073101041757,CZBIL,Trisul Securities & Invt. Ltd.,Aryatara Investment & Securities,108,232.0,25056.0,2025-07-31 13:29:37.591756
2025-07-31,70165,2025073101041842,CZBIL,Kumari Securities Private Limited,Kalika Securities Pvt. Ltd.,40,230.0,9200.0,2025-07-31 13:30:09.345719
2025-07-31,63578,2025073101044174,CZBIL,Trisul Securities & Invt. Ltd.,Cristal Kanchanjanga Securites Pvt. Ltd.,10,231.9,2319.0,2025-07-31 13:41:13.134782
2025-07-31,62720,2025073101044456,CZBIL,Himalayan Brokerage Company Limited,Imperial Securities Company Pvt. Ltd.,12,231.9,2782.8,2025-07-31 13:42:15.923045
2025-07-31,61860,2025073101044687,CZBIL,Online Securities Pvt. Ltd.,Kalika Securities Pvt. Ltd.,200,230.0,46000.0,2025-07-31 13:43:08.770348
2025-07-31,61336,2025073101044881,CZBIL,Online Securities Pvt. Ltd.,Trishakti Securities Public Limited,500,230.0,115000.0,2025-07-31 13:43:40.899137
2025-07-31,61216,2025073101044942,CZBIL,Online Securities Pvt. Ltd.,Roadshow securities limited,2000,230.0,460000.0,2025-07-31 13:43:49.361861
2025-07-31,60901,2025073101045015,CZBIL,Online Securities Pvt. Ltd.,Malla & Malla Stock Broking Company Pvt. Limited,709,230.0,163070.0,2025-07-31 13:44:14.528536
2025-07-31,59408,2025073101045487,CZBIL,Online Securities Pvt. Ltd.,Indira securities pvt. ltd,60,230.0,13800.0,2025-07-31 13:46:23.625595
2025-07-31,59109,2025073101045570,CZBIL,Premier Securities Company Ltd.,Sundhara Securities Limited,13,231.0,3003.0,2025-07-31 13:46:50.126896
2025-07-31,58641,2025073101045757,CZBIL,Online Securities Pvt. Ltd.,Neev Securities Pvt. Ltd.,312,230.0,71760.0,2025-07-31 13:47:47.962798
2025-07-31,58360,2025073101045875,CZBIL,Online Securities Pvt. Ltd.,Naasa Securities Co. Ltd.,13,230.0,2990.0,2025-07-31 13:48:25.059761
2025-07-31,58128,2025073101045964,CZBIL,Online Securities Pvt. Ltd.,Sundhara Securities Limited,206,230.0,47380.0,2025-07-31 13:49:02.308741
2025-07-31,58127,2025073101045965,CZBIL,Oxford Securities Pvt. Ltd.,Sundhara Securities Limited,49,230.0,11270.0,2025-07-31 13:49:02.308898
2025-07-31,58126,2025073101045966,CZBIL,Oxford Securities Pvt. Ltd.,Oxford Securities Pvt. Ltd.,1,230.0,230.0,2025-07-31 13:49:02.308990
2025-07-31,57827,2025073101046109,CZBIL,Sweta Securities Private Limited,Agrawal Securities (PVT) Ltd.,1,225.4,225.4,2025-07-31 13:49:37.818068
2025-07-31,57682,2025073101046166,CZBIL,Sweta Securities Private Limited,Nepal Investment And Securities Trading Private Limited,3,226.0,678.0,2025-07-31 13:49:59.971886
2025-07-31,57397,2025073101046277,CZBIL,Sweta Securities Private Limited,Asian Securities Private Ltd.,2,225.4,450.8,2025-07-31 13:50:38.205521
2025-07-31,56451,2025073101046633,CZBIL,Premier Securities Company Ltd.,Nabil Stock Dealer Ltd.,17,230.8,3923.6,2025-07-31 13:52:38.005446
2025-07-31,55937,2025073101046770,CZBIL,ABC Securities Private Limited,Sweta Securities Private Limited,60,228.9,13734.0,2025-07-31 13:53:39.307742
2025-07-31,55839,2025073101046806,CZBIL,Sweta Securities Private Limited,Imperial Securities Company Pvt. Ltd.,2,227.0,454.0,2025-07-31 13:53:50.904095
2025-07-31,55565,2025073101046903,CZBIL,Siprabi Securities Pvt. Ltd.,Trishakti Securities Public Limited,100,230.0,23000.0,2025-07-31 13:54:27.357260
2025-07-31,55564,2025073101046904,CZBIL,Siprabi Securities Pvt. Ltd.,Nabil Stock Dealer Ltd.,10,230.8,2308.0,2025-07-31 13:54:27.357429
2025-07-31,54459,2025073101047310,CZBIL,Siprabi Securities Pvt. Ltd.,Sani Securities Company Ltd.,1000,229.1,229100.0,2025-07-31 13:57:07.204984
2025-07-31,53443,2025073101047651,CZBIL,Aryatara Investment & Securities,Asian Securities Private Ltd.,236,229.0,54044.0,2025-07-31 13:59:27.983554
2025-07-31,52887,2025073101047826,CZBIL,Aryatara Investment & Securities,Dynamic Money Managers Securities Pvt. Ltd.,1000,229.0,229000.0,2025-07-31 14:00:41.501354
2025-07-31,52409,2025073101048001,CZBIL,Kumari Securities Private Limited,Vision Securities Pvt. Ltd,27,230.0,6210.0,2025-07-31 14:01:33.786448
2025-07-31,52309,2025073101048029,CZBIL,Kumari Securities Private Limited,ABC Securities Private Limited,20,230.0,4600.0,2025-07-31 14:01:51.039094
2025-07-31,51637,2025073101048272,CZBIL,Himalayan Brokerage Company Limited,Nabil Stock Dealer Ltd.,129,230.8,29773.2,2025-07-31 14:03:14.656281
2025-07-31,51625,2025073101048274,CZBIL,Kumari Securities Private Limited,Imperial Securities Company Pvt. Ltd.,13,230.0,2990.0,2025-07-31 14:03:16.582286
2025-07-31,51594,2025073101048284,CZBIL,Kumari Securities Private Limited,Sharepro Securities Private Limited,13,230.0,2990.0,2025-07-31 14:03:20.225322
2025-07-31,50530,2025073101048602,CZBIL,Premier Securities Company Ltd.,Vision Securities Pvt. Ltd,13,230.1,2991.3,2025-07-31 14:05:36.084019
2025-07-31,50290,2025073101048673,CZBIL,Kumari Securities Private Limited,Nabil Stock Dealer Ltd.,24,230.8,5539.2,2025-07-31 14:06:09.617375
2025-07-31,50289,2025073101048674,CZBIL,Kumari Securities Private Limited,Ashutosh Brokerage & Securities (PVT) Ltd.,462,231.0,106722.0,2025-07-31 14:06:09.617714
2025-07-31,49641,2025073101048886,CZBIL,Kumari Securities Private Limited,Aryatara Investment & Securities,401,231.0,92631.0,2025-07-31 14:07:35.740122
2025-07-31,48337,2025073101049313,CZBIL,Neev Securities Pvt. Ltd.,Magnet Securities and Investment Company Private Limited,10,230.2,2302.0,2025-07-31 14:10:36.533973
2025-07-31,47954,2025073101049453,CZBIL,Sagarmatha Securities Private Limited,Aryatara Investment & Securities,121,231.0,27951.0,2025-07-31 14:11:28.812037
2025-07-31,47953,2025073101049454,CZBIL,Sagarmatha Securities Private Limited,Dipshikha Dhitopatra Karobar Co. Pvt Ltd.,29,231.5,6713.5,2025-07-31 14:11:28.812210
2025-07-31,47027,2025073101049920,CZBIL,Neev Securities Pvt. Ltd.,ABC Securities Private Limited,40,230.2,9208.0,2025-07-31 14:13:14.937138
2025-07-31,47026,2025073101049921,CZBIL,Premier Securities Company Ltd.,ABC Securities Private Limited,42,230.1,9664.2,2025-07-31 14:13:14.937324
2025-07-31,45993,2025073101050255,CZBIL,Naasa Securities Co. Ltd.,Nabil Stock Dealer Ltd.,10,230.5,2305.0,2025-07-31 14:15:40.008876
2025-07-31,45992,2025073101050256,CZBIL,Naasa Securities Co. Ltd.,Nabil Stock Dealer Ltd.,10,230.8,2308.0,2025-07-31 14:15:40.009101
2025-07-31,45138,2025073101050532,CZBIL,Pragyan Securities (PVT) Ltd.,Dipshikha Dhitopatra Karobar Co. Pvt Ltd.,175,231.5,40512.5,2025-07-31 14:17:16.894620
2025-07-31,44812,2025073101050611,CZBIL,Pragyan Securities (PVT) Ltd.,Online Securities Pvt. Ltd.,13,231.5,3009.5,2025-07-31 14:17:55.160717
2025-07-31,43623,2025073101050930,CZBIL,Pragyan Securities (PVT) Ltd.,Naasa Securities Co. Ltd.,50,231.5,11575.0,2025-07-31 14:20:29.141263
2025-07-31,42603,2025073101051257,CZBIL,Pragyan Securities (PVT) Ltd.,Naasa Securities Co. Ltd.,50,231.5,11575.0,2025-07-31 14:22:31.369920
2025-07-31,42355,2025073101051301,CZBIL,Pragyan Securities (PVT) Ltd.,ABC Securities Private Limited,10,231.5,2315.0,2025-07-31 14:22:50.540489
2025-07-31,41934,2025073101051423,CZBIL,Naasa Securities Co. Ltd.,Linch Stock Market Ltd.,30,231.0,6930.0,2025-07-31 14:23:31.588488
2025-07-31,41933,2025073101051424,CZBIL,Premier Securities Company Ltd.,Linch Stock Market Ltd.,50,230.1,11505.0,2025-07-31 14:23:31.588807
2025-07-31,41881,2025073101051452,CZBIL,Premier Securities Company Ltd.,K.B.L. Securities Limited ,895,230.1,205939.5,2025-07-31 14:23:39.582313
2025-07-31,41880,2025073101051453,CZBIL,Vision Securities Pvt. Ltd,K.B.L. Securities Limited ,105,230.0,24150.0,2025-07-31 14:23:39.582354
2025-07-31,39713,2025073101052336,CZBIL,Investment Management Nepal Pvt. Ltd.,Premier Securities Company Ltd.,12,231.0,2772.0,2025-07-31 14:26:55.375417
2025-07-31,39712,2025073101052337,CZBIL,Vision Securities Pvt. Ltd,Premier Securities Company Ltd.,488,230.0,112240.0,2025-07-31 14:26:55.375617
2025-07-31,39520,2025073101052398,CZBIL,Vision Securities Pvt. Ltd,Shree Krishna Securities Ltd.,500,230.0,115000.0,2025-07-31 14:27:08.024450
2025-07-31,38968,2025073101052571,CZBIL,Pragyan Securities (PVT) Ltd.,Nepal Investment And Securities Trading Private Limited,600,230.1,138060.0,2025-07-31 14:27:58.489921
2025-07-31,38967,2025073101052572,CZBIL,Vision Securities Pvt. Ltd,Nepal Investment And Securities Trading Private Limited,900,230.0,207000.0,2025-07-31 14:27:58.490132
2025-07-31,38924,2025073101052585,CZBIL,Malla & Malla Stock Broking Company Pvt. Limited,Deevyaa Securities & Stock House Pvt. Ltd,220,230.0,50600.0,2025-07-31 14:28:01.319166
2025-07-31,38923,2025073101052586,CZBIL,Indira securities pvt. ltd,Deevyaa Securities & Stock House Pvt. Ltd,80,230.0,18400.0,2025-07-31 14:28:01.319498
2025-07-31,38922,2025073101052587,CZBIL,Market Securities & Exchange (PVT) Ltd.,Deevyaa Securities & Stock House Pvt. Ltd,100,230.0,23000.0,2025-07-31 14:28:01.319699
2025-07-31,38921,2025073101052588,CZBIL,Siprabi Securities Pvt. Ltd.,Deevyaa Securities & Stock House Pvt. Ltd,217,230.0,49910.0,2025-07-31 14:28:01.319893
2025-07-31,38920,2025073101052589,CZBIL,Secured Securities Ltd.,Deevyaa Securities & Stock House Pvt. Ltd,30,230.0,6900.0,2025-07-31 14:28:01.320128
2025-07-31,37875,2025073101052921,CZBIL,ABC Securities Private Limited,Pragyan Securities (PVT) Ltd.,116,229.1,26575.6,2025-07-31 14:29:30.819784
2025-07-31,35875,2025073101053632,CZBIL,ABC Securities Private Limited,Deevyaa Securities & Stock House Pvt. Ltd,124,229.1,28408.4,2025-07-31 14:32:33.181055
2025-07-31,35874,2025073101053633,CZBIL,Trishakti Securities Public Limited,Deevyaa Securities & Stock House Pvt. Ltd,729,229.1,167013.9,2025-07-31 14:32:33.181237
2025-07-31,34750,2025073101054025,CZBIL,Trishakti Securities Public Limited,Sharepro Securities Private Limited,271,229.1,62086.1,2025-07-31 14:33:54.009960
2025-07-31,34749,2025073101054026,CZBIL,Midas Stock Broking Company Private Limited,Sharepro Securities Private Limited,492,229.1,112717.2,2025-07-31 14:33:54.010034
2025-07-31,34748,2025073101054027,CZBIL,Aryatara Investment & Securities,Sharepro Securities Private Limited,237,229.0,54273.0,2025-07-31 14:33:54.010066
2025-07-31,34606,2025073101054092,CZBIL,Aryatara Investment & Securities,ABC Securities Private Limited,27,229.0,6183.0,2025-07-31 14:34:01.024184
2025-07-31,34605,2025073101054093,CZBIL,Online Securities Pvt. Ltd.,ABC Securities Private Limited,13,229.0,2977.0,2025-07-31 14:34:01.024519
2025-07-31,33297,2025073101054533,CZBIL,Kalika Securities Pvt. Ltd.,Agrawal Securities (PVT) Ltd.,500,229.1,114550.0,2025-07-31 14:35:27.678607
2025-07-31,32670,2025073101054692,CZBIL,Kalika Securities Pvt. Ltd.,Trishakti Securities Public Limited,59,229.1,13516.9,2025-07-31 14:36:15.021725
2025-07-31,31656,2025073101055096,CZBIL,Kalika Securities Pvt. Ltd.,Trishakti Securities Public Limited,39,229.1,8934.9,2025-07-31 14:37:27.847544
2025-07-31,29746,2025073101055675,CZBIL,Premier Securities Company Ltd.,Sani Securities Company Ltd.,13,229.8,2987.4,2025-07-31 14:40:02.026160
2025-07-31,27211,2025073101056583,CZBIL,Kalika Securities Pvt. Ltd.,Naasa Securities Co. Ltd.,402,229.1,92098.2,2025-07-31 14:43:30.443171
2025-07-31,27210,2025073101056584,CZBIL,Dynamic Money Managers Securities Pvt. Ltd.,Naasa Securities Co. Ltd.,300,229.1,68730.0,2025-07-31 14:43:30.443392
2025-07-31,27209,2025073101056585,CZBIL,Online Securities Pvt. Ltd.,Naasa Securities Co. Ltd.,287,229.0,65723.0,2025-07-31 14:43:30.443512
2025-07-31,27208,2025073101056586,CZBIL,Infinity Securities Limited,Naasa Securities Co. Ltd.,11,229.0,2519.0,2025-07-31 14:43:30.443602
2025-07-31,25218,2025073101057081,CZBIL,Infinity Securities Limited,Thrive Brokerage House Pvt. Ltd,204,229.0,46716.0,2025-07-31 14:45:24.180048
2025-07-31,24623,2025073101057288,CZBIL,Infinity Securities Limited,Kohinoor Investment & Securities Pvt. Ltd.,1545,229.0,353805.0,2025-07-31 14:45:55.229230
2025-07-31,24560,2025073101057316,CZBIL,Kumari Securities Private Limited,Sani Securities Company Ltd.,87,229.8,19992.6,2025-07-31 14:45:58.036149
2025-07-31,24559,2025073101057317,CZBIL,Kumari Securities Private Limited,Nepal Investment And Securities Trading Private Limited,810,229.8,186138.0,2025-07-31 14:45:58.036555
2025-07-31,24558,2025073101057318,CZBIL,Kumari Securities Private Limited,Nepal Investment And Securities Trading Private Limited,782,229.8,179703.6,2025-07-31 14:45:58.036867
2025-07-31,24557,2025073101057319,CZBIL,Kumari Securities Private Limited,Bhrikuti Stock Broking Co. Pvt. Ltd.,321,229.9,73797.9,2025-07-31 14:45:58.037213
2025-07-31,23540,2025073101057616,CZBIL,KALASH STOCK MARKET PVT. LTD.,Kohinoor Investment & Securities Pvt. Ltd.,25,229.0,5725.0,2025-07-31 14:46:51.776207
2025-07-31,23539,2025073101057617,CZBIL,Midas Stock Broking Company Private Limited,Kohinoor Investment & Securities Pvt. Ltd.,100,229.0,22900.0,2025-07-31 14:46:51.776356
2025-07-31,23538,2025073101057618,CZBIL,South Asian Bulls Pvt. Ltd.,Kohinoor Investment & Securities Pvt. Ltd.,600,229.0,137400.0,2025-07-31 14:46:51.776433
2025-07-31,23537,2025073101057619,CZBIL,Midas Stock Broking Company Private Limited,Kohinoor Investment & Securities Pvt. Ltd.,10,229.0,2290.0,2025-07-31 14:46:51.776504
2025-07-31,22128,2025073101058055,CZBIL,Arun Securities (PVT) Ltd.,Nepal Investment And Securities Trading Private Limited,10,228.9,2289.0,2025-07-31 14:47:52.968631
2025-07-31,18738,2025073101059022,CZBIL,Arun Securities (PVT) Ltd.,Naasa Securities Co. Ltd.,90,228.9,20601.0,2025-07-31 14:50:12.586603
2025-07-31,18737,2025073101059023,CZBIL,Aryatara Investment & Securities,Naasa Securities Co. Ltd.,910,228.8,208208.0,2025-07-31 14:50:12.586802
2025-07-31,18433,2025073101059109,CZBIL,Aryatara Investment & Securities,South Asian Bulls Pvt. Ltd.,190,228.8,43472.0,2025-07-31 14:50:29.427675
2025-07-31,18432,2025073101059110,CZBIL,Dipshikha Dhitopatra Karobar Co. Pvt Ltd.,South Asian Bulls Pvt. Ltd.,300,228.8,68640.0,2025-07-31 14:50:29.427851
2025-07-31,18431,2025073101059111,CZBIL,Naasa Securities Co. Ltd.,South Asian Bulls Pvt. Ltd.,16,228.8,3660.8,2025-07-31 14:50:29.427921
2025-07-31,18430,2025073101059112,CZBIL,Shree Krishna Securities Ltd.,South Asian Bulls Pvt. Ltd.,488,228.7,111605.6,2025-07-31 14:50:29.427990
2025-07-31,18429,2025073101059113,CZBIL,J.F. Securites (PVT) Ltd.,South Asian Bulls Pvt. Ltd.,50,228.6,11430.0,2025-07-31 14:50:29.428068
2025-07-31,18428,2025073101059114,CZBIL,Opal Securities Investment (PVT) Ltd.,South Asian Bulls Pvt. Ltd.,15,228.5,3427.5,2025-07-31 14:50:29.428160
2025-07-31,18427,2025073101059115,CZBIL,Vision Securities Pvt. Ltd,South Asian Bulls Pvt. Ltd.,941,228.5,215018.5,2025-07-31 14:50:29.428242
2025-07-31,17930,2025073101059278,CZBIL,Vision Securities Pvt. Ltd,Primo Securities (PVT) Ltd.,1559,228.5,356231.5,2025-07-31 14:50:50.023474
2025-07-31,17633,2025073101059383,CZBIL,Vision Securities Pvt. Ltd,Oxford Securities Pvt. Ltd.,234,228.4,53445.6,2025-07-31 14:51:03.642658
2025-07-31,17549,2025073101059423,CZBIL,Kumari Securities Private Limited,Sani Securities Company Ltd.,500,228.8,114400.0,2025-07-31 14:51:06.170715
2025-07-31,16935,2025073101059609,CZBIL,Kumari Securities Private Limited,Aryatara Investment & Securities,500,228.8,114400.0,2025-07-31 14:51:30.104914
2025-07-31,16934,2025073101059610,CZBIL,Vision Securities Pvt. Ltd,Aryatara Investment & Securities,1000,228.4,228400.0,2025-07-31 14:51:30.105070
2025-07-31,15582,2025073101060062,CZBIL,Secured Securities Ltd.,Sweta Securities Private Limited,500,228.5,114250.0,2025-07-31 14:52:24.022141
2025-07-31,14562,2025073101060308,CZBIL,Vision Securities Pvt. Ltd,Secured Securities Ltd.,5915,228.4,1350986.0,2025-07-31 14:53:00.381850
2025-07-31,14561,2025073101060309,CZBIL,Nepal Stock House (PVT) Ltd.,Secured Securities Ltd.,38,228.0,8664.0,2025-07-31 14:53:00.382027
2025-07-31,14560,2025073101060310,CZBIL,Vision Securities Pvt. Ltd,Secured Securities Ltd.,100,228.0,22800.0,2025-07-31 14:53:00.382097
2025-07-31,14559,2025073101060311,CZBIL,Premier Securities Company Ltd.,Secured Securities Ltd.,10,228.0,2280.0,2025-07-31 14:53:00.382161
2025-07-31,14558,2025073101060312,CZBIL,Kumari Securities Private Limited,Secured Securities Ltd.,100,228.0,22800.0,2025-07-31 14:53:00.382228
2025-07-31,14557,2025073101060313,CZBIL,Deevyaa Securities & Stock House Pvt. Ltd,Secured Securities Ltd.,42,228.0,9576.0,2025-07-31 14:53:00.382289
2025-07-31,14556,2025073101060314,CZBIL,South Asian Bulls Pvt. Ltd.,Secured Securities Ltd.,1000,227.7,227700.0,2025-07-31 14:53:00.382356
2025-07-31,14555,2025073101060315,CZBIL,Primo Securities (PVT) Ltd.,Secured Securities Ltd.,2795,227.6,636142.0,2025-07-31 14:53:00.382422
2025-07-31,12404,2025073101060943,CZBIL,Primo Securities (PVT) Ltd.,Kohinoor Investment & Securities Pvt. Ltd.,234,227.6,53258.4,2025-07-31 14:54:23.478342
2025-07-31,11504,2025073101061184,CZBIL,Primo Securities (PVT) Ltd.,Premier Securities Company Ltd.,50,227.6,11380.0,2025-07-31 14:54:58.150922
2025-07-31,11298,2025073101061250,CZBIL,Primo Securities (PVT) Ltd.,Bhrikuti Stock Broking Co. Pvt. Ltd.,500,227.6,113800.0,2025-07-31 14:55:05.707402
2025-07-31,10952,2025073101061363,CZBIL,Primo Securities (PVT) Ltd.,Naasa Securities Co. Ltd.,1252,227.6,284955.2,2025-07-31 14:55:16.856032
2025-07-31,10474,2025073101061489,CZBIL,Primo Securities (PVT) Ltd.,K.B.L. Securities Limited ,169,227.6,38464.4,2025-07-31 14:55:33.779782
2025-07-31,10473,2025073101061490,CZBIL,INDEX SECURITIES LIMITED,K.B.L. Securities Limited ,31,227.5,7052.5,2025-07-31 14:55:33.779946
2025-07-31,10414,2025073101061512,CZBIL,INDEX SECURITIES LIMITED,Kumari Securities Private Limited,70,227.5,15925.0,2025-07-31 14:55:35.684400
2025-07-31,10170,2025073101061606,CZBIL,INDEX SECURITIES LIMITED,Vision Securities Pvt. Ltd,269,227.5,61197.5,2025-07-31 14:55:44.983212
2025-07-31,9763,2025073101061734,CZBIL,Thrive Brokerage House Pvt. Ltd,Vision Securities Pvt. Ltd,300,227.4,68220.0,2025-07-31 14:56:01.228612
2025-07-31,9281,2025073101061864,CZBIL,Sani Securities Company Ltd.,Vision Securities Pvt. Ltd,231,227.3,52506.3,2025-07-31 14:56:17.496998
2025-07-31,8914,2025073101061997,CZBIL,Sani Securities Company Ltd.,Kohinoor Investment & Securities Pvt. Ltd.,769,227.3,174793.7,2025-07-31 14:56:30.772558
2025-07-31,8913,2025073101061998,CZBIL,Kumari Securities Private Limited,Kohinoor Investment & Securities Pvt. Ltd.,500,227.2,113600.0,2025-07-31 14:56:30.772705
2025-07-31,8912,2025073101061999,CZBIL,Oxford Securities Pvt. Ltd.,Kohinoor Investment & Securities Pvt. Ltd.,220,227.2,49984.0,2025-07-31 14:56:30.772767
2025-07-31,8333,2025073101062212,CZBIL,Ashutosh Brokerage & Securities (PVT) Ltd.,Kohinoor Investment & Securities Pvt. Ltd.,35,227.2,7952.0,2025-07-31 14:56:49.625781
2025-07-31,8263,2025073101062229,CZBIL,Dipshikha Dhitopatra Karobar Co. Pvt Ltd.,Kalika Securities Pvt. Ltd.,300,227.1,68130.0,2025-07-31 14:56:51.747083
2025-07-31,8165,2025073101062266,CZBIL,Property Wiard Limited,Kohinoor Investment & Securities Pvt. Ltd.,50,227.2,11360.0,2025-07-31 14:56:56.325623
2025-07-31,7602,2025073101062500,CZBIL,Oxford Securities Pvt. Ltd.,Kohinoor Investment & Securities Pvt. Ltd.,426,227.2,96787.2,2025-07-31 14:57:13.571792
2025-07-31,7601,2025073101062501,CZBIL,Oxford Securities Pvt. Ltd.,Investment Management Nepal Pvt. Ltd.,100,227.2,22720.0,2025-07-31 14:57:13.571936
2025-07-31,7076,2025073101062684,CZBIL,Dipshikha Dhitopatra Karobar Co. Pvt Ltd.,Primo Securities (PVT) Ltd.,500,227.1,113550.0,2025-07-31 14:57:31.005035
2025-07-31,7075,2025073101062685,CZBIL,Imperial Securities Company Pvt. Ltd.,Primo Securities (PVT) Ltd.,400,227.1,90840.0,2025-07-31 14:57:31.005073
2025-07-31,7074,2025073101062686,CZBIL,Thrive Brokerage House Pvt. Ltd,Primo Securities (PVT) Ltd.,274,227.1,62225.4,2025-07-31 14:57:31.005099
2025-07-31,6892,2025073101062732,CZBIL,Thrive Brokerage House Pvt. Ltd,Aryatara Investment & Securities,500,227.1,113550.0,2025-07-31 14:57:37.104471
2025-07-31,6145,2025073101062963,CZBIL,Imperial Securities Company Pvt. Ltd.,Investment Management Nepal Pvt. Ltd.,1000,227.2,227200.0,2025-07-31 14:57:56.850209
2025-07-31,5975,2025073101062997,CZBIL,Thrive Brokerage House Pvt. Ltd,Bhrikuti Stock Broking Co. Pvt. Ltd.,226,227.1,51324.6,2025-07-31 14:58:02.736363
2025-07-31,5846,2025073101063043,CZBIL,Sani Securities Company Ltd.,Bhrikuti Stock Broking Co. Pvt. Ltd.,174,227.1,39515.4,2025-07-31 14:58:06.682981
2025-07-31,5328,2025073101063168,CZBIL,Shree Krishna Securities Ltd.,Investment Management Nepal Pvt. Ltd.,400,227.2,90880.0,2025-07-31 14:58:20.922323
2025-07-31,2920,2025073101063947,CZBIL,Shree Krishna Securities Ltd.,Neev Securities Pvt. Ltd.,101,227.2,22947.2,2025-07-31 14:59:16.066754
2025-07-31,2919,2025073101063948,CZBIL,Property Wiard Limited,Neev Securities Pvt. Ltd.,25,227.2,5680.0,2025-07-31 14:59:16.066904
2025-07-31,2918,2025073101063949,CZBIL,Sani Securities Company Ltd.,Neev Securities Pvt. Ltd.,76,227.1,17259.6,2025-07-31 14:59:16.066980
2025-07-31,2917,2025073101063950,CZBIL,Imperial Securities Company Pvt. Ltd.,Neev Securities Pvt. Ltd.,400,227.1,90840.0,2025-07-31 14:59:16.067053
2025-07-31,2916,2025073101063951,CZBIL,Nagarik Stock Dealer ,Neev Securities Pvt. Ltd.,60,227.1,13626.0,2025-07-31 14:59:16.067119
2025-07-31,2915,2025073101063952,CZBIL,Oxford Securities Pvt. Ltd.,Neev Securities Pvt. Ltd.,200,227.1,45420.0,2025-07-31 14:59:16.067181
2025-07-31,2914,2025073101063953,CZBIL,Oxford Securities Pvt. Ltd.,Neev Securities Pvt. Ltd.,500,227.1,113550.0,2025-07-31 14:59:16.067251
2025-07-31,2913,2025073101063954,CZBIL,Nepal Investment And Securities Trading Private Limited,Neev Securities Pvt. Ltd.,50,227.0,11350.0,2025-07-31 14:59:16.067316
2025-07-31,2912,2025073101063955,CZBIL,Naasa Securities Co. Ltd.,Neev Securities Pvt. Ltd.,50,227.0,11350.0,2025-07-31 14:59:16.067379
2025-07-31,2911,2025073101063956,CZBIL,Dipshikha Dhitopatra Karobar Co. Pvt Ltd.,Neev Securities Pvt. Ltd.,538,227.0,122126.0,2025-07-31 14:59:16.067443
2025-07-31,1972,2025073101064236,CZBIL,Dipshikha Dhitopatra Karobar Co. Pvt Ltd.,Neev Securities Pvt. Ltd.,352,227.0,79904.0,2025-07-31 14:59:30.319380
2025-07-31,1971,2025073101064237,CZBIL,Premier Securities Company Ltd.,Neev Securities Pvt. Ltd.,100,227.0,22700.0,2025-07-31 14:59:30.319508
2025-07-31,1970,2025073101064238,CZBIL,Siprabi Securities Pvt. Ltd.,Neev Securities Pvt. Ltd.,400,227.0,90800.0,2025-07-31 14:59:30.319578
2025-07-31,1969,2025073101064239,CZBIL,Malla & Malla Stock Broking Company Pvt. Limited,Neev Securities Pvt. Ltd.,100,227.0,22700.0,2025-07-31 14:59:30.319646
2025-07-31,1968,2025073101064240,CZBIL,Trishakti Securities Public Limited,Neev Securities Pvt. Ltd.,400,227.0,90800.0,2025-07-31 14:59:30.319711
2025-07-31,1967,2025073101064241,CZBIL,Linch Stock Market Ltd.,Neev Securities Pvt. Ltd.,172,227.0,39044.0,2025-07-31 14:59:30.319782
2025-07-31,1911,2025073101064261,CZBIL,Linch Stock Market Ltd.,Siprabi Securities Pvt. Ltd.,328,227.0,74456.0,2025-07-31 14:59:31.570231
2025-07-31,1910,2025073101064262,CZBIL,Sani Securities Company Ltd.,Siprabi Securities Pvt. Ltd.,340,227.0,77180.0,2025-07-31 14:59:31.570362
2025-07-31,1909,2025073101064263,CZBIL,Shree Krishna Securities Ltd.,Siprabi Securities Pvt. Ltd.,178,227.0,40406.0,2025-07-31 14:59:31.570423
2025-07-31,1592,2025073101064360,CZBIL,Neev Securities Pvt. Ltd.,Sweta Securities Private Limited,50,227.4,11370.0,2025-07-31 14:59:36.388699
2025-07-31,33,2025073101064742,CZBIL,Shree Krishna Securities Ltd.,Kohinoor Investment & Securities Pvt. Ltd.,765,227.0,173655.0,2025-07-31 14:59:59.412515
2025-07-31,6,2025073101064751,CZBIL,Pragyan Securities (PVT) Ltd.,J.F. Securites (PVT) Ltd.,18,227.4,4093.2,2025-07-31 14:59:59.875183
