Date,S.N.,Contract ID,Symbol,Buyer Broker,Seller Broker,quantity,rate,amount,transaction_time
2025-08-14,75478,2025081403000109,RLFL,Sweta Securities Private Limited,Siprabi Securities Pvt. Ltd.,100,494.0,49400.0,2025-08-14 11:06:21.737966
2025-08-14,74820,2025081403000175,RLFL,Sweta Securities Private Limited,Secured Securities Ltd.,28,498.0,13944.0,2025-08-14 11:08:53.861364
2025-08-14,74217,2025081403000221,RLFL,Sani Securities Company Ltd.,Secured Securities Ltd.,200,496.1,99220.0,2025-08-14 11:10:57.688318
2025-08-14,71129,2025081403000534,RLFL,Trishakti Securities Public Limited,Dakshinkali Investment & Securities Pvt. Ltd.,200,487.0,97400.0,2025-08-14 11:22:55.026503
2025-08-14,70071,2025081403000653,RLFL,Primo Securities (PVT) Ltd.,Cristal Kanchanjanga Securites Pvt. Ltd.,500,486.3,243150.0,2025-08-14 11:26:51.490174
2025-08-14,70070,2025081403000654,RLFL,Vision Securities Pvt. Ltd,Cristal Kanchanjanga Securites Pvt. Ltd.,150,486.2,72930.0,2025-08-14 11:26:51.490264
2025-08-14,67212,2025081403000916,RLFL,Vision Securities Pvt. Ltd,Secured Securities Ltd.,50,486.2,24310.0,2025-08-14 11:37:09.544299
2025-08-14,67211,2025081403000917,RLFL,Online Securities Pvt. Ltd.,Secured Securities Ltd.,10,486.2,4862.0,2025-08-14 11:37:09.544390
2025-08-14,66745,2025081403000987,RLFL,Cristal Kanchanjanga Securites Pvt. Ltd.,Secured Securities Ltd.,240,486.2,116688.0,2025-08-14 11:39:29.372648
2025-08-14,60723,2025081403001840,RLFL,South Asian Bulls Pvt. Ltd.,Neev Securities Pvt. Ltd.,150,485.0,72750.0,2025-08-14 12:05:28.767156
2025-08-14,60571,2025081403001854,RLFL,Naasa Securities Co. Ltd.,Premier Securities Company Ltd.,25,484.3,12107.5,2025-08-14 12:06:03.648519
2025-08-14,60570,2025081403001855,RLFL,Vision Securities Pvt. Ltd,Premier Securities Company Ltd.,50,482.0,24100.0,2025-08-14 12:06:03.648597
2025-08-14,60569,2025081403001856,RLFL,Property Wiard Limited,Premier Securities Company Ltd.,25,481.0,12025.0,2025-08-14 12:06:03.648627
2025-08-14,60509,2025081403001860,RLFL,Property Wiard Limited,Premier Securities Company Ltd.,75,481.0,36075.0,2025-08-14 12:06:20.787376
2025-08-14,60508,2025081403001861,RLFL,Dynamic Money Managers Securities Pvt. Ltd.,Premier Securities Company Ltd.,25,481.0,12025.0,2025-08-14 12:06:20.787417
2025-08-14,57751,2025081403002359,RLFL,Citizens Share Broker Limited,Neev Securities Pvt. Ltd.,315,485.0,152775.0,2025-08-14 12:16:53.208436
2025-08-14,57478,2025081403002424,RLFL,Premier Securities Company Ltd.,Neev Securities Pvt. Ltd.,235,485.0,113975.0,2025-08-14 12:17:56.311116
2025-08-14,53935,2025081403003041,RLFL,Dynamic Money Managers Securities Pvt. Ltd.,Bhrikuti Stock Broking Co. Pvt. Ltd.,75,485.0,36375.0,2025-08-14 12:30:20.710831
2025-08-14,53067,2025081403003130,RLFL,Online Securities Pvt. Ltd.,Premier Securities Company Ltd.,70,483.2,33824.0,2025-08-14 12:33:21.449520
2025-08-14,53066,2025081403003131,RLFL,Sumeru Securities Pvt. Ltd.,Premier Securities Company Ltd.,15,483.1,7246.5,2025-08-14 12:33:21.449681
2025-08-14,53065,2025081403003132,RLFL,Aryatara Investment & Securities,Premier Securities Company Ltd.,15,483.1,7246.5,2025-08-14 12:33:21.449736
2025-08-14,50729,2025081403003402,RLFL,Sani Securities Company Ltd.,Asian Securities Private Ltd.,100,490.0,49000.0,2025-08-14 12:43:37.747310
2025-08-14,50093,2025081403003483,RLFL,Sani Securities Company Ltd.,Asian Securities Private Ltd.,21,490.0,10290.0,2025-08-14 12:45:49.442410
2025-08-14,48195,2025081403003776,RLFL,Sani Securities Company Ltd.,Dipshikha Dhitopatra Karobar Co. Pvt Ltd.,20,484.0,9680.0,2025-08-14 12:52:44.267203
2025-08-14,45622,2025081403004086,RLFL,Sani Securities Company Ltd.,Premier Securities Company Ltd.,10,484.0,4840.0,2025-08-14 13:02:25.421283
2025-08-14,45621,2025081403004087,RLFL,Vision Securities Pvt. Ltd,Premier Securities Company Ltd.,50,484.0,24200.0,2025-08-14 13:02:25.421342
2025-08-14,45620,2025081403004088,RLFL,Aryatara Investment & Securities,Premier Securities Company Ltd.,40,483.1,19324.0,2025-08-14 13:02:25.421370
2025-08-14,44074,2025081403004353,RLFL,Aryatara Investment & Securities,Premier Securities Company Ltd.,45,483.1,21739.5,2025-08-14 13:08:34.900306
2025-08-14,44073,2025081403004354,RLFL,Naasa Securities Co. Ltd.,Premier Securities Company Ltd.,100,483.1,48310.0,2025-08-14 13:08:34.900366
2025-08-14,44072,2025081403004355,RLFL,Sani Securities Company Ltd.,Premier Securities Company Ltd.,32,483.0,15456.0,2025-08-14 13:08:34.900393
2025-08-14,44071,2025081403004356,RLFL,Asian Securities Private Ltd.,Premier Securities Company Ltd.,23,482.2,11090.6,2025-08-14 13:08:34.900421
2025-08-14,43586,2025081403004439,RLFL,Asian Securities Private Ltd.,Linch Stock Market Ltd.,277,482.2,133569.4,2025-08-14 13:10:37.917607
2025-08-14,43585,2025081403004440,RLFL,Dipshikha Dhitopatra Karobar Co. Pvt Ltd.,Linch Stock Market Ltd.,200,482.0,96400.0,2025-08-14 13:10:37.917777
2025-08-14,43584,2025081403004441,RLFL,Premier Securities Company Ltd.,Linch Stock Market Ltd.,23,482.0,11086.0,2025-08-14 13:10:37.917830
2025-08-14,43313,2025081403004505,RLFL,Premier Securities Company Ltd.,Siprabi Securities Pvt. Ltd.,27,482.0,13014.0,2025-08-14 13:11:51.848375
2025-08-14,43312,2025081403004506,RLFL,Dipshikha Dhitopatra Karobar Co. Pvt Ltd.,Siprabi Securities Pvt. Ltd.,20,482.0,9640.0,2025-08-14 13:11:51.848537
2025-08-14,43311,2025081403004507,RLFL,Secured Securities Ltd.,Siprabi Securities Pvt. Ltd.,123,481.1,59175.3,2025-08-14 13:11:51.848589
2025-08-14,40191,2025081403004974,RLFL,Dakshinkali Investment & Securities Pvt. Ltd.,Ashutosh Brokerage & Securities (PVT) Ltd.,100,482.3,48230.0,2025-08-14 13:24:26.295471
2025-08-14,40190,2025081403004975,RLFL,J.F. Securites (PVT) Ltd.,Ashutosh Brokerage & Securities (PVT) Ltd.,50,482.1,24105.0,2025-08-14 13:24:26.295736
2025-08-14,40189,2025081403004976,RLFL,Sundhara Securities Limited,Ashutosh Brokerage & Securities (PVT) Ltd.,100,482.1,48210.0,2025-08-14 13:24:26.295895
2025-08-14,40188,2025081403004977,RLFL,Sri Hari Securities Pvt. Ltd.,Ashutosh Brokerage & Securities (PVT) Ltd.,82,482.0,39524.0,2025-08-14 13:24:26.296074
2025-08-14,40187,2025081403004978,RLFL,Vision Securities Pvt. Ltd,Ashutosh Brokerage & Securities (PVT) Ltd.,118,482.0,56876.0,2025-08-14 13:24:26.296228
2025-08-14,37861,2025081403005271,RLFL,Primo Securities (PVT) Ltd.,South Asian Bulls Pvt. Ltd.,10,483.0,4830.0,2025-08-14 13:33:52.458862
2025-08-14,36171,2025081403005526,RLFL,Premier Securities Company Ltd.,Investment Management Nepal Pvt. Ltd.,200,485.0,97000.0,2025-08-14 13:40:03.640704
2025-08-14,35342,2025081403005665,RLFL,Sani Securities Company Ltd.,Aryatara Investment & Securities,10,483.1,4831.0,2025-08-14 13:43:19.441102
2025-08-14,35341,2025081403005666,RLFL,Primo Securities (PVT) Ltd.,Aryatara Investment & Securities,28,483.0,13524.0,2025-08-14 13:43:19.441301
2025-08-14,35340,2025081403005667,RLFL,Thrive Brokerage House Pvt. Ltd,Aryatara Investment & Securities,50,483.0,24150.0,2025-08-14 13:43:19.441356
2025-08-14,35339,2025081403005668,RLFL,Imperial Securities Company Pvt. Ltd.,Aryatara Investment & Securities,250,483.0,120750.0,2025-08-14 13:43:19.441433
2025-08-14,35338,2025081403005669,RLFL,Arun Securities (PVT) Ltd.,Aryatara Investment & Securities,152,482.5,73340.0,2025-08-14 13:43:19.441483
2025-08-14,35274,2025081403005680,RLFL,Arun Securities (PVT) Ltd.,Aryatara Investment & Securities,10,482.5,4825.0,2025-08-14 13:43:29.557326
2025-08-14,32733,2025081403006068,RLFL,Premier Securities Company Ltd.,Investment Management Nepal Pvt. Ltd.,200,482.3,96460.0,2025-08-14 13:50:39.173645
2025-08-14,31897,2025081403006205,RLFL,Dakshinkali Investment & Securities Pvt. Ltd.,Dakshinkali Investment & Securities Pvt. Ltd.,44,482.1,21212.4,2025-08-14 13:52:40.306312
2025-08-14,31127,2025081403006354,RLFL,Bhrikuti Stock Broking Co. Pvt. Ltd.,Dynamic Money Managers Securities Pvt. Ltd.,10,482.3,4823.0,2025-08-14 13:54:40.225538
2025-08-14,29886,2025081403006560,RLFL,Vision Securities Pvt. Ltd,Dynamic Money Managers Securities Pvt. Ltd.,82,482.3,39548.6,2025-08-14 13:58:43.167748
2025-08-14,25948,2025081403007150,RLFL,Malla & Malla Stock Broking Company Pvt. Limited,Creative Securities Pvt Ltd,25,483.0,12075.0,2025-08-14 14:13:01.267333
2025-08-14,25947,2025081403007151,RLFL,Naasa Securities Co. Ltd.,Creative Securities Pvt Ltd,70,482.5,33775.0,2025-08-14 14:13:01.267463
2025-08-14,25946,2025081403007152,RLFL,ABC Securities Private Limited,Creative Securities Pvt Ltd,50,482.3,24115.0,2025-08-14 14:13:01.267533
2025-08-14,25945,2025081403007153,RLFL,Arun Securities (PVT) Ltd.,Creative Securities Pvt Ltd,136,482.3,65592.8,2025-08-14 14:13:01.267583
2025-08-14,25944,2025081403007154,RLFL,Dakshinkali Investment & Securities Pvt. Ltd.,Creative Securities Pvt Ltd,56,482.1,26997.6,2025-08-14 14:13:01.267636
2025-08-14,25943,2025081403007155,RLFL,Naasa Securities Co. Ltd.,Creative Securities Pvt Ltd,72,482.0,34704.0,2025-08-14 14:13:01.267688
2025-08-14,25704,2025081403007185,RLFL,Midas Stock Broking Company Private Limited,Creative Securities Pvt Ltd,250,482.0,120500.0,2025-08-14 14:13:46.385629
2025-08-14,22448,2025081403007641,RLFL,SHUBHAKAMANA SECURITIES PVT. LTD,Vision Securities Pvt. Ltd,50,483.0,24150.0,2025-08-14 14:24:02.822070
2025-08-14,22447,2025081403007642,RLFL,SHUBHAKAMANA SECURITIES PVT. LTD,Dipshikha Dhitopatra Karobar Co. Pvt Ltd.,550,485.0,266750.0,2025-08-14 14:24:02.822206
2025-08-14,19665,2025081403008124,RLFL,Imperial Securities Company Pvt. Ltd.,Vision Securities Pvt. Ltd,12,482.1,5785.2,2025-08-14 14:32:23.730547
2025-08-14,19078,2025081403008261,RLFL,Sani Securities Company Ltd.,Nepal Investment And Securities Trading Private Limited,340,482.0,163880.0,2025-08-14 14:33:57.193969
2025-08-14,19077,2025081403008262,RLFL,SHUBHAKAMANA SECURITIES PVT. LTD,Nepal Investment And Securities Trading Private Limited,410,482.0,197620.0,2025-08-14 14:33:57.194152
2025-08-14,18827,2025081403008295,RLFL,SHUBHAKAMANA SECURITIES PVT. LTD,Prabhu Stock Market Limited,90,482.0,43380.0,2025-08-14 14:34:38.779112
2025-08-14,18826,2025081403008296,RLFL,Aryatara Investment & Securities,Prabhu Stock Market Limited,30,481.3,14439.0,2025-08-14 14:34:38.779252
2025-08-14,18825,2025081403008297,RLFL,Linch Stock Market Ltd.,Prabhu Stock Market Limited,380,481.3,182894.0,2025-08-14 14:34:38.779304
2025-08-14,18530,2025081403008356,RLFL,Linch Stock Market Ltd.,Online Securities Pvt. Ltd.,50,481.3,24065.0,2025-08-14 14:35:17.907687
2025-08-14,18251,2025081403008405,RLFL,Imperial Securities Company Pvt. Ltd.,Sani Securities Company Ltd.,1,478.0,478.0,2025-08-14 14:35:57.054472
2025-08-14,17849,2025081403008496,RLFL,Vision Securities Pvt. Ltd,Sumeru Securities Pvt. Ltd.,30,481.5,14445.0,2025-08-14 14:36:58.531312
2025-08-14,17848,2025081403008497,RLFL,Linch Stock Market Ltd.,Sumeru Securities Pvt. Ltd.,70,481.5,33705.0,2025-08-14 14:36:58.531569
2025-08-14,17847,2025081403008498,RLFL,Prabhu Stock Market Limited,Sumeru Securities Pvt. Ltd.,353,481.4,169934.2,2025-08-14 14:36:58.531736
2025-08-14,17243,2025081403008593,RLFL,Imperial Securities Company Pvt. Ltd.,Creative Securities Pvt Ltd,1,482.0,482.0,2025-08-14 14:38:30.963470
2025-08-14,17179,2025081403008604,RLFL,Blue Chip Securities Ltd,Trisul Securities & Invt. Ltd.,150,482.0,72300.0,2025-08-14 14:38:43.062911
2025-08-14,15876,2025081403008802,RLFL,Prabhu Stock Market Limited,Linch Stock Market Ltd.,10,481.4,4814.0,2025-08-14 14:41:53.735247
2025-08-14,15098,2025081403008940,RLFL,Prabhu Stock Market Limited,Nagarik Stock Dealer ,100,481.4,48140.0,2025-08-14 14:43:33.081684
2025-08-14,13475,2025081403009418,RLFL,Naasa Securities Co. Ltd.,Trisul Securities & Invt. Ltd.,50,482.0,24100.0,2025-08-14 14:46:08.558984
2025-08-14,11784,2025081403009708,RLFL,Naasa Securities Co. Ltd.,Roadshow securities limited,100,482.0,48200.0,2025-08-14 14:48:55.317332
2025-08-14,10338,2025081403009912,RLFL,Secured Securities Ltd.,Secured Securities Ltd.,500,484.0,242000.0,2025-08-14 14:50:48.227796
2025-08-14,10337,2025081403009913,RLFL,Secured Securities Ltd.,Nepal Stock House (PVT) Ltd.,450,484.0,217800.0,2025-08-14 14:50:48.227945
2025-08-14,10336,2025081403009914,RLFL,Secured Securities Ltd.,Sharepro Securities Private Limited,50,484.0,24200.0,2025-08-14 14:50:48.228005
2025-08-14,9789,2025081403010020,RLFL,Opal Securities Investment (PVT) Ltd.,Sharepro Securities Private Limited,50,484.0,24200.0,2025-08-14 14:51:41.596219
2025-08-14,9337,2025081403010104,RLFL,Aryatara Investment & Securities,Dipshikha Dhitopatra Karobar Co. Pvt Ltd.,50,484.0,24200.0,2025-08-14 14:52:15.075754
2025-08-14,7820,2025081403010401,RLFL,Trisul Securities & Invt. Ltd.,Citizens Share Broker Limited,100,483.0,48300.0,2025-08-14 14:54:03.512143
2025-08-14,7474,2025081403010453,RLFL,Blue Chip Securities Ltd,Premier Securities Company Ltd.,100,483.9,48390.0,2025-08-14 14:54:27.909393
2025-08-14,6993,2025081403010540,RLFL,Trisul Securities & Invt. Ltd.,Sumeru Securities Pvt. Ltd.,30,483.0,14490.0,2025-08-14 14:55:00.591980
2025-08-14,6992,2025081403010541,RLFL,Aryatara Investment & Securities,Sumeru Securities Pvt. Ltd.,220,483.0,106260.0,2025-08-14 14:55:00.592125
2025-08-14,6666,2025081403010584,RLFL,Aryatara Investment & Securities,Dipshikha Dhitopatra Karobar Co. Pvt Ltd.,400,483.0,193200.0,2025-08-14 14:55:25.805173
2025-08-14,6016,2025081403010670,RLFL,Opal Securities Investment (PVT) Ltd.,Premier Securities Company Ltd.,1260,483.9,609714.0,2025-08-14 14:56:08.536919
2025-08-14,4537,2025081403010916,RLFL,Aryatara Investment & Securities,Linch Stock Market Ltd.,20,483.0,9660.0,2025-08-14 14:57:29.632064
2025-08-14,4536,2025081403010917,RLFL,Imperial Securities Company Pvt. Ltd.,Linch Stock Market Ltd.,65,483.0,31395.0,2025-08-14 14:57:29.632190
2025-08-14,4535,2025081403010918,RLFL,Naasa Securities Co. Ltd.,Linch Stock Market Ltd.,142,482.0,68444.0,2025-08-14 14:57:29.632248
2025-08-14,4534,2025081403010919,RLFL,Sewa Securities Pvt. Ltd.,Linch Stock Market Ltd.,200,482.0,96400.0,2025-08-14 14:57:29.632300
2025-08-14,4291,2025081403010975,RLFL,Trishakti Securities Public Limited,Linch Stock Market Ltd.,200,482.0,96400.0,2025-08-14 14:57:42.157020
2025-08-14,4220,2025081403010991,RLFL,Sani Securities Company Ltd.,Linch Stock Market Ltd.,173,482.0,83386.0,2025-08-14 14:57:46.925190
2025-08-14,2499,2025081403011338,RLFL,Asian Securities Private Ltd.,Oxford Securities Pvt. Ltd.,10,483.8,4838.0,2025-08-14 14:58:57.311748
2025-08-14,2498,2025081403011339,RLFL,Asian Securities Private Ltd.,Dynamic Money Managers Securities Pvt. Ltd.,30,483.8,14514.0,2025-08-14 14:58:57.311803
2025-08-14,2497,2025081403011340,RLFL,Asian Securities Private Ltd.,Midas Stock Broking Company Private Limited,300,484.0,145200.0,2025-08-14 14:58:57.311842
2025-08-14,2496,2025081403011341,RLFL,Asian Securities Private Ltd.,Linch Stock Market Ltd.,160,484.0,77440.0,2025-08-14 14:58:57.311873
2025-08-14,2224,2025081403011384,RLFL,Asian Securities Private Ltd.,Linch Stock Market Ltd.,23,484.0,11132.0,2025-08-14 14:59:06.425189
2025-08-14,2223,2025081403011385,RLFL,Asian Securities Private Ltd.,Secured Securities Ltd.,477,484.0,230868.0,2025-08-14 14:59:06.425301
2025-08-14,1721,2025081403011528,RLFL,Sani Securities Company Ltd.,Secured Securities Ltd.,20,483.8,9676.0,2025-08-14 14:59:22.617090
2025-08-14,1503,2025081403011583,RLFL,Asian Securities Private Ltd.,Vision Securities Pvt. Ltd,500,484.0,242000.0,2025-08-14 14:59:28.061719
2025-08-14,676,2025081403011788,RLFL,Asian Securities Private Ltd.,Vision Securities Pvt. Ltd,500,484.0,242000.0,2025-08-14 14:59:47.310648
