Date,S.N.,Contract ID,Symbol,Buyer Broker,Seller Broker,quantity,rate,amount,transaction_time
2025-08-20,53628,2025082001000029,EBL,Linch Stock Market Ltd.,Aryatara Investment & Securities,50,739.5,36975.0,2025-08-20 11:02:31.025446
2025-08-20,53312,2025082001000078,EBL,South Asian Bulls Pvt. Ltd.,Deevyaa Securities & Stock House Pvt. Ltd,120,728.0,87360.0,2025-08-20 11:05:15.134841
2025-08-20,53198,2025082001000114,EBL,Pragyan Securities (PVT) Ltd.,Imperial Securities Company Pvt. Ltd.,10,738.9,7389.0,2025-08-20 11:05:58.738427
2025-08-20,53097,2025082001000138,EBL,Imperial Securities Company Pvt. Ltd.,Agrawal Securities (PVT) Ltd.,50,735.0,36750.0,2025-08-20 11:06:56.882832
2025-08-20,52357,2025082001000286,EBL,Asian Securities Private Ltd.,Online Securities Pvt. Ltd.,70,731.1,51177.0,2025-08-20 11:12:00.815425
2025-08-20,52294,2025082001000293,EBL,Aryatara Investment & Securities,Thrive Brokerage House Pvt. Ltd,1,724.2,724.2,2025-08-20 11:12:31.827671
2025-08-20,51427,2025082001000471,EBL,Pragyan Securities (PVT) Ltd.,Sundhara Securities Limited,200,732.4,146480.0,2025-08-20 11:18:05.933410
2025-08-20,51209,2025082001000511,EBL,Asian Securities Private Ltd.,Siprabi Securities Pvt. Ltd.,100,732.1,73210.0,2025-08-20 11:19:20.609185
2025-08-20,51024,2025082001000535,EBL,Agrawal Securities (PVT) Ltd.,Siprabi Securities Pvt. Ltd.,20,733.5,14670.0,2025-08-20 11:20:29.277910
2025-08-20,50593,2025082001000611,EBL,Imperial Securities Company Pvt. Ltd.,Siprabi Securities Pvt. Ltd.,80,733.5,58680.0,2025-08-20 11:23:12.175405
2025-08-20,49794,2025082001000781,EBL,Imperial Securities Company Pvt. Ltd.,Himalayan Brokerage Company Limited,20,733.5,14670.0,2025-08-20 11:27:18.128335
2025-08-20,49651,2025082001000808,EBL,Imperial Securities Company Pvt. Ltd.,Vision Securities Pvt. Ltd,100,733.9,73390.0,2025-08-20 11:28:18.098710
2025-08-20,49650,2025082001000809,EBL,Imperial Securities Company Pvt. Ltd.,Sundhara Securities Limited,1000,734.0,734000.0,2025-08-20 11:28:18.098965
2025-08-20,49649,2025082001000810,EBL,Imperial Securities Company Pvt. Ltd.,Nepal Stock House (PVT) Ltd.,61,734.0,44774.0,2025-08-20 11:28:18.099140
2025-08-20,49648,2025082001000811,EBL,Imperial Securities Company Pvt. Ltd.,Dakshinkali Investment & Securities Pvt. Ltd.,1000,735.0,735000.0,2025-08-20 11:28:18.099294
2025-08-20,49647,2025082001000812,EBL,Imperial Securities Company Pvt. Ltd.,Nepal Stock House (PVT) Ltd.,439,735.0,322665.0,2025-08-20 11:28:18.099440
2025-08-20,49593,2025082001000825,EBL,Pragyan Securities (PVT) Ltd.,Creative Securities Pvt Ltd,2,738.9,1477.8,2025-08-20 11:28:47.565087
2025-08-20,49131,2025082001000902,EBL,Asian Securities Private Ltd.,Sumeru Securities Pvt. Ltd.,800,733.1,586480.0,2025-08-20 11:31:15.602913
2025-08-20,49083,2025082001000918,EBL,Nepal Stock House (PVT) Ltd.,Agrawal Securities (PVT) Ltd.,30,733.0,21990.0,2025-08-20 11:31:30.902373
2025-08-20,49006,2025082001000926,EBL,Imperial Securities Company Pvt. Ltd.,Premier Securities Company Ltd.,50,734.9,36745.0,2025-08-20 11:31:51.321098
2025-08-20,49005,2025082001000927,EBL,Imperial Securities Company Pvt. Ltd.,Sani Securities Company Ltd.,201,734.9,147714.9,2025-08-20 11:31:51.321369
2025-08-20,49004,2025082001000928,EBL,Imperial Securities Company Pvt. Ltd.,Nepal Stock House (PVT) Ltd.,61,735.0,44835.0,2025-08-20 11:31:51.321430
2025-08-20,49003,2025082001000929,EBL,Imperial Securities Company Pvt. Ltd.,Sri Hari Securities Pvt. Ltd.,388,735.0,285180.0,2025-08-20 11:31:51.321484
2025-08-20,48955,2025082001000943,EBL,Imperial Securities Company Pvt. Ltd.,Sri Hari Securities Pvt. Ltd.,800,735.0,588000.0,2025-08-20 11:32:07.497990
2025-08-20,48565,2025082001001026,EBL,Market Securities & Exchange (PVT) Ltd.,Sri Hari Securities Pvt. Ltd.,50,735.0,36750.0,2025-08-20 11:34:03.021912
2025-08-20,48469,2025082001001046,EBL,Market Securities & Exchange (PVT) Ltd.,Aryatara Investment & Securities,24,735.0,17640.0,2025-08-20 11:34:33.126449
2025-08-20,47905,2025082001001150,EBL,J.F. Securites (PVT) Ltd.,Sani Securities Company Ltd.,7,730.0,5110.0,2025-08-20 11:37:33.623054
2025-08-20,47127,2025082001001333,EBL,Creative Securities Pvt Ltd,Creative Securities Pvt Ltd,500,734.0,367000.0,2025-08-20 11:41:53.697685
2025-08-20,46679,2025082001001422,EBL,Creative Securities Pvt Ltd,Creative Securities Pvt Ltd,500,734.0,367000.0,2025-08-20 11:43:40.291176
2025-08-20,46512,2025082001001453,EBL,Asian Securities Private Ltd.,Dynamic Money Managers Securities Pvt. Ltd.,129,733.9,94673.1,2025-08-20 11:44:36.183172
2025-08-20,46246,2025082001001504,EBL,Imperial Securities Company Pvt. Ltd.,Dynamic Money Managers Securities Pvt. Ltd.,871,733.9,639226.9,2025-08-20 11:46:08.987532
2025-08-20,46245,2025082001001505,EBL,Imperial Securities Company Pvt. Ltd.,Sundhara Securities Limited,1000,734.0,734000.0,2025-08-20 11:46:08.987711
2025-08-20,45489,2025082001001662,EBL,Aryatara Investment & Securities,Investment Management Nepal Pvt. Ltd.,1,719.4,719.4,2025-08-20 11:50:24.206410
2025-08-20,44250,2025082001001912,EBL,Secured Securities Ltd.,Dakshinkali Investment & Securities Pvt. Ltd.,50,734.0,36700.0,2025-08-20 11:56:09.481568
2025-08-20,44249,2025082001001913,EBL,Opal Securities Investment (PVT) Ltd.,Dakshinkali Investment & Securities Pvt. Ltd.,20,733.9,14678.0,2025-08-20 11:56:09.481664
2025-08-20,44248,2025082001001914,EBL,Linch Stock Market Ltd.,Dakshinkali Investment & Securities Pvt. Ltd.,30,733.8,22014.0,2025-08-20 11:56:09.481742
2025-08-20,44216,2025082001001923,EBL,Linch Stock Market Ltd.,Arun Securities (PVT) Ltd.,70,733.8,51366.0,2025-08-20 11:56:24.523193
2025-08-20,44215,2025082001001924,EBL,Imperial Securities Company Pvt. Ltd.,Arun Securities (PVT) Ltd.,330,733.8,242154.0,2025-08-20 11:56:24.523506
2025-08-20,43421,2025082001002119,EBL,Midas Stock Broking Company Private Limited,Dipshikha Dhitopatra Karobar Co. Pvt Ltd.,10,734.0,7340.0,2025-08-20 12:00:41.888990
2025-08-20,43401,2025082001002121,EBL,Imperial Securities Company Pvt. Ltd.,Dipshikha Dhitopatra Karobar Co. Pvt Ltd.,10,734.0,7340.0,2025-08-20 12:00:51.621938
2025-08-20,43400,2025082001002122,EBL,Imperial Securities Company Pvt. Ltd.,Dynamic Money Managers Securities Pvt. Ltd.,290,734.0,212860.0,2025-08-20 12:00:51.622324
2025-08-20,43365,2025082001002128,EBL,Imperial Securities Company Pvt. Ltd.,Dynamic Money Managers Securities Pvt. Ltd.,500,734.0,367000.0,2025-08-20 12:01:05.666458
2025-08-20,43279,2025082001002141,EBL,Secured Securities Ltd.,Dynamic Money Managers Securities Pvt. Ltd.,30,734.0,22020.0,2025-08-20 12:01:36.468836
2025-08-20,43208,2025082001002154,EBL,SUN SECURITIES PVT LTD,Dynamic Money Managers Securities Pvt. Ltd.,38,734.0,27892.0,2025-08-20 12:01:59.602096
2025-08-20,43207,2025082001002155,EBL,SUN SECURITIES PVT LTD,Malla & Malla Stock Broking Company Pvt. Limited,100,734.9,73490.0,2025-08-20 12:01:59.602483
2025-08-20,43206,2025082001002156,EBL,SUN SECURITIES PVT LTD,Dynamic Money Managers Securities Pvt. Ltd.,300,734.9,220470.0,2025-08-20 12:01:59.602696
2025-08-20,43205,2025082001002157,EBL,SUN SECURITIES PVT LTD,Shree Krishna Securities Ltd.,162,735.0,119070.0,2025-08-20 12:01:59.602902
2025-08-20,43135,2025082001002167,EBL,Creative Securities Pvt Ltd,Nepal Stock House (PVT) Ltd.,100,733.9,73390.0,2025-08-20 12:02:16.871964
2025-08-20,43134,2025082001002168,EBL,Imperial Securities Company Pvt. Ltd.,Nepal Stock House (PVT) Ltd.,170,733.8,124746.0,2025-08-20 12:02:16.872153
2025-08-20,43133,2025082001002169,EBL,Sewa Securities Pvt. Ltd.,Nepal Stock House (PVT) Ltd.,30,733.6,22008.0,2025-08-20 12:02:16.872230
2025-08-20,43132,2025082001002170,EBL,Kohinoor Investment & Securities Pvt. Ltd.,Nepal Stock House (PVT) Ltd.,200,733.1,146620.0,2025-08-20 12:02:16.872300
2025-08-20,43103,2025082001002174,EBL,Kohinoor Investment & Securities Pvt. Ltd.,Nepal Investment And Securities Trading Private Limited,80,733.1,58648.0,2025-08-20 12:02:25.237707
2025-08-20,43099,2025082001002176,EBL,Kohinoor Investment & Securities Pvt. Ltd.,Nepal Stock House (PVT) Ltd.,220,733.1,161282.0,2025-08-20 12:02:28.472462
2025-08-20,43098,2025082001002177,EBL,Nepal Stock House (PVT) Ltd.,Nepal Stock House (PVT) Ltd.,20,733.0,14660.0,2025-08-20 12:02:28.472639
2025-08-20,43097,2025082001002178,EBL,Malla & Malla Stock Broking Company Pvt. Limited,Nepal Stock House (PVT) Ltd.,30,733.0,21990.0,2025-08-20 12:02:28.472716
2025-08-20,43085,2025082001002179,EBL,Sundhara Securities Limited,Nepal Stock House (PVT) Ltd.,178,733.0,130474.0,2025-08-20 12:02:36.271035
2025-08-20,42728,2025082001002263,EBL,Sundhara Securities Limited,Naasa Securities Co. Ltd.,22,733.0,16126.0,2025-08-20 12:04:35.029474
2025-08-20,42727,2025082001002264,EBL,Online Securities Pvt. Ltd.,Naasa Securities Co. Ltd.,30,733.0,21990.0,2025-08-20 12:04:35.029689
2025-08-20,42580,2025082001002296,EBL,ABC Securities Private Limited,Neev Securities Pvt. Ltd.,130,732.0,95160.0,2025-08-20 12:05:24.970195
2025-08-20,42473,2025082001002314,EBL,Naasa Securities Co. Ltd.,Naasa Securities Co. Ltd.,110,733.0,80630.0,2025-08-20 12:06:02.108224
2025-08-20,42472,2025082001002315,EBL,Naasa Securities Co. Ltd.,Sundhara Securities Limited,100,733.9,73390.0,2025-08-20 12:06:02.108485
2025-08-20,42471,2025082001002316,EBL,Naasa Securities Co. Ltd.,Sundhara Securities Limited,85,734.0,62390.0,2025-08-20 12:06:02.108565
2025-08-20,42157,2025082001002354,EBL,Imperial Securities Company Pvt. Ltd.,Sundhara Securities Limited,9915,734.0,7277610.0,2025-08-20 12:07:43.690388
2025-08-20,42156,2025082001002355,EBL,Imperial Securities Company Pvt. Ltd.,Shree Krishna Securities Ltd.,85,735.0,62475.0,2025-08-20 12:07:43.690632
2025-08-20,41858,2025082001002450,EBL,Sani Securities Company Ltd.,Asian Securities Private Ltd.,30,734.0,22020.0,2025-08-20 12:09:05.353785
2025-08-20,41611,2025082001002517,EBL,Naasa Securities Co. Ltd.,Asian Securities Private Ltd.,114,734.0,83676.0,2025-08-20 12:10:42.114496
2025-08-20,41500,2025082001002550,EBL,Siprabi Securities Pvt. Ltd.,Asian Securities Private Ltd.,245,734.0,179830.0,2025-08-20 12:11:26.773107
2025-08-20,41396,2025082001002590,EBL,Sani Securities Company Ltd.,Asian Securities Private Ltd.,20,734.0,14680.0,2025-08-20 12:12:02.535097
2025-08-20,41161,2025082001002618,EBL,Naasa Securities Co. Ltd.,Asian Securities Private Ltd.,25,734.0,18350.0,2025-08-20 12:13:22.965211
2025-08-20,40868,2025082001002685,EBL,Kohinoor Investment & Securities Pvt. Ltd.,Asian Securities Private Ltd.,66,734.0,48444.0,2025-08-20 12:14:52.950701
2025-08-20,40867,2025082001002686,EBL,Kohinoor Investment & Securities Pvt. Ltd.,Malla & Malla Stock Broking Company Pvt. Limited,84,734.0,61656.0,2025-08-20 12:14:52.951103
2025-08-20,40223,2025082001002850,EBL,Agrawal Securities (PVT) Ltd.,Imperial Securities Company Pvt. Ltd.,12,733.0,8796.0,2025-08-20 12:18:52.561810
2025-08-20,40190,2025082001002858,EBL,Imperial Securities Company Pvt. Ltd.,Malla & Malla Stock Broking Company Pvt. Limited,16,734.0,11744.0,2025-08-20 12:19:04.622499
2025-08-20,40189,2025082001002859,EBL,Imperial Securities Company Pvt. Ltd.,Malla & Malla Stock Broking Company Pvt. Limited,22,734.0,16148.0,2025-08-20 12:19:04.622692
2025-08-20,40188,2025082001002860,EBL,Imperial Securities Company Pvt. Ltd.,Deevyaa Securities & Stock House Pvt. Ltd,500,734.0,367000.0,2025-08-20 12:19:04.622770
2025-08-20,40187,2025082001002861,EBL,Imperial Securities Company Pvt. Ltd.,Asian Securities Private Ltd.,500,734.5,367250.0,2025-08-20 12:19:04.622851
2025-08-20,40186,2025082001002862,EBL,Imperial Securities Company Pvt. Ltd.,Vision Securities Pvt. Ltd,59,734.9,43359.1,2025-08-20 12:19:04.622930
2025-08-20,40185,2025082001002863,EBL,Imperial Securities Company Pvt. Ltd.,Shree Krishna Securities Ltd.,3603,735.0,2648205.0,2025-08-20 12:19:04.623007
2025-08-20,40105,2025082001002873,EBL,Imperial Securities Company Pvt. Ltd.,Shree Krishna Securities Ltd.,150,735.0,110250.0,2025-08-20 12:19:32.736486
2025-08-20,40104,2025082001002874,EBL,Imperial Securities Company Pvt. Ltd.,Sri Hari Securities Pvt. Ltd.,211,735.0,155085.0,2025-08-20 12:19:32.736670
2025-08-20,40103,2025082001002875,EBL,Imperial Securities Company Pvt. Ltd.,Primo Securities (PVT) Ltd.,46,735.0,33810.0,2025-08-20 12:19:32.736745
2025-08-20,40102,2025082001002876,EBL,Imperial Securities Company Pvt. Ltd.,Online Securities Pvt. Ltd.,193,735.0,141855.0,2025-08-20 12:19:32.736823
2025-08-20,39819,2025082001002912,EBL,Online Securities Pvt. Ltd.,Nepal Stock House (PVT) Ltd.,100,734.0,73400.0,2025-08-20 12:20:54.016258
2025-08-20,39658,2025082001002951,EBL,Dipshikha Dhitopatra Karobar Co. Pvt Ltd.,Siprabi Securities Pvt. Ltd.,100,733.1,73310.0,2025-08-20 12:21:30.789078
2025-08-20,39433,2025082001003018,EBL,Dipshikha Dhitopatra Karobar Co. Pvt Ltd.,Naasa Securities Co. Ltd.,220,733.3,161326.0,2025-08-20 12:22:50.319255
2025-08-20,38799,2025082001003154,EBL,Pragyan Securities (PVT) Ltd.,Online Securities Pvt. Ltd.,20,735.0,14700.0,2025-08-20 12:26:29.475540
2025-08-20,38241,2025082001003267,EBL,J.F. Securites (PVT) Ltd.,Primo Securities (PVT) Ltd.,27,735.0,19845.0,2025-08-20 12:29:44.754198
2025-08-20,38226,2025082001003271,EBL,Shree Krishna Securities Ltd.,Pragyan Securities (PVT) Ltd.,100,734.0,73400.0,2025-08-20 12:29:51.539254
2025-08-20,38225,2025082001003272,EBL,Naasa Securities Co. Ltd.,Pragyan Securities (PVT) Ltd.,100,734.0,73400.0,2025-08-20 12:29:51.539453
2025-08-20,38137,2025082001003301,EBL,Thrive Brokerage House Pvt. Ltd,Primo Securities (PVT) Ltd.,73,735.0,53655.0,2025-08-20 12:30:18.121711
2025-08-20,38136,2025082001003302,EBL,Thrive Brokerage House Pvt. Ltd,Linch Stock Market Ltd.,100,735.0,73500.0,2025-08-20 12:30:18.121954
2025-08-20,38019,2025082001003317,EBL,Imperial Securities Company Pvt. Ltd.,Sundhara Securities Limited,50,736.0,36800.0,2025-08-20 12:31:10.117261
2025-08-20,38018,2025082001003318,EBL,Imperial Securities Company Pvt. Ltd.,Sumeru Securities Pvt. Ltd.,550,736.0,404800.0,2025-08-20 12:31:10.117474
2025-08-20,38017,2025082001003319,EBL,Imperial Securities Company Pvt. Ltd.,Primo Securities (PVT) Ltd.,100,736.0,73600.0,2025-08-20 12:31:10.117561
2025-08-20,38016,2025082001003320,EBL,Imperial Securities Company Pvt. Ltd.,Nepal Stock House (PVT) Ltd.,500,736.9,368450.0,2025-08-20 12:31:10.117645
2025-08-20,38015,2025082001003321,EBL,Imperial Securities Company Pvt. Ltd.,Sweta Securities Private Limited,200,737.0,147400.0,2025-08-20 12:31:10.117727
2025-08-20,38014,2025082001003322,EBL,Imperial Securities Company Pvt. Ltd.,Dynamic Money Managers Securities Pvt. Ltd.,1000,737.0,737000.0,2025-08-20 12:31:10.117811
2025-08-20,38013,2025082001003323,EBL,Imperial Securities Company Pvt. Ltd.,Online Securities Pvt. Ltd.,50,737.0,36850.0,2025-08-20 12:31:10.117904
2025-08-20,38012,2025082001003324,EBL,Imperial Securities Company Pvt. Ltd.,Investment Management Nepal Pvt. Ltd.,50,737.0,36850.0,2025-08-20 12:31:10.118014
2025-08-20,37939,2025082001003345,EBL,Imperial Securities Company Pvt. Ltd.,Investment Management Nepal Pvt. Ltd.,70,737.0,51590.0,2025-08-20 12:31:33.561010
2025-08-20,37938,2025082001003346,EBL,Imperial Securities Company Pvt. Ltd.,Primo Securities (PVT) Ltd.,100,737.0,73700.0,2025-08-20 12:31:33.561225
2025-08-20,37937,2025082001003347,EBL,Imperial Securities Company Pvt. Ltd.,South Asian Bulls Pvt. Ltd.,20,737.8,14756.0,2025-08-20 12:31:33.561312
2025-08-20,37936,2025082001003348,EBL,Imperial Securities Company Pvt. Ltd.,Imperial Securities Company Pvt. Ltd.,50,737.8,36890.0,2025-08-20 12:31:33.561396
2025-08-20,37935,2025082001003349,EBL,Imperial Securities Company Pvt. Ltd.,Aryatara Investment & Securities,2000,738.0,1476000.0,2025-08-20 12:31:33.561484
2025-08-20,37934,2025082001003350,EBL,Imperial Securities Company Pvt. Ltd.,ABC Securities Private Limited,200,738.0,147600.0,2025-08-20 12:31:33.561564
2025-08-20,37933,2025082001003351,EBL,Imperial Securities Company Pvt. Ltd.,Sundhara Securities Limited,200,738.0,147600.0,2025-08-20 12:31:33.561647
2025-08-20,37932,2025082001003352,EBL,Imperial Securities Company Pvt. Ltd.,Nepal Investment And Securities Trading Private Limited,40,738.0,29520.0,2025-08-20 12:31:33.561727
2025-08-20,37931,2025082001003353,EBL,Imperial Securities Company Pvt. Ltd.,Kalika Securities Pvt. Ltd.,1000,738.0,738000.0,2025-08-20 12:31:33.561806
2025-08-20,37930,2025082001003354,EBL,Imperial Securities Company Pvt. Ltd.,Sani Securities Company Ltd.,20,738.0,14760.0,2025-08-20 12:31:33.561884
2025-08-20,37658,2025082001003413,EBL,Primo Securities (PVT) Ltd.,Dakshinkali Investment & Securities Pvt. Ltd.,100,737.0,73700.0,2025-08-20 12:33:15.230335
2025-08-20,37406,2025082001003456,EBL,Thrive Brokerage House Pvt. Ltd,Naasa Securities Co. Ltd.,136,735.0,99960.0,2025-08-20 12:34:29.209919
2025-08-20,37022,2025082001003521,EBL,Thrive Brokerage House Pvt. Ltd,Dakshinkali Investment & Securities Pvt. Ltd.,191,735.0,140385.0,2025-08-20 12:36:06.395227
2025-08-20,37021,2025082001003522,EBL,Kalika Securities Pvt. Ltd.,Dakshinkali Investment & Securities Pvt. Ltd.,60,735.0,44100.0,2025-08-20 12:36:06.395656
2025-08-20,37020,2025082001003523,EBL,Secured Securities Ltd.,Dakshinkali Investment & Securities Pvt. Ltd.,350,735.0,257250.0,2025-08-20 12:36:06.395907
2025-08-20,37019,2025082001003524,EBL,Naasa Securities Co. Ltd.,Dakshinkali Investment & Securities Pvt. Ltd.,100,735.0,73500.0,2025-08-20 12:36:06.396173
2025-08-20,37018,2025082001003525,EBL,Malla & Malla Stock Broking Company Pvt. Limited,Dakshinkali Investment & Securities Pvt. Ltd.,50,735.0,36750.0,2025-08-20 12:36:06.396411
2025-08-20,36922,2025082001003532,EBL,Aryatara Investment & Securities,Dakshinkali Investment & Securities Pvt. Ltd.,10,735.0,7350.0,2025-08-20 12:36:22.269591
2025-08-20,36864,2025082001003537,EBL,Asian Securities Private Ltd.,Dakshinkali Investment & Securities Pvt. Ltd.,200,735.0,147000.0,2025-08-20 12:36:36.907793
2025-08-20,36832,2025082001003539,EBL,Secured Securities Ltd.,Aryatara Investment & Securities,200,734.5,146900.0,2025-08-20 12:36:46.407708
2025-08-20,36651,2025082001003585,EBL,Imperial Securities Company Pvt. Ltd.,Dakshinkali Investment & Securities Pvt. Ltd.,39,735.0,28665.0,2025-08-20 12:37:36.315001
2025-08-20,36650,2025082001003586,EBL,Imperial Securities Company Pvt. Ltd.,Online Securities Pvt. Ltd.,50,735.0,36750.0,2025-08-20 12:37:36.315215
2025-08-20,35914,2025082001003702,EBL,Dipshikha Dhitopatra Karobar Co. Pvt Ltd.,Midas Stock Broking Company Private Limited,100,735.1,73510.0,2025-08-20 12:40:26.623534
2025-08-20,35438,2025082001003796,EBL,Dipshikha Dhitopatra Karobar Co. Pvt Ltd.,Naasa Securities Co. Ltd.,80,735.1,58808.0,2025-08-20 12:42:43.649405
2025-08-20,35152,2025082001003855,EBL,Imperial Securities Company Pvt. Ltd.,Dakshinkali Investment & Securities Pvt. Ltd.,45,735.0,33075.0,2025-08-20 12:43:46.139414
2025-08-20,35028,2025082001003880,EBL,Asian Securities Private Ltd.,Investment Management Nepal Pvt. Ltd.,200,735.0,147000.0,2025-08-20 12:44:29.409301
2025-08-20,34987,2025082001003892,EBL,Kalika Securities Pvt. Ltd.,Sundhara Securities Limited,14,735.0,10290.0,2025-08-20 12:44:37.642367
2025-08-20,34903,2025082001003906,EBL,Kalika Securities Pvt. Ltd.,Oxford Securities Pvt. Ltd.,40,735.0,29400.0,2025-08-20 12:45:09.360171
2025-08-20,34831,2025082001003919,EBL,Kalika Securities Pvt. Ltd.,Naasa Securities Co. Ltd.,53,735.0,38955.0,2025-08-20 12:45:39.495642
2025-08-20,34666,2025082001003944,EBL,Kalika Securities Pvt. Ltd.,Market Securities & Exchange (PVT) Ltd.,200,735.0,147000.0,2025-08-20 12:46:43.196082
2025-08-20,34643,2025082001003953,EBL,Sundhara Securities Limited,Aryatara Investment & Securities,100,736.0,73600.0,2025-08-20 12:46:51.973225
2025-08-20,34410,2025082001003991,EBL,Sani Securities Company Ltd.,Midas Stock Broking Company Private Limited,50,736.0,36800.0,2025-08-20 12:48:18.101265
2025-08-20,34409,2025082001003992,EBL,Sani Securities Company Ltd.,Aryatara Investment & Securities,100,736.5,73650.0,2025-08-20 12:48:18.101692
2025-08-20,34408,2025082001003993,EBL,Sani Securities Company Ltd.,Premier Securities Company Ltd.,300,736.5,220950.0,2025-08-20 12:48:18.101958
2025-08-20,34407,2025082001003994,EBL,Sani Securities Company Ltd.,Dakshinkali Investment & Securities Pvt. Ltd.,150,737.0,110550.0,2025-08-20 12:48:18.102268
2025-08-20,34311,2025082001004016,EBL,Sani Securities Company Ltd.,Sundhara Securities Limited,600,736.0,441600.0,2025-08-20 12:48:44.298903
2025-08-20,33363,2025082001004309,EBL,Thrive Brokerage House Pvt. Ltd,Sundhara Securities Limited,400,736.0,294400.0,2025-08-20 12:54:29.212081
2025-08-20,33346,2025082001004312,EBL,Thrive Brokerage House Pvt. Ltd,Sani Securities Company Ltd.,100,736.0,73600.0,2025-08-20 12:54:33.457880
2025-08-20,33345,2025082001004313,EBL,Kalika Securities Pvt. Ltd.,Sani Securities Company Ltd.,323,735.0,237405.0,2025-08-20 12:54:33.458307
2025-08-20,31113,2025082001004744,EBL,Kalika Securities Pvt. Ltd.,Shree Krishna Securities Ltd.,50,735.0,36750.0,2025-08-20 13:06:05.757933
2025-08-20,31112,2025082001004745,EBL,Naasa Securities Co. Ltd.,Shree Krishna Securities Ltd.,50,735.0,36750.0,2025-08-20 13:06:05.758398
2025-08-20,31050,2025082001004774,EBL,Machhapuchchhre Securities Limited,Sani Securities Company Ltd.,10,736.4,7364.0,2025-08-20 13:06:24.396877
2025-08-20,30990,2025082001004792,EBL,Oxford Securities Pvt. Ltd.,ABC Securities Private Limited,30,735.0,22050.0,2025-08-20 13:06:45.456214
2025-08-20,30833,2025082001004817,EBL,Oxford Securities Pvt. Ltd.,Naasa Securities Co. Ltd.,100,735.0,73500.0,2025-08-20 13:07:52.314423
2025-08-20,30687,2025082001004830,EBL,Oxford Securities Pvt. Ltd.,Naasa Securities Co. Ltd.,20,735.0,14700.0,2025-08-20 13:08:37.991207
2025-08-20,30686,2025082001004831,EBL,Online Securities Pvt. Ltd.,Naasa Securities Co. Ltd.,81,735.0,59535.0,2025-08-20 13:08:37.991451
2025-08-20,30625,2025082001004846,EBL,Online Securities Pvt. Ltd.,Sani Securities Company Ltd.,19,735.0,13965.0,2025-08-20 13:09:07.572160
2025-08-20,30624,2025082001004847,EBL,Kohinoor Investment & Securities Pvt. Ltd.,Sani Securities Company Ltd.,80,735.0,58800.0,2025-08-20 13:09:07.572384
2025-08-20,30623,2025082001004848,EBL,Naasa Securities Co. Ltd.,Sani Securities Company Ltd.,190,735.0,139650.0,2025-08-20 13:09:07.572475
2025-08-20,30622,2025082001004849,EBL,Sani Securities Company Ltd.,Sani Securities Company Ltd.,10,735.0,7350.0,2025-08-20 13:09:07.572569
2025-08-20,30602,2025082001004857,EBL,Imperial Securities Company Pvt. Ltd.,Malla & Malla Stock Broking Company Pvt. Limited,500,736.0,368000.0,2025-08-20 13:09:15.855949
2025-08-20,30601,2025082001004858,EBL,Imperial Securities Company Pvt. Ltd.,Sani Securities Company Ltd.,90,736.4,66276.0,2025-08-20 13:09:15.856228
2025-08-20,30600,2025082001004859,EBL,Imperial Securities Company Pvt. Ltd.,Aryatara Investment & Securities,410,736.4,301924.0,2025-08-20 13:09:15.856357
2025-08-20,29416,2025082001005057,EBL,Imperial Securities Company Pvt. Ltd.,Trisul Securities & Invt. Ltd.,500,736.3,368150.0,2025-08-20 13:16:38.905748
2025-08-20,29078,2025082001005115,EBL,Roadshow securities limited,Aryatara Investment & Securities,90,736.4,66276.0,2025-08-20 13:18:04.370782
2025-08-20,29077,2025082001005116,EBL,Roadshow securities limited,Aryatara Investment & Securities,200,736.5,147300.0,2025-08-20 13:18:04.371352
2025-08-20,29076,2025082001005117,EBL,Roadshow securities limited,Dakshinkali Investment & Securities Pvt. Ltd.,750,737.0,552750.0,2025-08-20 13:18:04.371725
2025-08-20,29075,2025082001005118,EBL,Roadshow securities limited,Kohinoor Investment & Securities Pvt. Ltd.,12,737.0,8844.0,2025-08-20 13:18:04.372113
2025-08-20,29074,2025082001005119,EBL,Roadshow securities limited,Sundhara Securities Limited,948,737.0,698676.0,2025-08-20 13:18:04.372445
2025-08-20,29045,2025082001005126,EBL,Kalika Securities Pvt. Ltd.,Aryatara Investment & Securities,36,735.0,26460.0,2025-08-20 13:18:17.119283
2025-08-20,29044,2025082001005127,EBL,Nepal Stock House (PVT) Ltd.,Aryatara Investment & Securities,145,735.0,106575.0,2025-08-20 13:18:17.119815
2025-08-20,29043,2025082001005128,EBL,Naasa Securities Co. Ltd.,Aryatara Investment & Securities,19,735.0,13965.0,2025-08-20 13:18:17.120144
2025-08-20,28677,2025082001005206,EBL,Machhapuchchhre Securities Limited,Aryatara Investment & Securities,10,736.7,7367.0,2025-08-20 13:20:21.445480
2025-08-20,28414,2025082001005252,EBL,Kalika Securities Pvt. Ltd.,Asian Securities Private Ltd.,38,736.0,27968.0,2025-08-20 13:21:41.694880
2025-08-20,28413,2025082001005253,EBL,Naasa Securities Co. Ltd.,Asian Securities Private Ltd.,162,735.0,119070.0,2025-08-20 13:21:41.695157
2025-08-20,27625,2025082001005456,EBL,Swarna Laxmi Securities Pvt. Ltd.,Malla & Malla Stock Broking Company Pvt. Limited,30,736.0,22080.0,2025-08-20 13:26:15.422740
2025-08-20,27560,2025082001005471,EBL,Nagarik Stock Dealer ,Dipshikha Dhitopatra Karobar Co. Pvt Ltd.,1000,735.1,735100.0,2025-08-20 13:26:45.101733
2025-08-20,27559,2025082001005472,EBL,Naasa Securities Co. Ltd.,Dipshikha Dhitopatra Karobar Co. Pvt Ltd.,19,735.0,13965.0,2025-08-20 13:26:45.102003
2025-08-20,27558,2025082001005473,EBL,Neev Securities Pvt. Ltd.,Dipshikha Dhitopatra Karobar Co. Pvt Ltd.,381,735.0,280035.0,2025-08-20 13:26:45.102167
2025-08-20,27522,2025082001005477,EBL,Vision Securities Pvt. Ltd,Malla & Malla Stock Broking Company Pvt. Limited,70,736.0,51520.0,2025-08-20 13:26:57.125700
2025-08-20,26391,2025082001005760,EBL,Imperial Securities Company Pvt. Ltd.,Sani Securities Company Ltd.,24,736.4,17673.6,2025-08-20 13:32:54.725285
2025-08-20,26390,2025082001005761,EBL,Imperial Securities Company Pvt. Ltd.,Miyo Securities Pvt Ltd,530,736.5,390345.0,2025-08-20 13:32:54.725525
2025-08-20,26389,2025082001005762,EBL,Imperial Securities Company Pvt. Ltd.,Aryatara Investment & Securities,90,736.7,66303.0,2025-08-20 13:32:54.725624
2025-08-20,26388,2025082001005763,EBL,Imperial Securities Company Pvt. Ltd.,Dakshinkali Investment & Securities Pvt. Ltd.,200,736.8,147360.0,2025-08-20 13:32:54.725731
2025-08-20,26387,2025082001005764,EBL,Imperial Securities Company Pvt. Ltd.,Aryatara Investment & Securities,156,736.9,114956.4,2025-08-20 13:32:54.725928
2025-08-20,26324,2025082001005778,EBL,Imperial Securities Company Pvt. Ltd.,Aryatara Investment & Securities,344,736.9,253493.6,2025-08-20 13:33:22.950157
2025-08-20,26323,2025082001005779,EBL,Imperial Securities Company Pvt. Ltd.,Aryatara Investment & Securities,150,737.0,110550.0,2025-08-20 13:33:22.950409
2025-08-20,26322,2025082001005780,EBL,Imperial Securities Company Pvt. Ltd.,Dynamic Money Managers Securities Pvt. Ltd.,200,737.9,147580.0,2025-08-20 13:33:22.950518
2025-08-20,26321,2025082001005781,EBL,Imperial Securities Company Pvt. Ltd.,Dakshinkali Investment & Securities Pvt. Ltd.,200,737.9,147580.0,2025-08-20 13:33:22.950616
2025-08-20,26320,2025082001005782,EBL,Imperial Securities Company Pvt. Ltd.,Magnet Securities and Investment Company Private Limited,60,738.0,44280.0,2025-08-20 13:33:22.950714
2025-08-20,26319,2025082001005783,EBL,Imperial Securities Company Pvt. Ltd.,J.F. Securites (PVT) Ltd.,10,738.0,7380.0,2025-08-20 13:33:22.950814
2025-08-20,26318,2025082001005784,EBL,Imperial Securities Company Pvt. Ltd.,SUN SECURITIES PVT LTD,1000,738.0,738000.0,2025-08-20 13:33:22.950911
2025-08-20,26317,2025082001005785,EBL,Imperial Securities Company Pvt. Ltd.,Trisul Securities & Invt. Ltd.,100,739.0,73900.0,2025-08-20 13:33:22.951009
2025-08-20,26316,2025082001005786,EBL,Imperial Securities Company Pvt. Ltd.,Oxford Securities Pvt. Ltd.,736,739.0,543904.0,2025-08-20 13:33:22.951115
2025-08-20,26255,2025082001005804,EBL,Imperial Securities Company Pvt. Ltd.,Oxford Securities Pvt. Ltd.,264,739.0,195096.0,2025-08-20 13:33:45.033524
2025-08-20,26254,2025082001005805,EBL,Imperial Securities Company Pvt. Ltd.,Kumari Securities Private Limited,86,739.5,63597.0,2025-08-20 13:33:45.034071
2025-08-20,26253,2025082001005806,EBL,Imperial Securities Company Pvt. Ltd.,South Asian Bulls Pvt. Ltd.,50,739.5,36975.0,2025-08-20 13:33:45.034519
2025-08-20,26252,2025082001005807,EBL,Imperial Securities Company Pvt. Ltd.,Capital Max Securities Ltd,500,739.5,369750.0,2025-08-20 13:33:45.034919
2025-08-20,26251,2025082001005808,EBL,Imperial Securities Company Pvt. Ltd.,Dynamic Money Managers Securities Pvt. Ltd.,200,739.8,147960.0,2025-08-20 13:33:45.035344
2025-08-20,26250,2025082001005809,EBL,Imperial Securities Company Pvt. Ltd.,Kohinoor Investment & Securities Pvt. Ltd.,40,739.9,29596.0,2025-08-20 13:33:45.035780
2025-08-20,26249,2025082001005810,EBL,Imperial Securities Company Pvt. Ltd.,Dipshikha Dhitopatra Karobar Co. Pvt Ltd.,500,740.0,370000.0,2025-08-20 13:33:45.036167
2025-08-20,26248,2025082001005811,EBL,Imperial Securities Company Pvt. Ltd.,Bhrikuti Stock Broking Co. Pvt. Ltd.,11,740.0,8140.0,2025-08-20 13:33:45.036482
2025-08-20,26247,2025082001005812,EBL,Imperial Securities Company Pvt. Ltd.,Imperial Securities Company Pvt. Ltd.,500,740.0,370000.0,2025-08-20 13:33:45.036760
2025-08-20,26246,2025082001005813,EBL,Imperial Securities Company Pvt. Ltd.,SUN SECURITIES PVT LTD,1000,740.0,740000.0,2025-08-20 13:33:45.037020
2025-08-20,26245,2025082001005814,EBL,Imperial Securities Company Pvt. Ltd.,Neev Securities Pvt. Ltd.,1000,740.0,740000.0,2025-08-20 13:33:45.037295
2025-08-20,26244,2025082001005815,EBL,Imperial Securities Company Pvt. Ltd.,Linch Stock Market Ltd.,144,740.0,106560.0,2025-08-20 13:33:45.037584
2025-08-20,26243,2025082001005816,EBL,Imperial Securities Company Pvt. Ltd.,ABC Securities Private Limited,200,740.0,148000.0,2025-08-20 13:33:45.037862
2025-08-20,26242,2025082001005817,EBL,Imperial Securities Company Pvt. Ltd.,Sani Securities Company Ltd.,50,740.0,37000.0,2025-08-20 13:33:45.038161
2025-08-20,26241,2025082001005818,EBL,Imperial Securities Company Pvt. Ltd.,Imperial Securities Company Pvt. Ltd.,50,740.0,37000.0,2025-08-20 13:33:45.038449
2025-08-20,26240,2025082001005819,EBL,Imperial Securities Company Pvt. Ltd.,Premier Securities Company Ltd.,50,740.0,37000.0,2025-08-20 13:33:45.038741
2025-08-20,26239,2025082001005820,EBL,Imperial Securities Company Pvt. Ltd.,Dakshinkali Investment & Securities Pvt. Ltd.,1000,740.0,740000.0,2025-08-20 13:33:45.039000
2025-08-20,26238,2025082001005821,EBL,Imperial Securities Company Pvt. Ltd.,Kohinoor Investment & Securities Pvt. Ltd.,23,740.0,17020.0,2025-08-20 13:33:45.039301
2025-08-20,26237,2025082001005822,EBL,Imperial Securities Company Pvt. Ltd.,Imperial Securities Company Pvt. Ltd.,300,740.0,222000.0,2025-08-20 13:33:45.039670
2025-08-20,26236,2025082001005823,EBL,Imperial Securities Company Pvt. Ltd.,Kumari Securities Private Limited,100,740.0,74000.0,2025-08-20 13:33:45.039986
2025-08-20,26235,2025082001005824,EBL,Imperial Securities Company Pvt. Ltd.,Vision Securities Pvt. Ltd,220,740.0,162800.0,2025-08-20 13:33:45.040362
2025-08-20,26234,2025082001005825,EBL,Imperial Securities Company Pvt. Ltd.,Malla & Malla Stock Broking Company Pvt. Limited,12,740.0,8880.0,2025-08-20 13:33:45.040691
2025-08-20,25102,2025082001006020,EBL,Kalika Securities Pvt. Ltd.,Siprabi Securities Pvt. Ltd.,20,739.0,14780.0,2025-08-20 13:39:48.359276
2025-08-20,24940,2025082001006040,EBL,Online Securities Pvt. Ltd.,Siprabi Securities Pvt. Ltd.,173,739.0,127847.0,2025-08-20 13:40:32.344521
2025-08-20,24939,2025082001006041,EBL,Online Securities Pvt. Ltd.,Dynamic Money Managers Securities Pvt. Ltd.,200,739.8,147960.0,2025-08-20 13:40:32.344753
2025-08-20,24938,2025082001006042,EBL,Online Securities Pvt. Ltd.,Malla & Malla Stock Broking Company Pvt. Limited,18,740.0,13320.0,2025-08-20 13:40:32.344865
2025-08-20,24937,2025082001006043,EBL,Online Securities Pvt. Ltd.,Ashutosh Brokerage & Securities (PVT) Ltd.,200,740.0,148000.0,2025-08-20 13:40:32.344993
2025-08-20,24936,2025082001006044,EBL,Online Securities Pvt. Ltd.,Investment Management Nepal Pvt. Ltd.,100,740.0,74000.0,2025-08-20 13:40:32.345098
2025-08-20,24935,2025082001006045,EBL,Online Securities Pvt. Ltd.,Imperial Securities Company Pvt. Ltd.,270,740.0,199800.0,2025-08-20 13:40:32.345209
2025-08-20,24934,2025082001006046,EBL,Online Securities Pvt. Ltd.,Siprabi Securities Pvt. Ltd.,20,740.0,14800.0,2025-08-20 13:40:32.345317
2025-08-20,24933,2025082001006047,EBL,Online Securities Pvt. Ltd.,Imperial Securities Company Pvt. Ltd.,19,740.0,14060.0,2025-08-20 13:40:32.345422
2025-08-20,24875,2025082001006063,EBL,Online Securities Pvt. Ltd.,Sani Securities Company Ltd.,1000,739.0,739000.0,2025-08-20 13:40:48.475501
2025-08-20,23884,2025082001006288,EBL,Naasa Securities Co. Ltd.,Sajilo Broker Limited,100,739.0,73900.0,2025-08-20 13:46:18.004727
2025-08-20,23765,2025082001006306,EBL,Sundhara Securities Limited,Vision Securities Pvt. Ltd,10,739.9,7399.0,2025-08-20 13:47:03.967481
2025-08-20,23706,2025082001006319,EBL,Online Securities Pvt. Ltd.,Premier Securities Company Ltd.,30,738.0,22140.0,2025-08-20 13:47:24.229125
2025-08-20,23705,2025082001006320,EBL,Asian Securities Private Ltd.,Premier Securities Company Ltd.,10,736.5,7365.0,2025-08-20 13:47:24.229182
2025-08-20,23704,2025082001006321,EBL,Nagarik Stock Dealer ,Premier Securities Company Ltd.,442,736.2,325400.4,2025-08-20 13:47:24.229224
2025-08-20,23484,2025082001006372,EBL,Imperial Securities Company Pvt. Ltd.,Agrawal Securities (PVT) Ltd.,10,739.8,7398.0,2025-08-20 13:48:50.436101
2025-08-20,23483,2025082001006373,EBL,Imperial Securities Company Pvt. Ltd.,Vision Securities Pvt. Ltd,60,739.9,44394.0,2025-08-20 13:48:50.436422
2025-08-20,23482,2025082001006374,EBL,Imperial Securities Company Pvt. Ltd.,Nepal Investment And Securities Trading Private Limited,100,739.9,73990.0,2025-08-20 13:48:50.436655
2025-08-20,23481,2025082001006375,EBL,Imperial Securities Company Pvt. Ltd.,Imperial Securities Company Pvt. Ltd.,81,740.0,59940.0,2025-08-20 13:48:50.436766
2025-08-20,23480,2025082001006376,EBL,Imperial Securities Company Pvt. Ltd.,K.B.L. Securities Limited ,200,740.0,148000.0,2025-08-20 13:48:50.436867
2025-08-20,23479,2025082001006377,EBL,Imperial Securities Company Pvt. Ltd.,K.B.L. Securities Limited ,49,740.0,36260.0,2025-08-20 13:48:50.436966
2025-08-20,23431,2025082001006388,EBL,Imperial Securities Company Pvt. Ltd.,K.B.L. Securities Limited ,951,740.0,703740.0,2025-08-20 13:49:08.563865
2025-08-20,23430,2025082001006389,EBL,Imperial Securities Company Pvt. Ltd.,Imperial Securities Company Pvt. Ltd.,100,740.0,74000.0,2025-08-20 13:49:08.564171
2025-08-20,22981,2025082001006503,EBL,Imperial Securities Company Pvt. Ltd.,Kohinoor Investment & Securities Pvt. Ltd.,310,739.8,229338.0,2025-08-20 13:51:29.417724
2025-08-20,22980,2025082001006504,EBL,Imperial Securities Company Pvt. Ltd.,Oxford Securities Pvt. Ltd.,1000,739.9,739900.0,2025-08-20 13:51:29.417986
2025-08-20,22979,2025082001006505,EBL,Imperial Securities Company Pvt. Ltd.,Dakshinkali Investment & Securities Pvt. Ltd.,1000,740.0,740000.0,2025-08-20 13:51:29.418098
2025-08-20,22978,2025082001006506,EBL,Imperial Securities Company Pvt. Ltd.,Prabhu Stock Market Limited,100,740.0,74000.0,2025-08-20 13:51:29.418195
2025-08-20,22977,2025082001006507,EBL,Imperial Securities Company Pvt. Ltd.,Dynamic Money Managers Securities Pvt. Ltd.,890,740.0,658600.0,2025-08-20 13:51:29.418297
2025-08-20,22894,2025082001006523,EBL,Imperial Securities Company Pvt. Ltd.,Dynamic Money Managers Securities Pvt. Ltd.,110,740.0,81400.0,2025-08-20 13:51:55.546240
2025-08-20,22893,2025082001006524,EBL,Imperial Securities Company Pvt. Ltd.,Sundhara Securities Limited,300,740.0,222000.0,2025-08-20 13:51:55.546482
2025-08-20,22892,2025082001006525,EBL,Imperial Securities Company Pvt. Ltd.,Dakshinkali Investment & Securities Pvt. Ltd.,200,740.2,148040.0,2025-08-20 13:51:55.546583
2025-08-20,22891,2025082001006526,EBL,Imperial Securities Company Pvt. Ltd.,Linch Stock Market Ltd.,13,740.5,9626.5,2025-08-20 13:51:55.546688
2025-08-20,22890,2025082001006527,EBL,Imperial Securities Company Pvt. Ltd.,Kohinoor Investment & Securities Pvt. Ltd.,430,740.7,318501.0,2025-08-20 13:51:55.546784
2025-08-20,22889,2025082001006528,EBL,Imperial Securities Company Pvt. Ltd.,Oxford Securities Pvt. Ltd.,1000,740.7,740700.0,2025-08-20 13:51:55.546880
2025-08-20,22888,2025082001006529,EBL,Imperial Securities Company Pvt. Ltd.,Vision Securities Pvt. Ltd,947,740.8,701537.6,2025-08-20 13:51:55.546976
2025-08-20,22859,2025082001006535,EBL,Imperial Securities Company Pvt. Ltd.,Vision Securities Pvt. Ltd,53,740.8,39262.4,2025-08-20 13:52:11.695618
2025-08-20,22858,2025082001006536,EBL,Imperial Securities Company Pvt. Ltd.,Malla & Malla Stock Broking Company Pvt. Limited,60,740.9,44454.0,2025-08-20 13:52:11.695883
2025-08-20,22857,2025082001006537,EBL,Imperial Securities Company Pvt. Ltd.,Asian Securities Private Ltd.,110,741.0,81510.0,2025-08-20 13:52:11.696064
2025-08-20,22856,2025082001006538,EBL,Imperial Securities Company Pvt. Ltd.,Sharepro Securities Private Limited,100,741.0,74100.0,2025-08-20 13:52:11.696178
2025-08-20,22855,2025082001006539,EBL,Imperial Securities Company Pvt. Ltd.,Sani Securities Company Ltd.,30,741.0,22230.0,2025-08-20 13:52:11.696281
2025-08-20,22854,2025082001006540,EBL,Imperial Securities Company Pvt. Ltd.,Thrive Brokerage House Pvt. Ltd,100,741.0,74100.0,2025-08-20 13:52:11.696384
2025-08-20,22853,2025082001006541,EBL,Imperial Securities Company Pvt. Ltd.,J.F. Securites (PVT) Ltd.,10,741.0,7410.0,2025-08-20 13:52:11.696496
2025-08-20,22852,2025082001006542,EBL,Imperial Securities Company Pvt. Ltd.,Oxford Securities Pvt. Ltd.,1000,741.0,741000.0,2025-08-20 13:52:11.696617
2025-08-20,22851,2025082001006543,EBL,Imperial Securities Company Pvt. Ltd.,Sani Securities Company Ltd.,200,741.0,148200.0,2025-08-20 13:52:11.696732
2025-08-20,22850,2025082001006544,EBL,Imperial Securities Company Pvt. Ltd.,Neev Securities Pvt. Ltd.,3937,741.0,2917317.0,2025-08-20 13:52:11.696860
2025-08-20,22715,2025082001006604,EBL,Asian Securities Private Ltd.,Neev Securities Pvt. Ltd.,63,741.0,46683.0,2025-08-20 13:52:48.856477
2025-08-20,22714,2025082001006605,EBL,Asian Securities Private Ltd.,Dynamic Money Managers Securities Pvt. Ltd.,937,741.0,694317.0,2025-08-20 13:52:48.856714
2025-08-20,22601,2025082001006622,EBL,Nagarik Stock Dealer ,Dynamic Money Managers Securities Pvt. Ltd.,63,741.0,46683.0,2025-08-20 13:53:05.621278
2025-08-20,22600,2025082001006623,EBL,Nagarik Stock Dealer ,Deevyaa Securities & Stock House Pvt. Ltd,495,741.0,366795.0,2025-08-20 13:53:05.621939
2025-08-20,21407,2025082001006930,EBL,Midas Stock Broking Company Private Limited,Dynamic Money Managers Securities Pvt. Ltd.,70,739.0,51730.0,2025-08-20 14:00:04.262726
2025-08-20,21406,2025082001006931,EBL,Nagarik Stock Dealer ,Dynamic Money Managers Securities Pvt. Ltd.,1000,738.1,738100.0,2025-08-20 14:00:04.263283
2025-08-20,21405,2025082001006932,EBL,Imperial Securities Company Pvt. Ltd.,Dynamic Money Managers Securities Pvt. Ltd.,500,738.0,369000.0,2025-08-20 14:00:04.263595
2025-08-20,21285,2025082001006959,EBL,Neev Securities Pvt. Ltd.,Kalika Securities Pvt. Ltd.,719,737.0,529903.0,2025-08-20 14:00:45.486509
2025-08-20,21284,2025082001006960,EBL,Sundhara Securities Limited,Kalika Securities Pvt. Ltd.,281,737.0,207097.0,2025-08-20 14:00:45.486789
2025-08-20,21214,2025082001006984,EBL,Sundhara Securities Limited,Bhrikuti Stock Broking Co. Pvt. Ltd.,50,737.0,36850.0,2025-08-20 14:01:06.928178
2025-08-20,20736,2025082001007097,EBL,Midas Stock Broking Company Private Limited,Aryatara Investment & Securities,50,737.1,36855.0,2025-08-20 14:03:47.504632
2025-08-20,20726,2025082001007107,EBL,Midas Stock Broking Company Private Limited,Nepal Investment And Securities Trading Private Limited,65,737.1,47911.5,2025-08-20 14:03:48.214532
2025-08-20,20725,2025082001007108,EBL,Sundhara Securities Limited,Nepal Investment And Securities Trading Private Limited,169,737.0,124553.0,2025-08-20 14:03:48.215096
2025-08-20,20072,2025082001007208,EBL,Dipshikha Dhitopatra Karobar Co. Pvt Ltd.,Nepal Investment And Securities Trading Private Limited,266,737.0,196042.0,2025-08-20 14:06:46.154278
2025-08-20,19484,2025082001007325,EBL,Imperial Securities Company Pvt. Ltd.,Dynamic Money Managers Securities Pvt. Ltd.,400,738.0,295200.0,2025-08-20 14:10:00.641991
2025-08-20,18871,2025082001007434,EBL,Online Securities Pvt. Ltd.,Dynamic Money Managers Securities Pvt. Ltd.,30,738.0,22140.0,2025-08-20 14:12:34.182915
2025-08-20,18870,2025082001007435,EBL,Online Securities Pvt. Ltd.,Kalika Securities Pvt. Ltd.,700,740.0,518000.0,2025-08-20 14:12:34.183423
2025-08-20,18869,2025082001007436,EBL,Online Securities Pvt. Ltd.,ABC Securities Private Limited,100,740.0,74000.0,2025-08-20 14:12:34.183735
2025-08-20,18008,2025082001007576,EBL,Global IME Securities Limited,Linch Stock Market Ltd.,130,739.5,96135.0,2025-08-20 14:15:57.679560
2025-08-20,17965,2025082001007579,EBL,ABC Securities Private Limited,Agrawal Securities (PVT) Ltd.,100,738.0,73800.0,2025-08-20 14:16:01.938638
2025-08-20,17900,2025082001007589,EBL,Imperial Securities Company Pvt. Ltd.,Agrawal Securities (PVT) Ltd.,400,738.0,295200.0,2025-08-20 14:16:18.756603
2025-08-20,17838,2025082001007596,EBL,Imperial Securities Company Pvt. Ltd.,Neev Securities Pvt. Ltd.,100,738.0,73800.0,2025-08-20 14:16:30.737738
2025-08-20,17685,2025082001007635,EBL,Imperial Securities Company Pvt. Ltd.,Neev Securities Pvt. Ltd.,224,738.0,165312.0,2025-08-20 14:17:11.073984
2025-08-20,17684,2025082001007636,EBL,Imperial Securities Company Pvt. Ltd.,Agrawal Securities (PVT) Ltd.,276,738.0,203688.0,2025-08-20 14:17:11.074399
2025-08-20,17602,2025082001007642,EBL,Imperial Securities Company Pvt. Ltd.,Neev Securities Pvt. Ltd.,500,737.1,368550.0,2025-08-20 14:17:28.876434
2025-08-20,17182,2025082001007722,EBL,Imperial Securities Company Pvt. Ltd.,Agrawal Securities (PVT) Ltd.,224,738.0,165312.0,2025-08-20 14:19:10.113093
2025-08-20,17181,2025082001007723,EBL,Imperial Securities Company Pvt. Ltd.,Linch Stock Market Ltd.,262,739.5,193749.0,2025-08-20 14:19:10.113371
2025-08-20,17180,2025082001007724,EBL,Imperial Securities Company Pvt. Ltd.,Thrive Brokerage House Pvt. Ltd,200,739.5,147900.0,2025-08-20 14:19:10.113482
2025-08-20,17179,2025082001007725,EBL,Imperial Securities Company Pvt. Ltd.,Dynamic Money Managers Securities Pvt. Ltd.,100,739.8,73980.0,2025-08-20 14:19:10.113588
2025-08-20,17178,2025082001007726,EBL,Imperial Securities Company Pvt. Ltd.,Dynamic Money Managers Securities Pvt. Ltd.,2000,740.0,1480000.0,2025-08-20 14:19:10.113693
2025-08-20,17177,2025082001007727,EBL,Imperial Securities Company Pvt. Ltd.,Deevyaa Securities & Stock House Pvt. Ltd,414,740.0,306360.0,2025-08-20 14:19:10.113797
2025-08-20,16917,2025082001007769,EBL,Online Securities Pvt. Ltd.,Naasa Securities Co. Ltd.,38,737.0,28006.0,2025-08-20 14:20:09.558285
2025-08-20,16405,2025082001007871,EBL,Roadshow securities limited,Dynamic Money Managers Securities Pvt. Ltd.,1000,737.1,737100.0,2025-08-20 14:22:30.836450
2025-08-20,16404,2025082001007872,EBL,Online Securities Pvt. Ltd.,Dynamic Money Managers Securities Pvt. Ltd.,132,737.0,97284.0,2025-08-20 14:22:30.836721
2025-08-20,16403,2025082001007873,EBL,Dipshikha Dhitopatra Karobar Co. Pvt Ltd.,Dynamic Money Managers Securities Pvt. Ltd.,268,737.0,197516.0,2025-08-20 14:22:30.836831
2025-08-20,16334,2025082001007889,EBL,Machhapuchchhre Securities Limited,Agrawal Securities (PVT) Ltd.,10,739.0,7390.0,2025-08-20 14:22:54.976017
2025-08-20,16091,2025082001007934,EBL,Dynamic Money Managers Securities Pvt. Ltd.,Agrawal Securities (PVT) Ltd.,10,739.0,7390.0,2025-08-20 14:24:05.449239
2025-08-20,15742,2025082001007997,EBL,Roadshow securities limited,Agrawal Securities (PVT) Ltd.,480,739.0,354720.0,2025-08-20 14:25:37.745145
2025-08-20,15741,2025082001007998,EBL,Roadshow securities limited,Siprabi Securities Pvt. Ltd.,200,739.0,147800.0,2025-08-20 14:25:37.745505
2025-08-20,15740,2025082001007999,EBL,Roadshow securities limited,Neev Securities Pvt. Ltd.,320,739.0,236480.0,2025-08-20 14:25:37.745676
2025-08-20,14721,2025082001008214,EBL,Dipshikha Dhitopatra Karobar Co. Pvt Ltd.,Aryatara Investment & Securities,62,737.0,45694.0,2025-08-20 14:29:58.675530
2025-08-20,14720,2025082001008215,EBL,Online Securities Pvt. Ltd.,Aryatara Investment & Securities,138,737.0,101706.0,2025-08-20 14:29:58.675801
2025-08-20,14556,2025082001008263,EBL,Midas Stock Broking Company Private Limited,Dakshinkali Investment & Securities Pvt. Ltd.,20,738.0,14760.0,2025-08-20 14:30:41.066238
2025-08-20,13905,2025082001008410,EBL,Dipshikha Dhitopatra Karobar Co. Pvt Ltd.,Dakshinkali Investment & Securities Pvt. Ltd.,980,738.0,723240.0,2025-08-20 14:33:28.279810
2025-08-20,13408,2025082001008509,EBL,Secured Securities Ltd.,Vision Securities Pvt. Ltd,15,738.8,11082.0,2025-08-20 14:34:56.275247
2025-08-20,13257,2025082001008544,EBL,Vision Securities Pvt. Ltd,Nepal Investment And Securities Trading Private Limited,50,738.0,36900.0,2025-08-20 14:35:28.560067
2025-08-20,12828,2025082001008606,EBL,Dipshikha Dhitopatra Karobar Co. Pvt Ltd.,Nepal Investment And Securities Trading Private Limited,59,738.0,43542.0,2025-08-20 14:36:53.182097
2025-08-20,12691,2025082001008623,EBL,Trisul Securities & Invt. Ltd.,Midas Stock Broking Company Private Limited,250,737.2,184300.0,2025-08-20 14:37:24.026140
2025-08-20,12690,2025082001008624,EBL,Online Securities Pvt. Ltd.,Midas Stock Broking Company Private Limited,50,737.0,36850.0,2025-08-20 14:37:24.026446
2025-08-20,12689,2025082001008625,EBL,Online Securities Pvt. Ltd.,Dynamic Money Managers Securities Pvt. Ltd.,12,737.0,8844.0,2025-08-20 14:37:24.074419
2025-08-20,12688,2025082001008626,EBL,Sewa Securities Pvt. Ltd.,Dynamic Money Managers Securities Pvt. Ltd.,100,737.0,73700.0,2025-08-20 14:37:24.074670
2025-08-20,12687,2025082001008627,EBL,Trishakti Securities Public Limited,Dynamic Money Managers Securities Pvt. Ltd.,20,737.0,14740.0,2025-08-20 14:37:24.074788
2025-08-20,12481,2025082001008673,EBL,Imperial Securities Company Pvt. Ltd.,Dynamic Money Managers Securities Pvt. Ltd.,1868,737.0,1376716.0,2025-08-20 14:38:04.564989
2025-08-20,12216,2025082001008735,EBL,Imperial Securities Company Pvt. Ltd.,Nepal Investment And Securities Trading Private Limited,41,738.0,30258.0,2025-08-20 14:38:39.425548
2025-08-20,12215,2025082001008736,EBL,Imperial Securities Company Pvt. Ltd.,Kohinoor Investment & Securities Pvt. Ltd.,100,738.0,73800.0,2025-08-20 14:38:39.426092
2025-08-20,12214,2025082001008737,EBL,Imperial Securities Company Pvt. Ltd.,Dipshikha Dhitopatra Karobar Co. Pvt Ltd.,20,738.0,14760.0,2025-08-20 14:38:39.426435
2025-08-20,12213,2025082001008738,EBL,Imperial Securities Company Pvt. Ltd.,Vision Securities Pvt. Ltd,485,738.8,358318.0,2025-08-20 14:38:39.426772
2025-08-20,12212,2025082001008739,EBL,Imperial Securities Company Pvt. Ltd.,Neev Securities Pvt. Ltd.,180,739.0,133020.0,2025-08-20 14:38:39.427118
2025-08-20,12211,2025082001008740,EBL,Imperial Securities Company Pvt. Ltd.,Agrawal Securities (PVT) Ltd.,174,739.0,128586.0,2025-08-20 14:38:39.427493
2025-08-20,11987,2025082001008772,EBL,Imperial Securities Company Pvt. Ltd.,Agrawal Securities (PVT) Ltd.,326,739.0,240914.0,2025-08-20 14:39:19.925893
2025-08-20,11986,2025082001008773,EBL,Imperial Securities Company Pvt. Ltd.,Imperial Securities Company Pvt. Ltd.,50,739.8,36990.0,2025-08-20 14:39:19.926190
2025-08-20,11985,2025082001008774,EBL,Imperial Securities Company Pvt. Ltd.,Sweta Securities Private Limited,10,739.9,7399.0,2025-08-20 14:39:19.926307
2025-08-20,11984,2025082001008775,EBL,Imperial Securities Company Pvt. Ltd.,Aryatara Investment & Securities,100,739.9,73990.0,2025-08-20 14:39:19.926420
2025-08-20,11983,2025082001008776,EBL,Imperial Securities Company Pvt. Ltd.,Deevyaa Securities & Stock House Pvt. Ltd,136,740.0,100640.0,2025-08-20 14:39:19.926535
2025-08-20,11982,2025082001008777,EBL,Imperial Securities Company Pvt. Ltd.,Sweta Securities Private Limited,30,740.0,22200.0,2025-08-20 14:39:19.926648
2025-08-20,11981,2025082001008778,EBL,Imperial Securities Company Pvt. Ltd.,Sipla Securities Private Limited,3000,740.0,2220000.0,2025-08-20 14:39:19.926758
2025-08-20,11980,2025082001008779,EBL,Imperial Securities Company Pvt. Ltd.,Deevyaa Securities & Stock House Pvt. Ltd,200,740.0,148000.0,2025-08-20 14:39:19.926898
2025-08-20,11979,2025082001008780,EBL,Imperial Securities Company Pvt. Ltd.,Midas Stock Broking Company Private Limited,100,740.0,74000.0,2025-08-20 14:39:19.927032
2025-08-20,11978,2025082001008781,EBL,Imperial Securities Company Pvt. Ltd.,K.B.L. Securities Limited ,48,740.0,35520.0,2025-08-20 14:39:19.927160
2025-08-20,11732,2025082001008826,EBL,Imperial Securities Company Pvt. Ltd.,Malla & Malla Stock Broking Company Pvt. Limited,10,738.1,7381.0,2025-08-20 14:40:18.336020
2025-08-20,11182,2025082001008960,EBL,Premier Securities Company Ltd.,Midas Stock Broking Company Private Limited,25,737.0,18425.0,2025-08-20 14:41:42.685969
2025-08-20,11181,2025082001008961,EBL,Imperial Securities Company Pvt. Ltd.,Midas Stock Broking Company Private Limited,75,737.0,55275.0,2025-08-20 14:41:42.686278
2025-08-20,11089,2025082001008976,EBL,Agrawal Securities (PVT) Ltd.,Dynamic Money Managers Securities Pvt. Ltd.,20,739.0,14780.0,2025-08-20 14:42:01.974179
2025-08-20,10879,2025082001008999,EBL,Imperial Securities Company Pvt. Ltd.,Dynamic Money Managers Securities Pvt. Ltd.,1980,739.0,1463220.0,2025-08-20 14:42:21.526475
2025-08-20,10878,2025082001009000,EBL,Imperial Securities Company Pvt. Ltd.,K.B.L. Securities Limited ,20,739.0,14780.0,2025-08-20 14:42:21.526789
2025-08-20,10794,2025082001009010,EBL,Imperial Securities Company Pvt. Ltd.,K.B.L. Securities Limited ,132,739.0,97548.0,2025-08-20 14:42:43.760555
2025-08-20,10793,2025082001009011,EBL,Imperial Securities Company Pvt. Ltd.,Imperial Securities Company Pvt. Ltd.,293,740.0,216820.0,2025-08-20 14:42:43.760829
2025-08-20,10100,2025082001009115,EBL,Secured Securities Ltd.,Aryatara Investment & Securities,50,738.0,36900.0,2025-08-20 14:44:34.545969
2025-08-20,9894,2025082001009150,EBL,Vision Securities Pvt. Ltd,Sumeru Securities Pvt. Ltd.,300,737.6,221280.0,2025-08-20 14:44:56.520703
2025-08-20,9893,2025082001009151,EBL,Vision Securities Pvt. Ltd,Aryatara Investment & Securities,250,737.6,184400.0,2025-08-20 14:44:56.711719
2025-08-20,9469,2025082001009208,EBL,Vision Securities Pvt. Ltd,Premier Securities Company Ltd.,125,737.6,92200.0,2025-08-20 14:45:51.678611
2025-08-20,9312,2025082001009225,EBL,Naasa Securities Co. Ltd.,Premier Securities Company Ltd.,100,737.6,73760.0,2025-08-20 14:46:16.051348
2025-08-20,9275,2025082001009234,EBL,Sani Securities Company Ltd.,Premier Securities Company Ltd.,20,737.6,14752.0,2025-08-20 14:46:20.891271
2025-08-20,9058,2025082001009257,EBL,Naasa Securities Co. Ltd.,Premier Securities Company Ltd.,52,737.6,38355.2,2025-08-20 14:46:37.233489
2025-08-20,9000,2025082001009267,EBL,Agrawal Securities (PVT) Ltd.,Siprabi Securities Pvt. Ltd.,400,737.5,295000.0,2025-08-20 14:46:41.914597
2025-08-20,8904,2025082001009273,EBL,Roadshow securities limited,Premier Securities Company Ltd.,253,737.6,186612.8,2025-08-20 14:46:51.385530
2025-08-20,7515,2025082001009473,EBL,Dynamic Money Managers Securities Pvt. Ltd.,Trishakti Securities Public Limited,21,737.9,15495.9,2025-08-20 14:49:11.920951
2025-08-20,7514,2025082001009474,EBL,Dynamic Money Managers Securities Pvt. Ltd.,Sri Hari Securities Pvt. Ltd.,379,738.0,279702.0,2025-08-20 14:49:11.921517
2025-08-20,7135,2025082001009544,EBL,Roadshow securities limited,Sani Securities Company Ltd.,400,737.6,295040.0,2025-08-20 14:49:56.527762
2025-08-20,6922,2025082001009585,EBL,Roadshow securities limited,Shree Krishna Securities Ltd.,347,737.6,255947.2,2025-08-20 14:50:24.541900
2025-08-20,6921,2025082001009586,EBL,Siprabi Securities Pvt. Ltd.,Shree Krishna Securities Ltd.,30,737.6,22128.0,2025-08-20 14:50:24.542466
2025-08-20,6911,2025082001009591,EBL,Agrawal Securities (PVT) Ltd.,Dynamic Money Managers Securities Pvt. Ltd.,100,737.5,73750.0,2025-08-20 14:50:25.488013
2025-08-20,6910,2025082001009592,EBL,Vision Securities Pvt. Ltd,Dynamic Money Managers Securities Pvt. Ltd.,270,737.0,198990.0,2025-08-20 14:50:25.488343
2025-08-20,6909,2025082001009593,EBL,Naasa Securities Co. Ltd.,Dynamic Money Managers Securities Pvt. Ltd.,1000,737.0,737000.0,2025-08-20 14:50:25.488462
2025-08-20,6908,2025082001009594,EBL,Imperial Securities Company Pvt. Ltd.,Dynamic Money Managers Securities Pvt. Ltd.,500,736.3,368150.0,2025-08-20 14:50:25.488581
2025-08-20,6907,2025082001009595,EBL,Dynamic Money Managers Securities Pvt. Ltd.,Dynamic Money Managers Securities Pvt. Ltd.,130,736.2,95706.0,2025-08-20 14:50:25.488696
2025-08-20,6905,2025082001009596,EBL,Roadshow securities limited,Sri Hari Securities Pvt. Ltd.,121,738.0,89298.0,2025-08-20 14:50:25.676256
2025-08-20,6904,2025082001009597,EBL,Roadshow securities limited,Sweta Securities Private Limited,100,738.0,73800.0,2025-08-20 14:50:25.676528
2025-08-20,6903,2025082001009598,EBL,Roadshow securities limited,Sweta Securities Private Limited,50,738.0,36900.0,2025-08-20 14:50:25.676643
2025-08-20,6902,2025082001009599,EBL,Roadshow securities limited,Asian Securities Private Ltd.,100,738.8,73880.0,2025-08-20 14:50:25.676758
2025-08-20,6901,2025082001009600,EBL,Roadshow securities limited,Sani Securities Company Ltd.,10,738.9,7389.0,2025-08-20 14:50:25.676873
2025-08-20,6900,2025082001009601,EBL,Roadshow securities limited,Deevyaa Securities & Stock House Pvt. Ltd,500,738.9,369450.0,2025-08-20 14:50:25.676991
2025-08-20,6899,2025082001009602,EBL,Roadshow securities limited,Creative Securities Pvt Ltd,100,739.0,73900.0,2025-08-20 14:50:25.677114
2025-08-20,6898,2025082001009603,EBL,Roadshow securities limited,Cristal Kanchanjanga Securites Pvt. Ltd.,19,739.0,14041.0,2025-08-20 14:50:25.677233
2025-08-20,6846,2025082001009609,EBL,Imperial Securities Company Pvt. Ltd.,Cristal Kanchanjanga Securites Pvt. Ltd.,481,739.0,355459.0,2025-08-20 14:50:34.073069
2025-08-20,6845,2025082001009610,EBL,Imperial Securities Company Pvt. Ltd.,Agrawal Securities (PVT) Ltd.,300,739.9,221970.0,2025-08-20 14:50:34.073373
2025-08-20,6844,2025082001009611,EBL,Imperial Securities Company Pvt. Ltd.,Malla & Malla Stock Broking Company Pvt. Limited,50,739.9,36995.0,2025-08-20 14:50:34.073520
2025-08-20,6843,2025082001009612,EBL,Imperial Securities Company Pvt. Ltd.,Aryatara Investment & Securities,10,740.0,7400.0,2025-08-20 14:50:34.073668
2025-08-20,6842,2025082001009613,EBL,Imperial Securities Company Pvt. Ltd.,Kohinoor Investment & Securities Pvt. Ltd.,159,740.0,117660.0,2025-08-20 14:50:34.073843
2025-08-20,6746,2025082001009630,EBL,Linch Stock Market Ltd.,Shree Krishna Securities Ltd.,500,738.0,369000.0,2025-08-20 14:50:40.581593
2025-08-20,6694,2025082001009639,EBL,Imperial Securities Company Pvt. Ltd.,Sajilo Broker Limited,100,739.9,73990.0,2025-08-20 14:50:46.146347
2025-08-20,6693,2025082001009640,EBL,Imperial Securities Company Pvt. Ltd.,Kohinoor Investment & Securities Pvt. Ltd.,41,740.0,30340.0,2025-08-20 14:50:46.146656
2025-08-20,6692,2025082001009641,EBL,Imperial Securities Company Pvt. Ltd.,Midas Stock Broking Company Private Limited,100,740.0,74000.0,2025-08-20 14:50:46.146777
2025-08-20,6691,2025082001009642,EBL,Imperial Securities Company Pvt. Ltd.,Dynamic Money Managers Securities Pvt. Ltd.,2000,740.0,1480000.0,2025-08-20 14:50:46.146891
2025-08-20,6690,2025082001009643,EBL,Imperial Securities Company Pvt. Ltd.,J.F. Securites (PVT) Ltd.,10,740.0,7400.0,2025-08-20 14:50:46.147004
2025-08-20,6689,2025082001009644,EBL,Imperial Securities Company Pvt. Ltd.,Agrawal Securities (PVT) Ltd.,200,740.0,148000.0,2025-08-20 14:50:46.147119
2025-08-20,6688,2025082001009645,EBL,Imperial Securities Company Pvt. Ltd.,Kumari Securities Private Limited,1000,740.0,740000.0,2025-08-20 14:50:46.147228
2025-08-20,6687,2025082001009646,EBL,Imperial Securities Company Pvt. Ltd.,Midas Stock Broking Company Private Limited,100,740.0,74000.0,2025-08-20 14:50:46.147339
2025-08-20,6686,2025082001009647,EBL,Imperial Securities Company Pvt. Ltd.,Sundhara Securities Limited,300,740.0,222000.0,2025-08-20 14:50:46.147445
2025-08-20,6526,2025082001009665,EBL,Linch Stock Market Ltd.,Trisul Securities & Invt. Ltd.,26,737.5,19175.0,2025-08-20 14:51:02.113388
2025-08-20,6422,2025082001009673,EBL,Imperial Securities Company Pvt. Ltd.,Trisul Securities & Invt. Ltd.,200,737.5,147500.0,2025-08-20 14:51:12.382601
2025-08-20,5691,2025082001009827,EBL,Property Wiard Limited,Agrawal Securities (PVT) Ltd.,100,737.0,73700.0,2025-08-20 14:52:32.538959
2025-08-20,5690,2025082001009828,EBL,Imperial Securities Company Pvt. Ltd.,Agrawal Securities (PVT) Ltd.,200,737.0,147400.0,2025-08-20 14:52:32.539242
2025-08-20,5611,2025082001009843,EBL,Imperial Securities Company Pvt. Ltd.,Sri Hari Securities Pvt. Ltd.,300,737.0,221100.0,2025-08-20 14:52:42.611315
2025-08-20,5610,2025082001009844,EBL,Sewa Securities Pvt. Ltd.,Sri Hari Securities Pvt. Ltd.,200,737.0,147400.0,2025-08-20 14:52:42.611821
2025-08-20,5601,2025082001009850,EBL,Imperial Securities Company Pvt. Ltd.,Agrawal Securities (PVT) Ltd.,200,737.1,147420.0,2025-08-20 14:52:44.624286
2025-08-20,5393,2025082001009895,EBL,Imperial Securities Company Pvt. Ltd.,Shree Krishna Securities Ltd.,300,737.1,221130.0,2025-08-20 14:53:13.042903
2025-08-20,5171,2025082001009925,EBL,Investment Management Nepal Pvt. Ltd.,Kalika Securities Pvt. Ltd.,60,737.1,44226.0,2025-08-20 14:53:41.093322
2025-08-20,4870,2025082001009974,EBL,Aryatara Investment & Securities,Trishakti Securities Public Limited,2,734.0,1468.0,2025-08-20 14:54:17.210252
2025-08-20,4717,2025082001009980,EBL,Aryatara Investment & Securities,Himalayan Brokerage Company Limited,5,735.0,3675.0,2025-08-20 14:54:27.309905
2025-08-20,4655,2025082001009992,EBL,Investment Management Nepal Pvt. Ltd.,Arun Securities (PVT) Ltd.,58,737.1,42751.8,2025-08-20 14:54:32.154792
2025-08-20,4654,2025082001009993,EBL,Sewa Securities Pvt. Ltd.,Arun Securities (PVT) Ltd.,67,737.0,49379.0,2025-08-20 14:54:32.155113
2025-08-20,4533,2025082001010025,EBL,Aryatara Investment & Securities,Online Securities Pvt. Ltd.,2,735.0,1470.0,2025-08-20 14:54:41.418797
2025-08-20,4515,2025082001010032,EBL,Sewa Securities Pvt. Ltd.,Swarna Laxmi Securities Pvt. Ltd.,20,737.0,14740.0,2025-08-20 14:54:43.100673
2025-08-20,4482,2025082001010037,EBL,Aryatara Investment & Securities,Siprabi Securities Pvt. Ltd.,1,735.0,735.0,2025-08-20 14:54:47.468333
2025-08-20,4468,2025082001010040,EBL,Sewa Securities Pvt. Ltd.,Asian Securities Private Ltd.,20,737.0,14740.0,2025-08-20 14:54:48.583095
2025-08-20,4188,2025082001010068,EBL,Sewa Securities Pvt. Ltd.,Shree Krishna Securities Ltd.,193,737.0,142241.0,2025-08-20 14:55:17.392754
2025-08-20,4186,2025082001010070,EBL,Imperial Securities Company Pvt. Ltd.,Shree Krishna Securities Ltd.,204,737.0,150348.0,2025-08-20 14:55:17.572750
2025-08-20,4185,2025082001010071,EBL,Imperial Securities Company Pvt. Ltd.,Trisul Securities & Invt. Ltd.,16,737.5,11800.0,2025-08-20 14:55:17.573000
2025-08-20,4184,2025082001010072,EBL,Imperial Securities Company Pvt. Ltd.,Dynamic Money Managers Securities Pvt. Ltd.,250,738.0,184500.0,2025-08-20 14:55:17.573186
2025-08-20,4183,2025082001010073,EBL,Imperial Securities Company Pvt. Ltd.,Online Securities Pvt. Ltd.,63,739.9,46613.7,2025-08-20 14:55:17.573343
2025-08-20,4182,2025082001010074,EBL,Imperial Securities Company Pvt. Ltd.,Aryatara Investment & Securities,300,739.9,221970.0,2025-08-20 14:55:17.573472
2025-08-20,4181,2025082001010075,EBL,Imperial Securities Company Pvt. Ltd.,Dynamic Money Managers Securities Pvt. Ltd.,4667,740.0,3453580.0,2025-08-20 14:55:17.573623
2025-08-20,4026,2025082001010101,EBL,Imperial Securities Company Pvt. Ltd.,Arun Securities (PVT) Ltd.,25,737.0,18425.0,2025-08-20 14:55:35.748586
2025-08-20,3903,2025082001010126,EBL,Imperial Securities Company Pvt. Ltd.,Asian Securities Private Ltd.,25,737.0,18425.0,2025-08-20 14:55:48.837722
2025-08-20,3605,2025082001010173,EBL,Imperial Securities Company Pvt. Ltd.,Dakshinkali Investment & Securities Pvt. Ltd.,200,737.0,147400.0,2025-08-20 14:56:09.528292
2025-08-20,3163,2025082001010245,EBL,Imperial Securities Company Pvt. Ltd.,Sweta Securities Private Limited,300,737.0,221100.0,2025-08-20 14:56:48.751097
2025-08-20,2967,2025082001010279,EBL,Imperial Securities Company Pvt. Ltd.,Vision Securities Pvt. Ltd,450,737.0,331650.0,2025-08-20 14:57:07.610560
2025-08-20,2966,2025082001010280,EBL,Naasa Securities Co. Ltd.,Vision Securities Pvt. Ltd,25,737.0,18425.0,2025-08-20 14:57:07.610854
2025-08-20,2965,2025082001010281,EBL,Oxford Securities Pvt. Ltd.,Vision Securities Pvt. Ltd,50,737.0,36850.0,2025-08-20 14:57:07.610974
2025-08-20,2577,2025082001010350,EBL,Secured Securities Ltd.,Kumari Securities Private Limited,20,738.0,14760.0,2025-08-20 14:57:38.394067
2025-08-20,2576,2025082001010351,EBL,Secured Securities Ltd.,Dakshinkali Investment & Securities Pvt. Ltd.,180,738.0,132840.0,2025-08-20 14:57:38.394402
2025-08-20,2526,2025082001010353,EBL,Imperial Securities Company Pvt. Ltd.,Vision Securities Pvt. Ltd,150,737.0,110550.0,2025-08-20 14:57:41.974093
2025-08-20,2306,2025082001010382,EBL,Imperial Securities Company Pvt. Ltd.,Dynamic Money Managers Securities Pvt. Ltd.,500,737.0,368500.0,2025-08-20 14:58:00.129226
2025-08-20,1477,2025082001010497,EBL,Imperial Securities Company Pvt. Ltd.,Dakshinkali Investment & Securities Pvt. Ltd.,20,738.0,14760.0,2025-08-20 14:58:56.802981
2025-08-20,1476,2025082001010498,EBL,Imperial Securities Company Pvt. Ltd.,Linch Stock Market Ltd.,50,738.5,36925.0,2025-08-20 14:58:56.803273
2025-08-20,1475,2025082001010499,EBL,Imperial Securities Company Pvt. Ltd.,Asian Securities Private Ltd.,50,738.8,36940.0,2025-08-20 14:58:56.803401
2025-08-20,1474,2025082001010500,EBL,Imperial Securities Company Pvt. Ltd.,Dynamic Money Managers Securities Pvt. Ltd.,100,738.9,73890.0,2025-08-20 14:58:56.803522
2025-08-20,1473,2025082001010501,EBL,Imperial Securities Company Pvt. Ltd.,Aryatara Investment & Securities,200,738.9,147780.0,2025-08-20 14:58:56.803634
2025-08-20,1472,2025082001010502,EBL,Imperial Securities Company Pvt. Ltd.,Dakshinkali Investment & Securities Pvt. Ltd.,1000,739.0,739000.0,2025-08-20 14:58:56.803755
2025-08-20,1471,2025082001010503,EBL,Imperial Securities Company Pvt. Ltd.,Dakshinkali Investment & Securities Pvt. Ltd.,200,739.0,147800.0,2025-08-20 14:58:56.803877
2025-08-20,1470,2025082001010504,EBL,Imperial Securities Company Pvt. Ltd.,Midas Stock Broking Company Private Limited,100,739.0,73900.0,2025-08-20 14:58:56.803984
2025-08-20,1286,2025082001010554,EBL,Imperial Securities Company Pvt. Ltd.,Sani Securities Company Ltd.,30,739.0,22170.0,2025-08-20 14:59:05.766849
2025-08-20,1240,2025082001010565,EBL,Imperial Securities Company Pvt. Ltd.,Nepal Investment And Securities Trading Private Limited,250,739.0,184750.0,2025-08-20 14:59:07.627854
2025-08-20,1068,2025082001010589,EBL,Imperial Securities Company Pvt. Ltd.,Naasa Securities Co. Ltd.,1000,739.9,739900.0,2025-08-20 14:59:17.032990
2025-08-20,1067,2025082001010590,EBL,Imperial Securities Company Pvt. Ltd.,Dynamic Money Managers Securities Pvt. Ltd.,333,740.0,246420.0,2025-08-20 14:59:17.033268
2025-08-20,1066,2025082001010591,EBL,Imperial Securities Company Pvt. Ltd.,J.F. Securites (PVT) Ltd.,50,740.0,37000.0,2025-08-20 14:59:17.033409
2025-08-20,1065,2025082001010592,EBL,Imperial Securities Company Pvt. Ltd.,Imperial Securities Company Pvt. Ltd.,144,740.0,106560.0,2025-08-20 14:59:17.033542
2025-08-20,1064,2025082001010593,EBL,Imperial Securities Company Pvt. Ltd.,Naasa Securities Co. Ltd.,173,740.0,128020.0,2025-08-20 14:59:17.033670
2025-08-20,1063,2025082001010594,EBL,Imperial Securities Company Pvt. Ltd.,Dynamic Money Managers Securities Pvt. Ltd.,5000,740.0,3700000.0,2025-08-20 14:59:17.033805
2025-08-20,1062,2025082001010595,EBL,Imperial Securities Company Pvt. Ltd.,Dipshikha Dhitopatra Karobar Co. Pvt Ltd.,200,740.0,148000.0,2025-08-20 14:59:17.033967
2025-08-20,1033,2025082001010597,EBL,Kohinoor Investment & Securities Pvt. Ltd.,Aryatara Investment & Securities,100,740.0,74000.0,2025-08-20 14:59:18.587253
2025-08-20,414,2025082001010715,EBL,Imperial Securities Company Pvt. Ltd.,Aryatara Investment & Securities,100,740.0,74000.0,2025-08-20 14:59:43.364734
2025-08-20,413,2025082001010716,EBL,Imperial Securities Company Pvt. Ltd.,Dynamic Money Managers Securities Pvt. Ltd.,5000,740.0,3700000.0,2025-08-20 14:59:43.364997
