Date,S.N.,Contract ID,Symbol,Buyer Broker,Seller Broker,quantity,rate,amount,transaction_time
2025-09-23,67333,2025092305000026,SAHAS,Siprabi Securities Pvt. Ltd.,Shree Krishna Securities Ltd.,100,640.5,64050.0,2025-09-23 10:46:00.036290
2025-09-23,66872,2025092305000201,SAHAS,Bhrikuti Stock Broking Co. Pvt. Ltd.,Kohinoor Investment & Securities Pvt. Ltd.,10,630.0,6300.0,2025-09-23 11:02:18.175787
2025-09-23,66822,2025092305000228,SAHAS,Online Securities Pvt. Ltd.,Nepal Investment And Securities Trading Private Limited,40,633.0,25320.0,2025-09-23 11:02:30.769064
2025-09-23,66738,2025092305000254,SAHAS,Online Securities Pvt. Ltd.,Magnet Securities and Investment Company Private Limited,200,633.0,126600.0,2025-09-23 11:02:44.907049
2025-09-23,66678,2025092305000275,SAHAS,Online Securities Pvt. Ltd.,Shree Krishna Securities Ltd.,260,633.8,164788.0,2025-09-23 11:02:58.571499
2025-09-23,66658,2025092305000280,SAHAS,Premier Securities Company Ltd.,Oxford Securities Pvt. Ltd.,10,633.0,6330.0,2025-09-23 11:03:02.343948
2025-09-23,66586,2025092305000306,SAHAS,Asian Securities Private Ltd.,Oxford Securities Pvt. Ltd.,450,633.0,284850.0,2025-09-23 11:03:13.952816
2025-09-23,66585,2025092305000307,SAHAS,Asian Securities Private Ltd.,Shree Krishna Securities Ltd.,250,633.8,158450.0,2025-09-23 11:03:13.952891
2025-09-23,66556,2025092305000318,SAHAS,Asian Securities Private Ltd.,Shree Krishna Securities Ltd.,200,629.0,125800.0,2025-09-23 11:03:17.502285
2025-09-23,66264,2025092305000425,SAHAS,Opal Securities Investment (PVT) Ltd.,Oxford Securities Pvt. Ltd.,200,628.0,125600.0,2025-09-23 11:04:03.539696
2025-09-23,65813,2025092305000587,SAHAS,ABC Securities Private Limited,Sundhara Securities Limited,20,628.1,12562.0,2025-09-23 11:05:35.632918
2025-09-23,65762,2025092305000600,SAHAS,ABC Securities Private Limited,Sumeru Securities Pvt. Ltd.,80,628.1,50248.0,2025-09-23 11:05:44.629536
2025-09-23,65761,2025092305000601,SAHAS,Imperial Securities Company Pvt. Ltd.,Sumeru Securities Pvt. Ltd.,70,628.0,43960.0,2025-09-23 11:05:44.629646
2025-09-23,65663,2025092305000624,SAHAS,Imperial Securities Company Pvt. Ltd.,Shree Krishna Securities Ltd.,300,628.0,188400.0,2025-09-23 11:06:03.188673
2025-09-23,65644,2025092305000630,SAHAS,Imperial Securities Company Pvt. Ltd.,Shree Krishna Securities Ltd.,130,628.0,81640.0,2025-09-23 11:06:06.774061
2025-09-23,65643,2025092305000631,SAHAS,Dipshikha Dhitopatra Karobar Co. Pvt Ltd.,Shree Krishna Securities Ltd.,50,628.0,31400.0,2025-09-23 11:06:06.774169
2025-09-23,65642,2025092305000632,SAHAS,Nepal Stock House (PVT) Ltd.,Shree Krishna Securities Ltd.,200,625.0,125000.0,2025-09-23 11:06:06.774209
2025-09-23,65641,2025092305000633,SAHAS,Bhrikuti Stock Broking Co. Pvt. Ltd.,Shree Krishna Securities Ltd.,190,624.0,118560.0,2025-09-23 11:06:06.774240
2025-09-23,65640,2025092305000634,SAHAS,Roadshow securities limited,Shree Krishna Securities Ltd.,1000,624.0,624000.0,2025-09-23 11:06:06.774270
2025-09-23,65525,2025092305000657,SAHAS,Imperial Securities Company Pvt. Ltd.,Shree Krishna Securities Ltd.,500,623.1,311550.0,2025-09-23 11:06:30.376524
2025-09-23,65524,2025092305000658,SAHAS,Opal Securities Investment (PVT) Ltd.,Shree Krishna Securities Ltd.,350,623.0,218050.0,2025-09-23 11:06:30.376618
2025-09-23,65523,2025092305000659,SAHAS,Bhrikuti Stock Broking Co. Pvt. Ltd.,Shree Krishna Securities Ltd.,200,623.0,124600.0,2025-09-23 11:06:30.376653
2025-09-23,65522,2025092305000660,SAHAS,Cristal Kanchanjanga Securites Pvt. Ltd.,Shree Krishna Securities Ltd.,950,622.0,590900.0,2025-09-23 11:06:30.376685
2025-09-23,65519,2025092305000662,SAHAS,Imperial Securities Company Pvt. Ltd.,Shree Krishna Securities Ltd.,500,624.0,312000.0,2025-09-23 11:06:30.797914
2025-09-23,65293,2025092305000741,SAHAS,Nepal Stock House (PVT) Ltd.,Shree Krishna Securities Ltd.,200,624.0,124800.0,2025-09-23 11:07:05.198418
2025-09-23,65207,2025092305000770,SAHAS,Online Securities Pvt. Ltd.,Shree Krishna Securities Ltd.,630,624.0,393120.0,2025-09-23 11:07:20.498450
2025-09-23,65156,2025092305000780,SAHAS,Imperial Securities Company Pvt. Ltd.,Vision Securities Pvt. Ltd,80,623.1,49848.0,2025-09-23 11:07:31.180114
2025-09-23,65137,2025092305000786,SAHAS,Imperial Securities Company Pvt. Ltd.,Vision Securities Pvt. Ltd,420,623.1,261702.0,2025-09-23 11:07:34.851691
2025-09-23,65136,2025092305000787,SAHAS,Capital Max Securities Ltd,Vision Securities Pvt. Ltd,30,623.0,18690.0,2025-09-23 11:07:34.851781
2025-09-23,64239,2025092305001043,SAHAS,Imperial Securities Company Pvt. Ltd.,Citizens Share Broker Limited,10,623.5,6235.0,2025-09-23 11:10:04.714520
2025-09-23,63997,2025092305001101,SAHAS,SUN SECURITIES PVT LTD,Oxford Securities Pvt. Ltd.,90,629.0,56610.0,2025-09-23 11:10:47.217844
2025-09-23,63996,2025092305001102,SAHAS,SUN SECURITIES PVT LTD,Shree Krishna Securities Ltd.,410,629.1,257931.0,2025-09-23 11:10:47.217974
2025-09-23,63823,2025092305001162,SAHAS,Kohinoor Investment & Securities Pvt. Ltd.,Nepal Stock House (PVT) Ltd.,10,624.0,6240.0,2025-09-23 11:11:24.737540
2025-09-23,63732,2025092305001191,SAHAS,Trishakti Securities Public Limited,Thrive Brokerage House Pvt. Ltd,10,625.0,6250.0,2025-09-23 11:11:42.278494
2025-09-23,63635,2025092305001214,SAHAS,Kohinoor Investment & Securities Pvt. Ltd.,Nagarik Stock Dealer ,10,624.0,6240.0,2025-09-23 11:12:02.428892
2025-09-23,63522,2025092305001246,SAHAS,Kohinoor Investment & Securities Pvt. Ltd.,Shree Krishna Securities Ltd.,80,624.0,49920.0,2025-09-23 11:12:20.840079
2025-09-23,63521,2025092305001247,SAHAS,Naasa Securities Co. Ltd.,Shree Krishna Securities Ltd.,30,624.0,18720.0,2025-09-23 11:12:20.840180
2025-09-23,63520,2025092305001248,SAHAS,Nepal Stock House (PVT) Ltd.,Shree Krishna Securities Ltd.,25,623.8,15595.0,2025-09-23 11:12:20.840221
2025-09-23,63519,2025092305001249,SAHAS,Imperial Securities Company Pvt. Ltd.,Shree Krishna Securities Ltd.,455,623.5,283692.5,2025-09-23 11:12:20.840266
2025-09-23,63470,2025092305001262,SAHAS,Sweta Securities Private Limited,Market Securities & Exchange (PVT) Ltd.,10,624.1,6241.0,2025-09-23 11:12:29.036913
2025-09-23,63467,2025092305001263,SAHAS,Sweta Securities Private Limited,ABC Securities Private Limited,10,624.1,6241.0,2025-09-23 11:12:29.900064
2025-09-23,63419,2025092305001281,SAHAS,Sweta Securities Private Limited,Shree Krishna Securities Ltd.,16,624.1,9985.6,2025-09-23 11:12:40.954358
2025-09-23,63418,2025092305001282,SAHAS,Nepal Stock House (PVT) Ltd.,Shree Krishna Securities Ltd.,50,623.4,31170.0,2025-09-23 11:12:40.954572
2025-09-23,63417,2025092305001283,SAHAS,Capital Max Securities Ltd,Shree Krishna Securities Ltd.,670,623.0,417410.0,2025-09-23 11:12:40.954710
2025-09-23,63416,2025092305001284,SAHAS,Aryatara Investment & Securities,Shree Krishna Securities Ltd.,100,623.0,62300.0,2025-09-23 11:12:40.954840
2025-09-23,63415,2025092305001285,SAHAS,Shree Krishna Securities Ltd.,Shree Krishna Securities Ltd.,5000,623.0,3115000.0,2025-09-23 11:12:40.955036
2025-09-23,63414,2025092305001286,SAHAS,Cristal Kanchanjanga Securites Pvt. Ltd.,Shree Krishna Securities Ltd.,164,623.0,102172.0,2025-09-23 11:12:40.955165
2025-09-23,63358,2025092305001304,SAHAS,Naasa Securities Co. Ltd.,Oxford Securities Pvt. Ltd.,40,624.9,24996.0,2025-09-23 11:12:53.776238
2025-09-23,63357,2025092305001305,SAHAS,Naasa Securities Co. Ltd.,Thrive Brokerage House Pvt. Ltd,278,625.0,173750.0,2025-09-23 11:12:53.776506
2025-09-23,63333,2025092305001313,SAHAS,Asian Securities Private Ltd.,Thrive Brokerage House Pvt. Ltd,40,625.0,25000.0,2025-09-23 11:13:00.677890
2025-09-23,63332,2025092305001314,SAHAS,Asian Securities Private Ltd.,Shree Krishna Securities Ltd.,460,629.5,289570.0,2025-09-23 11:13:00.677958
2025-09-23,62520,2025092305001536,SAHAS,Linch Stock Market Ltd.,Oxford Securities Pvt. Ltd.,200,624.0,124800.0,2025-09-23 11:15:24.125051
2025-09-23,62519,2025092305001537,SAHAS,Sani Securities Company Ltd.,Oxford Securities Pvt. Ltd.,50,624.0,31200.0,2025-09-23 11:15:24.125269
2025-09-23,62518,2025092305001538,SAHAS,Bhrikuti Stock Broking Co. Pvt. Ltd.,Oxford Securities Pvt. Ltd.,50,624.0,31200.0,2025-09-23 11:15:24.125423
2025-09-23,61628,2025092305001784,SAHAS,Shree Krishna Securities Ltd.,Online Securities Pvt. Ltd.,10,626.0,6260.0,2025-09-23 11:18:26.301643
2025-09-23,61444,2025092305001840,SAHAS,Trisul Securities & Invt. Ltd.,Kohinoor Investment & Securities Pvt. Ltd.,10,626.1,6261.0,2025-09-23 11:19:07.155258
2025-09-23,61262,2025092305001888,SAHAS,Sweta Securities Private Limited,Sundhara Securities Limited,10,629.0,6290.0,2025-09-23 11:19:45.351439
2025-09-23,61261,2025092305001889,SAHAS,Sweta Securities Private Limited,Siprabi Securities Pvt. Ltd.,10,629.0,6290.0,2025-09-23 11:19:45.351581
2025-09-23,61260,2025092305001890,SAHAS,Sweta Securities Private Limited,Shree Krishna Securities Ltd.,1000,629.3,629300.0,2025-09-23 11:19:45.351647
2025-09-23,61259,2025092305001891,SAHAS,Sweta Securities Private Limited,Kohinoor Investment & Securities Pvt. Ltd.,30,629.3,18879.0,2025-09-23 11:19:45.351722
2025-09-23,61258,2025092305001892,SAHAS,Sweta Securities Private Limited,ABC Securities Private Limited,100,629.4,62940.0,2025-09-23 11:19:45.351798
2025-09-23,61257,2025092305001893,SAHAS,Sweta Securities Private Limited,Shree Krishna Securities Ltd.,540,629.5,339930.0,2025-09-23 11:19:45.351879
2025-09-23,61256,2025092305001894,SAHAS,Sweta Securities Private Limited,Swarna Laxmi Securities Pvt. Ltd.,100,630.0,63000.0,2025-09-23 11:19:45.351946
2025-09-23,61255,2025092305001895,SAHAS,Sweta Securities Private Limited,Aryatara Investment & Securities,200,630.0,126000.0,2025-09-23 11:19:45.352016
2025-09-23,61254,2025092305001896,SAHAS,Sweta Securities Private Limited,INDEX SECURITIES LIMITED,50,630.0,31500.0,2025-09-23 11:19:45.352087
2025-09-23,61253,2025092305001897,SAHAS,Sweta Securities Private Limited,Aakashbhairab Securities Ltd.,460,630.0,289800.0,2025-09-23 11:19:45.352161
2025-09-23,60914,2025092305002015,SAHAS,Roadshow securities limited,Aakashbhairab Securities Ltd.,540,630.0,340200.0,2025-09-23 11:20:59.570496
2025-09-23,60913,2025092305002016,SAHAS,Roadshow securities limited,Sani Securities Company Ltd.,10,630.0,6300.0,2025-09-23 11:20:59.570733
2025-09-23,60912,2025092305002017,SAHAS,Roadshow securities limited,Siprabi Securities Pvt. Ltd.,10,630.0,6300.0,2025-09-23 11:20:59.570876
2025-09-23,60911,2025092305002018,SAHAS,Roadshow securities limited,Vision Securities Pvt. Ltd,60,630.0,37800.0,2025-09-23 11:20:59.571020
2025-09-23,60910,2025092305002019,SAHAS,Roadshow securities limited,Shree Krishna Securities Ltd.,380,630.1,239438.0,2025-09-23 11:20:59.571162
2025-09-23,60802,2025092305002060,SAHAS,Nabil Stock Dealer Ltd.,Shree Krishna Securities Ltd.,300,630.1,189030.0,2025-09-23 11:21:20.912270
2025-09-23,60780,2025092305002066,SAHAS,Sharepro Securities Private Limited,Shree Krishna Securities Ltd.,320,630.1,201632.0,2025-09-23 11:21:26.106444
2025-09-23,60779,2025092305002067,SAHAS,Sharepro Securities Private Limited,Bhrikuti Stock Broking Co. Pvt. Ltd.,10,630.1,6301.0,2025-09-23 11:21:26.106616
2025-09-23,60778,2025092305002068,SAHAS,Sharepro Securities Private Limited,Nagarik Stock Dealer ,10,630.9,6309.0,2025-09-23 11:21:26.106668
2025-09-23,60777,2025092305002069,SAHAS,Sharepro Securities Private Limited,Shree Krishna Securities Ltd.,1000,630.9,630900.0,2025-09-23 11:21:26.106731
2025-09-23,60776,2025092305002070,SAHAS,Sharepro Securities Private Limited,Shree Krishna Securities Ltd.,1000,631.0,631000.0,2025-09-23 11:21:26.106784
2025-09-23,60775,2025092305002071,SAHAS,Sharepro Securities Private Limited,KALASH STOCK MARKET PVT. LTD.,500,631.0,315500.0,2025-09-23 11:21:26.106832
2025-09-23,60774,2025092305002072,SAHAS,Sharepro Securities Private Limited,Cristal Kanchanjanga Securites Pvt. Ltd.,1000,632.0,632000.0,2025-09-23 11:21:26.106880
2025-09-23,60773,2025092305002073,SAHAS,Sharepro Securities Private Limited,ABC Securities Private Limited,80,632.0,50560.0,2025-09-23 11:21:26.106926
2025-09-23,60594,2025092305002129,SAHAS,Sharepro Securities Private Limited,Online Securities Pvt. Ltd.,40,632.0,25280.0,2025-09-23 11:22:07.250390
2025-09-23,60267,2025092305002232,SAHAS,Asian Securities Private Ltd.,Shree Krishna Securities Ltd.,30,633.8,19014.0,2025-09-23 11:23:16.640538
2025-09-23,60194,2025092305002244,SAHAS,K.B.L. Securities Limited ,Shree Krishna Securities Ltd.,460,633.8,291548.0,2025-09-23 11:23:24.693571
2025-09-23,60193,2025092305002245,SAHAS,K.B.L. Securities Limited ,Arun Securities (PVT) Ltd.,20,634.0,12680.0,2025-09-23 11:23:24.693868
2025-09-23,60017,2025092305002317,SAHAS,Trisul Securities & Invt. Ltd.,Shree Krishna Securities Ltd.,1000,634.8,634800.0,2025-09-23 11:23:51.712703
2025-09-23,60016,2025092305002318,SAHAS,Trisul Securities & Invt. Ltd.,Nepal Investment And Securities Trading Private Limited,20,635.0,12700.0,2025-09-23 11:23:51.712867
2025-09-23,60015,2025092305002319,SAHAS,Trisul Securities & Invt. Ltd.,Trishakti Securities Public Limited,230,635.0,146050.0,2025-09-23 11:23:51.712922
2025-09-23,60014,2025092305002320,SAHAS,Trisul Securities & Invt. Ltd.,Sundhara Securities Limited,10,635.0,6350.0,2025-09-23 11:23:51.712977
2025-09-23,60013,2025092305002321,SAHAS,Trisul Securities & Invt. Ltd.,Thrive Brokerage House Pvt. Ltd,1000,635.0,635000.0,2025-09-23 11:23:51.713025
2025-09-23,60012,2025092305002322,SAHAS,Trisul Securities & Invt. Ltd.,Swarna Laxmi Securities Pvt. Ltd.,100,635.0,63500.0,2025-09-23 11:23:51.713074
2025-09-23,60011,2025092305002323,SAHAS,Trisul Securities & Invt. Ltd.,Sani Securities Company Ltd.,100,635.0,63500.0,2025-09-23 11:23:51.713121
2025-09-23,60010,2025092305002324,SAHAS,Trisul Securities & Invt. Ltd.,Global IME Securities Limited,70,635.0,44450.0,2025-09-23 11:23:51.713169
2025-09-23,60009,2025092305002325,SAHAS,Trisul Securities & Invt. Ltd.,Naasa Securities Co. Ltd.,10,635.0,6350.0,2025-09-23 11:23:51.713216
2025-09-23,60008,2025092305002326,SAHAS,Trisul Securities & Invt. Ltd.,Imperial Securities Company Pvt. Ltd.,1000,635.2,635200.0,2025-09-23 11:23:51.713266
2025-09-23,60007,2025092305002327,SAHAS,Trisul Securities & Invt. Ltd.,Kumari Securities Private Limited,1500,635.4,953100.0,2025-09-23 11:23:51.713330
2025-09-23,60006,2025092305002328,SAHAS,Trisul Securities & Invt. Ltd.,Imperial Securities Company Pvt. Ltd.,1000,635.5,635500.0,2025-09-23 11:23:51.713379
2025-09-23,60005,2025092305002329,SAHAS,Trisul Securities & Invt. Ltd.,Midas Stock Broking Company Private Limited,10,635.9,6359.0,2025-09-23 11:23:51.713459
2025-09-23,59950,2025092305002343,SAHAS,Trisul Securities & Invt. Ltd.,Sani Securities Company Ltd.,10,636.0,6360.0,2025-09-23 11:24:00.475762
2025-09-23,59734,2025092305002399,SAHAS,Naasa Securities Co. Ltd.,Imperial Securities Company Pvt. Ltd.,10,635.0,6350.0,2025-09-23 11:24:45.082198
2025-09-23,59670,2025092305002422,SAHAS,Secured Securities Ltd.,Oxford Securities Pvt. Ltd.,5,623.0,3115.0,2025-09-23 11:25:02.995037
2025-09-23,59576,2025092305002456,SAHAS,Aryatara Investment & Securities,Sri Hari Securities Pvt. Ltd.,10,636.4,6364.0,2025-09-23 11:25:22.059276
2025-09-23,59575,2025092305002457,SAHAS,Aryatara Investment & Securities,Dakshinkali Investment & Securities Pvt. Ltd.,50,636.9,31845.0,2025-09-23 11:25:22.059420
2025-09-23,59462,2025092305002489,SAHAS,Aryatara Investment & Securities,ABC Securities Private Limited,10,637.0,6370.0,2025-09-23 11:25:36.388815
2025-09-23,59456,2025092305002491,SAHAS,Miyo Securities Pvt Ltd,Shree Krishna Securities Ltd.,140,637.2,89208.0,2025-09-23 11:25:37.653780
2025-09-23,59455,2025092305002492,SAHAS,Miyo Securities Pvt Ltd,Aryatara Investment & Securities,10,637.2,6372.0,2025-09-23 11:25:37.929635
2025-09-23,59417,2025092305002513,SAHAS,Miyo Securities Pvt Ltd,Oxford Securities Pvt. Ltd.,40,638.0,25520.0,2025-09-23 11:25:44.289035
2025-09-23,59366,2025092305002528,SAHAS,Miyo Securities Pvt Ltd,Shree Krishna Securities Ltd.,460,638.6,293756.0,2025-09-23 11:25:52.622412
2025-09-23,59254,2025092305002555,SAHAS,Sani Securities Company Ltd.,Global IME Securities Limited,10,637.3,6373.0,2025-09-23 11:26:13.254515
2025-09-23,59185,2025092305002580,SAHAS,Sani Securities Company Ltd.,Shree Krishna Securities Ltd.,90,637.3,57357.0,2025-09-23 11:26:24.597292
2025-09-23,59184,2025092305002581,SAHAS,Miyo Securities Pvt Ltd,Shree Krishna Securities Ltd.,410,637.2,261252.0,2025-09-23 11:26:24.597469
2025-09-23,59071,2025092305002618,SAHAS,Sani Securities Company Ltd.,Nepal Investment And Securities Trading Private Limited,10,638.0,6380.0,2025-09-23 11:26:45.441860
2025-09-23,59070,2025092305002619,SAHAS,Sani Securities Company Ltd.,Nepal Investment And Securities Trading Private Limited,10,638.0,6380.0,2025-09-23 11:26:45.442001
2025-09-23,59063,2025092305002624,SAHAS,Sani Securities Company Ltd.,Shree Krishna Securities Ltd.,540,638.0,344520.0,2025-09-23 11:26:46.888667
2025-09-23,58926,2025092305002656,SAHAS,Sani Securities Company Ltd.,Nepal Stock House (PVT) Ltd.,25,638.0,15950.0,2025-09-23 11:27:07.794823
2025-09-23,58841,2025092305002689,SAHAS,Miyo Securities Pvt Ltd,Online Securities Pvt. Ltd.,100,638.2,63820.0,2025-09-23 11:27:20.883177
2025-09-23,58639,2025092305002768,SAHAS,Aryatara Investment & Securities,Naasa Securities Co. Ltd.,10,639.0,6390.0,2025-09-23 11:27:50.549870
2025-09-23,58638,2025092305002769,SAHAS,Aryatara Investment & Securities,Kohinoor Investment & Securities Pvt. Ltd.,40,639.9,25596.0,2025-09-23 11:27:50.549994
2025-09-23,58448,2025092305002826,SAHAS,Sweta Securities Private Limited,Kohinoor Investment & Securities Pvt. Ltd.,1460,639.9,934254.0,2025-09-23 11:28:18.032852
2025-09-23,58447,2025092305002827,SAHAS,Sweta Securities Private Limited,Imperial Securities Company Pvt. Ltd.,540,640.0,345600.0,2025-09-23 11:28:18.033034
2025-09-23,58315,2025092305002875,SAHAS,Naasa Securities Co. Ltd.,Imperial Securities Company Pvt. Ltd.,260,640.0,166400.0,2025-09-23 11:28:35.075872
2025-09-23,58314,2025092305002876,SAHAS,Naasa Securities Co. Ltd.,Prabhu Stock Market Limited,500,640.0,320000.0,2025-09-23 11:28:35.076107
2025-09-23,58313,2025092305002877,SAHAS,Naasa Securities Co. Ltd.,Nepal Investment And Securities Trading Private Limited,30,640.0,19200.0,2025-09-23 11:28:35.076264
2025-09-23,58312,2025092305002878,SAHAS,Naasa Securities Co. Ltd.,Premier Securities Company Ltd.,210,640.0,134400.0,2025-09-23 11:28:35.076474
2025-09-23,58309,2025092305002881,SAHAS,Ashutosh Brokerage & Securities (PVT) Ltd.,Premier Securities Company Ltd.,65,640.0,41600.0,2025-09-23 11:28:35.421095
2025-09-23,58308,2025092305002882,SAHAS,Ashutosh Brokerage & Securities (PVT) Ltd.,Imperial Securities Company Pvt. Ltd.,10,640.0,6400.0,2025-09-23 11:28:35.421213
2025-09-23,58307,2025092305002883,SAHAS,Ashutosh Brokerage & Securities (PVT) Ltd.,Online Securities Pvt. Ltd.,10,640.0,6400.0,2025-09-23 11:28:35.421265
2025-09-23,58306,2025092305002884,SAHAS,Ashutosh Brokerage & Securities (PVT) Ltd.,Asian Securities Private Ltd.,200,640.0,128000.0,2025-09-23 11:28:35.421319
2025-09-23,58305,2025092305002885,SAHAS,Ashutosh Brokerage & Securities (PVT) Ltd.,Nepal Investment And Securities Trading Private Limited,20,640.0,12800.0,2025-09-23 11:28:35.421372
2025-09-23,58304,2025092305002886,SAHAS,Ashutosh Brokerage & Securities (PVT) Ltd.,Dakshinkali Investment & Securities Pvt. Ltd.,10,640.0,6400.0,2025-09-23 11:28:35.421420
2025-09-23,58184,2025092305002922,SAHAS,Miyo Securities Pvt Ltd,Agrawal Securities (PVT) Ltd.,100,640.5,64050.0,2025-09-23 11:28:55.505372
2025-09-23,58134,2025092305002944,SAHAS,Miyo Securities Pvt Ltd,Infinity Securities Limited,145,640.5,92872.5,2025-09-23 11:29:03.387587
2025-09-23,58113,2025092305002951,SAHAS,Sharepro Securities Private Limited,Arun Securities (PVT) Ltd.,1000,640.9,640900.0,2025-09-23 11:29:07.936055
2025-09-23,58112,2025092305002952,SAHAS,Sharepro Securities Private Limited,Cristal Kanchanjanga Securites Pvt. Ltd.,1700,641.0,1089700.0,2025-09-23 11:29:07.936160
2025-09-23,58070,2025092305002966,SAHAS,Miyo Securities Pvt Ltd,Asian Securities Private Ltd.,20,640.5,12810.0,2025-09-23 11:29:15.240620
2025-09-23,58002,2025092305002990,SAHAS,Asian Securities Private Ltd.,Online Securities Pvt. Ltd.,145,642.0,93090.0,2025-09-23 11:29:24.919519
2025-09-23,57950,2025092305003013,SAHAS,Miyo Securities Pvt Ltd,Siprabi Securities Pvt. Ltd.,75,640.5,48037.5,2025-09-23 11:29:34.310907
2025-09-23,57949,2025092305003014,SAHAS,Ashutosh Brokerage & Securities (PVT) Ltd.,Siprabi Securities Pvt. Ltd.,25,640.0,16000.0,2025-09-23 11:29:34.311028
2025-09-23,57303,2025092305003207,SAHAS,Miyo Securities Pvt Ltd,Midas Stock Broking Company Private Limited,10,640.2,6402.0,2025-09-23 11:31:13.091714
2025-09-23,57016,2025092305003293,SAHAS,Linch Stock Market Ltd.,Investment Management Nepal Pvt. Ltd.,20,640.4,12808.0,2025-09-23 11:32:06.247264
2025-09-23,56931,2025092305003316,SAHAS,Online Securities Pvt. Ltd.,Arun Securities (PVT) Ltd.,20,640.5,12810.0,2025-09-23 11:32:19.706434
2025-09-23,56851,2025092305003349,SAHAS,Online Securities Pvt. Ltd.,Naasa Securities Co. Ltd.,10,641.0,6410.0,2025-09-23 11:32:35.417768
2025-09-23,56842,2025092305003350,SAHAS,Sharepro Securities Private Limited,Online Securities Pvt. Ltd.,100,641.9,64190.0,2025-09-23 11:32:38.058594
2025-09-23,56841,2025092305003351,SAHAS,Sharepro Securities Private Limited,Nepal Investment And Securities Trading Private Limited,20,642.0,12840.0,2025-09-23 11:32:38.058629
2025-09-23,56840,2025092305003352,SAHAS,Sharepro Securities Private Limited,Siprabi Securities Pvt. Ltd.,10,642.6,6426.0,2025-09-23 11:32:38.058651
2025-09-23,56839,2025092305003353,SAHAS,Sharepro Securities Private Limited,Cristal Kanchanjanga Securites Pvt. Ltd.,200,644.5,128900.0,2025-09-23 11:32:38.058673
2025-09-23,56838,2025092305003354,SAHAS,Sharepro Securities Private Limited,Dipshikha Dhitopatra Karobar Co. Pvt Ltd.,411,646.6,265752.6,2025-09-23 11:32:38.058696
2025-09-23,56837,2025092305003355,SAHAS,Sharepro Securities Private Limited,Premier Securities Company Ltd.,259,647.0,167573.0,2025-09-23 11:32:38.058717
2025-09-23,56758,2025092305003408,SAHAS,Imperial Securities Company Pvt. Ltd.,Imperial Securities Company Pvt. Ltd.,100,641.9,64190.0,2025-09-23 11:32:49.425917
2025-09-23,56569,2025092305003446,SAHAS,Miyo Securities Pvt Ltd,Imperial Securities Company Pvt. Ltd.,400,641.9,256760.0,2025-09-23 11:33:12.194235
2025-09-23,56173,2025092305003544,SAHAS,Miyo Securities Pvt Ltd,Naasa Securities Co. Ltd.,10,642.1,6421.0,2025-09-23 11:34:14.071107
2025-09-23,55993,2025092305003605,SAHAS,Miyo Securities Pvt Ltd,Elite Stock House Limited,580,642.1,372418.0,2025-09-23 11:34:45.013788
2025-09-23,55896,2025092305003640,SAHAS,Linch Stock Market Ltd.,Elite Stock House Limited,348,641.9,223381.2,2025-09-23 11:34:58.879865
2025-09-23,55873,2025092305003649,SAHAS,Linch Stock Market Ltd.,Sundhara Securities Limited,10,641.9,6419.0,2025-09-23 11:35:03.445190
2025-09-23,55691,2025092305003713,SAHAS,Vision Securities Pvt. Ltd,Malla & Malla Stock Broking Company Pvt. Limited,60,642.0,38520.0,2025-09-23 11:35:39.741097
2025-09-23,55141,2025092305003886,SAHAS,Linch Stock Market Ltd.,Arun Securities (PVT) Ltd.,20,643.0,12860.0,2025-09-23 11:37:20.256835
2025-09-23,55140,2025092305003887,SAHAS,Linch Stock Market Ltd.,KALASH STOCK MARKET PVT. LTD.,200,643.0,128600.0,2025-09-23 11:37:20.257131
2025-09-23,55065,2025092305003906,SAHAS,Linch Stock Market Ltd.,Vision Securities Pvt. Ltd,10,643.0,6430.0,2025-09-23 11:37:34.337109
2025-09-23,55061,2025092305003907,SAHAS,Linch Stock Market Ltd.,Cristal Kanchanjanga Securites Pvt. Ltd.,50,643.0,32150.0,2025-09-23 11:37:34.625820
2025-09-23,54891,2025092305003956,SAHAS,Linch Stock Market Ltd.,Sumeru Securities Pvt. Ltd.,62,643.0,39866.0,2025-09-23 11:37:58.005271
2025-09-23,54890,2025092305003957,SAHAS,Arun Securities (PVT) Ltd.,Sumeru Securities Pvt. Ltd.,38,643.0,24434.0,2025-09-23 11:37:58.005435
2025-09-23,54889,2025092305003958,SAHAS,Arun Securities (PVT) Ltd.,Vision Securities Pvt. Ltd,10,643.0,6430.0,2025-09-23 11:37:58.320701
2025-09-23,54864,2025092305003964,SAHAS,Arun Securities (PVT) Ltd.,Online Securities Pvt. Ltd.,152,643.0,97736.0,2025-09-23 11:38:02.666443
2025-09-23,54699,2025092305004021,SAHAS,Vision Securities Pvt. Ltd,Sundhara Securities Limited,40,642.0,25680.0,2025-09-23 11:38:25.741436
2025-09-23,54698,2025092305004022,SAHAS,Trishakti Securities Public Limited,Sundhara Securities Limited,10,642.0,6420.0,2025-09-23 11:38:25.741619
2025-09-23,54661,2025092305004032,SAHAS,Trishakti Securities Public Limited,Online Securities Pvt. Ltd.,20,642.0,12840.0,2025-09-23 11:38:30.771051
2025-09-23,54579,2025092305004077,SAHAS,Naasa Securities Co. Ltd.,K.B.L. Securities Limited ,63,640.3,40338.9,2025-09-23 11:38:40.027387
2025-09-23,54578,2025092305004078,SAHAS,Kumari Securities Private Limited,K.B.L. Securities Limited ,937,640.1,599773.7,2025-09-23 11:38:40.027578
2025-09-23,54481,2025092305004102,SAHAS,Kumari Securities Private Limited,South Asian Bulls Pvt. Ltd.,63,640.1,40326.3,2025-09-23 11:38:53.720908
2025-09-23,54480,2025092305004103,SAHAS,Ashutosh Brokerage & Securities (PVT) Ltd.,South Asian Bulls Pvt. Ltd.,210,640.0,134400.0,2025-09-23 11:38:53.721110
2025-09-23,54479,2025092305004104,SAHAS,Trishakti Securities Public Limited,South Asian Bulls Pvt. Ltd.,500,640.0,320000.0,2025-09-23 11:38:53.721176
2025-09-23,54478,2025092305004105,SAHAS,Ashutosh Brokerage & Securities (PVT) Ltd.,South Asian Bulls Pvt. Ltd.,227,640.0,145280.0,2025-09-23 11:38:53.721236
2025-09-23,54334,2025092305004160,SAHAS,Ashutosh Brokerage & Securities (PVT) Ltd.,Kohinoor Investment & Securities Pvt. Ltd.,863,640.0,552320.0,2025-09-23 11:39:12.380866
2025-09-23,54333,2025092305004161,SAHAS,Siprabi Securities Pvt. Ltd.,Kohinoor Investment & Securities Pvt. Ltd.,100,640.0,64000.0,2025-09-23 11:39:12.381012
2025-09-23,54332,2025092305004162,SAHAS,MILKY WAY SHARE BROKER COMPANY LTD ,Kohinoor Investment & Securities Pvt. Ltd.,100,640.0,64000.0,2025-09-23 11:39:12.381078
2025-09-23,54331,2025092305004163,SAHAS,K.B.L. Securities Limited ,Kohinoor Investment & Securities Pvt. Ltd.,156,640.0,99840.0,2025-09-23 11:39:12.381164
2025-09-23,54330,2025092305004164,SAHAS,Naasa Securities Co. Ltd.,Kohinoor Investment & Securities Pvt. Ltd.,60,640.0,38400.0,2025-09-23 11:39:12.381220
2025-09-23,54329,2025092305004165,SAHAS,Vision Securities Pvt. Ltd,Kohinoor Investment & Securities Pvt. Ltd.,155,640.0,99200.0,2025-09-23 11:39:12.381279
2025-09-23,54226,2025092305004204,SAHAS,Linch Stock Market Ltd.,Kohinoor Investment & Securities Pvt. Ltd.,66,640.0,42240.0,2025-09-23 11:39:23.326364
2025-09-23,54225,2025092305004205,SAHAS,Linch Stock Market Ltd.,Shree Krishna Securities Ltd.,934,640.0,597760.0,2025-09-23 11:39:23.326530
2025-09-23,53768,2025092305004317,SAHAS,Linch Stock Market Ltd.,Shree Krishna Securities Ltd.,66,640.0,42240.0,2025-09-23 11:40:18.273926
2025-09-23,53767,2025092305004318,SAHAS,Linch Stock Market Ltd.,Dipshikha Dhitopatra Karobar Co. Pvt Ltd.,30,640.0,19200.0,2025-09-23 11:40:18.274096
2025-09-23,53766,2025092305004319,SAHAS,Linch Stock Market Ltd.,Trishakti Securities Public Limited,10,640.0,6400.0,2025-09-23 11:40:18.274175
2025-09-23,53765,2025092305004320,SAHAS,Linch Stock Market Ltd.,Kohinoor Investment & Securities Pvt. Ltd.,594,640.0,380160.0,2025-09-23 11:40:18.274239
2025-09-23,53587,2025092305004381,SAHAS,Primo Securities (PVT) Ltd.,Cristal Kanchanjanga Securites Pvt. Ltd.,110,639.1,70301.0,2025-09-23 11:40:44.095117
2025-09-23,53586,2025092305004382,SAHAS,MILKY WAY SHARE BROKER COMPANY LTD ,Cristal Kanchanjanga Securites Pvt. Ltd.,100,639.0,63900.0,2025-09-23 11:40:44.095310
2025-09-23,53585,2025092305004383,SAHAS,Kohinoor Investment & Securities Pvt. Ltd.,Cristal Kanchanjanga Securites Pvt. Ltd.,30,639.0,19170.0,2025-09-23 11:40:44.095384
2025-09-23,53584,2025092305004384,SAHAS,Sharepro Securities Private Limited,Cristal Kanchanjanga Securites Pvt. Ltd.,1000,638.1,638100.0,2025-09-23 11:40:44.095449
2025-09-23,53583,2025092305004385,SAHAS,Sani Securities Company Ltd.,Cristal Kanchanjanga Securites Pvt. Ltd.,2307,638.0,1471866.0,2025-09-23 11:40:44.095518
2025-09-23,53042,2025092305004564,SAHAS,Sani Securities Company Ltd.,Shree Krishna Securities Ltd.,5000,638.0,3190000.0,2025-09-23 11:42:08.981731
2025-09-23,52864,2025092305004633,SAHAS,Sani Securities Company Ltd.,Swarna Laxmi Securities Pvt. Ltd.,108,638.0,68904.0,2025-09-23 11:42:46.254557
2025-09-23,52863,2025092305004634,SAHAS,ABC Securities Private Limited,Swarna Laxmi Securities Pvt. Ltd.,92,638.0,58696.0,2025-09-23 11:42:46.254918
2025-09-23,52846,2025092305004640,SAHAS,ABC Securities Private Limited,Ashutosh Brokerage & Securities (PVT) Ltd.,50,638.0,31900.0,2025-09-23 11:42:50.365318
2025-09-23,52787,2025092305004666,SAHAS,ABC Securities Private Limited,Dynamic Money Managers Securities Pvt. Ltd.,400,638.0,255200.0,2025-09-23 11:43:00.807954
2025-09-23,52089,2025092305004854,SAHAS,ABC Securities Private Limited,Investment Management Nepal Pvt. Ltd.,10,638.0,6380.0,2025-09-23 11:45:56.944793
2025-09-23,51873,2025092305004932,SAHAS,Ashutosh Brokerage & Securities (PVT) Ltd.,Arun Securities (PVT) Ltd.,100,638.1,63810.0,2025-09-23 11:46:55.254360
2025-09-23,51804,2025092305004954,SAHAS,Ashutosh Brokerage & Securities (PVT) Ltd.,Dipshikha Dhitopatra Karobar Co. Pvt Ltd.,10,638.1,6381.0,2025-09-23 11:47:12.114662
2025-09-23,51635,2025092305005008,SAHAS,ABC Securities Private Limited,Naasa Securities Co. Ltd.,10,638.0,6380.0,2025-09-23 11:47:58.185095
2025-09-23,51627,2025092305005009,SAHAS,ABC Securities Private Limited,Pragyan Securities (PVT) Ltd.,10,638.0,6380.0,2025-09-23 11:47:58.976872
2025-09-23,51612,2025092305005011,SAHAS,ABC Securities Private Limited,Siprabi Securities Pvt. Ltd.,10,638.0,6380.0,2025-09-23 11:48:03.654481
2025-09-23,51603,2025092305005016,SAHAS,ABC Securities Private Limited,Imperial Securities Company Pvt. Ltd.,68,638.0,43384.0,2025-09-23 11:48:06.548815
2025-09-23,51602,2025092305005017,SAHAS,Aryatara Investment & Securities,Imperial Securities Company Pvt. Ltd.,130,637.0,82810.0,2025-09-23 11:48:06.549020
2025-09-23,51601,2025092305005018,SAHAS,Naasa Securities Co. Ltd.,Imperial Securities Company Pvt. Ltd.,11,636.0,6996.0,2025-09-23 11:48:06.549103
2025-09-23,51600,2025092305005019,SAHAS,Siprabi Securities Pvt. Ltd.,Imperial Securities Company Pvt. Ltd.,500,636.0,318000.0,2025-09-23 11:48:06.549179
2025-09-23,51599,2025092305005020,SAHAS,Roadshow securities limited,Imperial Securities Company Pvt. Ltd.,500,636.0,318000.0,2025-09-23 11:48:06.549255
2025-09-23,51598,2025092305005021,SAHAS,K.B.L. Securities Limited ,Imperial Securities Company Pvt. Ltd.,791,635.5,502680.5,2025-09-23 11:48:06.549337
2025-09-23,51475,2025092305005052,SAHAS,Sharepro Securities Private Limited,Linch Stock Market Ltd.,48,639.0,30672.0,2025-09-23 11:48:27.276233
2025-09-23,51474,2025092305005053,SAHAS,Sharepro Securities Private Limited,Kalika Securities Pvt. Ltd.,132,639.0,84348.0,2025-09-23 11:48:27.276419
2025-09-23,51444,2025092305005065,SAHAS,Sharepro Securities Private Limited,J.F. Securites (PVT) Ltd.,10,639.0,6390.0,2025-09-23 11:48:33.810548
2025-09-23,51365,2025092305005083,SAHAS,Sharepro Securities Private Limited,Vision Securities Pvt. Ltd,15,639.7,9595.5,2025-09-23 11:48:53.293377
2025-09-23,51364,2025092305005084,SAHAS,Sharepro Securities Private Limited,Primo Securities (PVT) Ltd.,100,639.8,63980.0,2025-09-23 11:48:53.293634
2025-09-23,51363,2025092305005085,SAHAS,Sharepro Securities Private Limited,Aryatara Investment & Securities,250,639.8,159950.0,2025-09-23 11:48:53.293739
2025-09-23,51241,2025092305005133,SAHAS,Oxford Securities Pvt. Ltd.,Kohinoor Investment & Securities Pvt. Ltd.,406,640.0,259840.0,2025-09-23 11:49:27.569066
2025-09-23,51240,2025092305005134,SAHAS,Oxford Securities Pvt. Ltd.,Naasa Securities Co. Ltd.,10,640.0,6400.0,2025-09-23 11:49:27.569111
2025-09-23,51239,2025092305005135,SAHAS,Oxford Securities Pvt. Ltd.,Online Securities Pvt. Ltd.,10,640.0,6400.0,2025-09-23 11:49:27.569137
2025-09-23,51238,2025092305005136,SAHAS,Oxford Securities Pvt. Ltd.,Kohinoor Investment & Securities Pvt. Ltd.,574,640.0,367360.0,2025-09-23 11:49:27.569157
2025-09-23,51181,2025092305005163,SAHAS,Sharepro Securities Private Limited,Kohinoor Investment & Securities Pvt. Ltd.,426,640.0,272640.0,2025-09-23 11:49:40.578466
2025-09-23,51180,2025092305005164,SAHAS,Sharepro Securities Private Limited,Malla & Malla Stock Broking Company Pvt. Limited,40,640.0,25600.0,2025-09-23 11:49:40.578809
2025-09-23,51179,2025092305005165,SAHAS,Sharepro Securities Private Limited,Sri Hari Securities Pvt. Ltd.,19,640.0,12160.0,2025-09-23 11:49:40.579077
2025-09-23,51173,2025092305005167,SAHAS,Primo Securities (PVT) Ltd.,Sri Hari Securities Pvt. Ltd.,21,640.0,13440.0,2025-09-23 11:49:41.802640
2025-09-23,51013,2025092305005218,SAHAS,Primo Securities (PVT) Ltd.,Kumari Securities Private Limited,10,640.0,6400.0,2025-09-23 11:50:32.358797
2025-09-23,50973,2025092305005246,SAHAS,Primo Securities (PVT) Ltd.,South Asian Bulls Pvt. Ltd.,436,640.0,279040.0,2025-09-23 11:50:41.672096
2025-09-23,50972,2025092305005247,SAHAS,Online Securities Pvt. Ltd.,South Asian Bulls Pvt. Ltd.,60,640.0,38400.0,2025-09-23 11:50:41.672322
2025-09-23,50921,2025092305005260,SAHAS,Online Securities Pvt. Ltd.,Agrawal Securities (PVT) Ltd.,10,640.0,6400.0,2025-09-23 11:50:52.707775
2025-09-23,50912,2025092305005264,SAHAS,Online Securities Pvt. Ltd.,Online Securities Pvt. Ltd.,20,640.0,12800.0,2025-09-23 11:50:55.712141
2025-09-23,50903,2025092305005273,SAHAS,Online Securities Pvt. Ltd.,South Asian Bulls Pvt. Ltd.,410,640.0,262400.0,2025-09-23 11:50:59.101142
2025-09-23,50902,2025092305005274,SAHAS,K.B.L. Securities Limited ,South Asian Bulls Pvt. Ltd.,20,640.0,12800.0,2025-09-23 11:50:59.101501
2025-09-23,50901,2025092305005275,SAHAS,ABC Securities Private Limited,South Asian Bulls Pvt. Ltd.,70,640.0,44800.0,2025-09-23 11:50:59.101726
2025-09-23,50693,2025092305005329,SAHAS,Nepal Stock House (PVT) Ltd.,Online Securities Pvt. Ltd.,15,642.0,9630.0,2025-09-23 11:51:57.532725
2025-09-23,50510,2025092305005403,SAHAS,ABC Securities Private Limited,Nagarik Stock Dealer ,50,640.0,32000.0,2025-09-23 11:52:39.387047
2025-09-23,50457,2025092305005433,SAHAS,ABC Securities Private Limited,Imperial Securities Company Pvt. Ltd.,530,640.0,339200.0,2025-09-23 11:52:51.392693
2025-09-23,50456,2025092305005434,SAHAS,Sani Securities Company Ltd.,Imperial Securities Company Pvt. Ltd.,15,639.7,9595.5,2025-09-23 11:52:51.393050
2025-09-23,50455,2025092305005435,SAHAS,Agrawal Securities (PVT) Ltd.,Imperial Securities Company Pvt. Ltd.,2000,637.0,1274000.0,2025-09-23 11:52:51.393340
2025-09-23,50433,2025092305005443,SAHAS,Opal Securities Investment (PVT) Ltd.,Imperial Securities Company Pvt. Ltd.,150,637.0,95550.0,2025-09-23 11:52:55.472196
2025-09-23,50294,2025092305005479,SAHAS,Kohinoor Investment & Securities Pvt. Ltd.,Imperial Securities Company Pvt. Ltd.,50,637.0,31850.0,2025-09-23 11:53:31.692754
2025-09-23,50194,2025092305005510,SAHAS,Trishakti Securities Public Limited,Imperial Securities Company Pvt. Ltd.,60,637.0,38220.0,2025-09-23 11:53:55.795450
2025-09-23,50110,2025092305005538,SAHAS,ABC Securities Private Limited,Imperial Securities Company Pvt. Ltd.,195,636.0,124020.0,2025-09-23 11:54:17.107001
2025-09-23,49693,2025092305005659,SAHAS,ABC Securities Private Limited,SUN SECURITIES PVT LTD,100,636.0,63600.0,2025-09-23 11:55:53.446780
2025-09-23,49654,2025092305005676,SAHAS,Investment Management Nepal Pvt. Ltd.,Dynamic Money Managers Securities Pvt. Ltd.,50,636.9,31845.0,2025-09-23 11:56:03.036014
2025-09-23,49366,2025092305005753,SAHAS,Miyo Securities Pvt Ltd,J.F. Securites (PVT) Ltd.,10,637.2,6372.0,2025-09-23 11:57:00.740358
2025-09-23,49340,2025092305005767,SAHAS,K.B.L. Securities Limited ,Asian Securities Private Ltd.,100,637.3,63730.0,2025-09-23 11:57:07.905146
2025-09-23,49024,2025092305005899,SAHAS,K.B.L. Securities Limited ,Creative Securities Pvt Ltd,108,637.3,68828.4,2025-09-23 11:58:06.501877
2025-09-23,48799,2025092305005997,SAHAS,Miyo Securities Pvt Ltd,Linch Stock Market Ltd.,68,637.2,43329.6,2025-09-23 11:58:49.631299
2025-09-23,48528,2025092305006078,SAHAS,Miyo Securities Pvt Ltd,Himalayan Brokerage Company Limited,10,637.2,6372.0,2025-09-23 11:59:55.156548
2025-09-23,48204,2025092305006153,SAHAS,Miyo Securities Pvt Ltd,Kumari Securities Private Limited,129,637.2,82198.8,2025-09-23 12:00:53.048776
2025-09-23,47868,2025092305006258,SAHAS,Miyo Securities Pvt Ltd,Aryatara Investment & Securities,10,637.2,6372.0,2025-09-23 12:02:16.392108
2025-09-23,47373,2025092305006449,SAHAS,Miyo Securities Pvt Ltd,Naasa Securities Co. Ltd.,10,638.2,6382.0,2025-09-23 12:04:21.242073
2025-09-23,47272,2025092305006475,SAHAS,Miyo Securities Pvt Ltd,Vision Securities Pvt. Ltd,10,638.2,6382.0,2025-09-23 12:04:37.764921
2025-09-23,47029,2025092305006562,SAHAS,Miyo Securities Pvt Ltd,Naasa Securities Co. Ltd.,10,638.6,6386.0,2025-09-23 12:05:36.570818
2025-09-23,46929,2025092305006594,SAHAS,Miyo Securities Pvt Ltd,Nagarik Stock Dealer ,50,639.9,31995.0,2025-09-23 12:05:46.935121
2025-09-23,46928,2025092305006595,SAHAS,Miyo Securities Pvt Ltd,Imperial Securities Company Pvt. Ltd.,193,640.0,123520.0,2025-09-23 12:05:46.935392
2025-09-23,46847,2025092305006615,SAHAS,Vision Securities Pvt. Ltd,Imperial Securities Company Pvt. Ltd.,325,640.0,208000.0,2025-09-23 12:06:03.922559
2025-09-23,46821,2025092305006622,SAHAS,ABC Securities Private Limited,Imperial Securities Company Pvt. Ltd.,200,640.0,128000.0,2025-09-23 12:06:08.583324
2025-09-23,46727,2025092305006644,SAHAS,Arun Securities (PVT) Ltd.,Imperial Securities Company Pvt. Ltd.,250,640.0,160000.0,2025-09-23 12:06:32.176115
2025-09-23,46679,2025092305006665,SAHAS,Vision Securities Pvt. Ltd,Imperial Securities Company Pvt. Ltd.,32,640.0,20480.0,2025-09-23 12:06:42.070182
2025-09-23,46678,2025092305006666,SAHAS,Vision Securities Pvt. Ltd,Oxford Securities Pvt. Ltd.,10,640.0,6400.0,2025-09-23 12:06:42.070426
2025-09-23,46677,2025092305006667,SAHAS,Vision Securities Pvt. Ltd,Midas Stock Broking Company Private Limited,10,640.0,6400.0,2025-09-23 12:06:42.070515
2025-09-23,46676,2025092305006668,SAHAS,Vision Securities Pvt. Ltd,Naasa Securities Co. Ltd.,10,640.0,6400.0,2025-09-23 12:06:42.070598
2025-09-23,46374,2025092305006746,SAHAS,K.B.L. Securities Limited ,Online Securities Pvt. Ltd.,34,641.0,21794.0,2025-09-23 12:07:29.132093
2025-09-23,46179,2025092305006807,SAHAS,K.B.L. Securities Limited ,Kohinoor Investment & Securities Pvt. Ltd.,466,641.0,298706.0,2025-09-23 12:08:08.910223
2025-09-23,46126,2025092305006826,SAHAS,K.B.L. Securities Limited ,Kohinoor Investment & Securities Pvt. Ltd.,300,641.0,192300.0,2025-09-23 12:08:18.368906
2025-09-23,46052,2025092305006842,SAHAS,Opal Securities Investment (PVT) Ltd.,Kohinoor Investment & Securities Pvt. Ltd.,234,641.0,149994.0,2025-09-23 12:08:32.350245
2025-09-23,46051,2025092305006843,SAHAS,Opal Securities Investment (PVT) Ltd.,Kumari Securities Private Limited,280,641.0,179480.0,2025-09-23 12:08:32.350479
2025-09-23,45537,2025092305007008,SAHAS,Vision Securities Pvt. Ltd,Aryatara Investment & Securities,20,640.0,12800.0,2025-09-23 12:10:30.259074
2025-09-23,45288,2025092305007074,SAHAS,Vision Securities Pvt. Ltd,Neev Securities Pvt. Ltd.,10,640.0,6400.0,2025-09-23 12:11:27.275585
2025-09-23,45075,2025092305007134,SAHAS,Vision Securities Pvt. Ltd,Kumari Securities Private Limited,108,640.0,69120.0,2025-09-23 12:12:19.294338
2025-09-23,45064,2025092305007137,SAHAS,Online Securities Pvt. Ltd.,Nagarik Stock Dealer ,20,640.0,12800.0,2025-09-23 12:12:20.076703
2025-09-23,44839,2025092305007230,SAHAS,Online Securities Pvt. Ltd.,Nagarik Stock Dealer ,100,640.0,64000.0,2025-09-23 12:13:00.920628
2025-09-23,44766,2025092305007252,SAHAS,Online Securities Pvt. Ltd.,Nepal Stock House (PVT) Ltd.,10,640.0,6400.0,2025-09-23 12:13:18.764179
2025-09-23,44699,2025092305007278,SAHAS,Online Securities Pvt. Ltd.,Sani Securities Company Ltd.,70,640.0,44800.0,2025-09-23 12:13:30.344123
2025-09-23,44694,2025092305007281,SAHAS,Opal Securities Investment (PVT) Ltd.,Shree Krishna Securities Ltd.,136,639.1,86917.6,2025-09-23 12:13:31.800544
2025-09-23,44693,2025092305007282,SAHAS,Sani Securities Company Ltd.,Shree Krishna Securities Ltd.,50,639.0,31950.0,2025-09-23 12:13:31.800799
2025-09-23,44692,2025092305007283,SAHAS,Naasa Securities Co. Ltd.,Shree Krishna Securities Ltd.,275,639.0,175725.0,2025-09-23 12:13:31.800890
2025-09-23,44691,2025092305007284,SAHAS,Thrive Brokerage House Pvt. Ltd,Shree Krishna Securities Ltd.,30,639.0,19170.0,2025-09-23 12:13:31.800986
2025-09-23,44690,2025092305007285,SAHAS,Nabil Stock Dealer Ltd.,Shree Krishna Securities Ltd.,340,637.2,216648.0,2025-09-23 12:13:31.801077
2025-09-23,44552,2025092305007341,SAHAS,Neev Securities Pvt. Ltd.,Shree Krishna Securities Ltd.,100,637.1,63710.0,2025-09-23 12:13:59.872953
2025-09-23,44551,2025092305007342,SAHAS,Kohinoor Investment & Securities Pvt. Ltd.,Shree Krishna Securities Ltd.,69,637.1,43959.9,2025-09-23 12:13:59.873489
2025-09-23,44520,2025092305007349,SAHAS,Kohinoor Investment & Securities Pvt. Ltd.,Sani Securities Company Ltd.,36,637.1,22935.6,2025-09-23 12:14:05.290901
2025-09-23,44388,2025092305007394,SAHAS,Neev Securities Pvt. Ltd.,Opal Securities Investment (PVT) Ltd.,10,637.0,6370.0,2025-09-23 12:14:35.506740
2025-09-23,44308,2025092305007420,SAHAS,Neev Securities Pvt. Ltd.,Neev Securities Pvt. Ltd.,90,637.0,57330.0,2025-09-23 12:14:54.120496
2025-09-23,44307,2025092305007421,SAHAS,Investment Management Nepal Pvt. Ltd.,Neev Securities Pvt. Ltd.,450,636.9,286605.0,2025-09-23 12:14:54.120732
2025-09-23,44306,2025092305007422,SAHAS,Vision Securities Pvt. Ltd,Neev Securities Pvt. Ltd.,1000,636.1,636100.0,2025-09-23 12:14:54.120836
2025-09-23,44305,2025092305007423,SAHAS,ABC Securities Private Limited,Neev Securities Pvt. Ltd.,705,636.0,448380.0,2025-09-23 12:14:54.120940
2025-09-23,44304,2025092305007424,SAHAS,Agrawal Securities (PVT) Ltd.,Neev Securities Pvt. Ltd.,755,636.0,480180.0,2025-09-23 12:14:54.121042
2025-09-23,43948,2025092305007509,SAHAS,K.B.L. Securities Limited ,Neev Securities Pvt. Ltd.,10,637.0,6370.0,2025-09-23 12:16:16.739142
2025-09-23,43782,2025092305007555,SAHAS,K.B.L. Securities Limited ,Vision Securities Pvt. Ltd,10,637.0,6370.0,2025-09-23 12:17:03.209587
2025-09-23,43672,2025092305007579,SAHAS,Online Securities Pvt. Ltd.,Online Securities Pvt. Ltd.,10,638.0,6380.0,2025-09-23 12:17:30.205177
2025-09-23,43671,2025092305007580,SAHAS,Online Securities Pvt. Ltd.,Nepal Investment And Securities Trading Private Limited,10,638.0,6380.0,2025-09-23 12:17:30.205245
2025-09-23,43670,2025092305007581,SAHAS,Online Securities Pvt. Ltd.,Online Securities Pvt. Ltd.,30,638.0,19140.0,2025-09-23 12:17:30.205269
2025-09-23,43669,2025092305007582,SAHAS,Online Securities Pvt. Ltd.,Deevyaa Securities & Stock House Pvt. Ltd,100,639.9,63990.0,2025-09-23 12:17:30.205294
2025-09-23,43668,2025092305007583,SAHAS,Online Securities Pvt. Ltd.,Sani Securities Company Ltd.,30,640.0,19200.0,2025-09-23 12:17:30.205330
2025-09-23,43667,2025092305007584,SAHAS,Online Securities Pvt. Ltd.,Neev Securities Pvt. Ltd.,1820,640.0,1164800.0,2025-09-23 12:17:30.205353
2025-09-23,43589,2025092305007605,SAHAS,Naasa Securities Co. Ltd.,Aryatara Investment & Securities,10,638.0,6380.0,2025-09-23 12:17:48.237605
2025-09-23,42814,2025092305007904,SAHAS,Naasa Securities Co. Ltd.,Naasa Securities Co. Ltd.,40,638.0,25520.0,2025-09-23 12:20:37.884082
2025-09-23,42813,2025092305007905,SAHAS,Naasa Securities Co. Ltd.,Naasa Securities Co. Ltd.,160,638.0,102080.0,2025-09-23 12:20:37.884503
2025-09-23,42607,2025092305007961,SAHAS,Naasa Securities Co. Ltd.,Ashutosh Brokerage & Securities (PVT) Ltd.,10,638.0,6380.0,2025-09-23 12:21:18.753991
2025-09-23,42551,2025092305007969,SAHAS,Asian Securities Private Ltd.,Neev Securities Pvt. Ltd.,25,640.0,16000.0,2025-09-23 12:21:27.561601
2025-09-23,41983,2025092305008160,SAHAS,Naasa Securities Co. Ltd.,Siprabi Securities Pvt. Ltd.,10,637.1,6371.0,2025-09-23 12:23:15.222195
2025-09-23,41600,2025092305008287,SAHAS,Cristal Kanchanjanga Securites Pvt. Ltd.,Neev Securities Pvt. Ltd.,155,640.0,99200.0,2025-09-23 12:24:51.781153
2025-09-23,41599,2025092305008288,SAHAS,Cristal Kanchanjanga Securites Pvt. Ltd.,Capital Max Securities Ltd,10,640.0,6400.0,2025-09-23 12:24:51.781215
2025-09-23,41598,2025092305008289,SAHAS,Cristal Kanchanjanga Securites Pvt. Ltd.,Bhrikuti Stock Broking Co. Pvt. Ltd.,10,640.0,6400.0,2025-09-23 12:24:51.781241
2025-09-23,41597,2025092305008290,SAHAS,Cristal Kanchanjanga Securites Pvt. Ltd.,KALASH STOCK MARKET PVT. LTD.,10,640.0,6400.0,2025-09-23 12:24:51.781266
2025-09-23,41596,2025092305008291,SAHAS,Cristal Kanchanjanga Securites Pvt. Ltd.,Sagarmatha Securities Private Limited,10,640.0,6400.0,2025-09-23 12:24:51.781291
2025-09-23,41595,2025092305008292,SAHAS,Cristal Kanchanjanga Securites Pvt. Ltd.,Elite Stock House Limited,10,640.0,6400.0,2025-09-23 12:24:51.781336
2025-09-23,41594,2025092305008293,SAHAS,Cristal Kanchanjanga Securites Pvt. Ltd.,Sani Securities Company Ltd.,500,640.0,320000.0,2025-09-23 12:24:51.781357
2025-09-23,41579,2025092305008296,SAHAS,Cristal Kanchanjanga Securites Pvt. Ltd.,Sani Securities Company Ltd.,500,640.0,320000.0,2025-09-23 12:24:58.960768
2025-09-23,41569,2025092305008303,SAHAS,Creative Securities Pvt Ltd,Online Securities Pvt. Ltd.,10,640.0,6400.0,2025-09-23 12:25:03.229910
2025-09-23,41306,2025092305008434,SAHAS,Creative Securities Pvt Ltd,Investment Management Nepal Pvt. Ltd.,100,640.0,64000.0,2025-09-23 12:26:00.156778
2025-09-23,41085,2025092305008506,SAHAS,Creative Securities Pvt Ltd,Online Securities Pvt. Ltd.,590,640.0,377600.0,2025-09-23 12:26:58.072460
2025-09-23,40794,2025092305008595,SAHAS,Linch Stock Market Ltd.,Swarna Laxmi Securities Pvt. Ltd.,100,640.0,64000.0,2025-09-23 12:28:28.441023
2025-09-23,40341,2025092305008730,SAHAS,Cristal Kanchanjanga Securites Pvt. Ltd.,Swarna Laxmi Securities Pvt. Ltd.,100,640.0,64000.0,2025-09-23 12:30:22.878137
2025-09-23,40340,2025092305008731,SAHAS,Cristal Kanchanjanga Securites Pvt. Ltd.,Nepal Stock House (PVT) Ltd.,10,640.0,6400.0,2025-09-23 12:30:22.878232
2025-09-23,40339,2025092305008732,SAHAS,Cristal Kanchanjanga Securites Pvt. Ltd.,Naasa Securities Co. Ltd.,500,640.0,320000.0,2025-09-23 12:30:22.878266
2025-09-23,40247,2025092305008761,SAHAS,Miyo Securities Pvt Ltd,SHUBHAKAMANA SECURITIES PVT. LTD,10,638.2,6382.0,2025-09-23 12:30:47.777230
2025-09-23,40062,2025092305008852,SAHAS,Miyo Securities Pvt Ltd,Oxford Securities Pvt. Ltd.,20,638.2,12764.0,2025-09-23 12:31:20.035800
2025-09-23,39938,2025092305008900,SAHAS,Miyo Securities Pvt Ltd,J.F. Securites (PVT) Ltd.,100,638.2,63820.0,2025-09-23 12:31:45.998110
2025-09-23,39745,2025092305008968,SAHAS,Online Securities Pvt. Ltd.,Kohinoor Investment & Securities Pvt. Ltd.,66,640.0,42240.0,2025-09-23 12:32:36.988872
2025-09-23,39744,2025092305008969,SAHAS,Online Securities Pvt. Ltd.,INDEX SECURITIES LIMITED,500,640.0,320000.0,2025-09-23 12:32:36.988941
2025-09-23,39454,2025092305009050,SAHAS,Online Securities Pvt. Ltd.,Kohinoor Investment & Securities Pvt. Ltd.,700,640.0,448000.0,2025-09-23 12:33:44.649507
2025-09-23,39444,2025092305009056,SAHAS,Online Securities Pvt. Ltd.,Naasa Securities Co. Ltd.,650,638.5,415025.0,2025-09-23 12:33:46.832756
2025-09-23,39093,2025092305009176,SAHAS,Miyo Securities Pvt Ltd,Naasa Securities Co. Ltd.,370,638.8,236356.0,2025-09-23 12:35:22.625060
2025-09-23,39092,2025092305009177,SAHAS,Online Securities Pvt. Ltd.,Naasa Securities Co. Ltd.,280,638.5,178780.0,2025-09-23 12:35:22.625526
2025-09-23,39026,2025092305009197,SAHAS,Online Securities Pvt. Ltd.,Nepal Investment And Securities Trading Private Limited,10,638.5,6385.0,2025-09-23 12:35:40.046861
2025-09-23,38999,2025092305009206,SAHAS,Online Securities Pvt. Ltd.,Agrawal Securities (PVT) Ltd.,1000,638.5,638500.0,2025-09-23 12:35:51.676555
2025-09-23,38892,2025092305009240,SAHAS,Online Securities Pvt. Ltd.,Investment Management Nepal Pvt. Ltd.,10,638.5,6385.0,2025-09-23 12:36:10.272433
2025-09-23,38653,2025092305009294,SAHAS,Online Securities Pvt. Ltd.,Nepal Investment And Securities Trading Private Limited,10,638.5,6385.0,2025-09-23 12:37:13.364921
2025-09-23,38522,2025092305009344,SAHAS,Online Securities Pvt. Ltd.,Sundhara Securities Limited,20,638.5,12770.0,2025-09-23 12:37:41.767778
2025-09-23,38363,2025092305009389,SAHAS,Online Securities Pvt. Ltd.,Naasa Securities Co. Ltd.,20,638.5,12770.0,2025-09-23 12:38:12.946184
2025-09-23,38362,2025092305009390,SAHAS,Midas Stock Broking Company Private Limited,Naasa Securities Co. Ltd.,35,638.1,22333.5,2025-09-23 12:38:12.946467
2025-09-23,38361,2025092305009391,SAHAS,Thrive Brokerage House Pvt. Ltd,Naasa Securities Co. Ltd.,295,638.0,188210.0,2025-09-23 12:38:12.946564
2025-09-23,37684,2025092305009631,SAHAS,Naasa Securities Co. Ltd.,Aryatara Investment & Securities,10,638.0,6380.0,2025-09-23 12:40:36.247289
2025-09-23,37683,2025092305009632,SAHAS,Online Securities Pvt. Ltd.,Aryatara Investment & Securities,50,638.0,31900.0,2025-09-23 12:40:36.247598
2025-09-23,37682,2025092305009633,SAHAS,Garima Securities Limited,Aryatara Investment & Securities,140,638.0,89320.0,2025-09-23 12:40:36.247736
2025-09-23,37552,2025092305009690,SAHAS,Garima Securities Limited,Sundhara Securities Limited,20,638.0,12760.0,2025-09-23 12:41:08.858478
2025-09-23,37317,2025092305009762,SAHAS,Garima Securities Limited,Kohinoor Investment & Securities Pvt. Ltd.,10,638.0,6380.0,2025-09-23 12:41:43.545177
2025-09-23,36331,2025092305010100,SAHAS,Garima Securities Limited,Shree Krishna Securities Ltd.,830,638.0,529540.0,2025-09-23 12:45:01.634133
2025-09-23,36330,2025092305010101,SAHAS,Nepal Stock House (PVT) Ltd.,Shree Krishna Securities Ltd.,170,637.3,108341.0,2025-09-23 12:45:01.634389
2025-09-23,35444,2025092305010411,SAHAS,Aakashbhairab Securities Ltd.,Naasa Securities Co. Ltd.,10,638.0,6380.0,2025-09-23 12:48:15.374912
2025-09-23,35342,2025092305010446,SAHAS,Aakashbhairab Securities Ltd.,Sundhara Securities Limited,20,638.0,12760.0,2025-09-23 12:48:54.612037
2025-09-23,35128,2025092305010514,SAHAS,Kohinoor Investment & Securities Pvt. Ltd.,Dynamic Money Managers Securities Pvt. Ltd.,20,638.5,12770.0,2025-09-23 12:49:53.071834
2025-09-23,35127,2025092305010515,SAHAS,Aakashbhairab Securities Ltd.,Dynamic Money Managers Securities Pvt. Ltd.,1480,638.0,944240.0,2025-09-23 12:49:53.072302
2025-09-23,34821,2025092305010587,SAHAS,Aakashbhairab Securities Ltd.,Dipshikha Dhitopatra Karobar Co. Pvt Ltd.,10,638.0,6380.0,2025-09-23 12:51:31.470573
2025-09-23,34737,2025092305010608,SAHAS,Aakashbhairab Securities Ltd.,Naasa Securities Co. Ltd.,10,638.0,6380.0,2025-09-23 12:52:02.506271
2025-09-23,34486,2025092305010690,SAHAS,Trisul Securities & Invt. Ltd.,Nepal Investment And Securities Trading Private Limited,10,638.1,6381.0,2025-09-23 12:53:17.674294
2025-09-23,34462,2025092305010700,SAHAS,Roadshow securities limited,Online Securities Pvt. Ltd.,10,638.2,6382.0,2025-09-23 12:53:28.023256
2025-09-23,34459,2025092305010702,SAHAS,Roadshow securities limited,Premier Securities Company Ltd.,200,638.2,127640.0,2025-09-23 12:53:28.701866
2025-09-23,34450,2025092305010708,SAHAS,Nepal Stock House (PVT) Ltd.,Kumari Securities Private Limited,10,638.9,6389.0,2025-09-23 12:53:31.578043
2025-09-23,34449,2025092305010709,SAHAS,Nepal Stock House (PVT) Ltd.,Nepal Investment And Securities Trading Private Limited,10,639.0,6390.0,2025-09-23 12:53:31.578562
2025-09-23,34448,2025092305010710,SAHAS,Nepal Stock House (PVT) Ltd.,Hatemalo Financial Services Private Limited,980,639.0,626220.0,2025-09-23 12:53:31.578880
2025-09-23,34273,2025092305010765,SAHAS,Trisul Securities & Invt. Ltd.,Hatemalo Financial Services Private Limited,20,639.0,12780.0,2025-09-23 12:54:17.101581
2025-09-23,34272,2025092305010766,SAHAS,Trisul Securities & Invt. Ltd.,Online Securities Pvt. Ltd.,100,639.8,63980.0,2025-09-23 12:54:17.101909
2025-09-23,34271,2025092305010767,SAHAS,Trisul Securities & Invt. Ltd.,Sani Securities Company Ltd.,210,639.9,134379.0,2025-09-23 12:54:17.102025
2025-09-23,34270,2025092305010768,SAHAS,Trisul Securities & Invt. Ltd.,Nagarik Stock Dealer ,50,639.9,31995.0,2025-09-23 12:54:17.102131
2025-09-23,34269,2025092305010769,SAHAS,Trisul Securities & Invt. Ltd.,Asian Securities Private Ltd.,30,640.0,19200.0,2025-09-23 12:54:17.102266
2025-09-23,34268,2025092305010770,SAHAS,Trisul Securities & Invt. Ltd.,Kohinoor Investment & Securities Pvt. Ltd.,1000,640.0,640000.0,2025-09-23 12:54:17.102382
2025-09-23,34267,2025092305010771,SAHAS,Trisul Securities & Invt. Ltd.,Siprabi Securities Pvt. Ltd.,100,640.0,64000.0,2025-09-23 12:54:17.102534
2025-09-23,34266,2025092305010772,SAHAS,Trisul Securities & Invt. Ltd.,J.F. Securites (PVT) Ltd.,100,640.0,64000.0,2025-09-23 12:54:17.102680
2025-09-23,34265,2025092305010773,SAHAS,Trisul Securities & Invt. Ltd.,Siprabi Securities Pvt. Ltd.,20,640.0,12800.0,2025-09-23 12:54:17.102801
2025-09-23,34249,2025092305010780,SAHAS,Trisul Securities & Invt. Ltd.,Nepal Investment And Securities Trading Private Limited,370,640.0,236800.0,2025-09-23 12:54:27.010908
2025-09-23,34248,2025092305010781,SAHAS,Roadshow securities limited,Nepal Investment And Securities Trading Private Limited,790,638.2,504178.0,2025-09-23 12:54:27.011194
2025-09-23,34247,2025092305010782,SAHAS,Trisul Securities & Invt. Ltd.,Nepal Investment And Securities Trading Private Limited,990,638.1,631719.0,2025-09-23 12:54:27.011293
2025-09-23,34246,2025092305010783,SAHAS,Aakashbhairab Securities Ltd.,Nepal Investment And Securities Trading Private Limited,2850,638.0,1818300.0,2025-09-23 12:54:27.011404
2025-09-23,34121,2025092305010822,SAHAS,Asian Securities Private Ltd.,Sani Securities Company Ltd.,10,640.0,6400.0,2025-09-23 12:55:02.186015
2025-09-23,34120,2025092305010823,SAHAS,Asian Securities Private Ltd.,Dakshinkali Investment & Securities Pvt. Ltd.,50,640.9,32045.0,2025-09-23 12:55:02.186293
2025-09-23,34119,2025092305010824,SAHAS,Asian Securities Private Ltd.,Kohinoor Investment & Securities Pvt. Ltd.,940,640.9,602446.0,2025-09-23 12:55:02.186418
2025-09-23,34105,2025092305010830,SAHAS,Infinity Securities Limited,INDEX SECURITIES LIMITED,350,639.0,223650.0,2025-09-23 12:55:11.092533
2025-09-23,34104,2025092305010831,SAHAS,Asian Securities Private Ltd.,INDEX SECURITIES LIMITED,4000,639.0,2556000.0,2025-09-23 12:55:11.092808
2025-09-23,34103,2025092305010832,SAHAS,Aakashbhairab Securities Ltd.,INDEX SECURITIES LIMITED,620,638.0,395560.0,2025-09-23 12:55:11.092927
2025-09-23,34102,2025092305010833,SAHAS,Trisul Securities & Invt. Ltd.,INDEX SECURITIES LIMITED,1030,638.0,657140.0,2025-09-23 12:55:11.093028
2025-09-23,33660,2025092305010957,SAHAS,Trisul Securities & Invt. Ltd.,Arun Securities (PVT) Ltd.,10,638.0,6380.0,2025-09-23 12:57:33.773802
2025-09-23,33099,2025092305011118,SAHAS,K.B.L. Securities Limited ,Bhrikuti Stock Broking Co. Pvt. Ltd.,1,637.3,637.3,2025-09-23 13:00:22.365412
2025-09-23,33062,2025092305011126,SAHAS,Trisul Securities & Invt. Ltd.,Cristal Kanchanjanga Securites Pvt. Ltd.,10,638.0,6380.0,2025-09-23 13:00:38.004556
2025-09-23,33036,2025092305011139,SAHAS,Trisul Securities & Invt. Ltd.,Naasa Securities Co. Ltd.,40,638.0,25520.0,2025-09-23 13:00:45.671862
2025-09-23,32183,2025092305011458,SAHAS,J.F. Securites (PVT) Ltd.,Midas Stock Broking Company Private Limited,10,638.1,6381.0,2025-09-23 13:04:54.250499
2025-09-23,31918,2025092305011564,SAHAS,N.I.M.B. Stock Markets Limited,Online Securities Pvt. Ltd.,32,640.0,20480.0,2025-09-23 13:06:08.776990
2025-09-23,31917,2025092305011565,SAHAS,N.I.M.B. Stock Markets Limited,Online Securities Pvt. Ltd.,100,640.0,64000.0,2025-09-23 13:06:08.777303
2025-09-23,31916,2025092305011566,SAHAS,N.I.M.B. Stock Markets Limited,Dipshikha Dhitopatra Karobar Co. Pvt Ltd.,10,640.0,6400.0,2025-09-23 13:06:08.777427
2025-09-23,31766,2025092305011634,SAHAS,Trishakti Securities Public Limited,Dynamic Money Managers Securities Pvt. Ltd.,80,640.7,51256.0,2025-09-23 13:06:53.857700
2025-09-23,31765,2025092305011635,SAHAS,Trishakti Securities Public Limited,Kalika Securities Pvt. Ltd.,10,640.8,6408.0,2025-09-23 13:06:53.857769
2025-09-23,31764,2025092305011636,SAHAS,Trishakti Securities Public Limited,ABC Securities Private Limited,100,640.8,64080.0,2025-09-23 13:06:53.857798
2025-09-23,31763,2025092305011637,SAHAS,Trishakti Securities Public Limited,Oxford Securities Pvt. Ltd.,128,641.0,82048.0,2025-09-23 13:06:53.857830
2025-09-23,31762,2025092305011638,SAHAS,Trishakti Securities Public Limited,Imperial Securities Company Pvt. Ltd.,500,641.0,320500.0,2025-09-23 13:06:53.857857
2025-09-23,31761,2025092305011639,SAHAS,Trishakti Securities Public Limited,Oxford Securities Pvt. Ltd.,10,641.0,6410.0,2025-09-23 13:06:53.857885
2025-09-23,31760,2025092305011640,SAHAS,Trishakti Securities Public Limited,Neev Securities Pvt. Ltd.,10,641.0,6410.0,2025-09-23 13:06:53.857909
2025-09-23,31759,2025092305011641,SAHAS,Trishakti Securities Public Limited,Online Securities Pvt. Ltd.,10,641.0,6410.0,2025-09-23 13:06:53.857934
2025-09-23,31758,2025092305011642,SAHAS,Trishakti Securities Public Limited,Sani Securities Company Ltd.,152,641.0,97432.0,2025-09-23 13:06:53.857985
2025-09-23,31482,2025092305011724,SAHAS,N.I.M.B. Stock Markets Limited,Naasa Securities Co. Ltd.,20,640.0,12800.0,2025-09-23 13:08:20.733358
2025-09-23,31447,2025092305011737,SAHAS,N.I.M.B. Stock Markets Limited,Oxford Securities Pvt. Ltd.,150,640.0,96000.0,2025-09-23 13:08:31.666407
2025-09-23,31352,2025092305011762,SAHAS,N.I.M.B. Stock Markets Limited,Cristal Kanchanjanga Securites Pvt. Ltd.,688,640.0,440320.0,2025-09-23 13:08:53.436776
2025-09-23,31351,2025092305011763,SAHAS,Trisul Securities & Invt. Ltd.,Cristal Kanchanjanga Securites Pvt. Ltd.,12,640.0,7680.0,2025-09-23 13:08:53.437275
2025-09-23,31330,2025092305011773,SAHAS,Trisul Securities & Invt. Ltd.,Secured Securities Ltd.,10,640.0,6400.0,2025-09-23 13:09:02.544782
2025-09-23,31214,2025092305011810,SAHAS,Naasa Securities Co. Ltd.,Sani Securities Company Ltd.,48,641.0,30768.0,2025-09-23 13:09:29.369446
2025-09-23,31213,2025092305011811,SAHAS,Naasa Securities Co. Ltd.,Vision Securities Pvt. Ltd,10,641.0,6410.0,2025-09-23 13:09:29.369717
2025-09-23,31212,2025092305011812,SAHAS,Naasa Securities Co. Ltd.,Sewa Securities Pvt. Ltd.,10,641.0,6410.0,2025-09-23 13:09:29.369826
2025-09-23,31211,2025092305011813,SAHAS,Naasa Securities Co. Ltd.,Nepal Investment And Securities Trading Private Limited,10,641.0,6410.0,2025-09-23 13:09:29.369935
2025-09-23,31210,2025092305011814,SAHAS,Naasa Securities Co. Ltd.,Kalika Securities Pvt. Ltd.,122,641.0,78202.0,2025-09-23 13:09:29.370042
2025-09-23,31104,2025092305011837,SAHAS,Trisul Securities & Invt. Ltd.,Nepal Stock House (PVT) Ltd.,50,640.0,32000.0,2025-09-23 13:09:58.916111
2025-09-23,31026,2025092305011858,SAHAS,Trisul Securities & Invt. Ltd.,Online Securities Pvt. Ltd.,10,640.0,6400.0,2025-09-23 13:10:21.019634
2025-09-23,30973,2025092305011881,SAHAS,Nepal Stock House (PVT) Ltd.,Dynamic Money Managers Securities Pvt. Ltd.,50,640.6,32030.0,2025-09-23 13:10:35.408488
2025-09-23,30967,2025092305011885,SAHAS,Linch Stock Market Ltd.,Market Securities & Exchange (PVT) Ltd.,300,640.0,192000.0,2025-09-23 13:10:36.971483
2025-09-23,30966,2025092305011886,SAHAS,Bhrikuti Stock Broking Co. Pvt. Ltd.,Market Securities & Exchange (PVT) Ltd.,200,640.0,128000.0,2025-09-23 13:10:36.972092
2025-09-23,30738,2025092305011977,SAHAS,Asian Securities Private Ltd.,Dynamic Money Managers Securities Pvt. Ltd.,950,640.6,608570.0,2025-09-23 13:11:42.884284
2025-09-23,30737,2025092305011978,SAHAS,Asian Securities Private Ltd.,ABC Securities Private Limited,50,640.8,32040.0,2025-09-23 13:11:42.884576
2025-09-23,29969,2025092305012235,SAHAS,Primo Securities (PVT) Ltd.,Aakashbhairab Securities Ltd.,10,640.7,6407.0,2025-09-23 13:16:25.395742
2025-09-23,29968,2025092305012236,SAHAS,Sweta Securities Private Limited,Aakashbhairab Securities Ltd.,10,640.0,6400.0,2025-09-23 13:16:25.396255
2025-09-23,29967,2025092305012237,SAHAS,Creative Securities Pvt Ltd,Aakashbhairab Securities Ltd.,48,640.0,30720.0,2025-09-23 13:16:25.396617
2025-09-23,29966,2025092305012238,SAHAS,Neev Securities Pvt. Ltd.,Aakashbhairab Securities Ltd.,100,640.0,64000.0,2025-09-23 13:16:25.396938
2025-09-23,29739,2025092305012306,SAHAS,Asian Securities Private Ltd.,Kumari Securities Private Limited,1000,639.1,639100.0,2025-09-23 13:18:05.662402
2025-09-23,29738,2025092305012307,SAHAS,Asian Securities Private Ltd.,Kumari Securities Private Limited,2000,639.0,1278000.0,2025-09-23 13:18:05.662698
2025-09-23,29578,2025092305012366,SAHAS,Roadshow securities limited,Aakashbhairab Securities Ltd.,832,640.0,532480.0,2025-09-23 13:18:51.657206
2025-09-23,29415,2025092305012435,SAHAS,Cristal Kanchanjanga Securites Pvt. Ltd.,Online Securities Pvt. Ltd.,21,640.0,13440.0,2025-09-23 13:19:59.671240
2025-09-23,29414,2025092305012436,SAHAS,Cristal Kanchanjanga Securites Pvt. Ltd.,Midas Stock Broking Company Private Limited,500,640.0,320000.0,2025-09-23 13:19:59.671823
2025-09-23,29413,2025092305012437,SAHAS,Cristal Kanchanjanga Securites Pvt. Ltd.,Aryatara Investment & Securities,10,640.0,6400.0,2025-09-23 13:19:59.672192
2025-09-23,29306,2025092305012487,SAHAS,Machhapuchchhre Securities Limited,Dipshikha Dhitopatra Karobar Co. Pvt Ltd.,10,640.5,6405.0,2025-09-23 13:20:30.016346
2025-09-23,29267,2025092305012504,SAHAS,Cristal Kanchanjanga Securites Pvt. Ltd.,Nepal Investment And Securities Trading Private Limited,300,640.0,192000.0,2025-09-23 13:20:51.947586
2025-09-23,29257,2025092305012507,SAHAS,J.F. Securites (PVT) Ltd.,Dipshikha Dhitopatra Karobar Co. Pvt Ltd.,190,640.5,121695.0,2025-09-23 13:20:57.015276
2025-09-23,29256,2025092305012508,SAHAS,J.F. Securites (PVT) Ltd.,ABC Securities Private Limited,50,640.8,32040.0,2025-09-23 13:20:57.015556
2025-09-23,29255,2025092305012509,SAHAS,J.F. Securites (PVT) Ltd.,Sewa Securities Pvt. Ltd.,400,640.8,256320.0,2025-09-23 13:20:57.015663
2025-09-23,29254,2025092305012510,SAHAS,J.F. Securites (PVT) Ltd.,Premier Securities Company Ltd.,10,640.8,6408.0,2025-09-23 13:20:57.015774
2025-09-23,29253,2025092305012511,SAHAS,J.F. Securites (PVT) Ltd.,Kohinoor Investment & Securities Pvt. Ltd.,1000,640.9,640900.0,2025-09-23 13:20:57.015887
2025-09-23,29249,2025092305012514,SAHAS,J.F. Securites (PVT) Ltd.,BHOLE GANESH SECURITIES LTD,100,640.9,64090.0,2025-09-23 13:20:59.003375
2025-09-23,29159,2025092305012559,SAHAS,J.F. Securites (PVT) Ltd.,Investment Management Nepal Pvt. Ltd.,200,640.9,128180.0,2025-09-23 13:21:31.373018
2025-09-23,29076,2025092305012581,SAHAS,J.F. Securites (PVT) Ltd.,Online Securities Pvt. Ltd.,10,640.9,6409.0,2025-09-23 13:22:00.278100
2025-09-23,28882,2025092305012652,SAHAS,J.F. Securites (PVT) Ltd.,Investment Management Nepal Pvt. Ltd.,30,640.9,19227.0,2025-09-23 13:23:14.052076
2025-09-23,28838,2025092305012664,SAHAS,Cristal Kanchanjanga Securites Pvt. Ltd.,Primo Securities (PVT) Ltd.,169,640.0,108160.0,2025-09-23 13:23:35.555583
2025-09-23,28837,2025092305012665,SAHAS,Bhrikuti Stock Broking Co. Pvt. Ltd.,Primo Securities (PVT) Ltd.,50,640.0,32000.0,2025-09-23 13:23:35.555899
2025-09-23,28717,2025092305012696,SAHAS,Neev Securities Pvt. Ltd.,Magnet Securities and Investment Company Private Limited,100,639.2,63920.0,2025-09-23 13:24:14.413256
2025-09-23,28716,2025092305012697,SAHAS,Asian Securities Private Ltd.,Magnet Securities and Investment Company Private Limited,500,639.0,319500.0,2025-09-23 13:24:14.413594
2025-09-23,28715,2025092305012698,SAHAS,Aryatara Investment & Securities,Magnet Securities and Investment Company Private Limited,50,639.0,31950.0,2025-09-23 13:24:14.413710
2025-09-23,28714,2025092305012699,SAHAS,Bhrikuti Stock Broking Co. Pvt. Ltd.,Magnet Securities and Investment Company Private Limited,150,639.0,95850.0,2025-09-23 13:24:14.413820
2025-09-23,28712,2025092305012700,SAHAS,Nepal Stock House (PVT) Ltd.,Magnet Securities and Investment Company Private Limited,800,639.0,511200.0,2025-09-23 13:24:15.321219
2025-09-23,28445,2025092305012770,SAHAS,Linch Stock Market Ltd.,Online Securities Pvt. Ltd.,2,635.0,1270.0,2025-09-23 13:25:39.668044
2025-09-23,28416,2025092305012778,SAHAS,Roadshow securities limited,Dipshikha Dhitopatra Karobar Co. Pvt Ltd.,10,638.3,6383.0,2025-09-23 13:25:50.630318
2025-09-23,28315,2025092305012830,SAHAS,Nepal Investment And Securities Trading Private Limited,Magnet Securities and Investment Company Private Limited,300,639.0,191700.0,2025-09-23 13:26:28.832582
2025-09-23,28252,2025092305012847,SAHAS,Roadshow securities limited,Opal Securities Investment (PVT) Ltd.,38,638.3,24255.4,2025-09-23 13:26:42.242594
2025-09-23,27815,2025092305012953,SAHAS,Roadshow securities limited,Linch Stock Market Ltd.,10,638.3,6383.0,2025-09-23 13:28:41.685681
2025-09-23,27654,2025092305012996,SAHAS,Roadshow securities limited,South Asian Bulls Pvt. Ltd.,10,638.3,6383.0,2025-09-23 13:29:32.008330
2025-09-23,27558,2025092305013025,SAHAS,Roadshow securities limited,Kohinoor Investment & Securities Pvt. Ltd.,10,638.3,6383.0,2025-09-23 13:30:03.064153
2025-09-23,27471,2025092305013048,SAHAS,Roadshow securities limited,Secured Securities Ltd.,100,638.3,63830.0,2025-09-23 13:30:27.689222
2025-09-23,26900,2025092305013268,SAHAS,Roadshow securities limited,R.B.B. Securities Company Ltd,270,638.3,172341.0,2025-09-23 13:33:20.405221
2025-09-23,26741,2025092305013326,SAHAS,Dynamic Money Managers Securities Pvt. Ltd.,Magnet Securities and Investment Company Private Limited,60,639.0,38340.0,2025-09-23 13:34:03.673026
2025-09-23,26507,2025092305013402,SAHAS,Roadshow securities limited,ABC Securities Private Limited,252,638.3,160851.6,2025-09-23 13:35:04.271782
2025-09-23,26506,2025092305013403,SAHAS,Midas Stock Broking Company Private Limited,ABC Securities Private Limited,48,638.3,30638.4,2025-09-23 13:35:04.272096
2025-09-23,26470,2025092305013415,SAHAS,Dynamic Money Managers Securities Pvt. Ltd.,Magnet Securities and Investment Company Private Limited,40,639.0,25560.0,2025-09-23 13:35:15.258600
2025-09-23,26303,2025092305013453,SAHAS,Dynamic Money Managers Securities Pvt. Ltd.,Naasa Securities Co. Ltd.,10,639.0,6390.0,2025-09-23 13:35:45.828501
2025-09-23,26282,2025092305013464,SAHAS,Dynamic Money Managers Securities Pvt. Ltd.,Sani Securities Company Ltd.,40,639.0,25560.0,2025-09-23 13:35:54.432027
2025-09-23,26214,2025092305013503,SAHAS,Midas Stock Broking Company Private Limited,Deevyaa Securities & Stock House Pvt. Ltd,10,638.3,6383.0,2025-09-23 13:36:10.870540
2025-09-23,26088,2025092305013533,SAHAS,Midas Stock Broking Company Private Limited,Siprabi Securities Pvt. Ltd.,10,638.3,6383.0,2025-09-23 13:36:55.163504
2025-09-23,26028,2025092305013565,SAHAS,Midas Stock Broking Company Private Limited,South Asian Bulls Pvt. Ltd.,10,638.3,6383.0,2025-09-23 13:37:12.691434
2025-09-23,25802,2025092305013632,SAHAS,J.F. Securites (PVT) Ltd.,Online Securities Pvt. Ltd.,280,638.4,178752.0,2025-09-23 13:38:24.609818
2025-09-23,25524,2025092305013736,SAHAS,Shree Krishna Securities Ltd.,Midas Stock Broking Company Private Limited,10,638.5,6385.0,2025-09-23 13:39:36.057493
2025-09-23,24916,2025092305013942,SAHAS,Asian Securities Private Ltd.,Sani Securities Company Ltd.,10,639.0,6390.0,2025-09-23 13:42:11.785007
2025-09-23,24915,2025092305013943,SAHAS,Asian Securities Private Ltd.,Sagarmatha Securities Private Limited,15,639.0,9585.0,2025-09-23 13:42:11.785735
2025-09-23,24914,2025092305013944,SAHAS,Asian Securities Private Ltd.,Primo Securities (PVT) Ltd.,51,640.0,32640.0,2025-09-23 13:42:11.786336
2025-09-23,24913,2025092305013945,SAHAS,Asian Securities Private Ltd.,Naasa Securities Co. Ltd.,20,640.0,12800.0,2025-09-23 13:42:11.786873
2025-09-23,24912,2025092305013946,SAHAS,Asian Securities Private Ltd.,Vision Securities Pvt. Ltd,10,640.8,6408.0,2025-09-23 13:42:11.787428
2025-09-23,24911,2025092305013947,SAHAS,Asian Securities Private Ltd.,Investment Management Nepal Pvt. Ltd.,70,640.9,44863.0,2025-09-23 13:42:11.787977
2025-09-23,24910,2025092305013948,SAHAS,Asian Securities Private Ltd.,ABC Securities Private Limited,100,640.9,64090.0,2025-09-23 13:42:11.788514
2025-09-23,24909,2025092305013949,SAHAS,Asian Securities Private Ltd.,Kalika Securities Pvt. Ltd.,658,641.0,421778.0,2025-09-23 13:42:11.789031
2025-09-23,24908,2025092305013950,SAHAS,Asian Securities Private Ltd.,Sani Securities Company Ltd.,25,641.0,16025.0,2025-09-23 13:42:11.789560
2025-09-23,24907,2025092305013951,SAHAS,Asian Securities Private Ltd.,Dipshikha Dhitopatra Karobar Co. Pvt Ltd.,200,641.0,128200.0,2025-09-23 13:42:11.790082
2025-09-23,24906,2025092305013952,SAHAS,Asian Securities Private Ltd.,Vision Securities Pvt. Ltd,10,641.0,6410.0,2025-09-23 13:42:11.790612
2025-09-23,24905,2025092305013953,SAHAS,Asian Securities Private Ltd.,Online Securities Pvt. Ltd.,10,641.0,6410.0,2025-09-23 13:42:11.791120
2025-09-23,24904,2025092305013954,SAHAS,Asian Securities Private Ltd.,Aryatara Investment & Securities,10,641.0,6410.0,2025-09-23 13:42:11.791670
2025-09-23,24903,2025092305013955,SAHAS,Asian Securities Private Ltd.,Nepal Investment And Securities Trading Private Limited,300,641.0,192300.0,2025-09-23 13:42:11.792171
2025-09-23,24902,2025092305013956,SAHAS,Asian Securities Private Ltd.,Sri Hari Securities Pvt. Ltd.,10,641.2,6412.0,2025-09-23 13:42:11.792697
2025-09-23,24901,2025092305013957,SAHAS,Asian Securities Private Ltd.,South Asian Bulls Pvt. Ltd.,500,641.4,320700.0,2025-09-23 13:42:11.792916
2025-09-23,24900,2025092305013958,SAHAS,Asian Securities Private Ltd.,ABC Securities Private Limited,30,641.5,19245.0,2025-09-23 13:42:11.793087
2025-09-23,24899,2025092305013959,SAHAS,Asian Securities Private Ltd.,Market Securities & Exchange (PVT) Ltd.,83,641.8,53269.4,2025-09-23 13:42:11.793259
2025-09-23,24898,2025092305013960,SAHAS,Asian Securities Private Ltd.,Imperial Securities Company Pvt. Ltd.,1000,641.9,641900.0,2025-09-23 13:42:11.793439
2025-09-23,24897,2025092305013961,SAHAS,Asian Securities Private Ltd.,Online Securities Pvt. Ltd.,116,642.0,74472.0,2025-09-23 13:42:11.793611
2025-09-23,24896,2025092305013962,SAHAS,Asian Securities Private Ltd.,Imperial Securities Company Pvt. Ltd.,1000,642.0,642000.0,2025-09-23 13:42:11.793781
2025-09-23,24895,2025092305013963,SAHAS,Asian Securities Private Ltd.,Opal Securities Investment (PVT) Ltd.,10,642.0,6420.0,2025-09-23 13:42:11.793949
2025-09-23,24894,2025092305013964,SAHAS,Asian Securities Private Ltd.,Online Securities Pvt. Ltd.,10,642.0,6420.0,2025-09-23 13:42:11.794114
2025-09-23,24893,2025092305013965,SAHAS,Asian Securities Private Ltd.,Nepal Investment And Securities Trading Private Limited,10,642.0,6420.0,2025-09-23 13:42:11.794282
2025-09-23,24892,2025092305013966,SAHAS,Asian Securities Private Ltd.,Arun Securities (PVT) Ltd.,10,642.0,6420.0,2025-09-23 13:42:11.794477
2025-09-23,24456,2025092305014119,SAHAS,Naasa Securities Co. Ltd.,Kumari Securities Private Limited,270,642.1,173367.0,2025-09-23 13:43:54.642386
2025-09-23,24377,2025092305014152,SAHAS,Naasa Securities Co. Ltd.,Blue Chip Securities Ltd,10,642.1,6421.0,2025-09-23 13:44:17.424523
2025-09-23,24008,2025092305014289,SAHAS,Naasa Securities Co. Ltd.,Linch Stock Market Ltd.,10,642.1,6421.0,2025-09-23 13:45:45.029137
2025-09-23,23886,2025092305014326,SAHAS,Asian Securities Private Ltd.,Nepal Stock House (PVT) Ltd.,20,643.0,12860.0,2025-09-23 13:46:10.276374
2025-09-23,23885,2025092305014327,SAHAS,Asian Securities Private Ltd.,Imperial Securities Company Pvt. Ltd.,180,643.0,115740.0,2025-09-23 13:46:10.276902
2025-09-23,23858,2025092305014341,SAHAS,Naasa Securities Co. Ltd.,Kalika Securities Pvt. Ltd.,90,642.1,57789.0,2025-09-23 13:46:16.488289
2025-09-23,23776,2025092305014374,SAHAS,Naasa Securities Co. Ltd.,Kohinoor Investment & Securities Pvt. Ltd.,1546,642.1,992686.6,2025-09-23 13:46:28.302621
2025-09-23,23754,2025092305014380,SAHAS,Naasa Securities Co. Ltd.,Sani Securities Company Ltd.,100,642.1,64210.0,2025-09-23 13:46:36.060902
2025-09-23,23593,2025092305014445,SAHAS,Naasa Securities Co. Ltd.,Aakashbhairab Securities Ltd.,10,642.1,6421.0,2025-09-23 13:47:07.466980
2025-09-23,23581,2025092305014453,SAHAS,Neev Securities Pvt. Ltd.,Imperial Securities Company Pvt. Ltd.,250,643.0,160750.0,2025-09-23 13:47:11.769634
2025-09-23,23480,2025092305014478,SAHAS,Asian Securities Private Ltd.,Imperial Securities Company Pvt. Ltd.,570,643.0,366510.0,2025-09-23 13:47:38.421289
2025-09-23,23479,2025092305014479,SAHAS,Asian Securities Private Ltd.,Nepal Investment And Securities Trading Private Limited,20,644.0,12880.0,2025-09-23 13:47:38.421573
2025-09-23,23478,2025092305014480,SAHAS,Asian Securities Private Ltd.,Secured Securities Ltd.,10,644.0,6440.0,2025-09-23 13:47:38.421710
2025-09-23,23477,2025092305014481,SAHAS,Asian Securities Private Ltd.,Arun Securities (PVT) Ltd.,10,644.0,6440.0,2025-09-23 13:47:38.421823
2025-09-23,23476,2025092305014482,SAHAS,Asian Securities Private Ltd.,Dakshinkali Investment & Securities Pvt. Ltd.,50,644.8,32240.0,2025-09-23 13:47:38.421979
2025-09-23,23475,2025092305014483,SAHAS,Asian Securities Private Ltd.,ABC Securities Private Limited,100,644.8,64480.0,2025-09-23 13:47:38.422094
2025-09-23,23474,2025092305014484,SAHAS,Asian Securities Private Ltd.,Cristal Kanchanjanga Securites Pvt. Ltd.,500,644.8,322400.0,2025-09-23 13:47:38.422215
2025-09-23,23473,2025092305014485,SAHAS,Asian Securities Private Ltd.,Dynamic Money Managers Securities Pvt. Ltd.,500,644.9,322450.0,2025-09-23 13:47:38.422346
2025-09-23,23405,2025092305014507,SAHAS,Asian Securities Private Ltd.,Premier Securities Company Ltd.,100,645.0,64500.0,2025-09-23 13:47:55.872084
2025-09-23,23404,2025092305014508,SAHAS,Asian Securities Private Ltd.,Nepal Stock House (PVT) Ltd.,50,645.0,32250.0,2025-09-23 13:47:55.872387
2025-09-23,23403,2025092305014509,SAHAS,Asian Securities Private Ltd.,Naasa Securities Co. Ltd.,10,645.0,6450.0,2025-09-23 13:47:55.872502
2025-09-23,23402,2025092305014510,SAHAS,Asian Securities Private Ltd.,Opal Securities Investment (PVT) Ltd.,500,645.0,322500.0,2025-09-23 13:47:55.872611
2025-09-23,23401,2025092305014511,SAHAS,Asian Securities Private Ltd.,Naasa Securities Co. Ltd.,10,645.0,6450.0,2025-09-23 13:47:55.872720
2025-09-23,23400,2025092305014512,SAHAS,Asian Securities Private Ltd.,Arun Securities (PVT) Ltd.,10,645.0,6450.0,2025-09-23 13:47:55.872825
2025-09-23,23399,2025092305014513,SAHAS,Asian Securities Private Ltd.,Shree Krishna Securities Ltd.,75,645.0,48375.0,2025-09-23 13:47:55.872931
2025-09-23,23398,2025092305014514,SAHAS,Asian Securities Private Ltd.,Naasa Securities Co. Ltd.,93,645.0,59985.0,2025-09-23 13:47:55.873036
2025-09-23,23397,2025092305014515,SAHAS,Asian Securities Private Ltd.,Kohinoor Investment & Securities Pvt. Ltd.,10,645.0,6450.0,2025-09-23 13:47:55.873143
2025-09-23,23396,2025092305014516,SAHAS,Asian Securities Private Ltd.,Online Securities Pvt. Ltd.,10,645.0,6450.0,2025-09-23 13:47:55.873247
2025-09-23,23395,2025092305014517,SAHAS,Asian Securities Private Ltd.,Capital Max Securities Ltd,100,645.0,64500.0,2025-09-23 13:47:55.873356
2025-09-23,23394,2025092305014518,SAHAS,Asian Securities Private Ltd.,Sweta Securities Private Limited,10,645.0,6450.0,2025-09-23 13:47:55.873468
2025-09-23,23393,2025092305014519,SAHAS,Asian Securities Private Ltd.,J.F. Securites (PVT) Ltd.,512,645.0,330240.0,2025-09-23 13:47:55.874097
2025-09-23,23392,2025092305014520,SAHAS,Asian Securities Private Ltd.,Aryatara Investment & Securities,75,645.0,48375.0,2025-09-23 13:47:55.874430
2025-09-23,23391,2025092305014521,SAHAS,Asian Securities Private Ltd.,Premier Securities Company Ltd.,400,645.0,258000.0,2025-09-23 13:47:55.874723
2025-09-23,23390,2025092305014522,SAHAS,Asian Securities Private Ltd.,Sumeru Securities Pvt. Ltd.,10,645.0,6450.0,2025-09-23 13:47:55.875021
2025-09-23,23389,2025092305014523,SAHAS,Asian Securities Private Ltd.,Sweta Securities Private Limited,30,645.0,19350.0,2025-09-23 13:47:55.875334
2025-09-23,23388,2025092305014524,SAHAS,Asian Securities Private Ltd.,Vision Securities Pvt. Ltd,2510,645.0,1618950.0,2025-09-23 13:47:55.875659
2025-09-23,23387,2025092305014525,SAHAS,Asian Securities Private Ltd.,Agrawal Securities (PVT) Ltd.,10,645.0,6450.0,2025-09-23 13:47:55.876048
2025-09-23,23386,2025092305014526,SAHAS,Asian Securities Private Ltd.,Vision Securities Pvt. Ltd,50,645.0,32250.0,2025-09-23 13:47:55.876448
2025-09-23,23385,2025092305014527,SAHAS,Asian Securities Private Ltd.,Naasa Securities Co. Ltd.,10,645.0,6450.0,2025-09-23 13:47:55.876781
2025-09-23,23384,2025092305014528,SAHAS,Asian Securities Private Ltd.,Naasa Securities Co. Ltd.,54,645.0,34830.0,2025-09-23 13:47:55.877104
2025-09-23,23383,2025092305014529,SAHAS,Asian Securities Private Ltd.,Linch Stock Market Ltd.,10,645.0,6450.0,2025-09-23 13:47:55.877560
2025-09-23,23382,2025092305014530,SAHAS,Asian Securities Private Ltd.,Sri Hari Securities Pvt. Ltd.,351,645.0,226395.0,2025-09-23 13:47:55.877962
2025-09-23,23348,2025092305014538,SAHAS,Asian Securities Private Ltd.,Investment Management Nepal Pvt. Ltd.,40,644.9,25796.0,2025-09-23 13:48:04.425008
2025-09-23,23189,2025092305014612,SAHAS,Neev Securities Pvt. Ltd.,Dynamic Money Managers Securities Pvt. Ltd.,20,642.2,12844.0,2025-09-23 13:48:39.557195
2025-09-23,23156,2025092305014619,SAHAS,Neev Securities Pvt. Ltd.,Vision Securities Pvt. Ltd,100,642.2,64220.0,2025-09-23 13:48:44.980973
2025-09-23,23040,2025092305014668,SAHAS,Asian Securities Private Ltd.,Investment Management Nepal Pvt. Ltd.,60,644.9,38694.0,2025-09-23 13:49:07.758647
2025-09-23,22260,2025092305015004,SAHAS,Sanima Securities Limited,Secured Securities Ltd.,10,643.0,6430.0,2025-09-23 13:52:00.151076
2025-09-23,21963,2025092305015098,SAHAS,Machhapuchchhre Securities Limited,Sri Hari Securities Pvt. Ltd.,10,645.0,6450.0,2025-09-23 13:52:52.487298
2025-09-23,21337,2025092305015254,SAHAS,Sanima Securities Limited,Dynamic Money Managers Securities Pvt. Ltd.,490,643.1,315119.0,2025-09-23 13:55:19.776219
2025-09-23,21336,2025092305015255,SAHAS,J.F. Securites (PVT) Ltd.,Dynamic Money Managers Securities Pvt. Ltd.,10,643.0,6430.0,2025-09-23 13:55:19.776488
2025-09-23,21154,2025092305015315,SAHAS,J.F. Securites (PVT) Ltd.,Sundhara Securities Limited,15,643.0,9645.0,2025-09-23 13:56:04.603772
2025-09-23,21019,2025092305015375,SAHAS,J.F. Securites (PVT) Ltd.,Trishakti Securities Public Limited,18,643.0,11574.0,2025-09-23 13:56:35.337056
2025-09-23,21001,2025092305015383,SAHAS,Online Securities Pvt. Ltd.,Online Securities Pvt. Ltd.,4,638.0,2552.0,2025-09-23 13:56:41.674874
2025-09-23,20964,2025092305015390,SAHAS,J.F. Securites (PVT) Ltd.,Primo Securities (PVT) Ltd.,270,643.0,173610.0,2025-09-23 13:56:52.253926
2025-09-23,20689,2025092305015452,SAHAS,Machhapuchchhre Securities Limited,ABC Securities Private Limited,10,644.9,6449.0,2025-09-23 13:57:50.799018
2025-09-23,20630,2025092305015470,SAHAS,Bhrikuti Stock Broking Co. Pvt. Ltd.,ABC Securities Private Limited,15,644.9,9673.5,2025-09-23 13:58:04.898025
2025-09-23,20506,2025092305015514,SAHAS,J.F. Securites (PVT) Ltd.,Magnet Securities and Investment Company Private Limited,150,643.0,96450.0,2025-09-23 13:58:34.447274
2025-09-23,20158,2025092305015605,SAHAS,J.F. Securites (PVT) Ltd.,Sundhara Securities Limited,30,643.0,19290.0,2025-09-23 13:59:50.272097
2025-09-23,20157,2025092305015606,SAHAS,Imperial Securities Company Pvt. Ltd.,INDEX SECURITIES LIMITED,100,644.8,64480.0,2025-09-23 13:59:51.235218
2025-09-23,20156,2025092305015607,SAHAS,Imperial Securities Company Pvt. Ltd.,ABC Securities Private Limited,75,644.9,48367.5,2025-09-23 13:59:51.235511
2025-09-23,20155,2025092305015608,SAHAS,Imperial Securities Company Pvt. Ltd.,Sri Hari Securities Pvt. Ltd.,139,645.0,89655.0,2025-09-23 13:59:51.235646
2025-09-23,20154,2025092305015609,SAHAS,Imperial Securities Company Pvt. Ltd.,Online Securities Pvt. Ltd.,10,645.0,6450.0,2025-09-23 13:59:51.235751
2025-09-23,20153,2025092305015610,SAHAS,Imperial Securities Company Pvt. Ltd.,Dipshikha Dhitopatra Karobar Co. Pvt Ltd.,35,645.0,22575.0,2025-09-23 13:59:51.235854
2025-09-23,20152,2025092305015611,SAHAS,Imperial Securities Company Pvt. Ltd.,Online Securities Pvt. Ltd.,10,645.0,6450.0,2025-09-23 13:59:51.235955
2025-09-23,20151,2025092305015612,SAHAS,Imperial Securities Company Pvt. Ltd.,Investment Management Nepal Pvt. Ltd.,100,645.0,64500.0,2025-09-23 13:59:51.236059
2025-09-23,20150,2025092305015613,SAHAS,Imperial Securities Company Pvt. Ltd.,Online Securities Pvt. Ltd.,10,645.0,6450.0,2025-09-23 13:59:51.236163
2025-09-23,20149,2025092305015614,SAHAS,Imperial Securities Company Pvt. Ltd.,Arun Securities (PVT) Ltd.,50,645.0,32250.0,2025-09-23 13:59:51.236279
2025-09-23,20148,2025092305015615,SAHAS,Imperial Securities Company Pvt. Ltd.,Kumari Securities Private Limited,471,645.0,303795.0,2025-09-23 13:59:51.236386
2025-09-23,20098,2025092305015625,SAHAS,Imperial Securities Company Pvt. Ltd.,Kumari Securities Private Limited,10,645.0,6450.0,2025-09-23 14:00:02.208308
2025-09-23,20097,2025092305015626,SAHAS,Imperial Securities Company Pvt. Ltd.,Nepal Investment And Securities Trading Private Limited,20,646.0,12920.0,2025-09-23 14:00:02.208911
2025-09-23,20096,2025092305015627,SAHAS,Imperial Securities Company Pvt. Ltd.,Arun Securities (PVT) Ltd.,20,646.0,12920.0,2025-09-23 14:00:02.209224
2025-09-23,20095,2025092305015628,SAHAS,Imperial Securities Company Pvt. Ltd.,Trishakti Securities Public Limited,500,646.0,323000.0,2025-09-23 14:00:02.209568
2025-09-23,20094,2025092305015629,SAHAS,Imperial Securities Company Pvt. Ltd.,ABC Securities Private Limited,400,646.0,258400.0,2025-09-23 14:00:02.209870
2025-09-23,20093,2025092305015630,SAHAS,Imperial Securities Company Pvt. Ltd.,Online Securities Pvt. Ltd.,50,646.1,32305.0,2025-09-23 14:00:02.210208
2025-09-23,20065,2025092305015633,SAHAS,Imperial Securities Company Pvt. Ltd.,Online Securities Pvt. Ltd.,50,646.1,32305.0,2025-09-23 14:00:15.103486
2025-09-23,20064,2025092305015634,SAHAS,Imperial Securities Company Pvt. Ltd.,Sewa Securities Pvt. Ltd.,1000,646.4,646400.0,2025-09-23 14:00:15.104016
2025-09-23,20063,2025092305015635,SAHAS,Imperial Securities Company Pvt. Ltd.,Midas Stock Broking Company Private Limited,2950,646.5,1907175.0,2025-09-23 14:00:15.104343
2025-09-23,19999,2025092305015653,SAHAS,Siprabi Securities Pvt. Ltd.,Market Securities & Exchange (PVT) Ltd.,9,640.0,5760.0,2025-09-23 14:00:31.330058
2025-09-23,19991,2025092305015656,SAHAS,Imperial Securities Company Pvt. Ltd.,Midas Stock Broking Company Private Limited,50,646.5,32325.0,2025-09-23 14:00:32.241240
2025-09-23,19990,2025092305015657,SAHAS,Imperial Securities Company Pvt. Ltd.,Premier Securities Company Ltd.,41,647.0,26527.0,2025-09-23 14:00:32.241544
2025-09-23,19989,2025092305015658,SAHAS,Imperial Securities Company Pvt. Ltd.,Shree Krishna Securities Ltd.,909,647.0,588123.0,2025-09-23 14:00:32.241647
2025-09-23,19978,2025092305015659,SAHAS,Naasa Securities Co. Ltd.,Primo Securities (PVT) Ltd.,200,643.1,128620.0,2025-09-23 14:00:32.884491
2025-09-23,19977,2025092305015660,SAHAS,J.F. Securites (PVT) Ltd.,Primo Securities (PVT) Ltd.,70,643.0,45010.0,2025-09-23 14:00:32.884786
2025-09-23,19661,2025092305015762,SAHAS,J.F. Securites (PVT) Ltd.,Bhrikuti Stock Broking Co. Pvt. Ltd.,10,643.5,6435.0,2025-09-23 14:01:45.749626
2025-09-23,19096,2025092305015945,SAHAS,N.M.B. SECURITIES LIMITED,Kalika Securities Pvt. Ltd.,150,646.0,96900.0,2025-09-23 14:03:45.510551
2025-09-23,19095,2025092305015946,SAHAS,N.M.B. SECURITIES LIMITED,Neev Securities Pvt. Ltd.,315,646.9,203773.5,2025-09-23 14:03:45.510843
2025-09-23,19094,2025092305015947,SAHAS,N.M.B. SECURITIES LIMITED,Shree Krishna Securities Ltd.,91,647.0,58877.0,2025-09-23 14:03:45.510951
2025-09-23,19093,2025092305015948,SAHAS,N.M.B. SECURITIES LIMITED,Online Securities Pvt. Ltd.,100,647.0,64700.0,2025-09-23 14:03:45.511058
2025-09-23,19092,2025092305015949,SAHAS,N.M.B. SECURITIES LIMITED,South Asian Bulls Pvt. Ltd.,200,647.0,129400.0,2025-09-23 14:03:45.511162
2025-09-23,19091,2025092305015950,SAHAS,N.M.B. SECURITIES LIMITED,Ashutosh Brokerage & Securities (PVT) Ltd.,239,647.0,154633.0,2025-09-23 14:03:45.511279
2025-09-23,19090,2025092305015951,SAHAS,N.M.B. SECURITIES LIMITED,Magnet Securities and Investment Company Private Limited,10,647.0,6470.0,2025-09-23 14:03:45.511408
2025-09-23,19089,2025092305015952,SAHAS,N.M.B. SECURITIES LIMITED,Online Securities Pvt. Ltd.,159,647.0,102873.0,2025-09-23 14:03:45.511510
2025-09-23,19088,2025092305015953,SAHAS,N.M.B. SECURITIES LIMITED,Dynamic Money Managers Securities Pvt. Ltd.,10,647.0,6470.0,2025-09-23 14:03:45.511616
2025-09-23,19087,2025092305015954,SAHAS,N.M.B. SECURITIES LIMITED,Sani Securities Company Ltd.,108,647.0,69876.0,2025-09-23 14:03:45.511743
2025-09-23,19086,2025092305015955,SAHAS,N.M.B. SECURITIES LIMITED,Arun Securities (PVT) Ltd.,10,647.0,6470.0,2025-09-23 14:03:45.511874
2025-09-23,19085,2025092305015956,SAHAS,N.M.B. SECURITIES LIMITED,Kohinoor Investment & Securities Pvt. Ltd.,100,647.0,64700.0,2025-09-23 14:03:45.512008
2025-09-23,19084,2025092305015957,SAHAS,N.M.B. SECURITIES LIMITED,Nepal Investment And Securities Trading Private Limited,10,647.0,6470.0,2025-09-23 14:03:45.512163
2025-09-23,19083,2025092305015958,SAHAS,N.M.B. SECURITIES LIMITED,Cristal Kanchanjanga Securites Pvt. Ltd.,2000,647.0,1294000.0,2025-09-23 14:03:45.512321
2025-09-23,19082,2025092305015959,SAHAS,N.M.B. SECURITIES LIMITED,Cristal Kanchanjanga Securites Pvt. Ltd.,17,647.0,10999.0,2025-09-23 14:03:45.512465
2025-09-23,19035,2025092305015978,SAHAS,Machhapuchchhre Securities Limited,Shree Krishna Securities Ltd.,10,648.0,6480.0,2025-09-23 14:03:55.134121
2025-09-23,18984,2025092305015988,SAHAS,Neev Securities Pvt. Ltd.,Shree Krishna Securities Ltd.,300,648.0,194400.0,2025-09-23 14:04:05.182819
2025-09-23,18895,2025092305016006,SAHAS,Imperial Securities Company Pvt. Ltd.,Shree Krishna Securities Ltd.,690,648.0,447120.0,2025-09-23 14:04:31.001327
2025-09-23,18894,2025092305016007,SAHAS,Imperial Securities Company Pvt. Ltd.,Dipshikha Dhitopatra Karobar Co. Pvt Ltd.,10,648.0,6480.0,2025-09-23 14:04:31.001569
2025-09-23,18893,2025092305016008,SAHAS,Imperial Securities Company Pvt. Ltd.,Arun Securities (PVT) Ltd.,10,648.0,6480.0,2025-09-23 14:04:31.001684
2025-09-23,18892,2025092305016009,SAHAS,Imperial Securities Company Pvt. Ltd.,Nepal Investment And Securities Trading Private Limited,10,648.0,6480.0,2025-09-23 14:04:31.001784
2025-09-23,18891,2025092305016010,SAHAS,Imperial Securities Company Pvt. Ltd.,Shree Krishna Securities Ltd.,280,649.0,181720.0,2025-09-23 14:04:31.001883
2025-09-23,18845,2025092305016028,SAHAS,Imperial Securities Company Pvt. Ltd.,Shree Krishna Securities Ltd.,720,649.0,467280.0,2025-09-23 14:04:40.383568
2025-09-23,18844,2025092305016029,SAHAS,Imperial Securities Company Pvt. Ltd.,South Asian Bulls Pvt. Ltd.,1000,649.0,649000.0,2025-09-23 14:04:40.384075
2025-09-23,18843,2025092305016030,SAHAS,Imperial Securities Company Pvt. Ltd.,Ashutosh Brokerage & Securities (PVT) Ltd.,100,649.0,64900.0,2025-09-23 14:04:40.384393
2025-09-23,18842,2025092305016031,SAHAS,Imperial Securities Company Pvt. Ltd.,Neev Securities Pvt. Ltd.,180,649.0,116820.0,2025-09-23 14:04:40.384721
2025-09-23,18731,2025092305016074,SAHAS,N.M.B. SECURITIES LIMITED,Arun Securities (PVT) Ltd.,10,647.0,6470.0,2025-09-23 14:05:14.210840
2025-09-23,18662,2025092305016095,SAHAS,N.M.B. SECURITIES LIMITED,Secured Securities Ltd.,10,647.0,6470.0,2025-09-23 14:05:34.158929
2025-09-23,18524,2025092305016159,SAHAS,N.M.B. SECURITIES LIMITED,Online Securities Pvt. Ltd.,300,647.0,194100.0,2025-09-23 14:06:06.608658
2025-09-23,18474,2025092305016174,SAHAS,N.M.B. SECURITIES LIMITED,Online Securities Pvt. Ltd.,161,647.0,104167.0,2025-09-23 14:06:24.842515
2025-09-23,17921,2025092305016342,SAHAS,Machhapuchchhre Securities Limited,Aryatara Investment & Securities,10,647.0,6470.0,2025-09-23 14:08:51.360976
2025-09-23,17920,2025092305016343,SAHAS,Machhapuchchhre Securities Limited,INDEX SECURITIES LIMITED,10,648.8,6488.0,2025-09-23 14:08:51.361494
2025-09-23,17576,2025092305016438,SAHAS,Sewa Securities Pvt. Ltd.,INDEX SECURITIES LIMITED,20,645.0,12900.0,2025-09-23 14:09:55.492648
2025-09-23,17575,2025092305016439,SAHAS,Sumeru Securities Pvt. Ltd.,INDEX SECURITIES LIMITED,250,645.0,161250.0,2025-09-23 14:09:55.492956
2025-09-23,17574,2025092305016440,SAHAS,Property Wiard Limited,INDEX SECURITIES LIMITED,500,645.0,322500.0,2025-09-23 14:09:55.493088
2025-09-23,17573,2025092305016441,SAHAS,Sewa Securities Pvt. Ltd.,INDEX SECURITIES LIMITED,20,644.5,12890.0,2025-09-23 14:09:55.493195
2025-09-23,17572,2025092305016442,SAHAS,J.F. Securites (PVT) Ltd.,INDEX SECURITIES LIMITED,1147,644.1,738782.7,2025-09-23 14:09:55.493298
2025-09-23,17571,2025092305016443,SAHAS,Siprabi Securities Pvt. Ltd.,INDEX SECURITIES LIMITED,16,643.6,10297.6,2025-09-23 14:09:55.493411
2025-09-23,17570,2025092305016444,SAHAS,Naasa Securities Co. Ltd.,INDEX SECURITIES LIMITED,47,643.5,30244.5,2025-09-23 14:09:55.493516
2025-09-23,17537,2025092305016454,SAHAS,Sanima Securities Limited,Premier Securities Company Ltd.,12,645.0,7740.0,2025-09-23 14:09:59.537122
2025-09-23,17267,2025092305016507,SAHAS,Property Wiard Limited,INDEX SECURITIES LIMITED,500,643.8,321900.0,2025-09-23 14:10:54.681028
2025-09-23,17266,2025092305016508,SAHAS,Sanima Securities Limited,INDEX SECURITIES LIMITED,488,643.6,314076.8,2025-09-23 14:10:54.681356
2025-09-23,17265,2025092305016509,SAHAS,Naasa Securities Co. Ltd.,INDEX SECURITIES LIMITED,78,643.5,50193.0,2025-09-23 14:10:54.681459
2025-09-23,17264,2025092305016510,SAHAS,Naasa Securities Co. Ltd.,INDEX SECURITIES LIMITED,1934,643.2,1243948.8,2025-09-23 14:10:54.681568
2025-09-23,17102,2025092305016569,SAHAS,Naasa Securities Co. Ltd.,INDEX SECURITIES LIMITED,566,643.2,364051.2,2025-09-23 14:11:29.791109
2025-09-23,17101,2025092305016570,SAHAS,Naasa Securities Co. Ltd.,INDEX SECURITIES LIMITED,20,643.0,12860.0,2025-09-23 14:11:29.791387
2025-09-23,17100,2025092305016571,SAHAS,Dynamic Money Managers Securities Pvt. Ltd.,INDEX SECURITIES LIMITED,230,643.0,147890.0,2025-09-23 14:11:29.791494
2025-09-23,17099,2025092305016572,SAHAS,Neev Securities Pvt. Ltd.,INDEX SECURITIES LIMITED,380,642.2,244036.0,2025-09-23 14:11:29.791604
2025-09-23,17098,2025092305016573,SAHAS,Naasa Securities Co. Ltd.,INDEX SECURITIES LIMITED,304,642.1,195198.4,2025-09-23 14:11:29.791709
2025-09-23,16836,2025092305016657,SAHAS,Property Wiard Limited,Agrawal Securities (PVT) Ltd.,1000,645.0,645000.0,2025-09-23 14:12:25.554409
2025-09-23,16036,2025092305016882,SAHAS,Property Wiard Limited,Naasa Securities Co. Ltd.,15,643.9,9658.5,2025-09-23 14:15:43.973045
2025-09-23,16035,2025092305016883,SAHAS,Property Wiard Limited,Asian Securities Private Ltd.,50,644.0,32200.0,2025-09-23 14:15:43.973564
2025-09-23,15681,2025092305017018,SAHAS,Property Wiard Limited,Naasa Securities Co. Ltd.,10,644.0,6440.0,2025-09-23 14:17:11.293281
2025-09-23,15572,2025092305017059,SAHAS,Property Wiard Limited,Sani Securities Company Ltd.,1000,644.0,644000.0,2025-09-23 14:17:41.940287
2025-09-23,15550,2025092305017068,SAHAS,Property Wiard Limited,Nepal Investment And Securities Trading Private Limited,10,644.0,6440.0,2025-09-23 14:17:49.323992
2025-09-23,15392,2025092305017100,SAHAS,Asian Securities Private Ltd.,Kalika Securities Pvt. Ltd.,10,645.0,6450.0,2025-09-23 14:18:18.781356
2025-09-23,15391,2025092305017101,SAHAS,Asian Securities Private Ltd.,Dipshikha Dhitopatra Karobar Co. Pvt Ltd.,100,645.0,64500.0,2025-09-23 14:18:18.781474
2025-09-23,15390,2025092305017102,SAHAS,Asian Securities Private Ltd.,Opal Securities Investment (PVT) Ltd.,10,645.0,6450.0,2025-09-23 14:18:18.781549
2025-09-23,15389,2025092305017103,SAHAS,Asian Securities Private Ltd.,Kumari Securities Private Limited,10,645.0,6450.0,2025-09-23 14:18:18.781621
2025-09-23,15388,2025092305017104,SAHAS,Asian Securities Private Ltd.,Online Securities Pvt. Ltd.,100,646.5,64650.0,2025-09-23 14:18:18.781698
2025-09-23,15387,2025092305017105,SAHAS,Asian Securities Private Ltd.,Neev Securities Pvt. Ltd.,270,646.9,174663.0,2025-09-23 14:18:18.781775
2025-09-23,15366,2025092305017110,SAHAS,Asian Securities Private Ltd.,Neev Securities Pvt. Ltd.,10,646.9,6469.0,2025-09-23 14:18:23.591880
2025-09-23,15365,2025092305017111,SAHAS,Asian Securities Private Ltd.,Naasa Securities Co. Ltd.,10,647.0,6470.0,2025-09-23 14:18:23.592011
2025-09-23,15364,2025092305017112,SAHAS,Asian Securities Private Ltd.,Shree Krishna Securities Ltd.,480,647.0,310560.0,2025-09-23 14:18:23.592122
2025-09-23,15347,2025092305017118,SAHAS,Asian Securities Private Ltd.,Shree Krishna Securities Ltd.,500,647.0,323500.0,2025-09-23 14:18:27.442185
2025-09-23,15336,2025092305017121,SAHAS,Asian Securities Private Ltd.,Shree Krishna Securities Ltd.,500,647.0,323500.0,2025-09-23 14:18:30.652643
2025-09-23,15261,2025092305017146,SAHAS,Property Wiard Limited,Oxford Securities Pvt. Ltd.,500,644.0,322000.0,2025-09-23 14:18:43.724377
2025-09-23,15243,2025092305017148,SAHAS,Property Wiard Limited,Oxford Securities Pvt. Ltd.,415,644.0,267260.0,2025-09-23 14:18:51.001297
2025-09-23,15136,2025092305017180,SAHAS,J.F. Securites (PVT) Ltd.,Creative Securities Pvt Ltd,10,642.3,6423.0,2025-09-23 14:19:16.656070
2025-09-23,15009,2025092305017223,SAHAS,J.F. Securites (PVT) Ltd.,Kohinoor Investment & Securities Pvt. Ltd.,10,642.3,6423.0,2025-09-23 14:19:46.228379
2025-09-23,14945,2025092305017247,SAHAS,J.F. Securites (PVT) Ltd.,Bhrikuti Stock Broking Co. Pvt. Ltd.,10,642.3,6423.0,2025-09-23 14:19:54.000422
2025-09-23,14735,2025092305017316,SAHAS,J.F. Securites (PVT) Ltd.,Kohinoor Investment & Securities Pvt. Ltd.,108,642.3,69368.4,2025-09-23 14:20:50.374672
2025-09-23,14503,2025092305017393,SAHAS,Nepal Stock House (PVT) Ltd.,Trishakti Securities Public Limited,200,643.0,128600.0,2025-09-23 14:21:42.784623
2025-09-23,14460,2025092305017403,SAHAS,Nepal Stock House (PVT) Ltd.,Sewa Securities Pvt. Ltd.,10,643.0,6430.0,2025-09-23 14:21:52.697076
2025-09-23,14449,2025092305017407,SAHAS,Agrawal Securities (PVT) Ltd.,Malla & Malla Stock Broking Company Pvt. Limited,10,646.0,6460.0,2025-09-23 14:21:56.371657
2025-09-23,14448,2025092305017408,SAHAS,Agrawal Securities (PVT) Ltd.,Sundhara Securities Limited,490,646.0,316540.0,2025-09-23 14:21:56.372201
2025-09-23,14329,2025092305017430,SAHAS,Nepal Stock House (PVT) Ltd.,Naasa Securities Co. Ltd.,10,643.0,6430.0,2025-09-23 14:22:21.270094
2025-09-23,14247,2025092305017457,SAHAS,Nepal Stock House (PVT) Ltd.,Kohinoor Investment & Securities Pvt. Ltd.,108,643.0,69444.0,2025-09-23 14:22:35.052755
2025-09-23,13586,2025092305017670,SAHAS,J.F. Securites (PVT) Ltd.,Kohinoor Investment & Securities Pvt. Ltd.,10,643.1,6431.0,2025-09-23 14:25:00.508770
2025-09-23,13196,2025092305017859,SAHAS,J.F. Securites (PVT) Ltd.,Nepal Stock House (PVT) Ltd.,10,643.1,6431.0,2025-09-23 14:26:26.615817
2025-09-23,13184,2025092305017861,SAHAS,J.F. Securites (PVT) Ltd.,Dipshikha Dhitopatra Karobar Co. Pvt Ltd.,10,643.1,6431.0,2025-09-23 14:26:29.646219
2025-09-23,13035,2025092305017907,SAHAS,J.F. Securites (PVT) Ltd.,Asian Securities Private Ltd.,200,643.1,128620.0,2025-09-23 14:27:05.507010
2025-09-23,13018,2025092305017912,SAHAS,J.F. Securites (PVT) Ltd.,Arun Securities (PVT) Ltd.,10,643.1,6431.0,2025-09-23 14:27:10.087543
2025-09-23,12916,2025092305017973,SAHAS,Nepal Stock House (PVT) Ltd.,Dipshikha Dhitopatra Karobar Co. Pvt Ltd.,10,644.0,6440.0,2025-09-23 14:27:34.005135
2025-09-23,12915,2025092305017974,SAHAS,Nepal Stock House (PVT) Ltd.,Siprabi Securities Pvt. Ltd.,162,644.0,104328.0,2025-09-23 14:27:34.005707
2025-09-23,12884,2025092305017983,SAHAS,N.M.B. SECURITIES LIMITED,Siprabi Securities Pvt. Ltd.,238,644.0,153272.0,2025-09-23 14:27:43.771246
2025-09-23,12883,2025092305017984,SAHAS,N.M.B. SECURITIES LIMITED,INDEX SECURITIES LIMITED,500,645.0,322500.0,2025-09-23 14:27:43.771783
2025-09-23,12882,2025092305017985,SAHAS,N.M.B. SECURITIES LIMITED,ABC Securities Private Limited,10,645.0,6450.0,2025-09-23 14:27:43.772127
2025-09-23,12881,2025092305017986,SAHAS,N.M.B. SECURITIES LIMITED,Sweta Securities Private Limited,100,645.0,64500.0,2025-09-23 14:27:43.772497
2025-09-23,12797,2025092305018007,SAHAS,N.M.B. SECURITIES LIMITED,Opal Securities Investment (PVT) Ltd.,700,645.0,451500.0,2025-09-23 14:28:02.158148
2025-09-23,12789,2025092305018011,SAHAS,N.M.B. SECURITIES LIMITED,Dipshikha Dhitopatra Karobar Co. Pvt Ltd.,10,645.0,6450.0,2025-09-23 14:28:04.803447
2025-09-23,12753,2025092305018027,SAHAS,N.M.B. SECURITIES LIMITED,Midas Stock Broking Company Private Limited,15,645.0,9675.0,2025-09-23 14:28:11.322532
2025-09-23,12721,2025092305018039,SAHAS,Property Wiard Limited,Online Securities Pvt. Ltd.,10,645.9,6459.0,2025-09-23 14:28:18.706596
2025-09-23,12720,2025092305018040,SAHAS,Property Wiard Limited,Sundhara Securities Limited,160,646.0,103360.0,2025-09-23 14:28:18.707164
2025-09-23,12719,2025092305018041,SAHAS,Property Wiard Limited,Naasa Securities Co. Ltd.,10,646.0,6460.0,2025-09-23 14:28:18.707573
2025-09-23,12718,2025092305018042,SAHAS,Property Wiard Limited,Linch Stock Market Ltd.,10,646.0,6460.0,2025-09-23 14:28:18.707903
2025-09-23,12703,2025092305018045,SAHAS,Property Wiard Limited,Kumari Securities Private Limited,810,646.0,523260.0,2025-09-23 14:28:23.620359
2025-09-23,12702,2025092305018046,SAHAS,N.M.B. SECURITIES LIMITED,Kumari Securities Private Limited,190,645.0,122550.0,2025-09-23 14:28:23.620949
2025-09-23,12638,2025092305018062,SAHAS,Machhapuchchhre Securities Limited,Oxford Securities Pvt. Ltd.,10,646.9,6469.0,2025-09-23 14:28:45.549944
2025-09-23,12560,2025092305018090,SAHAS,N.M.B. SECURITIES LIMITED,Agrawal Securities (PVT) Ltd.,50,645.0,32250.0,2025-09-23 14:29:01.340985
2025-09-23,12394,2025092305018140,SAHAS,Agrawal Securities (PVT) Ltd.,Aryatara Investment & Securities,10,645.1,6451.0,2025-09-23 14:29:40.057839
2025-09-23,12261,2025092305018185,SAHAS,Agrawal Securities (PVT) Ltd.,Shree Krishna Securities Ltd.,10,645.1,6451.0,2025-09-23 14:30:15.061989
2025-09-23,11951,2025092305018277,SAHAS,Agrawal Securities (PVT) Ltd.,Dipshikha Dhitopatra Karobar Co. Pvt Ltd.,10,645.1,6451.0,2025-09-23 14:31:40.852384
2025-09-23,11899,2025092305018288,SAHAS,Agrawal Securities (PVT) Ltd.,Opal Securities Investment (PVT) Ltd.,20,645.1,12902.0,2025-09-23 14:31:53.675996
2025-09-23,11849,2025092305018303,SAHAS,N.M.B. SECURITIES LIMITED,Kohinoor Investment & Securities Pvt. Ltd.,10,645.0,6450.0,2025-09-23 14:32:02.709788
2025-09-23,11834,2025092305018307,SAHAS,N.M.B. SECURITIES LIMITED,Property Wiard Limited,90,645.0,58050.0,2025-09-23 14:32:07.946489
2025-09-23,11833,2025092305018308,SAHAS,N.M.B. SECURITIES LIMITED,Sundhara Securities Limited,80,645.0,51600.0,2025-09-23 14:32:08.128855
2025-09-23,11596,2025092305018374,SAHAS,J.F. Securites (PVT) Ltd.,Aryatara Investment & Securities,10,643.1,6431.0,2025-09-23 14:33:13.945404
2025-09-23,11399,2025092305018436,SAHAS,J.F. Securites (PVT) Ltd.,BHOLE GANESH SECURITIES LTD,20,643.1,12862.0,2025-09-23 14:34:06.544461
2025-09-23,11371,2025092305018440,SAHAS,J.F. Securites (PVT) Ltd.,Kohinoor Investment & Securities Pvt. Ltd.,108,643.1,69454.8,2025-09-23 14:34:14.944576
2025-09-23,11036,2025092305018537,SAHAS,Imperial Securities Company Pvt. Ltd.,Premier Securities Company Ltd.,410,645.0,264450.0,2025-09-23 14:35:41.038434
2025-09-23,11035,2025092305018538,SAHAS,Imperial Securities Company Pvt. Ltd.,Asian Securities Private Ltd.,90,645.0,58050.0,2025-09-23 14:35:41.038964
2025-09-23,10858,2025092305018587,SAHAS,Sewa Securities Pvt. Ltd.,Aryatara Investment & Securities,10,643.5,6435.0,2025-09-23 14:36:30.986146
2025-09-23,10538,2025092305018716,SAHAS,Malla & Malla Stock Broking Company Pvt. Limited,Imperial Securities Company Pvt. Ltd.,10,644.0,6440.0,2025-09-23 14:37:39.465467
