Date,S.N.,Contract ID,Symbol,Buyer Broker,Seller Broker,quantity,rate,amount,transaction_time
2025-07-10,81088,2025071004002080,TRH,Naasa Securities Co. Ltd.,Secured Securities Ltd.,10,950.0,9500.0,2025-07-10 11:27:19.434001
2025-07-10,80632,2025071004002215,TRH,Naasa Securities Co. Ltd.,Secured Securities Ltd.,50,950.0,47500.0,2025-07-10 11:28:31.526885
2025-07-10,78760,2025071004002755,TRH,Naasa Securities Co. Ltd.,Secured Securities Ltd.,49,940.3,46074.7,2025-07-10 11:34:27.123818
2025-07-10,78580,2025071004002827,TRH,Hatemalo Financial Services Private Limited,Agrawal Securities (PVT) Ltd.,50,949.9,47495.0,2025-07-10 11:35:02.022173
2025-07-10,78579,2025071004002828,TRH,Hatemalo Financial Services Private Limited,Indira securities pvt. ltd,50,950.0,47500.0,2025-07-10 11:35:02.022327
2025-07-10,77736,2025071004003054,TRH,Hatemalo Financial Services Private Limited,Market Securities & Exchange (PVT) Ltd.,10,950.0,9500.0,2025-07-10 11:37:40.761876
2025-07-10,77250,2025071004003186,TRH,Naasa Securities Co. Ltd.,Pragyan Securities (PVT) Ltd.,10,954.9,9549.0,2025-07-10 11:39:23.959963
2025-07-10,76883,2025071004003315,TRH,Dipshikha Dhitopatra Karobar Co. Pvt Ltd.,Malla & Malla Stock Broking Company Pvt. Limited,10,954.9,9549.0,2025-07-10 11:40:29.136534
2025-07-10,76451,2025071004003426,TRH,Trishakti Securities Public Limited,Pragyan Securities (PVT) Ltd.,10,954.8,9548.0,2025-07-10 11:42:08.835489
2025-07-10,76244,2025071004003468,TRH,Trishakti Securities Public Limited,Bhrikuti Stock Broking Co. Pvt. Ltd.,10,954.8,9548.0,2025-07-10 11:42:57.167991
2025-07-10,75647,2025071004003615,TRH,Bhrikuti Stock Broking Co. Pvt. Ltd.,Market Securities & Exchange (PVT) Ltd.,10,942.0,9420.0,2025-07-10 11:45:29.344854
2025-07-10,72039,2025071004004466,TRH,SHUBHAKAMANA SECURITIES PVT. LTD,Secured Securities Ltd.,200,942.0,188400.0,2025-07-10 11:57:25.973671
2025-07-10,72038,2025071004004467,TRH,Naasa Securities Co. Ltd.,Secured Securities Ltd.,51,941.3,48006.3,2025-07-10 11:57:25.973762
2025-07-10,72037,2025071004004468,TRH,Opal Securities Investment (PVT) Ltd.,Secured Securities Ltd.,10,941.0,9410.0,2025-07-10 11:57:25.973819
2025-07-10,67672,2025071004005618,TRH,Online Securities Pvt. Ltd.,South Asian Bulls Pvt. Ltd.,29,938.0,27202.0,2025-07-10 12:10:27.768352
2025-07-10,67671,2025071004005619,TRH,Naasa Securities Co. Ltd.,South Asian Bulls Pvt. Ltd.,35,937.2,32802.0,2025-07-10 12:10:27.768518
2025-07-10,67670,2025071004005620,TRH,Vision Securities Pvt. Ltd,South Asian Bulls Pvt. Ltd.,50,937.1,46855.0,2025-07-10 12:10:27.768658
2025-07-10,67669,2025071004005621,TRH,Online Securities Pvt. Ltd.,South Asian Bulls Pvt. Ltd.,50,937.0,46850.0,2025-07-10 12:10:27.768761
2025-07-10,67668,2025071004005622,TRH,Deevyaa Securities & Stock House Pvt. Ltd,South Asian Bulls Pvt. Ltd.,100,936.0,93600.0,2025-07-10 12:10:27.768862
2025-07-10,67667,2025071004005623,TRH,Bhrikuti Stock Broking Co. Pvt. Ltd.,South Asian Bulls Pvt. Ltd.,10,935.0,9350.0,2025-07-10 12:10:27.768963
2025-07-10,67626,2025071004005636,TRH,Imperial Securities Company Pvt. Ltd.,South Asian Bulls Pvt. Ltd.,10,930.0,9300.0,2025-07-10 12:10:38.856593
2025-07-10,67625,2025071004005637,TRH,Premier Securities Company Ltd.,South Asian Bulls Pvt. Ltd.,100,930.0,93000.0,2025-07-10 12:10:38.856751
2025-07-10,67624,2025071004005638,TRH,Capital Max Securities Ltd,South Asian Bulls Pvt. Ltd.,30,930.0,27900.0,2025-07-10 12:10:38.856861
2025-07-10,67623,2025071004005639,TRH,Sani Securities Company Ltd.,South Asian Bulls Pvt. Ltd.,50,930.0,46500.0,2025-07-10 12:10:38.856961
2025-07-10,67622,2025071004005640,TRH,Kumari Securities Private Limited,South Asian Bulls Pvt. Ltd.,500,930.0,465000.0,2025-07-10 12:10:38.857057
2025-07-10,67621,2025071004005641,TRH,Naasa Securities Co. Ltd.,South Asian Bulls Pvt. Ltd.,36,930.0,33480.0,2025-07-10 12:10:38.857154
2025-07-10,63981,2025071004006400,TRH,Bhrikuti Stock Broking Co. Pvt. Ltd.,South Asian Bulls Pvt. Ltd.,10,932.0,9320.0,2025-07-10 12:21:36.402542
2025-07-10,63980,2025071004006401,TRH,Sani Securities Company Ltd.,South Asian Bulls Pvt. Ltd.,50,931.1,46555.0,2025-07-10 12:21:36.402655
2025-07-10,63979,2025071004006402,TRH,Arun Securities (PVT) Ltd.,South Asian Bulls Pvt. Ltd.,100,931.0,93100.0,2025-07-10 12:21:36.402697
2025-07-10,63978,2025071004006403,TRH,Bhrikuti Stock Broking Co. Pvt. Ltd.,South Asian Bulls Pvt. Ltd.,10,930.1,9301.0,2025-07-10 12:21:36.402736
2025-07-10,63977,2025071004006404,TRH,Naasa Securities Co. Ltd.,South Asian Bulls Pvt. Ltd.,138,930.0,128340.0,2025-07-10 12:21:36.402771
2025-07-10,63976,2025071004006405,TRH,Nepal Stock House (PVT) Ltd.,South Asian Bulls Pvt. Ltd.,50,930.0,46500.0,2025-07-10 12:21:36.402807
2025-07-10,59825,2025071004007036,TRH,Naasa Securities Co. Ltd.,Dipshikha Dhitopatra Karobar Co. Pvt Ltd.,10,940.9,9409.0,2025-07-10 12:28:57.475121
2025-07-10,59289,2025071004007139,TRH,Sri Hari Securities Pvt. Ltd.,Naasa Securities Co. Ltd.,101,940.0,94940.0,2025-07-10 12:29:48.594236
2025-07-10,59224,2025071004007150,TRH,Naasa Securities Co. Ltd.,Naasa Securities Co. Ltd.,215,940.0,202100.0,2025-07-10 12:30:00.544928
2025-07-10,54773,2025071004008080,TRH,Thrive Brokerage House Pvt. Ltd,Naasa Securities Co. Ltd.,341,940.0,320540.0,2025-07-10 12:38:26.582783
2025-07-10,45853,2025071004010312,TRH,Kumari Securities Private Limited,South Asian Bulls Pvt. Ltd.,35,934.0,32690.0,2025-07-10 13:03:02.122133
2025-07-10,45852,2025071004010313,TRH,Aryatara Investment & Securities,South Asian Bulls Pvt. Ltd.,65,930.0,60450.0,2025-07-10 13:03:02.122227
2025-07-10,45851,2025071004010314,TRH,Bhrikuti Stock Broking Co. Pvt. Ltd.,South Asian Bulls Pvt. Ltd.,10,930.0,9300.0,2025-07-10 13:03:02.122269
2025-07-10,45850,2025071004010315,TRH,Kumari Securities Private Limited,South Asian Bulls Pvt. Ltd.,964,930.0,896520.0,2025-07-10 13:03:02.122302
2025-07-10,44267,2025071004010692,TRH,Imperial Securities Company Pvt. Ltd.,South Asian Bulls Pvt. Ltd.,520,931.0,484120.0,2025-07-10 13:08:25.448263
2025-07-10,43255,2025071004010954,TRH,Sani Securities Company Ltd.,Naasa Securities Co. Ltd.,200,940.0,188000.0,2025-07-10 13:12:30.738415
2025-07-10,41014,2025071004011539,TRH,Blue Chip Securities Ltd,Naasa Securities Co. Ltd.,143,940.0,134420.0,2025-07-10 13:20:55.237451
2025-07-10,41013,2025071004011540,TRH,Blue Chip Securities Ltd,Imperial Securities Company Pvt. Ltd.,12,940.0,11280.0,2025-07-10 13:20:55.237609
2025-07-10,40955,2025071004011560,TRH,Blue Chip Securities Ltd,Secured Securities Ltd.,45,941.0,42345.0,2025-07-10 13:21:12.291208
2025-07-10,40431,2025071004011654,TRH,Online Securities Pvt. Ltd.,Siprabi Securities Pvt. Ltd.,10,931.5,9315.0,2025-07-10 13:22:40.607195
2025-07-10,36573,2025071004012867,TRH,Creative Securities Pvt Ltd,Agrawal Securities (PVT) Ltd.,67,931.6,62417.2,2025-07-10 13:35:34.928217
2025-07-10,36264,2025071004012964,TRH,Creative Securities Pvt Ltd,Sani Securities Company Ltd.,33,931.6,30742.8,2025-07-10 13:36:45.039612
2025-07-10,36263,2025071004012965,TRH,Online Securities Pvt. Ltd.,Sani Securities Company Ltd.,30,931.5,27945.0,2025-07-10 13:36:45.039737
2025-07-10,36262,2025071004012966,TRH,Dipshikha Dhitopatra Karobar Co. Pvt Ltd.,Sani Securities Company Ltd.,30,931.5,27945.0,2025-07-10 13:36:45.039781
2025-07-10,36261,2025071004012967,TRH,Cristal Kanchanjanga Securites Pvt. Ltd.,Sani Securities Company Ltd.,30,931.4,27942.0,2025-07-10 13:36:45.039824
2025-07-10,36260,2025071004012968,TRH,Linch Stock Market Ltd.,Sani Securities Company Ltd.,300,931.3,279390.0,2025-07-10 13:36:45.039866
2025-07-10,36259,2025071004012969,TRH,Sagarmatha Securities Private Limited,Sani Securities Company Ltd.,77,931.2,71702.4,2025-07-10 13:36:45.039907
2025-07-10,36043,2025071004013037,TRH,Naasa Securities Co. Ltd.,Secured Securities Ltd.,10,941.0,9410.0,2025-07-10 13:37:29.611042
2025-07-10,31321,2025071004014407,TRH,Blue Chip Securities Ltd,Dipshikha Dhitopatra Karobar Co. Pvt Ltd.,30,940.0,28200.0,2025-07-10 13:53:56.290122
2025-07-10,31320,2025071004014408,TRH,Blue Chip Securities Ltd,Aryatara Investment & Securities,20,940.0,18800.0,2025-07-10 13:53:56.290310
2025-07-10,31292,2025071004014418,TRH,Blue Chip Securities Ltd,Secured Securities Ltd.,184,941.0,173144.0,2025-07-10 13:54:04.316402
2025-07-10,31291,2025071004014419,TRH,Blue Chip Securities Ltd,Sani Securities Company Ltd.,20,941.0,18820.0,2025-07-10 13:54:04.316507
2025-07-10,31256,2025071004014433,TRH,Blue Chip Securities Ltd,Creative Securities Pvt Ltd,35,944.0,33040.0,2025-07-10 13:54:13.354715
2025-07-10,31082,2025071004014477,TRH,Blue Chip Securities Ltd,Creative Securities Pvt Ltd,25,944.0,23600.0,2025-07-10 13:54:53.473217
2025-07-10,31039,2025071004014485,TRH,Blue Chip Securities Ltd,N.M.B. SECURITIES LIMITED,10,945.0,9450.0,2025-07-10 13:55:04.516109
2025-07-10,31038,2025071004014486,TRH,Blue Chip Securities Ltd,Online Securities Pvt. Ltd.,25,945.0,23625.0,2025-07-10 13:55:04.516216
2025-07-10,31007,2025071004014495,TRH,Blue Chip Securities Ltd,Hatemalo Financial Services Private Limited,10,948.0,9480.0,2025-07-10 13:55:16.562365
2025-07-10,30975,2025071004014503,TRH,Blue Chip Securities Ltd,Malla & Malla Stock Broking Company Pvt. Limited,100,950.0,95000.0,2025-07-10 13:55:28.602233
2025-07-10,30974,2025071004014504,TRH,Blue Chip Securities Ltd,Online Securities Pvt. Ltd.,50,950.0,47500.0,2025-07-10 13:55:28.602348
2025-07-10,30922,2025071004014508,TRH,Blue Chip Securities Ltd,Primo Securities (PVT) Ltd.,167,950.1,158666.7,2025-07-10 13:55:41.645092
2025-07-10,28177,2025071004015378,TRH,ABC Securities Private Limited,Sweta Securities Private Limited,10,940.0,9400.0,2025-07-10 14:06:28.058354
2025-07-10,28176,2025071004015379,TRH,ABC Securities Private Limited,Sweta Securities Private Limited,20,940.0,18800.0,2025-07-10 14:06:28.058413
2025-07-10,27736,2025071004015489,TRH,Capital Max Securities Ltd,Naasa Securities Co. Ltd.,30,940.0,28200.0,2025-07-10 14:08:02.570678
2025-07-10,27653,2025071004015513,TRH,Kalika Securities Pvt. Ltd.,Sweta Securities Private Limited,30,933.0,27990.0,2025-07-10 14:08:18.682353
2025-07-10,26999,2025071004015754,TRH,Kalika Securities Pvt. Ltd.,Naasa Securities Co. Ltd.,170,933.0,158610.0,2025-07-10 14:10:56.894266
2025-07-10,26998,2025071004015755,TRH,ABC Securities Private Limited,Naasa Securities Co. Ltd.,205,933.0,191265.0,2025-07-10 14:10:56.894508
2025-07-10,26997,2025071004015756,TRH,Premier Securities Company Ltd.,Naasa Securities Co. Ltd.,10,933.0,9330.0,2025-07-10 14:10:56.894638
2025-07-10,26996,2025071004015757,TRH,Vision Securities Pvt. Ltd,Naasa Securities Co. Ltd.,10,932.0,9320.0,2025-07-10 14:10:56.894764
2025-07-10,26995,2025071004015758,TRH,Trishakti Securities Public Limited,Naasa Securities Co. Ltd.,10,932.0,9320.0,2025-07-10 14:10:56.894910
2025-07-10,26994,2025071004015759,TRH,ABC Securities Private Limited,Naasa Securities Co. Ltd.,10,932.0,9320.0,2025-07-10 14:10:56.895023
2025-07-10,26993,2025071004015760,TRH,Sagarmatha Securities Private Limited,Naasa Securities Co. Ltd.,555,931.2,516816.0,2025-07-10 14:10:56.895136
2025-07-10,26934,2025071004015785,TRH,Sagarmatha Securities Private Limited,Sweta Securities Private Limited,10,931.2,9312.0,2025-07-10 14:11:09.576904
2025-07-10,26668,2025071004015860,TRH,Vision Securities Pvt. Ltd,Dakshinkali Investment & Securities Pvt. Ltd.,98,948.0,92904.0,2025-07-10 14:12:00.211632
2025-07-10,26667,2025071004015861,TRH,Vision Securities Pvt. Ltd,Nepal Investment And Securities Trading Private Limited,50,948.0,47400.0,2025-07-10 14:12:00.211699
2025-07-10,26666,2025071004015862,TRH,Vision Securities Pvt. Ltd,South Asian Bulls Pvt. Ltd.,1617,950.0,1536150.0,2025-07-10 14:12:00.211732
2025-07-10,26665,2025071004015863,TRH,Vision Securities Pvt. Ltd,Bhrikuti Stock Broking Co. Pvt. Ltd.,10,950.0,9500.0,2025-07-10 14:12:00.211761
2025-07-10,26664,2025071004015864,TRH,Vision Securities Pvt. Ltd,Deevyaa Securities & Stock House Pvt. Ltd,1000,950.0,950000.0,2025-07-10 14:12:00.211789
2025-07-10,26663,2025071004015865,TRH,Vision Securities Pvt. Ltd,SUN SECURITIES PVT LTD,225,950.0,213750.0,2025-07-10 14:12:00.211814
2025-07-10,22803,2025071004017089,TRH,J.F. Securites (PVT) Ltd.,South Asian Bulls Pvt. Ltd.,100,949.9,94990.0,2025-07-10 14:25:00.858088
2025-07-10,21163,2025071004017729,TRH,Sharepro Securities Private Limited,Sani Securities Company Ltd.,100,949.8,94980.0,2025-07-10 14:29:43.127638
2025-07-10,21162,2025071004017730,TRH,Sharepro Securities Private Limited,South Asian Bulls Pvt. Ltd.,1600,949.9,1519840.0,2025-07-10 14:29:43.127687
2025-07-10,17113,2025071004018784,TRH,SUN SECURITIES PVT LTD,Malla & Malla Stock Broking Company Pvt. Limited,10,950.1,9501.0,2025-07-10 14:39:55.498343
2025-07-10,16566,2025071004018995,TRH,SUN SECURITIES PVT LTD,Dakshinkali Investment & Securities Pvt. Ltd.,12,953.0,11436.0,2025-07-10 14:41:08.740732
2025-07-10,16374,2025071004019052,TRH,SUN SECURITIES PVT LTD,Dakshinkali Investment & Securities Pvt. Ltd.,10,953.0,9530.0,2025-07-10 14:41:29.807854
2025-07-10,16329,2025071004019063,TRH,SUN SECURITIES PVT LTD,Dakshinkali Investment & Securities Pvt. Ltd.,10,953.0,9530.0,2025-07-10 14:41:36.831263
2025-07-10,11920,2025071004020364,TRH,Sagarmatha Securities Private Limited,Neev Securities Pvt. Ltd.,16,945.2,15123.2,2025-07-10 14:49:21.315705
2025-07-10,10972,2025071004020694,TRH,Sagarmatha Securities Private Limited,Market Securities & Exchange (PVT) Ltd.,191,945.2,180533.2,2025-07-10 14:50:41.987436
2025-07-10,10585,2025071004020817,TRH,Sagarmatha Securities Private Limited,SUN SECURITIES PVT LTD,51,945.2,48205.2,2025-07-10 14:51:18.194660
2025-07-10,9189,2025071004021341,TRH,Sharepro Securities Private Limited,Dipshikha Dhitopatra Karobar Co. Pvt Ltd.,70,952.9,66703.0,2025-07-10 14:52:54.826272
2025-07-10,9188,2025071004021342,TRH,Sharepro Securities Private Limited,Deevyaa Securities & Stock House Pvt. Ltd,100,953.0,95300.0,2025-07-10 14:52:54.826337
2025-07-10,9187,2025071004021343,TRH,Sharepro Securities Private Limited,Trishakti Securities Public Limited,50,954.0,47700.0,2025-07-10 14:52:54.826367
2025-07-10,9186,2025071004021344,TRH,Sharepro Securities Private Limited,Premier Securities Company Ltd.,36,955.0,34380.0,2025-07-10 14:52:54.826399
2025-07-10,9185,2025071004021345,TRH,Sharepro Securities Private Limited,Malla & Malla Stock Broking Company Pvt. Limited,100,955.0,95500.0,2025-07-10 14:52:54.826436
2025-07-10,9184,2025071004021346,TRH,Sharepro Securities Private Limited,BHOLE GANESH SECURITIES LTD,44,955.0,42020.0,2025-07-10 14:52:54.826463
2025-07-10,8401,2025071004021598,TRH,Sharepro Securities Private Limited,Imperial Securities Company Pvt. Ltd.,200,954.8,190960.0,2025-07-10 14:53:56.193603
2025-07-10,8400,2025071004021599,TRH,Sharepro Securities Private Limited,BHOLE GANESH SECURITIES LTD,26,955.0,24830.0,2025-07-10 14:53:56.193656
2025-07-10,8399,2025071004021600,TRH,Sharepro Securities Private Limited,Sani Securities Company Ltd.,40,955.0,38200.0,2025-07-10 14:53:56.193690
2025-07-10,8398,2025071004021601,TRH,Sharepro Securities Private Limited,Bhrikuti Stock Broking Co. Pvt. Ltd.,10,955.0,9550.0,2025-07-10 14:53:56.193726
2025-07-10,8397,2025071004021602,TRH,Sharepro Securities Private Limited,Kumari Securities Private Limited,60,955.0,57300.0,2025-07-10 14:53:56.193758
2025-07-10,5132,2025071004022710,TRH,Sewa Securities Pvt. Ltd.,Thrive Brokerage House Pvt. Ltd,50,945.5,47275.0,2025-07-10 14:57:24.843388
2025-07-10,2176,2025071004023582,TRH,Sharepro Securities Private Limited,Sani Securities Company Ltd.,10,954.9,9549.0,2025-07-10 14:59:14.773100
