Date,S.N.,Contract ID,Symbol,Buyer Broker,Seller Broker,quantity,rate,amount,transaction_time
2025-08-06,92026,2025080604000109,BARUN,Online Securities Pvt. Ltd.,Aakashbhairab Securities Ltd.,120,362.6,43512.0,2025-08-06 11:03:55.927999
2025-08-06,92025,2025080604000110,BARUN,Sumeru Securities Pvt. Ltd.,Aakashbhairab Securities Ltd.,50,357.0,17850.0,2025-08-06 11:03:55.928045
2025-08-06,91612,2025080604000182,BARUN,Pragyan Securities (PVT) Ltd.,Secured Securities Ltd.,400,357.0,142800.0,2025-08-06 11:05:04.012791
2025-08-06,91611,2025080604000183,BARUN,Aryatara Investment & Securities,Secured Securities Ltd.,100,356.0,35600.0,2025-08-06 11:05:04.012907
2025-08-06,91610,2025080604000184,BARUN,Sumeru Securities Pvt. Ltd.,Secured Securities Ltd.,300,356.0,106800.0,2025-08-06 11:05:04.012979
2025-08-06,91158,2025080604000283,BARUN,Pragyan Securities (PVT) Ltd.,Secured Securities Ltd.,10,360.0,3600.0,2025-08-06 11:06:14.069883
2025-08-06,90857,2025080604000344,BARUN,Vision Securities Pvt. Ltd,Nepal Stock House (PVT) Ltd.,30,356.6,10698.0,2025-08-06 11:06:55.397860
2025-08-06,90522,2025080604000397,BARUN,Agrawal Securities (PVT) Ltd.,Imperial Securities Company Pvt. Ltd.,200,360.0,72000.0,2025-08-06 11:07:49.421061
2025-08-06,90484,2025080604000407,BARUN,Pragyan Securities (PVT) Ltd.,Imperial Securities Company Pvt. Ltd.,18,360.0,6480.0,2025-08-06 11:07:55.846635
2025-08-06,90470,2025080604000408,BARUN,Capital Max Securities Ltd,Imperial Securities Company Pvt. Ltd.,53,360.0,19080.0,2025-08-06 11:07:57.953505
2025-08-06,88585,2025080604000634,BARUN,Creative Securities Pvt Ltd,Kumari Securities Private Limited,10,367.0,3670.0,2025-08-06 11:12:14.028040
2025-08-06,88524,2025080604000641,BARUN,Kohinoor Investment & Securities Pvt. Ltd.,Kumari Securities Private Limited,10,367.0,3670.0,2025-08-06 11:12:21.105577
2025-08-06,88523,2025080604000642,BARUN,Kohinoor Investment & Securities Pvt. Ltd.,Vision Securities Pvt. Ltd,10,367.0,3670.0,2025-08-06 11:12:21.105679
2025-08-06,88357,2025080604000663,BARUN,Aryatara Investment & Securities,Vision Securities Pvt. Ltd,500,367.0,183500.0,2025-08-06 11:12:46.526438
2025-08-06,87306,2025080604000802,BARUN,Sundhara Securities Limited,Capital Hub P. Ltd,50,365.0,18250.0,2025-08-06 11:15:21.415767
2025-08-06,87305,2025080604000803,BARUN,Midas Stock Broking Company Private Limited,Capital Hub P. Ltd,800,365.0,292000.0,2025-08-06 11:15:21.415870
2025-08-06,87209,2025080604000810,BARUN,Pragyan Securities (PVT) Ltd.,Vision Securities Pvt. Ltd,93,367.0,34131.0,2025-08-06 11:15:31.650608
2025-08-06,85476,2025080604001121,BARUN,Capital Max Securities Ltd,Opal Securities Investment (PVT) Ltd.,58,364.0,21112.0,2025-08-06 11:20:02.523283
2025-08-06,85296,2025080604001145,BARUN,Aryatara Investment & Securities,Opal Securities Investment (PVT) Ltd.,42,364.0,15288.0,2025-08-06 11:20:32.394647
2025-08-06,84324,2025080604001304,BARUN,Aryatara Investment & Securities,Oxford Securities Pvt. Ltd.,58,364.0,21112.0,2025-08-06 11:23:25.100013
2025-08-06,84323,2025080604001305,BARUN,Blue Chip Securities Ltd,Oxford Securities Pvt. Ltd.,10,364.0,3640.0,2025-08-06 11:23:25.100133
2025-08-06,84322,2025080604001306,BARUN,Agrawal Securities (PVT) Ltd.,Oxford Securities Pvt. Ltd.,50,363.2,18160.0,2025-08-06 11:23:25.100197
2025-08-06,84321,2025080604001307,BARUN,Prabhu Stock Market Limited,Oxford Securities Pvt. Ltd.,82,363.1,29774.2,2025-08-06 11:23:25.100239
2025-08-06,83116,2025080604001499,BARUN,Prabhu Stock Market Limited,Midas Stock Broking Company Private Limited,18,363.1,6535.8,2025-08-06 11:26:48.261992
2025-08-06,82937,2025080604001526,BARUN,Dipshikha Dhitopatra Karobar Co. Pvt Ltd.,Midas Stock Broking Company Private Limited,75,363.0,27225.0,2025-08-06 11:27:08.434226
2025-08-06,82794,2025080604001543,BARUN,Capital Max Securities Ltd,Online Securities Pvt. Ltd.,15,362.1,5431.5,2025-08-06 11:27:32.037846
2025-08-06,80311,2025080604001940,BARUN,Nagarik Stock Dealer ,Vision Securities Pvt. Ltd,100,362.2,36220.0,2025-08-06 11:33:38.290852
2025-08-06,80193,2025080604001970,BARUN,Capital Max Securities Ltd,Vision Securities Pvt. Ltd,15,362.1,5431.5,2025-08-06 11:34:04.639216
2025-08-06,80192,2025080604001971,BARUN,Nagarik Stock Dealer ,Vision Securities Pvt. Ltd,85,362.1,30778.5,2025-08-06 11:34:04.639344
2025-08-06,79734,2025080604002073,BARUN,Nagarik Stock Dealer ,Vision Securities Pvt. Ltd,15,362.1,5431.5,2025-08-06 11:35:24.308308
2025-08-06,79733,2025080604002074,BARUN,Capital Max Securities Ltd,Vision Securities Pvt. Ltd,40,361.1,14444.0,2025-08-06 11:35:24.308575
2025-08-06,79732,2025080604002075,BARUN,Trisul Securities & Invt. Ltd.,Vision Securities Pvt. Ltd,245,361.1,88469.5,2025-08-06 11:35:24.308726
2025-08-06,79454,2025080604002141,BARUN,Trisul Securities & Invt. Ltd.,Online Securities Pvt. Ltd.,50,361.1,18055.0,2025-08-06 11:36:12.971252
2025-08-06,79058,2025080604002218,BARUN,Trisul Securities & Invt. Ltd.,Premier Securities Company Ltd.,200,361.1,72220.0,2025-08-06 11:37:29.275653
2025-08-06,78930,2025080604002241,BARUN,Kumari Securities Private Limited,Kohinoor Investment & Securities Pvt. Ltd.,60,361.0,21660.0,2025-08-06 11:37:55.544734
2025-08-06,78706,2025080604002301,BARUN,Kumari Securities Private Limited,Midas Stock Broking Company Private Limited,240,361.0,86640.0,2025-08-06 11:38:34.486998
2025-08-06,78705,2025080604002302,BARUN,Himalayan Brokerage Company Limited,Midas Stock Broking Company Private Limited,100,361.0,36100.0,2025-08-06 11:38:34.487130
2025-08-06,78704,2025080604002303,BARUN,Investment Management Nepal Pvt. Ltd.,Midas Stock Broking Company Private Limited,50,361.0,18050.0,2025-08-06 11:38:34.487175
2025-08-06,78092,2025080604002419,BARUN,Sri Hari Securities Pvt. Ltd.,Imperial Securities Company Pvt. Ltd.,300,360.2,108060.0,2025-08-06 11:40:15.661175
2025-08-06,78091,2025080604002420,BARUN,MILKY WAY SHARE BROKER COMPANY LTD ,Imperial Securities Company Pvt. Ltd.,100,360.1,36010.0,2025-08-06 11:40:15.661295
2025-08-06,77795,2025080604002474,BARUN,MILKY WAY SHARE BROKER COMPANY LTD ,Imperial Securities Company Pvt. Ltd.,300,360.1,108030.0,2025-08-06 11:40:53.770058
2025-08-06,77794,2025080604002475,BARUN,Agrawal Securities (PVT) Ltd.,Imperial Securities Company Pvt. Ltd.,500,360.0,180000.0,2025-08-06 11:40:53.770196
2025-08-06,77793,2025080604002476,BARUN,Blue Chip Securities Ltd,Imperial Securities Company Pvt. Ltd.,25,360.0,9000.0,2025-08-06 11:40:53.770249
2025-08-06,77792,2025080604002477,BARUN,Asian Securities Private Ltd.,Imperial Securities Company Pvt. Ltd.,500,360.0,180000.0,2025-08-06 11:40:53.770295
2025-08-06,77791,2025080604002478,BARUN,Online Securities Pvt. Ltd.,Imperial Securities Company Pvt. Ltd.,20,360.0,7200.0,2025-08-06 11:40:53.770371
2025-08-06,77790,2025080604002479,BARUN,KALASH STOCK MARKET PVT. LTD.,Imperial Securities Company Pvt. Ltd.,150,360.0,54000.0,2025-08-06 11:40:53.770415
2025-08-06,77601,2025080604002503,BARUN,KALASH STOCK MARKET PVT. LTD.,Arun Securities (PVT) Ltd.,50,360.0,18000.0,2025-08-06 11:41:24.165689
2025-08-06,77600,2025080604002504,BARUN,Capital Hub P. Ltd,Arun Securities (PVT) Ltd.,100,360.0,36000.0,2025-08-06 11:41:24.165819
2025-08-06,77599,2025080604002505,BARUN,Neev Securities Pvt. Ltd.,Arun Securities (PVT) Ltd.,100,360.0,36000.0,2025-08-06 11:41:24.165869
2025-08-06,77598,2025080604002506,BARUN,Naasa Securities Co. Ltd.,Arun Securities (PVT) Ltd.,50,360.0,18000.0,2025-08-06 11:41:24.165914
2025-08-06,77597,2025080604002507,BARUN,Arun Securities (PVT) Ltd.,Arun Securities (PVT) Ltd.,700,360.0,252000.0,2025-08-06 11:41:24.165961
2025-08-06,77484,2025080604002537,BARUN,Aakashbhairab Securities Ltd.,Midas Stock Broking Company Private Limited,10,361.0,3610.0,2025-08-06 11:41:51.945469
2025-08-06,77418,2025080604002558,BARUN,Arun Securities (PVT) Ltd.,Trishakti Securities Public Limited,1000,361.0,361000.0,2025-08-06 11:42:05.678688
2025-08-06,77221,2025080604002599,BARUN,Arun Securities (PVT) Ltd.,KALASH STOCK MARKET PVT. LTD.,270,361.0,97470.0,2025-08-06 11:42:44.494825
2025-08-06,74810,2025080604002957,BARUN,Agrawal Securities (PVT) Ltd.,Imperial Securities Company Pvt. Ltd.,50,360.1,18005.0,2025-08-06 11:50:08.691555
2025-08-06,74809,2025080604002958,BARUN,Vision Securities Pvt. Ltd,Imperial Securities Company Pvt. Ltd.,100,360.1,36010.0,2025-08-06 11:50:08.691678
2025-08-06,74808,2025080604002959,BARUN,Vision Securities Pvt. Ltd,Imperial Securities Company Pvt. Ltd.,200,360.1,72020.0,2025-08-06 11:50:08.691745
2025-08-06,74029,2025080604003145,BARUN,Trishakti Securities Public Limited,Secured Securities Ltd.,6,360.0,2160.0,2025-08-06 11:52:01.539637
2025-08-06,74002,2025080604003156,BARUN,Agrawal Securities (PVT) Ltd.,Kumari Securities Private Limited,50,363.0,18150.0,2025-08-06 11:52:08.886237
2025-08-06,73605,2025080604003239,BARUN,Sri Hari Securities Pvt. Ltd.,Kumari Securities Private Limited,200,362.0,72400.0,2025-08-06 11:53:12.956610
2025-08-06,72224,2025080604003440,BARUN,Cristal Kanchanjanga Securites Pvt. Ltd.,Opal Securities Investment (PVT) Ltd.,40,361.1,14444.0,2025-08-06 11:56:13.637953
2025-08-06,68842,2025080604003839,BARUN,Trisul Securities & Invt. Ltd.,Premier Securities Company Ltd.,100,362.0,36200.0,2025-08-06 12:03:13.539273
2025-08-06,68592,2025080604003876,BARUN,Oxford Securities Pvt. Ltd.,MILKY WAY SHARE BROKER COMPANY LTD ,200,364.0,72800.0,2025-08-06 12:03:50.150381
2025-08-06,67448,2025080604004073,BARUN,Sani Securities Company Ltd.,MILKY WAY SHARE BROKER COMPANY LTD ,100,364.0,36400.0,2025-08-06 12:07:18.504797
2025-08-06,66335,2025080604004279,BARUN,Primo Securities (PVT) Ltd.,Imperial Securities Company Pvt. Ltd.,100,364.9,36490.0,2025-08-06 12:10:52.989801
2025-08-06,64770,2025080604004572,BARUN,South Asian Bulls Pvt. Ltd.,Trisul Securities & Invt. Ltd.,50,364.0,18200.0,2025-08-06 12:16:25.750887
2025-08-06,64758,2025080604004575,BARUN,Sweta Securities Private Limited,Oxford Securities Pvt. Ltd.,60,363.0,21780.0,2025-08-06 12:16:27.848888
2025-08-06,64757,2025080604004576,BARUN,Trisul Securities & Invt. Ltd.,Oxford Securities Pvt. Ltd.,400,363.0,145200.0,2025-08-06 12:16:27.849069
2025-08-06,64756,2025080604004577,BARUN,Capital Max Securities Ltd,Oxford Securities Pvt. Ltd.,10,363.0,3630.0,2025-08-06 12:16:27.849129
2025-08-06,64755,2025080604004578,BARUN,Cristal Kanchanjanga Securites Pvt. Ltd.,Oxford Securities Pvt. Ltd.,530,362.1,191913.0,2025-08-06 12:16:27.849211
2025-08-06,63547,2025080604004821,BARUN,Sri Hari Securities Pvt. Ltd.,Imperial Securities Company Pvt. Ltd.,100,361.7,36170.0,2025-08-06 12:20:04.642909
2025-08-06,63291,2025080604004917,BARUN,Sani Securities Company Ltd.,Imperial Securities Company Pvt. Ltd.,200,361.7,72340.0,2025-08-06 12:20:59.706134
2025-08-06,61491,2025080604005253,BARUN,Kumari Securities Private Limited,Imperial Securities Company Pvt. Ltd.,100,361.8,36180.0,2025-08-06 12:26:57.603722
2025-08-06,60226,2025080604005412,BARUN,Dipshikha Dhitopatra Karobar Co. Pvt Ltd.,Trishakti Securities Public Limited,10,361.8,3618.0,2025-08-06 12:31:18.409280
2025-08-06,60225,2025080604005413,BARUN,Secured Securities Ltd.,Trishakti Securities Public Limited,20,361.7,7234.0,2025-08-06 12:31:18.409438
2025-08-06,58661,2025080604005654,BARUN,Secured Securities Ltd.,Naasa Securities Co. Ltd.,50,361.7,18085.0,2025-08-06 12:37:05.795092
2025-08-06,58217,2025080604005733,BARUN,Sumeru Securities Pvt. Ltd.,Sumeru Securities Pvt. Ltd.,1,358.0,358.0,2025-08-06 12:38:53.289891
2025-08-06,57978,2025080604005771,BARUN,Secured Securities Ltd.,Naasa Securities Co. Ltd.,30,361.7,10851.0,2025-08-06 12:39:42.327020
2025-08-06,57922,2025080604005779,BARUN,Sumeru Securities Pvt. Ltd.,Dipshikha Dhitopatra Karobar Co. Pvt Ltd.,6,360.0,2160.0,2025-08-06 12:39:58.553822
2025-08-06,57748,2025080604005806,BARUN,Miyo Securities Pvt Ltd,Naasa Securities Co. Ltd.,10,361.6,3616.0,2025-08-06 12:40:34.816779
2025-08-06,57747,2025080604005807,BARUN,Primo Securities (PVT) Ltd.,Naasa Securities Co. Ltd.,60,361.2,21672.0,2025-08-06 12:40:34.816997
2025-08-06,57597,2025080604005822,BARUN,Primo Securities (PVT) Ltd.,Imperial Securities Company Pvt. Ltd.,240,361.2,86688.0,2025-08-06 12:41:12.029959
2025-08-06,57489,2025080604005845,BARUN,Dynamic Money Managers Securities Pvt. Ltd.,Trisul Securities & Invt. Ltd.,81,361.0,29241.0,2025-08-06 12:41:33.718420
2025-08-06,57406,2025080604005870,BARUN,Sumeru Securities Pvt. Ltd.,Sundhara Securities Limited,1,354.5,354.5,2025-08-06 12:41:53.038121
2025-08-06,57076,2025080604005934,BARUN,Sumeru Securities Pvt. Ltd.,Oxford Securities Pvt. Ltd.,1,355.0,355.0,2025-08-06 12:43:03.361290
2025-08-06,56096,2025080604006094,BARUN,Dynamic Money Managers Securities Pvt. Ltd.,Imperial Securities Company Pvt. Ltd.,99,361.0,35739.0,2025-08-06 12:45:51.703878
2025-08-06,55876,2025080604006130,BARUN,Vision Securities Pvt. Ltd,Imperial Securities Company Pvt. Ltd.,250,360.2,90050.0,2025-08-06 12:46:41.187909
2025-08-06,55533,2025080604006193,BARUN,Naasa Securities Co. Ltd.,Imperial Securities Company Pvt. Ltd.,27,360.0,9720.0,2025-08-06 12:47:30.703183
2025-08-06,55532,2025080604006194,BARUN,Agrawal Securities (PVT) Ltd.,Imperial Securities Company Pvt. Ltd.,373,360.0,134280.0,2025-08-06 12:47:30.703526
2025-08-06,54928,2025080604006321,BARUN,Sumeru Securities Pvt. Ltd.,Vision Securities Pvt. Ltd,1,353.0,353.0,2025-08-06 12:49:18.899010
2025-08-06,53712,2025080604006492,BARUN,Agrawal Securities (PVT) Ltd.,Imperial Securities Company Pvt. Ltd.,627,360.0,225720.0,2025-08-06 12:52:54.516372
2025-08-06,53711,2025080604006493,BARUN,Deevyaa Securities & Stock House Pvt. Ltd,Imperial Securities Company Pvt. Ltd.,280,360.0,100800.0,2025-08-06 12:52:54.516558
2025-08-06,53710,2025080604006494,BARUN,Agrawal Securities (PVT) Ltd.,Imperial Securities Company Pvt. Ltd.,50,360.0,18000.0,2025-08-06 12:52:54.516660
2025-08-06,53709,2025080604006495,BARUN,Capital Hub P. Ltd,Imperial Securities Company Pvt. Ltd.,43,360.0,15480.0,2025-08-06 12:52:54.516746
2025-08-06,53162,2025080604006609,BARUN,Capital Hub P. Ltd,Trisul Securities & Invt. Ltd.,57,360.0,20520.0,2025-08-06 12:54:38.409969
2025-08-06,53161,2025080604006610,BARUN,Secured Securities Ltd.,Trisul Securities & Invt. Ltd.,188,360.0,67680.0,2025-08-06 12:54:38.410194
2025-08-06,52366,2025080604006744,BARUN,Aakashbhairab Securities Ltd.,Cristal Kanchanjanga Securites Pvt. Ltd.,280,361.2,101136.0,2025-08-06 12:56:39.713216
2025-08-06,52289,2025080604006755,BARUN,Aakashbhairab Securities Ltd.,Vision Securities Pvt. Ltd,65,361.2,23478.0,2025-08-06 12:56:51.496460
2025-08-06,52240,2025080604006763,BARUN,Aakashbhairab Securities Ltd.,Cristal Kanchanjanga Securites Pvt. Ltd.,15,361.2,5418.0,2025-08-06 12:57:02.143074
2025-08-06,52185,2025080604006776,BARUN,Aryatara Investment & Securities,Primo Securities (PVT) Ltd.,500,361.5,180750.0,2025-08-06 12:57:07.762604
2025-08-06,52121,2025080604006785,BARUN,Bhrikuti Stock Broking Co. Pvt. Ltd.,Primo Securities (PVT) Ltd.,30,361.5,10845.0,2025-08-06 12:57:19.795199
2025-08-06,52089,2025080604006793,BARUN,Aakashbhairab Securities Ltd.,Primo Securities (PVT) Ltd.,970,361.5,350655.0,2025-08-06 12:57:25.842881
2025-08-06,51963,2025080604006822,BARUN,Aryatara Investment & Securities,Sani Securities Company Ltd.,50,361.9,18095.0,2025-08-06 12:57:44.155840
2025-08-06,51962,2025080604006823,BARUN,Aryatara Investment & Securities,Market Securities & Exchange (PVT) Ltd.,100,362.0,36200.0,2025-08-06 12:57:44.156012
2025-08-06,51961,2025080604006824,BARUN,Aryatara Investment & Securities,Himalayan Brokerage Company Limited,250,362.0,90500.0,2025-08-06 12:57:44.156101
2025-08-06,51600,2025080604006870,BARUN,Bhrikuti Stock Broking Co. Pvt. Ltd.,Himalayan Brokerage Company Limited,250,362.0,90500.0,2025-08-06 12:58:11.140056
2025-08-06,51599,2025080604006871,BARUN,Bhrikuti Stock Broking Co. Pvt. Ltd.,Himalayan Brokerage Company Limited,220,362.0,79640.0,2025-08-06 12:58:11.140216
2025-08-06,51598,2025080604006872,BARUN,Bhrikuti Stock Broking Co. Pvt. Ltd.,Sani Securities Company Ltd.,60,362.8,21768.0,2025-08-06 12:58:11.140327
2025-08-06,51597,2025080604006873,BARUN,Bhrikuti Stock Broking Co. Pvt. Ltd.,Sumeru Securities Pvt. Ltd.,100,363.0,36300.0,2025-08-06 12:58:11.140402
2025-08-06,51596,2025080604006874,BARUN,Bhrikuti Stock Broking Co. Pvt. Ltd.,Agrawal Securities (PVT) Ltd.,10,363.0,3630.0,2025-08-06 12:58:11.140465
2025-08-06,49894,2025080604007170,BARUN,Market Securities & Exchange (PVT) Ltd.,Sumeru Securities Pvt. Ltd.,943,363.2,342497.6,2025-08-06 13:02:17.010280
2025-08-06,49893,2025080604007171,BARUN,Market Securities & Exchange (PVT) Ltd.,Sani Securities Company Ltd.,280,363.3,101724.0,2025-08-06 13:02:17.010508
2025-08-06,49892,2025080604007172,BARUN,Market Securities & Exchange (PVT) Ltd.,Sani Securities Company Ltd.,251,363.3,91188.3,2025-08-06 13:02:17.010575
2025-08-06,49891,2025080604007173,BARUN,Market Securities & Exchange (PVT) Ltd.,Investment Management Nepal Pvt. Ltd.,100,364.0,36400.0,2025-08-06 13:02:17.010636
2025-08-06,49890,2025080604007174,BARUN,Market Securities & Exchange (PVT) Ltd.,Dipshikha Dhitopatra Karobar Co. Pvt Ltd.,426,364.0,155064.0,2025-08-06 13:02:17.010698
2025-08-06,48913,2025080604007318,BARUN,Imperial Securities Company Pvt. Ltd.,Sani Securities Company Ltd.,10,363.9,3639.0,2025-08-06 13:04:47.142476
2025-08-06,48063,2025080604007482,BARUN,Dipshikha Dhitopatra Karobar Co. Pvt Ltd.,Sumeru Securities Pvt. Ltd.,10,363.7,3637.0,2025-08-06 13:06:57.755876
2025-08-06,48032,2025080604007488,BARUN,Dipshikha Dhitopatra Karobar Co. Pvt Ltd.,Naasa Securities Co. Ltd.,115,363.7,41825.5,2025-08-06 13:07:04.394793
2025-08-06,47071,2025080604007641,BARUN,Agrawal Securities (PVT) Ltd.,Dipshikha Dhitopatra Karobar Co. Pvt Ltd.,74,364.0,26936.0,2025-08-06 13:09:40.442038
2025-08-06,47070,2025080604007642,BARUN,Agrawal Securities (PVT) Ltd.,ABC Securities Private Limited,300,364.0,109200.0,2025-08-06 13:09:40.442398
2025-08-06,47069,2025080604007643,BARUN,Agrawal Securities (PVT) Ltd.,Vision Securities Pvt. Ltd,100,364.0,36400.0,2025-08-06 13:09:40.442596
2025-08-06,47068,2025080604007644,BARUN,Agrawal Securities (PVT) Ltd.,Naasa Securities Co. Ltd.,370,364.5,134865.0,2025-08-06 13:09:40.442779
2025-08-06,47067,2025080604007645,BARUN,Agrawal Securities (PVT) Ltd.,Naasa Securities Co. Ltd.,27,364.8,9849.6,2025-08-06 13:09:40.442966
2025-08-06,47066,2025080604007646,BARUN,Agrawal Securities (PVT) Ltd.,Secured Securities Ltd.,950,364.9,346655.0,2025-08-06 13:09:40.443149
2025-08-06,47065,2025080604007647,BARUN,Agrawal Securities (PVT) Ltd.,Primo Securities (PVT) Ltd.,51,365.0,18615.0,2025-08-06 13:09:40.443326
2025-08-06,47064,2025080604007648,BARUN,Agrawal Securities (PVT) Ltd.,Creative Securities Pvt Ltd,300,365.0,109500.0,2025-08-06 13:09:40.443516
2025-08-06,47063,2025080604007649,BARUN,Agrawal Securities (PVT) Ltd.,Market Securities & Exchange (PVT) Ltd.,100,365.0,36500.0,2025-08-06 13:09:40.443691
2025-08-06,47062,2025080604007650,BARUN,Agrawal Securities (PVT) Ltd.,Vision Securities Pvt. Ltd,280,365.0,102200.0,2025-08-06 13:09:40.443870
2025-08-06,47061,2025080604007651,BARUN,Agrawal Securities (PVT) Ltd.,Dipshikha Dhitopatra Karobar Co. Pvt Ltd.,150,365.0,54750.0,2025-08-06 13:09:40.444044
2025-08-06,47060,2025080604007652,BARUN,Agrawal Securities (PVT) Ltd.,Linch Stock Market Ltd.,200,365.0,73000.0,2025-08-06 13:09:40.444221
2025-08-06,47059,2025080604007653,BARUN,Agrawal Securities (PVT) Ltd.,Himalayan Brokerage Company Limited,500,365.0,182500.0,2025-08-06 13:09:40.444414
2025-08-06,47058,2025080604007654,BARUN,Agrawal Securities (PVT) Ltd.,Aryatara Investment & Securities,100,366.0,36600.0,2025-08-06 13:09:40.444591
2025-08-06,47057,2025080604007655,BARUN,Agrawal Securities (PVT) Ltd.,Sani Securities Company Ltd.,150,366.0,54900.0,2025-08-06 13:09:40.444765
2025-08-06,47056,2025080604007656,BARUN,Agrawal Securities (PVT) Ltd.,Sumeru Securities Pvt. Ltd.,100,366.0,36600.0,2025-08-06 13:09:40.444943
2025-08-06,47055,2025080604007657,BARUN,Agrawal Securities (PVT) Ltd.,Market Securities & Exchange (PVT) Ltd.,100,366.0,36600.0,2025-08-06 13:09:40.445114
2025-08-06,46916,2025080604007676,BARUN,Agrawal Securities (PVT) Ltd.,Arun Securities (PVT) Ltd.,1200,366.0,439200.0,2025-08-06 13:10:06.956546
2025-08-06,46662,2025080604007723,BARUN,Agrawal Securities (PVT) Ltd.,Secured Securities Ltd.,300,366.0,109800.0,2025-08-06 13:10:45.541619
2025-08-06,46325,2025080604007774,BARUN,Agrawal Securities (PVT) Ltd.,Vision Securities Pvt. Ltd,48,366.0,17568.0,2025-08-06 13:11:45.370038
2025-08-06,46172,2025080604007812,BARUN,Bhrikuti Stock Broking Co. Pvt. Ltd.,Vision Securities Pvt. Ltd,52,366.0,19032.0,2025-08-06 13:12:09.171651
2025-08-06,46171,2025080604007813,BARUN,Bhrikuti Stock Broking Co. Pvt. Ltd.,Sani Securities Company Ltd.,100,366.9,36690.0,2025-08-06 13:12:09.171796
2025-08-06,46170,2025080604007814,BARUN,Bhrikuti Stock Broking Co. Pvt. Ltd.,Imperial Securities Company Pvt. Ltd.,1000,367.0,367000.0,2025-08-06 13:12:09.171858
2025-08-06,46169,2025080604007815,BARUN,Bhrikuti Stock Broking Co. Pvt. Ltd.,Vision Securities Pvt. Ltd,196,367.0,71932.0,2025-08-06 13:12:09.171920
2025-08-06,46168,2025080604007816,BARUN,Bhrikuti Stock Broking Co. Pvt. Ltd.,Sagarmatha Securities Private Limited,1000,367.0,367000.0,2025-08-06 13:12:09.171980
2025-08-06,46167,2025080604007817,BARUN,Bhrikuti Stock Broking Co. Pvt. Ltd.,Investment Management Nepal Pvt. Ltd.,50,367.0,18350.0,2025-08-06 13:12:09.172038
2025-08-06,46166,2025080604007818,BARUN,Bhrikuti Stock Broking Co. Pvt. Ltd.,Primo Securities (PVT) Ltd.,100,367.0,36700.0,2025-08-06 13:12:09.172097
2025-08-06,46165,2025080604007819,BARUN,Bhrikuti Stock Broking Co. Pvt. Ltd.,Malla & Malla Stock Broking Company Pvt. Limited,200,367.0,73400.0,2025-08-06 13:12:09.172154
2025-08-06,46164,2025080604007820,BARUN,Bhrikuti Stock Broking Co. Pvt. Ltd.,Thrive Brokerage House Pvt. Ltd,662,367.0,242954.0,2025-08-06 13:12:09.172215
2025-08-06,46087,2025080604007834,BARUN,Online Securities Pvt. Ltd.,Secured Securities Ltd.,50,365.0,18250.0,2025-08-06 13:12:23.702923
2025-08-06,43421,2025080604008345,BARUN,Premier Securities Company Ltd.,Trademow Securities Private Limited,50,365.0,18250.0,2025-08-06 13:19:07.451304
2025-08-06,43420,2025080604008346,BARUN,Dipshikha Dhitopatra Karobar Co. Pvt Ltd.,Trademow Securities Private Limited,100,365.0,36500.0,2025-08-06 13:19:07.451518
2025-08-06,43191,2025080604008396,BARUN,Kalika Securities Pvt. Ltd.,Online Securities Pvt. Ltd.,50,366.8,18340.0,2025-08-06 13:19:52.328889
2025-08-06,42915,2025080604008455,BARUN,Kalika Securities Pvt. Ltd.,Siprabi Securities Pvt. Ltd.,950,366.8,348460.0,2025-08-06 13:20:39.574189
2025-08-06,38000,2025080604009358,BARUN,Sri Hari Securities Pvt. Ltd.,Kohinoor Investment & Securities Pvt. Ltd.,50,366.0,18300.0,2025-08-06 13:35:19.421292
2025-08-06,37982,2025080604009363,BARUN,Aryatara Investment & Securities,Kohinoor Investment & Securities Pvt. Ltd.,350,366.0,128100.0,2025-08-06 13:35:23.329101
2025-08-06,37923,2025080604009377,BARUN,Vision Securities Pvt. Ltd,Vision Securities Pvt. Ltd,100,366.5,36650.0,2025-08-06 13:35:32.459578
2025-08-06,37922,2025080604009378,BARUN,Vision Securities Pvt. Ltd,Siprabi Securities Pvt. Ltd.,60,366.7,22002.0,2025-08-06 13:35:32.459748
2025-08-06,37799,2025080604009386,BARUN,Aryatara Investment & Securities,Sani Securities Company Ltd.,50,366.7,18335.0,2025-08-06 13:35:52.885268
2025-08-06,36846,2025080604009589,BARUN,Dipshikha Dhitopatra Karobar Co. Pvt Ltd.,Aakashbhairab Securities Ltd.,2400,366.0,878400.0,2025-08-06 13:38:42.262365
2025-08-06,36383,2025080604009689,BARUN,Cristal Kanchanjanga Securites Pvt. Ltd.,Kohinoor Investment & Securities Pvt. Ltd.,50,365.3,18265.0,2025-08-06 13:39:52.453080
2025-08-06,36382,2025080604009690,BARUN,Citizens Share Broker Limited,Kohinoor Investment & Securities Pvt. Ltd.,30,365.0,10950.0,2025-08-06 13:39:52.453232
2025-08-06,36271,2025080604009725,BARUN,Midas Stock Broking Company Private Limited,Kohinoor Investment & Securities Pvt. Ltd.,100,365.0,36500.0,2025-08-06 13:40:11.876453
2025-08-06,36256,2025080604009726,BARUN,Oxford Securities Pvt. Ltd.,Kohinoor Investment & Securities Pvt. Ltd.,20,365.0,7300.0,2025-08-06 13:40:13.852405
2025-08-06,33404,2025080604010452,BARUN,Dipshikha Dhitopatra Karobar Co. Pvt Ltd.,Sani Securities Company Ltd.,100,365.0,36500.0,2025-08-06 13:47:58.792808
2025-08-06,33403,2025080604010453,BARUN,Prabhu Stock Market Limited,Sani Securities Company Ltd.,30,365.0,10950.0,2025-08-06 13:47:58.793044
2025-08-06,33402,2025080604010454,BARUN,Deevyaa Securities & Stock House Pvt. Ltd,Sani Securities Company Ltd.,100,365.0,36500.0,2025-08-06 13:47:58.793172
2025-08-06,33401,2025080604010455,BARUN,Shree Krishna Securities Ltd.,Sani Securities Company Ltd.,270,365.0,98550.0,2025-08-06 13:47:58.793247
2025-08-06,32908,2025080604010583,BARUN,Shree Krishna Securities Ltd.,Secured Securities Ltd.,230,365.0,83950.0,2025-08-06 13:49:14.011565
2025-08-06,32738,2025080604010613,BARUN,Opal Securities Investment (PVT) Ltd.,Secured Securities Ltd.,100,365.0,36500.0,2025-08-06 13:49:42.885023
2025-08-06,32317,2025080604010705,BARUN,Neev Securities Pvt. Ltd.,Secured Securities Ltd.,60,365.0,21900.0,2025-08-06 13:50:53.673474
2025-08-06,32312,2025080604010707,BARUN,Vision Securities Pvt. Ltd,Secured Securities Ltd.,110,365.0,40150.0,2025-08-06 13:50:55.535203
2025-08-06,32062,2025080604010774,BARUN,Vision Securities Pvt. Ltd,Premier Securities Company Ltd.,60,365.0,21900.0,2025-08-06 13:51:25.716712
2025-08-06,31446,2025080604010902,BARUN,Kohinoor Investment & Securities Pvt. Ltd.,Premier Securities Company Ltd.,40,364.0,14560.0,2025-08-06 13:52:30.405734
2025-08-06,31298,2025080604010945,BARUN,Kohinoor Investment & Securities Pvt. Ltd.,Secured Securities Ltd.,160,364.0,58240.0,2025-08-06 13:52:48.919207
2025-08-06,30882,2025080604011032,BARUN,Vision Securities Pvt. Ltd,Secured Securities Ltd.,40,364.0,14560.0,2025-08-06 13:53:33.904027
2025-08-06,30881,2025080604011033,BARUN,Vision Securities Pvt. Ltd,Secured Securities Ltd.,60,364.0,21840.0,2025-08-06 13:53:33.904181
2025-08-06,30286,2025080604011218,BARUN,Investment Management Nepal Pvt. Ltd.,Agrawal Securities (PVT) Ltd.,200,363.0,72600.0,2025-08-06 13:54:47.259799
2025-08-06,30285,2025080604011219,BARUN,Nagarik Stock Dealer ,Agrawal Securities (PVT) Ltd.,215,363.0,78045.0,2025-08-06 13:54:47.260119
2025-08-06,30284,2025080604011220,BARUN,Aryatara Investment & Securities,Agrawal Securities (PVT) Ltd.,85,363.0,30855.0,2025-08-06 13:54:47.260348
2025-08-06,28871,2025080604011540,BARUN,Aryatara Investment & Securities,Trishakti Securities Public Limited,915,363.0,332145.0,2025-08-06 13:58:06.396461
2025-08-06,28870,2025080604011541,BARUN,Siprabi Securities Pvt. Ltd.,Trishakti Securities Public Limited,200,363.0,72600.0,2025-08-06 13:58:06.396657
2025-08-06,28869,2025080604011542,BARUN,Dipshikha Dhitopatra Karobar Co. Pvt Ltd.,Trishakti Securities Public Limited,100,363.0,36300.0,2025-08-06 13:58:06.396725
2025-08-06,28208,2025080604011654,BARUN,Market Securities & Exchange (PVT) Ltd.,Dynamic Money Managers Securities Pvt. Ltd.,50,362.0,18100.0,2025-08-06 14:00:14.198143
2025-08-06,28207,2025080604011655,BARUN,Investment Management Nepal Pvt. Ltd.,Dynamic Money Managers Securities Pvt. Ltd.,30,362.0,10860.0,2025-08-06 14:00:14.198344
2025-08-06,28206,2025080604011656,BARUN,Sani Securities Company Ltd.,Dynamic Money Managers Securities Pvt. Ltd.,100,362.0,36200.0,2025-08-06 14:00:14.198418
2025-08-06,28203,2025080604011657,BARUN,Sani Securities Company Ltd.,Dipshikha Dhitopatra Karobar Co. Pvt Ltd.,20,363.0,7260.0,2025-08-06 14:00:15.128245
2025-08-06,26236,2025080604012109,BARUN,Trishakti Securities Public Limited,Naasa Securities Co. Ltd.,100,363.4,36340.0,2025-08-06 14:06:58.354673
2025-08-06,25430,2025080604012258,BARUN,Ashutosh Brokerage & Securities (PVT) Ltd.,Naasa Securities Co. Ltd.,25,363.4,9085.0,2025-08-06 14:09:49.944384
2025-08-06,25429,2025080604012259,BARUN,Ashutosh Brokerage & Securities (PVT) Ltd.,Agrawal Securities (PVT) Ltd.,20,363.5,7270.0,2025-08-06 14:09:49.944559
2025-08-06,25428,2025080604012260,BARUN,Ashutosh Brokerage & Securities (PVT) Ltd.,Himalayan Brokerage Company Limited,1000,365.0,365000.0,2025-08-06 14:09:49.944630
2025-08-06,25427,2025080604012261,BARUN,Ashutosh Brokerage & Securities (PVT) Ltd.,ABC Securities Private Limited,23,365.0,8395.0,2025-08-06 14:09:49.944695
2025-08-06,25426,2025080604012262,BARUN,Ashutosh Brokerage & Securities (PVT) Ltd.,Kalika Securities Pvt. Ltd.,45,365.0,16425.0,2025-08-06 14:09:49.944755
2025-08-06,25425,2025080604012263,BARUN,Ashutosh Brokerage & Securities (PVT) Ltd.,Neev Securities Pvt. Ltd.,1737,365.0,634005.0,2025-08-06 14:09:49.944817
2025-08-06,25394,2025080604012274,BARUN,Vision Securities Pvt. Ltd,Vision Securities Pvt. Ltd,45,365.5,16447.5,2025-08-06 14:09:57.067726
2025-08-06,24244,2025080604012552,BARUN,Ashutosh Brokerage & Securities (PVT) Ltd.,Siprabi Securities Pvt. Ltd.,1000,365.0,365000.0,2025-08-06 14:13:53.044104
2025-08-06,23930,2025080604012628,BARUN,Vision Securities Pvt. Ltd,Sani Securities Company Ltd.,150,366.1,54915.0,2025-08-06 14:14:58.863835
2025-08-06,23929,2025080604012629,BARUN,Vision Securities Pvt. Ltd,Aakashbhairab Securities Ltd.,50,366.5,18325.0,2025-08-06 14:14:58.863945
2025-08-06,23916,2025080604012630,BARUN,Sri Hari Securities Pvt. Ltd.,Aakashbhairab Securities Ltd.,200,366.5,73300.0,2025-08-06 14:15:04.614067
2025-08-06,23544,2025080604012704,BARUN,Ashutosh Brokerage & Securities (PVT) Ltd.,Secured Securities Ltd.,1000,365.0,365000.0,2025-08-06 14:16:27.900363
2025-08-06,23410,2025080604012747,BARUN,Ashutosh Brokerage & Securities (PVT) Ltd.,Secured Securities Ltd.,150,365.0,54750.0,2025-08-06 14:16:50.133505
2025-08-06,23409,2025080604012748,BARUN,Online Securities Pvt. Ltd.,Secured Securities Ltd.,10,365.0,3650.0,2025-08-06 14:16:50.133687
2025-08-06,23252,2025080604012784,BARUN,Nagarik Stock Dealer ,Sani Securities Company Ltd.,500,364.0,182000.0,2025-08-06 14:17:22.302351
2025-08-06,22597,2025080604012921,BARUN,Nagarik Stock Dealer ,Neev Securities Pvt. Ltd.,230,364.0,83720.0,2025-08-06 14:19:58.217036
2025-08-06,21962,2025080604013045,BARUN,Nagarik Stock Dealer ,Sani Securities Company Ltd.,80,364.0,29120.0,2025-08-06 14:21:47.943159
2025-08-06,20928,2025080604013321,BARUN,Investment Management Nepal Pvt. Ltd.,Kumari Securities Private Limited,20,363.0,7260.0,2025-08-06 14:24:39.225109
2025-08-06,20927,2025080604013322,BARUN,Dynamic Money Managers Securities Pvt. Ltd.,Kumari Securities Private Limited,30,362.5,10875.0,2025-08-06 14:24:39.225187
2025-08-06,20926,2025080604013323,BARUN,Online Securities Pvt. Ltd.,Kumari Securities Private Limited,20,362.0,7240.0,2025-08-06 14:24:39.225218
2025-08-06,20925,2025080604013324,BARUN,SHUBHAKAMANA SECURITIES PVT. LTD,Kumari Securities Private Limited,50,362.0,18100.0,2025-08-06 14:24:39.225243
2025-08-06,20924,2025080604013325,BARUN,Aakashbhairab Securities Ltd.,Kumari Securities Private Limited,180,361.1,64998.0,2025-08-06 14:24:39.225268
2025-08-06,20656,2025080604013358,BARUN,Naasa Securities Co. Ltd.,Sani Securities Company Ltd.,10,364.0,3640.0,2025-08-06 14:25:22.684360
2025-08-06,20655,2025080604013359,BARUN,Naasa Securities Co. Ltd.,Sani Securities Company Ltd.,10,364.0,3640.0,2025-08-06 14:25:22.684585
2025-08-06,20089,2025080604013523,BARUN,Naasa Securities Co. Ltd.,Aakashbhairab Securities Ltd.,180,364.0,65520.0,2025-08-06 14:26:58.555668
2025-08-06,19572,2025080604013671,BARUN,Online Securities Pvt. Ltd.,Dipshikha Dhitopatra Karobar Co. Pvt Ltd.,145,363.0,52635.0,2025-08-06 14:28:29.654873
2025-08-06,19417,2025080604013705,BARUN,Online Securities Pvt. Ltd.,Kumari Securities Private Limited,10,363.0,3630.0,2025-08-06 14:28:50.891219
2025-08-06,19318,2025080604013764,BARUN,Online Securities Pvt. Ltd.,Kumari Securities Private Limited,10,363.0,3630.0,2025-08-06 14:29:03.977130
2025-08-06,19279,2025080604013775,BARUN,Online Securities Pvt. Ltd.,Kumari Securities Private Limited,10,363.0,3630.0,2025-08-06 14:29:14.064495
2025-08-06,19213,2025080604013786,BARUN,Online Securities Pvt. Ltd.,Kumari Securities Private Limited,10,363.0,3630.0,2025-08-06 14:29:24.136277
2025-08-06,19110,2025080604013817,BARUN,Online Securities Pvt. Ltd.,Kumari Securities Private Limited,10,363.0,3630.0,2025-08-06 14:29:39.228983
2025-08-06,18957,2025080604013847,BARUN,Online Securities Pvt. Ltd.,Sajilo Broker Limited,200,363.0,72600.0,2025-08-06 14:30:09.704246
2025-08-06,18552,2025080604013939,BARUN,Online Securities Pvt. Ltd.,Neev Securities Pvt. Ltd.,371,363.0,134673.0,2025-08-06 14:31:28.104231
2025-08-06,16394,2025080604014391,BARUN,Online Securities Pvt. Ltd.,Vision Securities Pvt. Ltd,34,363.0,12342.0,2025-08-06 14:37:16.004847
2025-08-06,16210,2025080604014444,BARUN,Kohinoor Investment & Securities Pvt. Ltd.,Vision Securities Pvt. Ltd,10,363.0,3630.0,2025-08-06 14:37:44.079756
2025-08-06,16121,2025080604014468,BARUN,ABC Securities Private Limited,Ashutosh Brokerage & Securities (PVT) Ltd.,100,362.5,36250.0,2025-08-06 14:37:57.808127
2025-08-06,16120,2025080604014469,BARUN,Online Securities Pvt. Ltd.,Ashutosh Brokerage & Securities (PVT) Ltd.,80,362.0,28960.0,2025-08-06 14:37:57.808341
2025-08-06,16119,2025080604014470,BARUN,Imperial Securities Company Pvt. Ltd.,Ashutosh Brokerage & Securities (PVT) Ltd.,650,362.0,235300.0,2025-08-06 14:37:57.808416
2025-08-06,16118,2025080604014471,BARUN,Secured Securities Ltd.,Ashutosh Brokerage & Securities (PVT) Ltd.,112,362.0,40544.0,2025-08-06 14:37:57.808488
2025-08-06,16117,2025080604014472,BARUN,Aakashbhairab Securities Ltd.,Ashutosh Brokerage & Securities (PVT) Ltd.,2631,361.1,950054.1,2025-08-06 14:37:57.808556
2025-08-06,16116,2025080604014473,BARUN,NIMB Stock Markets Limited,Ashutosh Brokerage & Securities (PVT) Ltd.,10,361.0,3610.0,2025-08-06 14:37:57.808632
2025-08-06,16115,2025080604014474,BARUN,Sani Securities Company Ltd.,Ashutosh Brokerage & Securities (PVT) Ltd.,100,361.0,36100.0,2025-08-06 14:37:57.808712
2025-08-06,16114,2025080604014475,BARUN,Oxford Securities Pvt. Ltd.,Ashutosh Brokerage & Securities (PVT) Ltd.,50,361.0,18050.0,2025-08-06 14:37:57.808803
2025-08-06,15929,2025080604014524,BARUN,Arun Securities (PVT) Ltd.,Ashutosh Brokerage & Securities (PVT) Ltd.,1200,361.0,433200.0,2025-08-06 14:38:27.759757
2025-08-06,15467,2025080604014629,BARUN,Sweta Securities Private Limited,Investment Management Nepal Pvt. Ltd.,10,360.9,3609.0,2025-08-06 14:39:19.481751
2025-08-06,15466,2025080604014630,BARUN,Imperial Securities Company Pvt. Ltd.,Investment Management Nepal Pvt. Ltd.,10,360.8,3608.0,2025-08-06 14:39:19.481962
2025-08-06,15465,2025080604014631,BARUN,Aryatara Investment & Securities,Investment Management Nepal Pvt. Ltd.,50,360.5,18025.0,2025-08-06 14:39:19.482034
2025-08-06,15464,2025080604014632,BARUN,Naasa Securities Co. Ltd.,Investment Management Nepal Pvt. Ltd.,100,360.2,36020.0,2025-08-06 14:39:19.482103
2025-08-06,15463,2025080604014633,BARUN,Capital Hub P. Ltd,Investment Management Nepal Pvt. Ltd.,1000,360.0,360000.0,2025-08-06 14:39:19.482174
2025-08-06,15462,2025080604014634,BARUN,Arun Securities (PVT) Ltd.,Investment Management Nepal Pvt. Ltd.,300,360.0,108000.0,2025-08-06 14:39:19.482247
2025-08-06,15461,2025080604014635,BARUN,Asian Securities Private Ltd.,Investment Management Nepal Pvt. Ltd.,100,360.0,36000.0,2025-08-06 14:39:19.482326
2025-08-06,15460,2025080604014636,BARUN,Midas Stock Broking Company Private Limited,Investment Management Nepal Pvt. Ltd.,500,360.0,180000.0,2025-08-06 14:39:19.482394
2025-08-06,15459,2025080604014637,BARUN,Sagarmatha Securities Private Limited,Investment Management Nepal Pvt. Ltd.,200,360.0,72000.0,2025-08-06 14:39:19.482464
2025-08-06,15458,2025080604014638,BARUN,Sri Hari Securities Pvt. Ltd.,Investment Management Nepal Pvt. Ltd.,200,360.0,72000.0,2025-08-06 14:39:19.482530
2025-08-06,15457,2025080604014639,BARUN,Siprabi Securities Pvt. Ltd.,Investment Management Nepal Pvt. Ltd.,100,360.0,36000.0,2025-08-06 14:39:19.482597
2025-08-06,15456,2025080604014640,BARUN,Sani Securities Company Ltd.,Investment Management Nepal Pvt. Ltd.,100,360.0,36000.0,2025-08-06 14:39:19.482660
2025-08-06,15455,2025080604014641,BARUN,Dipshikha Dhitopatra Karobar Co. Pvt Ltd.,Investment Management Nepal Pvt. Ltd.,63,360.0,22680.0,2025-08-06 14:39:19.482732
2025-08-06,15454,2025080604014642,BARUN,Online Securities Pvt. Ltd.,Investment Management Nepal Pvt. Ltd.,10,360.0,3600.0,2025-08-06 14:39:19.482795
2025-08-06,15453,2025080604014643,BARUN,Online Securities Pvt. Ltd.,Investment Management Nepal Pvt. Ltd.,100,360.0,36000.0,2025-08-06 14:39:19.482855
2025-08-06,15452,2025080604014644,BARUN,Nepal Stock House (PVT) Ltd.,Investment Management Nepal Pvt. Ltd.,50,360.0,18000.0,2025-08-06 14:39:19.482918
2025-08-06,15433,2025080604014646,BARUN,Secured Securities Ltd.,Investment Management Nepal Pvt. Ltd.,80,360.0,28800.0,2025-08-06 14:39:21.768273
2025-08-06,15381,2025080604014661,BARUN,Naasa Securities Co. Ltd.,Investment Management Nepal Pvt. Ltd.,200,359.5,71900.0,2025-08-06 14:39:30.539537
2025-08-06,15380,2025080604014662,BARUN,Aryatara Investment & Securities,Investment Management Nepal Pvt. Ltd.,861,359.5,309529.5,2025-08-06 14:39:30.539715
2025-08-06,14655,2025080604014855,BARUN,Aryatara Investment & Securities,Online Securities Pvt. Ltd.,80,359.5,28760.0,2025-08-06 14:40:47.423110
2025-08-06,13984,2025080604015003,BARUN,Aryatara Investment & Securities,Kumari Securities Private Limited,59,359.5,21210.5,2025-08-06 14:41:52.823817
2025-08-06,13983,2025080604015004,BARUN,Agrawal Securities (PVT) Ltd.,Kumari Securities Private Limited,300,359.1,107730.0,2025-08-06 14:41:52.823936
2025-08-06,13982,2025080604015005,BARUN,Dynamic Money Managers Securities Pvt. Ltd.,Kumari Securities Private Limited,100,359.0,35900.0,2025-08-06 14:41:52.824023
2025-08-06,13981,2025080604015006,BARUN,Nepal Investment And Securities Trading Private Limited,Kumari Securities Private Limited,744,359.0,267096.0,2025-08-06 14:41:52.824099
2025-08-06,13980,2025080604015007,BARUN,South Asian Bulls Pvt. Ltd.,Kumari Securities Private Limited,15,358.5,5377.5,2025-08-06 14:41:52.824179
2025-08-06,13979,2025080604015008,BARUN,Naasa Securities Co. Ltd.,Kumari Securities Private Limited,25,358.3,8957.5,2025-08-06 14:41:52.824253
2025-08-06,13978,2025080604015009,BARUN,Naasa Securities Co. Ltd.,Kumari Securities Private Limited,100,358.1,35810.0,2025-08-06 14:41:52.824349
2025-08-06,13977,2025080604015010,BARUN,Naasa Securities Co. Ltd.,Kumari Securities Private Limited,80,358.0,28640.0,2025-08-06 14:41:52.824428
2025-08-06,13976,2025080604015011,BARUN,Dynamic Money Managers Securities Pvt. Ltd.,Kumari Securities Private Limited,30,358.0,10740.0,2025-08-06 14:41:52.824498
2025-08-06,13975,2025080604015012,BARUN,Imperial Securities Company Pvt. Ltd.,Kumari Securities Private Limited,200,358.0,71600.0,2025-08-06 14:41:52.824550
2025-08-06,13974,2025080604015013,BARUN,Vision Securities Pvt. Ltd,Kumari Securities Private Limited,1000,358.0,358000.0,2025-08-06 14:41:52.824606
2025-08-06,13973,2025080604015014,BARUN,ABC Securities Private Limited,Kumari Securities Private Limited,50,358.0,17900.0,2025-08-06 14:41:52.824667
2025-08-06,13972,2025080604015015,BARUN,Dynamic Money Managers Securities Pvt. Ltd.,Kumari Securities Private Limited,20,358.0,7160.0,2025-08-06 14:41:52.824727
2025-08-06,13971,2025080604015016,BARUN,Dipshikha Dhitopatra Karobar Co. Pvt Ltd.,Kumari Securities Private Limited,500,358.0,179000.0,2025-08-06 14:41:52.824790
2025-08-06,13970,2025080604015017,BARUN,Naasa Securities Co. Ltd.,Kumari Securities Private Limited,50,357.0,17850.0,2025-08-06 14:41:52.824853
2025-08-06,13969,2025080604015018,BARUN,Opal Securities Investment (PVT) Ltd.,Kumari Securities Private Limited,80,357.0,28560.0,2025-08-06 14:41:52.824923
2025-08-06,13968,2025080604015019,BARUN,Neev Securities Pvt. Ltd.,Kumari Securities Private Limited,100,357.0,35700.0,2025-08-06 14:41:52.824985
2025-08-06,13967,2025080604015020,BARUN,Naasa Securities Co. Ltd.,Kumari Securities Private Limited,33,357.0,11781.0,2025-08-06 14:41:52.825053
2025-08-06,13966,2025080604015021,BARUN,Trishakti Securities Public Limited,Kumari Securities Private Limited,100,357.0,35700.0,2025-08-06 14:41:52.825116
2025-08-06,13965,2025080604015022,BARUN,Oxford Securities Pvt. Ltd.,Kumari Securities Private Limited,200,357.0,71400.0,2025-08-06 14:41:52.825181
2025-08-06,13964,2025080604015023,BARUN,Vision Securities Pvt. Ltd,Kumari Securities Private Limited,150,357.0,53550.0,2025-08-06 14:41:52.825284
2025-08-06,13963,2025080604015024,BARUN,Vision Securities Pvt. Ltd,Kumari Securities Private Limited,300,357.0,107100.0,2025-08-06 14:41:52.825358
2025-08-06,13962,2025080604015025,BARUN,Opal Securities Investment (PVT) Ltd.,Kumari Securities Private Limited,100,356.2,35620.0,2025-08-06 14:41:52.825437
2025-08-06,13961,2025080604015026,BARUN,Naasa Securities Co. Ltd.,Kumari Securities Private Limited,100,356.1,35610.0,2025-08-06 14:41:52.825499
2025-08-06,13960,2025080604015027,BARUN,Sumeru Securities Pvt. Ltd.,Kumari Securities Private Limited,50,356.0,17800.0,2025-08-06 14:41:52.825575
2025-08-06,13959,2025080604015028,BARUN,K.B.L. Securities Limited ,Kumari Securities Private Limited,20,356.0,7120.0,2025-08-06 14:41:52.825641
2025-08-06,13958,2025080604015029,BARUN,Secured Securities Ltd.,Kumari Securities Private Limited,494,356.0,175864.0,2025-08-06 14:41:52.825695
2025-08-06,13635,2025080604015097,BARUN,Siprabi Securities Pvt. Ltd.,Naasa Securities Co. Ltd.,100,360.0,36000.0,2025-08-06 14:42:32.806972
2025-08-06,13634,2025080604015098,BARUN,Siprabi Securities Pvt. Ltd.,Sweta Securities Private Limited,25,360.0,9000.0,2025-08-06 14:42:32.807219
2025-08-06,13617,2025080604015102,BARUN,Siprabi Securities Pvt. Ltd.,Trishakti Securities Public Limited,75,360.0,27000.0,2025-08-06 14:42:34.256380
2025-08-06,12820,2025080604015285,BARUN,Sani Securities Company Ltd.,Magnet Securities and Investment Company Private Limited,197,360.0,70920.0,2025-08-06 14:44:21.258776
2025-08-06,11933,2025080604015501,BARUN,Dipshikha Dhitopatra Karobar Co. Pvt Ltd.,Vision Securities Pvt. Ltd,300,363.0,108900.0,2025-08-06 14:45:47.056681
2025-08-06,11387,2025080604015691,BARUN,Sani Securities Company Ltd.,Linch Stock Market Ltd.,25,362.0,9050.0,2025-08-06 14:46:49.672957
2025-08-06,11174,2025080604015754,BARUN,Siprabi Securities Pvt. Ltd.,Vision Securities Pvt. Ltd,10,363.0,3630.0,2025-08-06 14:47:12.793364
2025-08-06,10632,2025080604015902,BARUN,Sani Securities Company Ltd.,Vision Securities Pvt. Ltd,146,363.0,52998.0,2025-08-06 14:48:03.873711
2025-08-06,10305,2025080604015968,BARUN,Sani Securities Company Ltd.,Ashutosh Brokerage & Securities (PVT) Ltd.,137,363.0,49731.0,2025-08-06 14:48:33.780054
2025-08-06,9416,2025080604016225,BARUN,South Asian Bulls Pvt. Ltd.,Dynamic Money Managers Securities Pvt. Ltd.,100,362.0,36200.0,2025-08-06 14:49:41.037810
2025-08-06,9141,2025080604016281,BARUN,Imperial Securities Company Pvt. Ltd.,Pragyan Securities (PVT) Ltd.,100,360.1,36010.0,2025-08-06 14:50:03.119158
2025-08-06,9123,2025080604016284,BARUN,KALASH STOCK MARKET PVT. LTD.,Aakashbhairab Securities Ltd.,300,360.0,108000.0,2025-08-06 14:50:04.552624
2025-08-06,9122,2025080604016285,BARUN,South Asian Bulls Pvt. Ltd.,Aakashbhairab Securities Ltd.,40,360.0,14400.0,2025-08-06 14:50:04.552818
2025-08-06,9121,2025080604016286,BARUN,Oxford Securities Pvt. Ltd.,Aakashbhairab Securities Ltd.,10,360.0,3600.0,2025-08-06 14:50:04.552879
2025-08-06,7155,2025080604016836,BARUN,Prabhu Stock Market Limited,Nepal Stock House (PVT) Ltd.,300,358.1,107430.0,2025-08-06 14:52:59.986183
2025-08-06,6508,2025080604016982,BARUN,Siprabi Securities Pvt. Ltd.,Pragyan Securities (PVT) Ltd.,200,359.0,71800.0,2025-08-06 14:54:04.226570
2025-08-06,6352,2025080604017009,BARUN,Siprabi Securities Pvt. Ltd.,Pragyan Securities (PVT) Ltd.,50,359.0,17950.0,2025-08-06 14:54:14.145382
2025-08-06,5397,2025080604017275,BARUN,Linch Stock Market Ltd.,Primo Securities (PVT) Ltd.,10,358.2,3582.0,2025-08-06 14:55:32.479297
2025-08-06,5374,2025080604017287,BARUN,Vision Securities Pvt. Ltd,Imperial Securities Company Pvt. Ltd.,10,360.0,3600.0,2025-08-06 14:55:36.027368
2025-08-06,4937,2025080604017365,BARUN,Sani Securities Company Ltd.,Asian Securities Private Ltd.,20,358.2,7164.0,2025-08-06 14:55:57.421264
2025-08-06,4631,2025080604017438,BARUN,Dipshikha Dhitopatra Karobar Co. Pvt Ltd.,Midas Stock Broking Company Private Limited,100,360.0,36000.0,2025-08-06 14:56:22.597014
2025-08-06,4152,2025080604017539,BARUN,Midas Stock Broking Company Private Limited,Ashutosh Brokerage & Securities (PVT) Ltd.,100,358.5,35850.0,2025-08-06 14:57:03.397824
2025-08-06,4151,2025080604017540,BARUN,Sani Securities Company Ltd.,Ashutosh Brokerage & Securities (PVT) Ltd.,80,358.5,28680.0,2025-08-06 14:57:03.398161
2025-08-06,4150,2025080604017541,BARUN,Prabhu Stock Market Limited,Ashutosh Brokerage & Securities (PVT) Ltd.,200,358.1,71620.0,2025-08-06 14:57:03.398507
2025-08-06,4149,2025080604017542,BARUN,Asian Securities Private Ltd.,Ashutosh Brokerage & Securities (PVT) Ltd.,416,358.0,148928.0,2025-08-06 14:57:03.398739
2025-08-06,4148,2025080604017543,BARUN,Vision Securities Pvt. Ltd,Ashutosh Brokerage & Securities (PVT) Ltd.,100,358.0,35800.0,2025-08-06 14:57:03.398971
2025-08-06,4147,2025080604017544,BARUN,Online Securities Pvt. Ltd.,Ashutosh Brokerage & Securities (PVT) Ltd.,50,358.0,17900.0,2025-08-06 14:57:03.399158
2025-08-06,4146,2025080604017545,BARUN,Deevyaa Securities & Stock House Pvt. Ltd,Ashutosh Brokerage & Securities (PVT) Ltd.,120,358.0,42960.0,2025-08-06 14:57:03.399379
2025-08-06,4145,2025080604017546,BARUN,Aryatara Investment & Securities,Ashutosh Brokerage & Securities (PVT) Ltd.,200,358.0,71600.0,2025-08-06 14:57:03.399588
2025-08-06,4144,2025080604017547,BARUN,Agrawal Securities (PVT) Ltd.,Ashutosh Brokerage & Securities (PVT) Ltd.,100,357.5,35750.0,2025-08-06 14:57:03.399765
2025-08-06,4143,2025080604017548,BARUN,Agrawal Securities (PVT) Ltd.,Ashutosh Brokerage & Securities (PVT) Ltd.,60,357.5,21450.0,2025-08-06 14:57:03.399967
2025-08-06,4142,2025080604017549,BARUN,Vision Securities Pvt. Ltd,Ashutosh Brokerage & Securities (PVT) Ltd.,100,357.1,35710.0,2025-08-06 14:57:03.400140
2025-08-06,4141,2025080604017550,BARUN,Midas Stock Broking Company Private Limited,Ashutosh Brokerage & Securities (PVT) Ltd.,100,357.0,35700.0,2025-08-06 14:57:03.400338
2025-08-06,4140,2025080604017551,BARUN,Sani Securities Company Ltd.,Ashutosh Brokerage & Securities (PVT) Ltd.,100,357.0,35700.0,2025-08-06 14:57:03.400538
2025-08-06,4139,2025080604017552,BARUN,ABC Securities Private Limited,Ashutosh Brokerage & Securities (PVT) Ltd.,100,356.5,35650.0,2025-08-06 14:57:03.400742
2025-08-06,4138,2025080604017553,BARUN,Sri Hari Securities Pvt. Ltd.,Ashutosh Brokerage & Securities (PVT) Ltd.,50,356.2,17810.0,2025-08-06 14:57:03.400909
2025-08-06,4137,2025080604017554,BARUN,Sweta Securities Private Limited,Ashutosh Brokerage & Securities (PVT) Ltd.,1000,356.2,356200.0,2025-08-06 14:57:03.401105
2025-08-06,4136,2025080604017555,BARUN,Imperial Securities Company Pvt. Ltd.,Ashutosh Brokerage & Securities (PVT) Ltd.,100,356.2,35620.0,2025-08-06 14:57:03.401256
2025-08-06,4135,2025080604017556,BARUN,Agrawal Securities (PVT) Ltd.,Ashutosh Brokerage & Securities (PVT) Ltd.,200,356.1,71220.0,2025-08-06 14:57:03.401440
2025-08-06,4134,2025080604017557,BARUN,Imperial Securities Company Pvt. Ltd.,Ashutosh Brokerage & Securities (PVT) Ltd.,50,356.1,17805.0,2025-08-06 14:57:03.401672
2025-08-06,4133,2025080604017558,BARUN,Dipshikha Dhitopatra Karobar Co. Pvt Ltd.,Ashutosh Brokerage & Securities (PVT) Ltd.,1000,356.1,356100.0,2025-08-06 14:57:03.401948
2025-08-06,4132,2025080604017559,BARUN,Sundhara Securities Limited,Ashutosh Brokerage & Securities (PVT) Ltd.,40,356.0,14240.0,2025-08-06 14:57:03.402179
2025-08-06,4131,2025080604017560,BARUN,Opal Securities Investment (PVT) Ltd.,Ashutosh Brokerage & Securities (PVT) Ltd.,80,356.0,28480.0,2025-08-06 14:57:03.402457
2025-08-06,4130,2025080604017561,BARUN,Asian Securities Private Ltd.,Ashutosh Brokerage & Securities (PVT) Ltd.,10,356.0,3560.0,2025-08-06 14:57:03.402660
2025-08-06,4129,2025080604017562,BARUN,Garima Securities Limited,Ashutosh Brokerage & Securities (PVT) Ltd.,100,356.0,35600.0,2025-08-06 14:57:03.402807
2025-08-06,4128,2025080604017563,BARUN,Secured Securities Ltd.,Ashutosh Brokerage & Securities (PVT) Ltd.,260,356.0,92560.0,2025-08-06 14:57:03.402872
2025-08-06,4127,2025080604017564,BARUN,Agrawal Securities (PVT) Ltd.,Ashutosh Brokerage & Securities (PVT) Ltd.,100,356.0,35600.0,2025-08-06 14:57:03.402927
2025-08-06,4126,2025080604017565,BARUN,Naasa Securities Co. Ltd.,Ashutosh Brokerage & Securities (PVT) Ltd.,350,356.0,124600.0,2025-08-06 14:57:03.403002
2025-08-06,4125,2025080604017566,BARUN,Sundhara Securities Limited,Ashutosh Brokerage & Securities (PVT) Ltd.,100,356.0,35600.0,2025-08-06 14:57:03.403065
2025-08-06,4124,2025080604017567,BARUN,Linch Stock Market Ltd.,Ashutosh Brokerage & Securities (PVT) Ltd.,200,356.0,71200.0,2025-08-06 14:57:03.403115
2025-08-06,4123,2025080604017568,BARUN,Cristal Kanchanjanga Securites Pvt. Ltd.,Ashutosh Brokerage & Securities (PVT) Ltd.,1000,356.0,356000.0,2025-08-06 14:57:03.403169
2025-08-06,4122,2025080604017569,BARUN,Market Securities & Exchange (PVT) Ltd.,Ashutosh Brokerage & Securities (PVT) Ltd.,1000,356.0,356000.0,2025-08-06 14:57:03.403219
2025-08-06,4121,2025080604017570,BARUN,Naasa Securities Co. Ltd.,Ashutosh Brokerage & Securities (PVT) Ltd.,100,356.0,35600.0,2025-08-06 14:57:03.403268
2025-08-06,4120,2025080604017571,BARUN,Sweta Securities Private Limited,Ashutosh Brokerage & Securities (PVT) Ltd.,56,356.0,19936.0,2025-08-06 14:57:03.403325
2025-08-06,3792,2025080604017649,BARUN,Dakshinkali Investment & Securities Pvt. Ltd.,Ashutosh Brokerage & Securities (PVT) Ltd.,200,356.0,71200.0,2025-08-06 14:57:20.398081
2025-08-06,3750,2025080604017658,BARUN,Arun Securities (PVT) Ltd.,Ashutosh Brokerage & Securities (PVT) Ltd.,500,356.0,178000.0,2025-08-06 14:57:24.768206
2025-08-06,3639,2025080604017686,BARUN,Vision Securities Pvt. Ltd,Ashutosh Brokerage & Securities (PVT) Ltd.,500,356.0,178000.0,2025-08-06 14:57:34.487967
2025-08-06,3597,2025080604017706,BARUN,Deevyaa Securities & Stock House Pvt. Ltd,Ashutosh Brokerage & Securities (PVT) Ltd.,200,356.0,71200.0,2025-08-06 14:57:36.737780
2025-08-06,3441,2025080604017767,BARUN,Kohinoor Investment & Securities Pvt. Ltd.,Ashutosh Brokerage & Securities (PVT) Ltd.,20,356.0,7120.0,2025-08-06 14:57:44.300784
2025-08-06,3253,2025080604017832,BARUN,Kalika Securities Pvt. Ltd.,Ashutosh Brokerage & Securities (PVT) Ltd.,15,355.9,5338.5,2025-08-06 14:57:55.212915
2025-08-06,3252,2025080604017833,BARUN,Midas Stock Broking Company Private Limited,Ashutosh Brokerage & Securities (PVT) Ltd.,10,355.8,3558.0,2025-08-06 14:57:55.213050
2025-08-06,3251,2025080604017834,BARUN,Kumari Securities Private Limited,Ashutosh Brokerage & Securities (PVT) Ltd.,202,355.8,71871.6,2025-08-06 14:57:55.213112
2025-08-06,2986,2025080604017903,BARUN,Arun Securities (PVT) Ltd.,Ashutosh Brokerage & Securities (PVT) Ltd.,500,356.0,178000.0,2025-08-06 14:58:10.315166
2025-08-06,2626,2025080604017998,BARUN,Kumari Securities Private Limited,Dipshikha Dhitopatra Karobar Co. Pvt Ltd.,298,355.8,106028.4,2025-08-06 14:58:27.802263
2025-08-06,2625,2025080604017999,BARUN,Opal Securities Investment (PVT) Ltd.,Dipshikha Dhitopatra Karobar Co. Pvt Ltd.,100,355.8,35580.0,2025-08-06 14:58:27.802335
2025-08-06,2624,2025080604018000,BARUN,Trishakti Securities Public Limited,Dipshikha Dhitopatra Karobar Co. Pvt Ltd.,200,355.5,71100.0,2025-08-06 14:58:27.802366
2025-08-06,2623,2025080604018001,BARUN,Capital Hub P. Ltd,Dipshikha Dhitopatra Karobar Co. Pvt Ltd.,300,355.0,106500.0,2025-08-06 14:58:27.802396
2025-08-06,2622,2025080604018002,BARUN,Neev Securities Pvt. Ltd.,Dipshikha Dhitopatra Karobar Co. Pvt Ltd.,100,355.0,35500.0,2025-08-06 14:58:27.802421
2025-08-06,2308,2025080604018062,BARUN,Naasa Securities Co. Ltd.,Ashutosh Brokerage & Securities (PVT) Ltd.,50,356.0,17800.0,2025-08-06 14:58:40.444305
2025-08-06,1533,2025080604018331,BARUN,Vision Securities Pvt. Ltd,Sani Securities Company Ltd.,10,358.0,3580.0,2025-08-06 14:59:15.451063
2025-08-06,1357,2025080604018366,BARUN,Kohinoor Investment & Securities Pvt. Ltd.,Trishakti Securities Public Limited,490,356.0,174440.0,2025-08-06 14:59:22.209872
2025-08-06,1356,2025080604018367,BARUN,Linch Stock Market Ltd.,Trishakti Securities Public Limited,280,356.0,99680.0,2025-08-06 14:59:22.210002
2025-08-06,1355,2025080604018368,BARUN,South Asian Bulls Pvt. Ltd.,Trishakti Securities Public Limited,100,356.0,35600.0,2025-08-06 14:59:22.210054
2025-08-06,1354,2025080604018369,BARUN,Sani Securities Company Ltd.,Trishakti Securities Public Limited,70,356.0,24920.0,2025-08-06 14:59:22.210103
2025-08-06,1159,2025080604018407,BARUN,Siprabi Securities Pvt. Ltd.,Trishakti Securities Public Limited,50,356.0,17800.0,2025-08-06 14:59:27.195478
2025-08-06,802,2025080604018503,BARUN,Dipshikha Dhitopatra Karobar Co. Pvt Ltd.,Kumari Securities Private Limited,20,355.1,7102.0,2025-08-06 14:59:38.508705
2025-08-06,801,2025080604018504,BARUN,Dynamic Money Managers Securities Pvt. Ltd.,Kumari Securities Private Limited,500,355.0,177500.0,2025-08-06 14:59:38.508757
2025-08-06,800,2025080604018505,BARUN,Sani Securities Company Ltd.,Kumari Securities Private Limited,200,355.0,71000.0,2025-08-06 14:59:38.508783
2025-08-06,799,2025080604018506,BARUN,Nabil Stock Dealer Ltd.,Kumari Securities Private Limited,200,355.0,71000.0,2025-08-06 14:59:38.508806
2025-08-06,798,2025080604018507,BARUN,Online Securities Pvt. Ltd.,Kumari Securities Private Limited,80,355.0,28400.0,2025-08-06 14:59:38.508828
2025-08-06,714,2025080604018538,BARUN,Siprabi Securities Pvt. Ltd.,Trishakti Securities Public Limited,50,356.0,17800.0,2025-08-06 14:59:41.732572
2025-08-06,569,2025080604018591,BARUN,Arun Securities (PVT) Ltd.,Kumari Securities Private Limited,1000,355.1,355100.0,2025-08-06 14:59:46.687434
2025-08-06,481,2025080604018601,BARUN,Aryatara Investment & Securities,Trishakti Securities Public Limited,50,356.0,17800.0,2025-08-06 14:59:49.572953
2025-08-06,312,2025080604018627,BARUN,Linch Stock Market Ltd.,Sweta Securities Private Limited,100,355.1,35510.0,2025-08-06 14:59:54.381670
2025-08-06,311,2025080604018628,BARUN,Online Securities Pvt. Ltd.,Sweta Securities Private Limited,20,355.0,7100.0,2025-08-06 14:59:54.381912
2025-08-06,310,2025080604018629,BARUN,Online Securities Pvt. Ltd.,Sweta Securities Private Limited,250,355.0,88750.0,2025-08-06 14:59:54.382079
2025-08-06,309,2025080604018630,BARUN,Dynamic Money Managers Securities Pvt. Ltd.,Sweta Securities Private Limited,200,355.0,71000.0,2025-08-06 14:59:54.382307
2025-08-06,308,2025080604018631,BARUN,Sumeru Securities Pvt. Ltd.,Sweta Securities Private Limited,145,355.0,51475.0,2025-08-06 14:59:54.382483
