Date,S.N.,Contract ID,Symbol,Buyer Broker,Seller Broker,quantity,rate,amount,transaction_time
2025-08-06,90823,2025080605000910,CHDC,Shree Krishna Securities Ltd.,Premier Securities Company Ltd.,500,2724.1,1362050.0,2025-08-06 11:06:59.700679
2025-08-06,87445,2025080605002176,CHDC,Imperial Securities Company Pvt. Ltd.,Dakshinkali Investment & Securities Pvt. Ltd.,100,2682.0,268200.0,2025-08-06 11:14:57.775809
2025-08-06,87289,2025080605002237,CHDC,Asian Securities Private Ltd.,Dakshinkali Investment & Securities Pvt. Ltd.,20,2681.0,53620.0,2025-08-06 11:15:24.156776
2025-08-06,86577,2025080605002495,CHDC,Vision Securities Pvt. Ltd,Dakshinkali Investment & Securities Pvt. Ltd.,30,2681.0,80430.0,2025-08-06 11:17:04.215425
2025-08-06,86009,2025080605002734,CHDC,Himalayan Securities Limited,Naasa Securities Co. Ltd.,50,2683.0,134150.0,2025-08-06 11:18:31.490870
2025-08-06,85667,2025080605002889,CHDC,Vision Securities Pvt. Ltd,Aryatara Investment & Securities,12,2685.0,32220.0,2025-08-06 11:19:29.520201
2025-08-06,85045,2025080605003123,CHDC,Himalayan Securities Limited,Primo Securities (PVT) Ltd.,100,2699.0,269900.0,2025-08-06 11:21:18.850330
2025-08-06,85044,2025080605003124,CHDC,Himalayan Securities Limited,Dakshinkali Investment & Securities Pvt. Ltd.,50,2700.0,135000.0,2025-08-06 11:21:18.850567
2025-08-06,85043,2025080605003125,CHDC,Himalayan Securities Limited,Primo Securities (PVT) Ltd.,100,2700.0,270000.0,2025-08-06 11:21:18.850706
2025-08-06,85042,2025080605003126,CHDC,Himalayan Securities Limited,Kohinoor Investment & Securities Pvt. Ltd.,12,2700.0,32400.0,2025-08-06 11:21:18.850840
2025-08-06,84629,2025080605003264,CHDC,Sani Securities Company Ltd.,Arun Securities (PVT) Ltd.,13,2709.0,35217.0,2025-08-06 11:22:32.272219
2025-08-06,84504,2025080605003293,CHDC,Market Securities & Exchange (PVT) Ltd.,Arun Securities (PVT) Ltd.,28,2709.0,75852.0,2025-08-06 11:22:51.022839
2025-08-06,83062,2025080605003802,CHDC,Linch Stock Market Ltd.,Prabhu Stock Market Limited,100,2701.2,270120.0,2025-08-06 11:26:56.840218
2025-08-06,82876,2025080605003868,CHDC,Linch Stock Market Ltd.,Naasa Securities Co. Ltd.,20,2701.2,54024.0,2025-08-06 11:27:16.655030
2025-08-06,82785,2025080605003898,CHDC,Linch Stock Market Ltd.,Aryatara Investment & Securities,40,2701.2,108048.0,2025-08-06 11:27:34.194672
2025-08-06,82465,2025080605004038,CHDC,Linch Stock Market Ltd.,Prabhu Stock Market Limited,100,2701.2,270120.0,2025-08-06 11:28:12.045506
2025-08-06,82388,2025080605004057,CHDC,Linch Stock Market Ltd.,Trishakti Securities Public Limited,150,2701.2,405180.0,2025-08-06 11:28:21.956523
2025-08-06,82287,2025080605004093,CHDC,Sharepro Securities Private Limited,Sani Securities Company Ltd.,1,2650.0,2650.0,2025-08-06 11:28:42.258443
2025-08-06,82204,2025080605004122,CHDC,Sharepro Securities Private Limited,Dipshikha Dhitopatra Karobar Co. Pvt Ltd.,1,2650.0,2650.0,2025-08-06 11:28:55.304464
2025-08-06,81615,2025080605004347,CHDC,Sharepro Securities Private Limited,Sundhara Securities Limited,1,2670.0,2670.0,2025-08-06 11:30:19.660228
2025-08-06,81256,2025080605004496,CHDC,Linch Stock Market Ltd.,Primo Securities (PVT) Ltd.,50,2701.2,135060.0,2025-08-06 11:31:20.090577
2025-08-06,80752,2025080605004723,CHDC,Linch Stock Market Ltd.,Neev Securities Pvt. Ltd.,14,2701.2,37816.8,2025-08-06 11:32:25.430036
2025-08-06,80487,2025080605004826,CHDC,Cristal Kanchanjanga Securites Pvt. Ltd.,Prabhu Stock Market Limited,100,2701.3,270130.0,2025-08-06 11:33:09.908626
2025-08-06,80367,2025080605004869,CHDC,Sani Securities Company Ltd.,Vision Securities Pvt. Ltd,12,2707.0,32484.0,2025-08-06 11:33:31.512743
2025-08-06,80343,2025080605004870,CHDC,Linch Stock Market Ltd.,Cristal Kanchanjanga Securites Pvt. Ltd.,26,2701.2,70231.2,2025-08-06 11:33:33.483459
2025-08-06,80342,2025080605004871,CHDC,Himalayan Securities Limited,Cristal Kanchanjanga Securites Pvt. Ltd.,24,2701.1,64826.4,2025-08-06 11:33:33.483627
2025-08-06,80132,2025080605004933,CHDC,Sharepro Securities Private Limited,Imperial Securities Company Pvt. Ltd.,1,2672.0,2672.0,2025-08-06 11:34:15.942948
2025-08-06,80089,2025080605004940,CHDC,Deevyaa Securities & Stock House Pvt. Ltd,Dipshikha Dhitopatra Karobar Co. Pvt Ltd.,1,2650.0,2650.0,2025-08-06 11:34:21.801234
2025-08-06,79748,2025080605005065,CHDC,Deevyaa Securities & Stock House Pvt. Ltd,Sani Securities Company Ltd.,1,2650.0,2650.0,2025-08-06 11:35:21.900319
2025-08-06,79740,2025080605005069,CHDC,Himalayan Securities Limited,Himalayan Brokerage Company Limited,10,2701.1,27011.0,2025-08-06 11:35:23.290213
2025-08-06,79537,2025080605005136,CHDC,Himalayan Securities Limited,Neev Securities Pvt. Ltd.,12,2701.1,32413.2,2025-08-06 11:35:56.774628
2025-08-06,79445,2025080605005163,CHDC,Sundhara Securities Limited,Sundhara Securities Limited,1,2650.4,2650.4,2025-08-06 11:36:15.986392
2025-08-06,79111,2025080605005295,CHDC,Linch Stock Market Ltd.,Secured Securities Ltd.,98,2701.0,264698.0,2025-08-06 11:37:19.556002
2025-08-06,79014,2025080605005324,CHDC,Linch Stock Market Ltd.,ABC Securities Private Limited,102,2701.0,275502.0,2025-08-06 11:37:43.760603
2025-08-06,79013,2025080605005325,CHDC,SUN SECURITIES PVT LTD,ABC Securities Private Limited,100,2700.1,270010.0,2025-08-06 11:37:43.760706
2025-08-06,79012,2025080605005326,CHDC,Himalayan Securities Limited,ABC Securities Private Limited,265,2700.0,715500.0,2025-08-06 11:37:43.760784
2025-08-06,78999,2025080605005333,CHDC,Sharepro Securities Private Limited,Naasa Securities Co. Ltd.,1,2650.0,2650.0,2025-08-06 11:37:46.139053
2025-08-06,78504,2025080605005520,CHDC,Himalayan Securities Limited,Asian Securities Private Ltd.,12,2700.0,32400.0,2025-08-06 11:39:08.255842
2025-08-06,78501,2025080605005522,CHDC,Himalayan Securities Limited,Miyo Securities Pvt Ltd,411,2700.0,1109700.0,2025-08-06 11:39:09.049944
2025-08-06,78500,2025080605005523,CHDC,Himalayan Securities Limited,Miyo Securities Pvt Ltd,10,2700.0,27000.0,2025-08-06 11:39:09.050085
2025-08-06,78499,2025080605005524,CHDC,Arun Securities (PVT) Ltd.,Miyo Securities Pvt Ltd,10,2700.0,27000.0,2025-08-06 11:39:09.050153
2025-08-06,78409,2025080605005551,CHDC,Cristal Kanchanjanga Securites Pvt. Ltd.,Ashutosh Brokerage & Securities (PVT) Ltd.,100,2692.0,269200.0,2025-08-06 11:39:28.215511
2025-08-06,78408,2025080605005552,CHDC,Himalayan Brokerage Company Limited,Ashutosh Brokerage & Securities (PVT) Ltd.,400,2690.0,1076000.0,2025-08-06 11:39:28.215714
2025-08-06,78357,2025080605005571,CHDC,Himalayan Brokerage Company Limited,Prabhu Stock Market Limited,100,2690.0,269000.0,2025-08-06 11:39:35.437691
2025-08-06,78258,2025080605005603,CHDC,Market Securities & Exchange (PVT) Ltd.,Miyo Securities Pvt Ltd,12,2700.0,32400.0,2025-08-06 11:39:55.632455
2025-08-06,76421,2025080605006283,CHDC,Linch Stock Market Ltd.,Miyo Securities Pvt Ltd,200,2682.0,536400.0,2025-08-06 11:45:22.482570
2025-08-06,76420,2025080605006284,CHDC,Premier Securities Company Ltd.,Miyo Securities Pvt Ltd,10,2682.0,26820.0,2025-08-06 11:45:22.482747
2025-08-06,76419,2025080605006285,CHDC,Imperial Securities Company Pvt. Ltd.,Miyo Securities Pvt Ltd,35,2680.0,93800.0,2025-08-06 11:45:22.482823
2025-08-06,76418,2025080605006286,CHDC,Vision Securities Pvt. Ltd,Miyo Securities Pvt Ltd,755,2680.0,2023400.0,2025-08-06 11:45:22.482879
2025-08-06,76053,2025080605006449,CHDC,Premier Securities Company Ltd.,Naasa Securities Co. Ltd.,10,2680.0,26800.0,2025-08-06 11:46:20.755798
2025-08-06,75706,2025080605006614,CHDC,Elite Stock House Limited,Aryatara Investment & Securities,12,2680.1,32161.2,2025-08-06 11:47:18.406613
2025-08-06,74867,2025080605006912,CHDC,Himalayan Securities Limited,Imperial Securities Company Pvt. Ltd.,12,2690.0,32280.0,2025-08-06 11:49:58.044355
2025-08-06,74866,2025080605006913,CHDC,Himalayan Securities Limited,Primo Securities (PVT) Ltd.,50,2699.0,134950.0,2025-08-06 11:49:58.044534
2025-08-06,74865,2025080605006914,CHDC,Himalayan Securities Limited,Miyo Securities Pvt Ltd,557,2700.0,1503900.0,2025-08-06 11:49:58.044599
2025-08-06,74864,2025080605006915,CHDC,Himalayan Securities Limited,Thrive Brokerage House Pvt. Ltd,12,2700.0,32400.0,2025-08-06 11:49:58.044673
2025-08-06,74863,2025080605006916,CHDC,Himalayan Securities Limited,Naasa Securities Co. Ltd.,12,2700.0,32400.0,2025-08-06 11:49:58.044731
2025-08-06,74862,2025080605006917,CHDC,Himalayan Securities Limited,Thrive Brokerage House Pvt. Ltd,10,2700.0,27000.0,2025-08-06 11:49:58.044786
2025-08-06,74861,2025080605006918,CHDC,Himalayan Securities Limited,Trishakti Securities Public Limited,12,2700.0,32400.0,2025-08-06 11:49:58.044843
2025-08-06,74646,2025080605006997,CHDC,Sharepro Securities Private Limited,Elite Stock House Limited,1,2650.0,2650.0,2025-08-06 11:50:42.673752
2025-08-06,74598,2025080605007012,CHDC,Elite Stock House Limited,Imperial Securities Company Pvt. Ltd.,12,2705.0,32460.0,2025-08-06 11:50:48.892405
2025-08-06,74575,2025080605007021,CHDC,Elite Stock House Limited,Sundhara Securities Limited,12,2705.0,32460.0,2025-08-06 11:50:52.222167
2025-08-06,73890,2025080605007263,CHDC,SHUBHAKAMANA SECURITIES PVT. LTD,Himalayan Securities Limited,12,2706.0,32472.0,2025-08-06 11:52:29.120222
2025-08-06,73889,2025080605007264,CHDC,SHUBHAKAMANA SECURITIES PVT. LTD,Bhrikuti Stock Broking Co. Pvt. Ltd.,65,2707.0,175955.0,2025-08-06 11:52:29.120394
2025-08-06,73888,2025080605007265,CHDC,SHUBHAKAMANA SECURITIES PVT. LTD,Kohinoor Investment & Securities Pvt. Ltd.,12,2708.0,32496.0,2025-08-06 11:52:29.120452
2025-08-06,73887,2025080605007266,CHDC,SHUBHAKAMANA SECURITIES PVT. LTD,K.B.L. Securities Limited ,100,2708.0,270800.0,2025-08-06 11:52:29.120508
2025-08-06,73886,2025080605007267,CHDC,SHUBHAKAMANA SECURITIES PVT. LTD,ABC Securities Private Limited,12,2710.0,32520.0,2025-08-06 11:52:29.120563
2025-08-06,73885,2025080605007268,CHDC,SHUBHAKAMANA SECURITIES PVT. LTD,Premier Securities Company Ltd.,70,2710.0,189700.0,2025-08-06 11:52:29.120618
2025-08-06,73884,2025080605007269,CHDC,SHUBHAKAMANA SECURITIES PVT. LTD,Primo Securities (PVT) Ltd.,10,2710.0,27100.0,2025-08-06 11:52:29.120671
2025-08-06,73883,2025080605007270,CHDC,SHUBHAKAMANA SECURITIES PVT. LTD,Pragyan Securities (PVT) Ltd.,110,2710.0,298100.0,2025-08-06 11:52:29.120724
2025-08-06,73882,2025080605007271,CHDC,SHUBHAKAMANA SECURITIES PVT. LTD,Naasa Securities Co. Ltd.,12,2710.0,32520.0,2025-08-06 11:52:29.120779
2025-08-06,73881,2025080605007272,CHDC,SHUBHAKAMANA SECURITIES PVT. LTD,Shree Krishna Securities Ltd.,10,2710.0,27100.0,2025-08-06 11:52:29.120838
2025-08-06,73880,2025080605007273,CHDC,SHUBHAKAMANA SECURITIES PVT. LTD,Sani Securities Company Ltd.,12,2710.0,32520.0,2025-08-06 11:52:29.120889
2025-08-06,73879,2025080605007274,CHDC,SHUBHAKAMANA SECURITIES PVT. LTD,Premier Securities Company Ltd.,12,2710.0,32520.0,2025-08-06 11:52:29.120942
2025-08-06,73878,2025080605007275,CHDC,SHUBHAKAMANA SECURITIES PVT. LTD,Neev Securities Pvt. Ltd.,12,2710.0,32520.0,2025-08-06 11:52:29.120996
2025-08-06,73362,2025080605007458,CHDC,NIMB Stock Markets Limited,Sani Securities Company Ltd.,12,2710.0,32520.0,2025-08-06 11:53:51.308093
2025-08-06,73361,2025080605007459,CHDC,NIMB Stock Markets Limited,Agrawal Securities (PVT) Ltd.,88,2710.4,238515.2,2025-08-06 11:53:51.308266
2025-08-06,72359,2025080605007825,CHDC,Primo Securities (PVT) Ltd.,Naasa Securities Co. Ltd.,12,2701.2,32414.4,2025-08-06 11:55:55.737773
2025-08-06,72266,2025080605007844,CHDC,Elite Stock House Limited,Miyo Securities Pvt Ltd,39,2701.3,105350.7,2025-08-06 11:56:07.782201
2025-08-06,72265,2025080605007845,CHDC,Primo Securities (PVT) Ltd.,Miyo Securities Pvt Ltd,88,2701.2,237705.6,2025-08-06 11:56:07.782376
2025-08-06,72264,2025080605007846,CHDC,Infinity Securities Limited,Miyo Securities Pvt Ltd,100,2701.1,270110.0,2025-08-06 11:56:07.782438
2025-08-06,71844,2025080605007920,CHDC,Miyo Securities Pvt Ltd,Miyo Securities Pvt Ltd,200,2701.1,540220.0,2025-08-06 11:56:37.923681
2025-08-06,71755,2025080605007938,CHDC,Imperial Securities Company Pvt. Ltd.,Nepal Investment And Securities Trading Private Limited,50,2701.0,135050.0,2025-08-06 11:56:49.968770
2025-08-06,71594,2025080605007961,CHDC,Infinity Securities Limited,Nepal Investment And Securities Trading Private Limited,53,2701.0,143153.0,2025-08-06 11:57:00.893832
2025-08-06,71317,2025080605008043,CHDC,Sumeru Securities Pvt. Ltd.,Miyo Securities Pvt Ltd,89,2701.1,240397.9,2025-08-06 11:57:34.335908
2025-08-06,71316,2025080605008044,CHDC,Sumeru Securities Pvt. Ltd.,Sundhara Securities Limited,11,2710.0,29810.0,2025-08-06 11:57:34.335987
2025-08-06,70719,2025080605008218,CHDC,Sumeru Securities Pvt. Ltd.,Miyo Securities Pvt Ltd,370,2709.0,1002330.0,2025-08-06 11:58:54.803534
2025-08-06,69201,2025080605008713,CHDC,Primo Securities (PVT) Ltd.,Bhrikuti Stock Broking Co. Pvt. Ltd.,100,2702.0,270200.0,2025-08-06 12:02:06.755756
2025-08-06,69109,2025080605008738,CHDC,Sumeru Securities Pvt. Ltd.,Aryatara Investment & Securities,12,2701.3,32415.6,2025-08-06 12:02:20.800841
2025-08-06,68325,2025080605009020,CHDC,Kumari Securities Private Limited,Naasa Securities Co. Ltd.,2,2680.0,5360.0,2025-08-06 12:04:38.921417
2025-08-06,68111,2025080605009110,CHDC,Sumeru Securities Pvt. Ltd.,Bhrikuti Stock Broking Co. Pvt. Ltd.,88,2701.3,237714.4,2025-08-06 12:05:08.781902
2025-08-06,68110,2025080605009111,CHDC,Infinity Securities Limited,Bhrikuti Stock Broking Co. Pvt. Ltd.,100,2701.2,270120.0,2025-08-06 12:05:08.781967
2025-08-06,68109,2025080605009112,CHDC,Himalayan Securities Limited,Bhrikuti Stock Broking Co. Pvt. Ltd.,112,2700.0,302400.0,2025-08-06 12:05:08.782013
2025-08-06,67916,2025080605009180,CHDC,Himalayan Securities Limited,Miyo Securities Pvt Ltd,12,2700.0,32400.0,2025-08-06 12:05:52.326190
2025-08-06,67475,2025080605009308,CHDC,Asian Securities Private Ltd.,Investment Management Nepal Pvt. Ltd.,1,2660.0,2660.0,2025-08-06 12:07:14.517607
2025-08-06,67317,2025080605009374,CHDC,Imperial Securities Company Pvt. Ltd.,Naasa Securities Co. Ltd.,12,2710.0,32520.0,2025-08-06 12:07:41.290795
2025-08-06,67302,2025080605009376,CHDC,Sumeru Securities Pvt. Ltd.,Miyo Securities Pvt Ltd,100,2700.1,270010.0,2025-08-06 12:07:42.796711
2025-08-06,67301,2025080605009377,CHDC,Himalayan Securities Limited,Miyo Securities Pvt Ltd,211,2700.0,569700.0,2025-08-06 12:07:42.796888
2025-08-06,67160,2025080605009443,CHDC,Ashutosh Brokerage & Securities (PVT) Ltd.,Miyo Securities Pvt Ltd,200,2700.0,540000.0,2025-08-06 12:08:09.433544
2025-08-06,66917,2025080605009554,CHDC,Asian Securities Private Ltd.,Imperial Securities Company Pvt. Ltd.,12,2700.1,32401.2,2025-08-06 12:09:06.042816
2025-08-06,66877,2025080605009563,CHDC,NIMB Stock Markets Limited,Hatemalo Financial Services Private Limited,10,2710.0,27100.0,2025-08-06 12:09:16.421537
2025-08-06,66876,2025080605009564,CHDC,NIMB Stock Markets Limited,Agrawal Securities (PVT) Ltd.,12,2710.4,32524.8,2025-08-06 12:09:16.421712
2025-08-06,66875,2025080605009565,CHDC,NIMB Stock Markets Limited,Garima Securities Limited,99,2715.0,268785.0,2025-08-06 12:09:16.421771
2025-08-06,66874,2025080605009566,CHDC,NIMB Stock Markets Limited,Secured Securities Ltd.,50,2715.0,135750.0,2025-08-06 12:09:16.421827
2025-08-06,66630,2025080605009665,CHDC,NIMB Stock Markets Limited,Agrawal Securities (PVT) Ltd.,20,2715.0,54300.0,2025-08-06 12:09:56.763095
2025-08-06,66376,2025080605009736,CHDC,Asian Securities Private Ltd.,Dakshinkali Investment & Securities Pvt. Ltd.,12,2718.0,32616.0,2025-08-06 12:10:45.495055
2025-08-06,66375,2025080605009737,CHDC,Asian Securities Private Ltd.,ABC Securities Private Limited,50,2720.0,136000.0,2025-08-06 12:10:45.495232
2025-08-06,66374,2025080605009738,CHDC,Asian Securities Private Ltd.,Miyo Securities Pvt Ltd,20,2720.0,54400.0,2025-08-06 12:10:45.495291
2025-08-06,66373,2025080605009739,CHDC,Asian Securities Private Ltd.,Thrive Brokerage House Pvt. Ltd,10,2720.0,27200.0,2025-08-06 12:10:45.495353
2025-08-06,66372,2025080605009740,CHDC,Asian Securities Private Ltd.,Midas Stock Broking Company Private Limited,58,2720.0,157760.0,2025-08-06 12:10:45.495406
2025-08-06,66187,2025080605009805,CHDC,Asian Securities Private Ltd.,Naasa Securities Co. Ltd.,12,2716.0,32592.0,2025-08-06 12:11:28.164462
2025-08-06,66177,2025080605009806,CHDC,Primo Securities (PVT) Ltd.,Midas Stock Broking Company Private Limited,17,2720.0,46240.0,2025-08-06 12:11:30.101515
2025-08-06,66176,2025080605009807,CHDC,Primo Securities (PVT) Ltd.,Naasa Securities Co. Ltd.,12,2720.0,32640.0,2025-08-06 12:11:30.101689
2025-08-06,66175,2025080605009808,CHDC,Primo Securities (PVT) Ltd.,Agrawal Securities (PVT) Ltd.,71,2720.3,193141.3,2025-08-06 12:11:30.101755
2025-08-06,65926,2025080605009904,CHDC,Miyo Securities Pvt Ltd,Agrawal Securities (PVT) Ltd.,25,2720.3,68007.5,2025-08-06 12:12:24.941462
2025-08-06,65871,2025080605009924,CHDC,Sumeru Securities Pvt. Ltd.,SUN SECURITIES PVT LTD,20,2724.0,54480.0,2025-08-06 12:12:38.145179
2025-08-06,65838,2025080605009942,CHDC,Asian Securities Private Ltd.,SUN SECURITIES PVT LTD,80,2724.0,217920.0,2025-08-06 12:12:46.428975
2025-08-06,65837,2025080605009943,CHDC,Asian Securities Private Ltd.,Cristal Kanchanjanga Securites Pvt. Ltd.,46,2724.0,125304.0,2025-08-06 12:12:46.429172
2025-08-06,65824,2025080605009948,CHDC,Asian Securities Private Ltd.,Trisul Securities & Invt. Ltd.,1,2670.0,2670.0,2025-08-06 12:12:48.469305
2025-08-06,64705,2025080605010388,CHDC,Miyo Securities Pvt Ltd,Nepal Investment And Securities Trading Private Limited,12,2716.0,32592.0,2025-08-06 12:16:41.389622
2025-08-06,64703,2025080605010389,CHDC,Sharepro Securities Private Limited,Dynamic Money Managers Securities Pvt. Ltd.,1,2682.0,2682.0,2025-08-06 12:16:41.804963
2025-08-06,64674,2025080605010397,CHDC,Asian Securities Private Ltd.,Dipshikha Dhitopatra Karobar Co. Pvt Ltd.,1,2662.0,2662.0,2025-08-06 12:16:46.964118
2025-08-06,64648,2025080605010408,CHDC,Sharepro Securities Private Limited,Secured Securities Ltd.,1,2682.0,2682.0,2025-08-06 12:16:55.853933
2025-08-06,63927,2025080605010730,CHDC,Asian Securities Private Ltd.,Online Securities Pvt. Ltd.,1,2666.0,2666.0,2025-08-06 12:18:40.475818
2025-08-06,63046,2025080605011038,CHDC,Asian Securities Private Ltd.,Kohinoor Investment & Securities Pvt. Ltd.,1,2666.0,2666.0,2025-08-06 12:21:51.691480
2025-08-06,62613,2025080605011210,CHDC,Miyo Securities Pvt Ltd,Miyo Securities Pvt Ltd,22,2716.0,59752.0,2025-08-06 12:23:19.579028
2025-08-06,61388,2025080605011576,CHDC,Miyo Securities Pvt Ltd,Miyo Securities Pvt Ltd,14,2716.0,38024.0,2025-08-06 12:27:16.534665
2025-08-06,61387,2025080605011577,CHDC,Imperial Securities Company Pvt. Ltd.,Miyo Securities Pvt Ltd,46,2715.0,124890.0,2025-08-06 12:27:16.534984
2025-08-06,61308,2025080605011611,CHDC,Imperial Securities Company Pvt. Ltd.,ABC Securities Private Limited,12,2715.0,32580.0,2025-08-06 12:27:34.085095
2025-08-06,61161,2025080605011667,CHDC,Imperial Securities Company Pvt. Ltd.,Miyo Securities Pvt Ltd,177,2715.0,480555.0,2025-08-06 12:28:06.750229
2025-08-06,60911,2025080605011777,CHDC,Imperial Securities Company Pvt. Ltd.,Sumeru Securities Pvt. Ltd.,10,2715.0,27150.0,2025-08-06 12:28:56.945522
2025-08-06,60554,2025080605011893,CHDC,NIMB Stock Markets Limited,Miyo Securities Pvt Ltd,100,2716.0,271600.0,2025-08-06 12:29:57.211985
2025-08-06,60553,2025080605011894,CHDC,Imperial Securities Company Pvt. Ltd.,Miyo Securities Pvt Ltd,50,2715.0,135750.0,2025-08-06 12:29:57.212198
2025-08-06,60368,2025080605011970,CHDC,Imperial Securities Company Pvt. Ltd.,Sumeru Securities Pvt. Ltd.,10,2715.0,27150.0,2025-08-06 12:30:34.280488
2025-08-06,60299,2025080605011989,CHDC,Imperial Securities Company Pvt. Ltd.,Opal Securities Investment (PVT) Ltd.,95,2715.0,257925.0,2025-08-06 12:30:55.340630
2025-08-06,60298,2025080605011990,CHDC,Himalayan Securities Limited,Opal Securities Investment (PVT) Ltd.,492,2715.0,1335780.0,2025-08-06 12:30:55.340970
2025-08-06,60252,2025080605012008,CHDC,Himalayan Securities Limited,Miyo Securities Pvt Ltd,12,2715.0,32580.0,2025-08-06 12:31:08.508495
2025-08-06,60224,2025080605012016,CHDC,Primo Securities (PVT) Ltd.,J.F. Securites (PVT) Ltd.,10,2723.0,27230.0,2025-08-06 12:31:18.416176
2025-08-06,60223,2025080605012017,CHDC,Primo Securities (PVT) Ltd.,Naasa Securities Co. Ltd.,30,2723.0,81690.0,2025-08-06 12:31:18.416340
2025-08-06,60222,2025080605012018,CHDC,Primo Securities (PVT) Ltd.,Sumeru Securities Pvt. Ltd.,22,2723.0,59906.0,2025-08-06 12:31:18.416408
2025-08-06,60221,2025080605012019,CHDC,Primo Securities (PVT) Ltd.,Linch Stock Market Ltd.,12,2724.0,32688.0,2025-08-06 12:31:18.416470
2025-08-06,60220,2025080605012020,CHDC,Primo Securities (PVT) Ltd.,Primo Securities (PVT) Ltd.,10,2724.0,27240.0,2025-08-06 12:31:18.416530
2025-08-06,60219,2025080605012021,CHDC,Primo Securities (PVT) Ltd.,Hatemalo Financial Services Private Limited,10,2724.0,27240.0,2025-08-06 12:31:18.416588
2025-08-06,60218,2025080605012022,CHDC,Primo Securities (PVT) Ltd.,Cristal Kanchanjanga Securites Pvt. Ltd.,50,2725.0,136250.0,2025-08-06 12:31:18.416648
2025-08-06,60217,2025080605012023,CHDC,Primo Securities (PVT) Ltd.,Property Wiard Limited,12,2725.0,32700.0,2025-08-06 12:31:18.416711
2025-08-06,60216,2025080605012024,CHDC,Primo Securities (PVT) Ltd.,Secured Securities Ltd.,50,2725.0,136250.0,2025-08-06 12:31:18.416770
2025-08-06,60215,2025080605012025,CHDC,Primo Securities (PVT) Ltd.,Dipshikha Dhitopatra Karobar Co. Pvt Ltd.,12,2725.0,32700.0,2025-08-06 12:31:18.416828
2025-08-06,60214,2025080605012026,CHDC,Primo Securities (PVT) Ltd.,Vision Securities Pvt. Ltd,100,2725.0,272500.0,2025-08-06 12:31:18.416885
2025-08-06,59952,2025080605012168,CHDC,Primo Securities (PVT) Ltd.,Nepal Stock House (PVT) Ltd.,10,2725.0,27250.0,2025-08-06 12:32:21.267874
2025-08-06,59863,2025080605012196,CHDC,Primo Securities (PVT) Ltd.,Miyo Securities Pvt Ltd,72,2725.0,196200.0,2025-08-06 12:32:49.963633
2025-08-06,59842,2025080605012203,CHDC,Premier Securities Company Ltd.,Miyo Securities Pvt Ltd,28,2725.0,76300.0,2025-08-06 12:32:54.036802
2025-08-06,59841,2025080605012204,CHDC,Premier Securities Company Ltd.,Thrive Brokerage House Pvt. Ltd,12,2730.0,32760.0,2025-08-06 12:32:54.037028
2025-08-06,59840,2025080605012205,CHDC,Premier Securities Company Ltd.,Cristal Kanchanjanga Securites Pvt. Ltd.,260,2732.0,710320.0,2025-08-06 12:32:54.037099
2025-08-06,59682,2025080605012323,CHDC,Sundhara Securities Limited,Dynamic Money Managers Securities Pvt. Ltd.,12,2725.0,32700.0,2025-08-06 12:33:18.546177
2025-08-06,59506,2025080605012374,CHDC,Asian Securities Private Ltd.,Miyo Securities Pvt Ltd,50,2717.0,135850.0,2025-08-06 12:34:04.288759
2025-08-06,59487,2025080605012384,CHDC,Kohinoor Investment & Securities Pvt. Ltd.,Dynamic Money Managers Securities Pvt. Ltd.,10,2730.0,27300.0,2025-08-06 12:34:15.691277
2025-08-06,59395,2025080605012404,CHDC,Dynamic Money Managers Securities Pvt. Ltd.,Dipshikha Dhitopatra Karobar Co. Pvt Ltd.,15,2718.0,40770.0,2025-08-06 12:34:27.587429
2025-08-06,59348,2025080605012415,CHDC,Sharepro Securities Private Limited,Dipshikha Dhitopatra Karobar Co. Pvt Ltd.,1,2685.1,2685.1,2025-08-06 12:34:40.064998
2025-08-06,59315,2025080605012425,CHDC,Kohinoor Investment & Securities Pvt. Ltd.,Cristal Kanchanjanga Securites Pvt. Ltd.,10,2732.0,27320.0,2025-08-06 12:34:49.916398
2025-08-06,58927,2025080605012550,CHDC,Asian Securities Private Ltd.,Miyo Securities Pvt Ltd,150,2721.0,408150.0,2025-08-06 12:35:59.607912
2025-08-06,58844,2025080605012583,CHDC,Miyo Securities Pvt Ltd,Miyo Securities Pvt Ltd,20,2721.0,54420.0,2025-08-06 12:36:22.714264
2025-08-06,58823,2025080605012591,CHDC,Miyo Securities Pvt Ltd,Sumeru Securities Pvt. Ltd.,10,2721.0,27210.0,2025-08-06 12:36:31.735469
2025-08-06,58729,2025080605012611,CHDC,Asian Securities Private Ltd.,Creative Securities Pvt Ltd,100,2720.1,272010.0,2025-08-06 12:36:49.364149
2025-08-06,58728,2025080605012612,CHDC,Online Securities Pvt. Ltd.,Creative Securities Pvt Ltd,590,2720.0,1604800.0,2025-08-06 12:36:49.364366
2025-08-06,58289,2025080605012813,CHDC,Kohinoor Investment & Securities Pvt. Ltd.,Imperial Securities Company Pvt. Ltd.,10,2722.2,27222.0,2025-08-06 12:38:35.509235
2025-08-06,58288,2025080605012814,CHDC,Premier Securities Company Ltd.,Imperial Securities Company Pvt. Ltd.,48,2721.1,130612.8,2025-08-06 12:38:35.509582
2025-08-06,58287,2025080605012815,CHDC,Deevyaa Securities & Stock House Pvt. Ltd,Imperial Securities Company Pvt. Ltd.,100,2721.0,272100.0,2025-08-06 12:38:35.509776
2025-08-06,58286,2025080605012816,CHDC,Deevyaa Securities & Stock House Pvt. Ltd,Imperial Securities Company Pvt. Ltd.,100,2721.0,272100.0,2025-08-06 12:38:35.509964
2025-08-06,58285,2025080605012817,CHDC,Online Securities Pvt. Ltd.,Imperial Securities Company Pvt. Ltd.,180,2720.0,489600.0,2025-08-06 12:38:35.510150
2025-08-06,58284,2025080605012818,CHDC,Dynamic Money Managers Securities Pvt. Ltd.,Imperial Securities Company Pvt. Ltd.,62,2718.0,168516.0,2025-08-06 12:38:35.510349
2025-08-06,58148,2025080605012883,CHDC,Dynamic Money Managers Securities Pvt. Ltd.,Imperial Securities Company Pvt. Ltd.,500,2718.0,1359000.0,2025-08-06 12:39:03.829303
2025-08-06,58114,2025080605012897,CHDC,Dynamic Money Managers Securities Pvt. Ltd.,Miyo Securities Pvt Ltd,10,2718.0,27180.0,2025-08-06 12:39:11.423006
2025-08-06,57607,2025080605013157,CHDC,Dynamic Money Managers Securities Pvt. Ltd.,Vision Securities Pvt. Ltd,12,2718.0,32616.0,2025-08-06 12:41:09.793882
2025-08-06,57540,2025080605013177,CHDC,Dynamic Money Managers Securities Pvt. Ltd.,Miyo Securities Pvt Ltd,48,2718.0,130464.0,2025-08-06 12:41:24.948219
2025-08-06,57507,2025080605013194,CHDC,Dynamic Money Managers Securities Pvt. Ltd.,Miyo Securities Pvt Ltd,10,2718.0,27180.0,2025-08-06 12:41:29.971609
2025-08-06,57434,2025080605013215,CHDC,Dynamic Money Managers Securities Pvt. Ltd.,KALASH STOCK MARKET PVT. LTD.,303,2718.0,823554.0,2025-08-06 12:41:46.987255
2025-08-06,57433,2025080605013216,CHDC,NIMB Stock Markets Limited,KALASH STOCK MARKET PVT. LTD.,109,2718.0,296262.0,2025-08-06 12:41:46.987578
2025-08-06,57432,2025080605013217,CHDC,NIMB Stock Markets Limited,KALASH STOCK MARKET PVT. LTD.,98,2716.0,266168.0,2025-08-06 12:41:46.987770
2025-08-06,57431,2025080605013218,CHDC,NIMB Stock Markets Limited,Online Securities Pvt. Ltd.,2,2716.0,5432.0,2025-08-06 12:41:46.988076
2025-08-06,57201,2025080605013289,CHDC,Online Securities Pvt. Ltd.,Sani Securities Company Ltd.,500,2725.9,1362950.0,2025-08-06 12:42:34.496594
2025-08-06,57166,2025080605013311,CHDC,Linch Stock Market Ltd.,Sani Securities Company Ltd.,100,2725.9,272590.0,2025-08-06 12:42:41.303064
2025-08-06,57081,2025080605013339,CHDC,Aakashbhairab Securities Ltd.,Vision Securities Pvt. Ltd,12,2718.0,32616.0,2025-08-06 12:43:02.864956
2025-08-06,57051,2025080605013351,CHDC,Aakashbhairab Securities Ltd.,Ashutosh Brokerage & Securities (PVT) Ltd.,50,2729.9,136495.0,2025-08-06 12:43:10.511277
2025-08-06,56903,2025080605013390,CHDC,R.B.B. Securities Company Ltd,Miyo Securities Pvt Ltd,10,2730.0,27300.0,2025-08-06 12:43:33.224933
2025-08-06,56902,2025080605013391,CHDC,R.B.B. Securities Company Ltd,Cristal Kanchanjanga Securites Pvt. Ltd.,30,2732.0,81960.0,2025-08-06 12:43:33.225151
2025-08-06,56901,2025080605013392,CHDC,R.B.B. Securities Company Ltd,Shree Krishna Securities Ltd.,20,2733.0,54660.0,2025-08-06 12:43:33.225233
2025-08-06,56900,2025080605013393,CHDC,R.B.B. Securities Company Ltd,Online Securities Pvt. Ltd.,12,2734.0,32808.0,2025-08-06 12:43:33.225331
2025-08-06,56821,2025080605013421,CHDC,Trishakti Securities Public Limited,Investment Management Nepal Pvt. Ltd.,11,2740.0,30140.0,2025-08-06 12:43:43.986478
2025-08-06,56816,2025080605013423,CHDC,Kohinoor Investment & Securities Pvt. Ltd.,Agrawal Securities (PVT) Ltd.,10,2740.0,27400.0,2025-08-06 12:43:46.710422
2025-08-06,56798,2025080605013433,CHDC,Naasa Securities Co. Ltd.,Agrawal Securities (PVT) Ltd.,30,2740.0,82200.0,2025-08-06 12:43:49.154401
2025-08-06,56786,2025080605013435,CHDC,Asian Securities Private Ltd.,Miyo Securities Pvt Ltd,7,2700.0,18900.0,2025-08-06 12:43:51.705460
2025-08-06,56700,2025080605013451,CHDC,Asian Securities Private Ltd.,Trishakti Securities Public Limited,1,2700.0,2700.0,2025-08-06 12:44:02.764413
2025-08-06,56632,2025080605013476,CHDC,Kohinoor Investment & Securities Pvt. Ltd.,Thrive Brokerage House Pvt. Ltd,10,2740.0,27400.0,2025-08-06 12:44:11.873261
2025-08-06,56622,2025080605013478,CHDC,Asian Securities Private Ltd.,Opal Securities Investment (PVT) Ltd.,1,2700.0,2700.0,2025-08-06 12:44:12.809541
2025-08-06,56594,2025080605013490,CHDC,Asian Securities Private Ltd.,Shree Krishna Securities Ltd.,1,2700.0,2700.0,2025-08-06 12:44:20.848999
2025-08-06,56524,2025080605013504,CHDC,R.B.B. Securities Company Ltd,Cristal Kanchanjanga Securites Pvt. Ltd.,50,2745.0,137250.0,2025-08-06 12:44:26.371787
2025-08-06,56523,2025080605013505,CHDC,R.B.B. Securities Company Ltd,Vision Securities Pvt. Ltd,25,2745.0,68625.0,2025-08-06 12:44:26.372142
2025-08-06,56522,2025080605013506,CHDC,R.B.B. Securities Company Ltd,Opal Securities Investment (PVT) Ltd.,153,2746.0,420138.0,2025-08-06 12:44:26.372380
2025-08-06,56506,2025080605013510,CHDC,Asian Securities Private Ltd.,Sagarmatha Securities Private Limited,1,2700.0,2700.0,2025-08-06 12:44:28.891917
2025-08-06,56498,2025080605013513,CHDC,Nabil Stock Dealer Ltd.,Opal Securities Investment (PVT) Ltd.,513,2746.0,1408698.0,2025-08-06 12:44:29.999602
2025-08-06,56497,2025080605013514,CHDC,Nabil Stock Dealer Ltd.,Oxford Securities Pvt. Ltd.,12,2750.0,33000.0,2025-08-06 12:44:29.999809
2025-08-06,56496,2025080605013515,CHDC,Nabil Stock Dealer Ltd.,Dakshinkali Investment & Securities Pvt. Ltd.,50,2750.0,137500.0,2025-08-06 12:44:29.999882
2025-08-06,56495,2025080605013516,CHDC,Nabil Stock Dealer Ltd.,Sumeru Securities Pvt. Ltd.,12,2750.0,33000.0,2025-08-06 12:44:29.999964
2025-08-06,56494,2025080605013517,CHDC,Nabil Stock Dealer Ltd.,Sumeru Securities Pvt. Ltd.,12,2750.0,33000.0,2025-08-06 12:44:30.000035
2025-08-06,56493,2025080605013518,CHDC,Nabil Stock Dealer Ltd.,Malla & Malla Stock Broking Company Pvt. Limited,525,2750.0,1443750.0,2025-08-06 12:44:30.000120
2025-08-06,56492,2025080605013519,CHDC,Nabil Stock Dealer Ltd.,Asian Securities Private Ltd.,20,2750.0,55000.0,2025-08-06 12:44:30.000187
2025-08-06,56491,2025080605013520,CHDC,Nabil Stock Dealer Ltd.,Sipla Securities Private Limited,70,2750.0,192500.0,2025-08-06 12:44:30.000255
2025-08-06,56490,2025080605013521,CHDC,Nabil Stock Dealer Ltd.,Market Securities & Exchange (PVT) Ltd.,600,2751.0,1650600.0,2025-08-06 12:44:30.000346
2025-08-06,56435,2025080605013553,CHDC,Asian Securities Private Ltd.,Deevyaa Securities & Stock House Pvt. Ltd,1,2700.0,2700.0,2025-08-06 12:44:37.951920
2025-08-06,56393,2025080605013566,CHDC,Asian Securities Private Ltd.,SHUBHAKAMANA SECURITIES PVT. LTD,1,2700.0,2700.0,2025-08-06 12:44:45.990741
2025-08-06,56374,2025080605013569,CHDC,Kohinoor Investment & Securities Pvt. Ltd.,SHUBHAKAMANA SECURITIES PVT. LTD,10,2754.0,27540.0,2025-08-06 12:44:49.072167
2025-08-06,56371,2025080605013570,CHDC,Sani Securities Company Ltd.,SHUBHAKAMANA SECURITIES PVT. LTD,200,2754.0,550800.0,2025-08-06 12:44:50.017429
2025-08-06,56337,2025080605013581,CHDC,Nabil Stock Dealer Ltd.,Sumeru Securities Pvt. Ltd.,12,2751.0,33012.0,2025-08-06 12:44:56.767301
2025-08-06,56302,2025080605013587,CHDC,Miyo Securities Pvt Ltd,SHUBHAKAMANA SECURITIES PVT. LTD,100,2754.0,275400.0,2025-08-06 12:45:04.291751
2025-08-06,56262,2025080605013606,CHDC,Miyo Securities Pvt Ltd,SHUBHAKAMANA SECURITIES PVT. LTD,100,2754.0,275400.0,2025-08-06 12:45:12.338380
2025-08-06,56152,2025080605013645,CHDC,Trishakti Securities Public Limited,Miyo Securities Pvt Ltd,20,2751.0,55020.0,2025-08-06 12:45:40.474045
2025-08-06,56134,2025080605013650,CHDC,Asian Securities Private Ltd.,Sani Securities Company Ltd.,1,2705.0,2705.0,2025-08-06 12:45:46.250091
2025-08-06,56086,2025080605013672,CHDC,Asian Securities Private Ltd.,Sri Hari Securities Pvt. Ltd.,1,2710.0,2710.0,2025-08-06 12:45:55.289728
2025-08-06,55991,2025080605013706,CHDC,Asian Securities Private Ltd.,Sundhara Securities Limited,1,2710.0,2710.0,2025-08-06 12:46:18.415291
2025-08-06,55506,2025080605013847,CHDC,Asian Securities Private Ltd.,Neev Securities Pvt. Ltd.,100,2738.0,273800.0,2025-08-06 12:47:36.671764
2025-08-06,55357,2025080605013882,CHDC,Nabil Stock Dealer Ltd.,Dipshikha Dhitopatra Karobar Co. Pvt Ltd.,12,2737.0,32844.0,2025-08-06 12:48:06.041048
2025-08-06,55305,2025080605013893,CHDC,Nabil Stock Dealer Ltd.,Sri Hari Securities Pvt. Ltd.,50,2737.0,136850.0,2025-08-06 12:48:16.134505
2025-08-06,55255,2025080605013900,CHDC,Nabil Stock Dealer Ltd.,Sweta Securities Private Limited,200,2737.0,547400.0,2025-08-06 12:48:28.135658
2025-08-06,55232,2025080605013901,CHDC,Nabil Stock Dealer Ltd.,Miyo Securities Pvt Ltd,16,2737.0,43792.0,2025-08-06 12:48:30.249806
2025-08-06,55134,2025080605013970,CHDC,Nabil Stock Dealer Ltd.,Creative Securities Pvt Ltd,146,2737.0,399602.0,2025-08-06 12:48:37.509805
2025-08-06,55096,2025080605013984,CHDC,Kohinoor Investment & Securities Pvt. Ltd.,Creative Securities Pvt Ltd,19,2737.0,52003.0,2025-08-06 12:48:47.337467
2025-08-06,54570,2025080605014139,CHDC,Cristal Kanchanjanga Securites Pvt. Ltd.,Creative Securities Pvt Ltd,100,2732.0,273200.0,2025-08-06 12:50:37.070939
2025-08-06,54569,2025080605014140,CHDC,Linch Stock Market Ltd.,Creative Securities Pvt Ltd,35,2731.0,95585.0,2025-08-06 12:50:37.071119
2025-08-06,53713,2025080605014383,CHDC,Elite Stock House Limited,Miyo Securities Pvt Ltd,50,2732.0,136600.0,2025-08-06 12:52:54.437501
2025-08-06,53422,2025080605014491,CHDC,Elite Stock House Limited,Creative Securities Pvt Ltd,20,2732.0,54640.0,2025-08-06 12:53:52.985236
2025-08-06,53129,2025080605014604,CHDC,Sumeru Securities Pvt. Ltd.,Sumeru Securities Pvt. Ltd.,12,2735.0,32820.0,2025-08-06 12:54:43.296150
2025-08-06,53109,2025080605014608,CHDC,Asian Securities Private Ltd.,Aryatara Investment & Securities,1,2710.0,2710.0,2025-08-06 12:54:44.703988
2025-08-06,52945,2025080605014659,CHDC,Naasa Securities Co. Ltd.,Aryatara Investment & Securities,3,2710.0,8130.0,2025-08-06 12:55:05.956301
2025-08-06,52853,2025080605014709,CHDC,Elite Stock House Limited,Sumeru Securities Pvt. Ltd.,30,2732.0,81960.0,2025-08-06 12:55:19.422819
2025-08-06,52750,2025080605014739,CHDC,Linch Stock Market Ltd.,Miyo Securities Pvt Ltd,40,2736.0,109440.0,2025-08-06 12:55:32.013403
2025-08-06,52640,2025080605014773,CHDC,SUN SECURITIES PVT LTD,Aryatara Investment & Securities,2,2700.0,5400.0,2025-08-06 12:55:51.800105
2025-08-06,52557,2025080605014812,CHDC,Kohinoor Investment & Securities Pvt. Ltd.,Miyo Securities Pvt Ltd,10,2749.0,27490.0,2025-08-06 12:56:02.338537
2025-08-06,52339,2025080605014898,CHDC,J.F. Securites (PVT) Ltd.,Miyo Securities Pvt Ltd,30,2733.0,81990.0,2025-08-06 12:56:46.306130
2025-08-06,52178,2025080605014961,CHDC,Sani Securities Company Ltd.,Cristal Kanchanjanga Securites Pvt. Ltd.,200,2745.0,549000.0,2025-08-06 12:57:09.345459
2025-08-06,52022,2025080605015009,CHDC,Himalayan Securities Limited,Cristal Kanchanjanga Securites Pvt. Ltd.,200,2745.0,549000.0,2025-08-06 12:57:35.275174
2025-08-06,52021,2025080605015010,CHDC,Himalayan Securities Limited,Miyo Securities Pvt Ltd,24,2749.0,65976.0,2025-08-06 12:57:35.275389
2025-08-06,52020,2025080605015011,CHDC,Himalayan Securities Limited,Capital Max Securities Ltd,38,2749.0,104462.0,2025-08-06 12:57:35.275466
2025-08-06,52019,2025080605015012,CHDC,Himalayan Securities Limited,Ashutosh Brokerage & Securities (PVT) Ltd.,30,2749.9,82497.0,2025-08-06 12:57:35.275534
2025-08-06,52018,2025080605015013,CHDC,Himalayan Securities Limited,Himalayan Brokerage Company Limited,50,2750.0,137500.0,2025-08-06 12:57:35.275597
2025-08-06,52017,2025080605015014,CHDC,Himalayan Securities Limited,SUN SECURITIES PVT LTD,100,2750.0,275000.0,2025-08-06 12:57:35.275667
2025-08-06,52016,2025080605015015,CHDC,Himalayan Securities Limited,Sharepro Securities Private Limited,54,2750.0,148500.0,2025-08-06 12:57:35.275731
2025-08-06,51591,2025080605015060,CHDC,Oxford Securities Pvt. Ltd.,Sharepro Securities Private Limited,46,2750.0,126500.0,2025-08-06 12:58:13.124603
2025-08-06,51590,2025080605015061,CHDC,Oxford Securities Pvt. Ltd.,Dipshikha Dhitopatra Karobar Co. Pvt Ltd.,10,2750.0,27500.0,2025-08-06 12:58:13.124799
2025-08-06,51589,2025080605015062,CHDC,Oxford Securities Pvt. Ltd.,Premier Securities Company Ltd.,444,2755.0,1223220.0,2025-08-06 12:58:13.124872
2025-08-06,51505,2025080605015096,CHDC,Sumeru Securities Pvt. Ltd.,Premier Securities Company Ltd.,10,2755.0,27550.0,2025-08-06 12:58:23.174757
2025-08-06,51195,2025080605015229,CHDC,Asian Securities Private Ltd.,Naasa Securities Co. Ltd.,1,2720.0,2720.0,2025-08-06 12:59:13.004226
2025-08-06,51164,2025080605015237,CHDC,Ashutosh Brokerage & Securities (PVT) Ltd.,Miyo Securities Pvt Ltd,30,2735.0,82050.0,2025-08-06 12:59:19.934929
2025-08-06,50817,2025080605015365,CHDC,Asian Securities Private Ltd.,Naasa Securities Co. Ltd.,1,2695.0,2695.0,2025-08-06 13:00:15.818398
2025-08-06,50616,2025080605015419,CHDC,Asian Securities Private Ltd.,K.B.L. Securities Limited ,1,2716.0,2716.0,2025-08-06 13:00:52.757735
2025-08-06,50173,2025080605015487,CHDC,Asian Securities Private Ltd.,Agrawal Securities (PVT) Ltd.,4,2720.3,10881.2,2025-08-06 13:01:40.009018
2025-08-06,49685,2025080605015683,CHDC,Oxford Securities Pvt. Ltd.,Miyo Securities Pvt Ltd,20,2745.0,54900.0,2025-08-06 13:02:49.843297
2025-08-06,49652,2025080605015702,CHDC,Asian Securities Private Ltd.,Naasa Securities Co. Ltd.,2,2724.0,5448.0,2025-08-06 13:02:54.606584
2025-08-06,49134,2025080605015871,CHDC,Deevyaa Securities & Stock House Pvt. Ltd,Primo Securities (PVT) Ltd.,30,2754.0,82620.0,2025-08-06 13:04:14.003592
2025-08-06,49133,2025080605015872,CHDC,Deevyaa Securities & Stock House Pvt. Ltd,Premier Securities Company Ltd.,46,2755.0,126730.0,2025-08-06 13:04:14.003781
2025-08-06,49132,2025080605015873,CHDC,Deevyaa Securities & Stock House Pvt. Ltd,Cristal Kanchanjanga Securites Pvt. Ltd.,200,2755.0,551000.0,2025-08-06 13:04:14.003855
2025-08-06,49131,2025080605015874,CHDC,Deevyaa Securities & Stock House Pvt. Ltd,Secured Securities Ltd.,12,2755.0,33060.0,2025-08-06 13:04:14.003923
2025-08-06,49027,2025080605015907,CHDC,Asian Securities Private Ltd.,Online Securities Pvt. Ltd.,1,2700.0,2700.0,2025-08-06 13:04:30.196936
2025-08-06,49000,2025080605015923,CHDC,Asian Securities Private Ltd.,Creative Securities Pvt Ltd,1,2725.0,2725.0,2025-08-06 13:04:33.148970
2025-08-06,48911,2025080605015940,CHDC,Oxford Securities Pvt. Ltd.,Aryatara Investment & Securities,12,2759.0,33108.0,2025-08-06 13:04:47.364428
2025-08-06,48910,2025080605015941,CHDC,Oxford Securities Pvt. Ltd.,Capital Max Securities Ltd,50,2760.0,138000.0,2025-08-06 13:04:47.364831
2025-08-06,48909,2025080605015942,CHDC,Oxford Securities Pvt. Ltd.,Siprabi Securities Pvt. Ltd.,12,2760.0,33120.0,2025-08-06 13:04:47.365182
2025-08-06,48908,2025080605015943,CHDC,Oxford Securities Pvt. Ltd.,Oxford Securities Pvt. Ltd.,20,2760.0,55200.0,2025-08-06 13:04:47.365507
2025-08-06,48907,2025080605015944,CHDC,Oxford Securities Pvt. Ltd.,Dakshinkali Investment & Securities Pvt. Ltd.,10,2760.0,27600.0,2025-08-06 13:04:47.365769
2025-08-06,48906,2025080605015945,CHDC,Oxford Securities Pvt. Ltd.,Imperial Securities Company Pvt. Ltd.,12,2760.0,33120.0,2025-08-06 13:04:47.366070
2025-08-06,48905,2025080605015946,CHDC,Oxford Securities Pvt. Ltd.,Market Securities & Exchange (PVT) Ltd.,100,2763.0,276300.0,2025-08-06 13:04:47.366383
2025-08-06,48904,2025080605015947,CHDC,Oxford Securities Pvt. Ltd.,Sumeru Securities Pvt. Ltd.,264,2763.0,729432.0,2025-08-06 13:04:47.366689
2025-08-06,48762,2025080605015988,CHDC,R.B.B. Securities Company Ltd,Sumeru Securities Pvt. Ltd.,236,2763.0,652068.0,2025-08-06 13:05:09.777436
2025-08-06,48403,2025080605016092,CHDC,Blue Chip Securities Ltd,Cristal Kanchanjanga Securites Pvt. Ltd.,200,2762.0,552400.0,2025-08-06 13:05:58.385601
2025-08-06,48402,2025080605016093,CHDC,Blue Chip Securities Ltd,Dynamic Money Managers Securities Pvt. Ltd.,12,2763.1,33157.2,2025-08-06 13:05:58.385640
2025-08-06,48401,2025080605016094,CHDC,Blue Chip Securities Ltd,Linch Stock Market Ltd.,12,2764.0,33168.0,2025-08-06 13:05:58.385676
2025-08-06,48400,2025080605016095,CHDC,Blue Chip Securities Ltd,Naasa Securities Co. Ltd.,12,2767.0,33204.0,2025-08-06 13:05:58.385734
2025-08-06,48399,2025080605016096,CHDC,Blue Chip Securities Ltd,Market Securities & Exchange (PVT) Ltd.,200,2769.0,553800.0,2025-08-06 13:05:58.385765
2025-08-06,48398,2025080605016097,CHDC,Blue Chip Securities Ltd,N.M.B. SECURITIES LIMITED,20,2769.0,55380.0,2025-08-06 13:05:58.385793
2025-08-06,48397,2025080605016098,CHDC,Blue Chip Securities Ltd,Oxford Securities Pvt. Ltd.,12,2770.0,33240.0,2025-08-06 13:05:58.385818
2025-08-06,48396,2025080605016099,CHDC,Blue Chip Securities Ltd,Bhrikuti Stock Broking Co. Pvt. Ltd.,133,2770.0,368410.0,2025-08-06 13:05:58.385843
2025-08-06,48395,2025080605016100,CHDC,Blue Chip Securities Ltd,Neev Securities Pvt. Ltd.,40,2770.0,110800.0,2025-08-06 13:05:58.385869
2025-08-06,48394,2025080605016101,CHDC,Blue Chip Securities Ltd,Online Securities Pvt. Ltd.,12,2770.0,33240.0,2025-08-06 13:05:58.385889
2025-08-06,48393,2025080605016102,CHDC,Blue Chip Securities Ltd,Sipla Securities Private Limited,50,2770.0,138500.0,2025-08-06 13:05:58.385910
2025-08-06,48392,2025080605016103,CHDC,Blue Chip Securities Ltd,SHUBHAKAMANA SECURITIES PVT. LTD,90,2770.0,249300.0,2025-08-06 13:05:58.385937
2025-08-06,48391,2025080605016104,CHDC,Blue Chip Securities Ltd,Naasa Securities Co. Ltd.,12,2770.0,33240.0,2025-08-06 13:05:58.385961
2025-08-06,48390,2025080605016105,CHDC,Blue Chip Securities Ltd,Sundhara Securities Limited,12,2774.0,33288.0,2025-08-06 13:05:58.385991
2025-08-06,48389,2025080605016106,CHDC,Blue Chip Securities Ltd,Imperial Securities Company Pvt. Ltd.,12,2778.0,33336.0,2025-08-06 13:05:58.386032
2025-08-06,48388,2025080605016107,CHDC,Blue Chip Securities Ltd,Cristal Kanchanjanga Securites Pvt. Ltd.,10,2778.0,27780.0,2025-08-06 13:05:58.386064
2025-08-06,48387,2025080605016108,CHDC,Blue Chip Securities Ltd,Vision Securities Pvt. Ltd,50,2778.0,138900.0,2025-08-06 13:05:58.386097
2025-08-06,48386,2025080605016109,CHDC,Blue Chip Securities Ltd,Primo Securities (PVT) Ltd.,100,2778.5,277850.0,2025-08-06 13:05:58.386156
2025-08-06,48385,2025080605016110,CHDC,Blue Chip Securities Ltd,SUN SECURITIES PVT LTD,11,2779.0,30569.0,2025-08-06 13:05:58.386187
2025-08-06,48329,2025080605016123,CHDC,Asian Securities Private Ltd.,Dynamic Money Managers Securities Pvt. Ltd.,2,2730.0,5460.0,2025-08-06 13:06:08.078388
2025-08-06,48146,2025080605016173,CHDC,Blue Chip Securities Ltd,Sumeru Securities Pvt. Ltd.,12,2762.0,33144.0,2025-08-06 13:06:39.678804
2025-08-06,47945,2025080605016251,CHDC,Blue Chip Securities Ltd,Cristal Kanchanjanga Securites Pvt. Ltd.,488,2762.0,1347856.0,2025-08-06 13:07:17.781570
2025-08-06,47944,2025080605016252,CHDC,Deevyaa Securities & Stock House Pvt. Ltd,Cristal Kanchanjanga Securites Pvt. Ltd.,12,2761.0,33132.0,2025-08-06 13:07:17.781783
2025-08-06,47764,2025080605016292,CHDC,Asian Securities Private Ltd.,Vision Securities Pvt. Ltd,1,2733.0,2733.0,2025-08-06 13:07:48.378418
2025-08-06,47660,2025080605016320,CHDC,Sumeru Securities Pvt. Ltd.,Premier Securities Company Ltd.,10,2761.0,27610.0,2025-08-06 13:08:06.077580
2025-08-06,47659,2025080605016321,CHDC,Sumeru Securities Pvt. Ltd.,Creative Securities Pvt Ltd,10,2778.9,27789.0,2025-08-06 13:08:06.077822
2025-08-06,47389,2025080605016387,CHDC,Blue Chip Securities Ltd,Miyo Securities Pvt Ltd,30,2756.0,82680.0,2025-08-06 13:08:51.393621
2025-08-06,46368,2025080605016724,CHDC,Kohinoor Investment & Securities Pvt. Ltd.,INDEX SECURITIES LIMITED,10,2778.0,27780.0,2025-08-06 13:11:39.593548
2025-08-06,45725,2025080605016980,CHDC,Naasa Securities Co. Ltd.,Naasa Securities Co. Ltd.,1,2738.0,2738.0,2025-08-06 13:13:15.358044
2025-08-06,44587,2025080605017431,CHDC,Nepal Stock House (PVT) Ltd.,Sweta Securities Private Limited,30,2777.0,83310.0,2025-08-06 13:16:01.376232
2025-08-06,44586,2025080605017432,CHDC,Nepal Stock House (PVT) Ltd.,Creative Securities Pvt Ltd,60,2777.0,166620.0,2025-08-06 13:16:01.376703
2025-08-06,44585,2025080605017433,CHDC,Nepal Stock House (PVT) Ltd.,INDEX SECURITIES LIMITED,90,2778.0,250020.0,2025-08-06 13:16:01.377022
2025-08-06,44584,2025080605017434,CHDC,Nepal Stock House (PVT) Ltd.,Cristal Kanchanjanga Securites Pvt. Ltd.,300,2778.0,833400.0,2025-08-06 13:16:01.377338
2025-08-06,44583,2025080605017435,CHDC,Nepal Stock House (PVT) Ltd.,Dakshinkali Investment & Securities Pvt. Ltd.,30,2778.9,83367.0,2025-08-06 13:16:01.377630
2025-08-06,44582,2025080605017436,CHDC,Nepal Stock House (PVT) Ltd.,SUN SECURITIES PVT LTD,289,2779.0,803131.0,2025-08-06 13:16:01.377916
2025-08-06,44275,2025080605017547,CHDC,Nepal Stock House (PVT) Ltd.,Imperial Securities Company Pvt. Ltd.,200,2780.0,556000.0,2025-08-06 13:16:50.854844
2025-08-06,43143,2025080605017886,CHDC,Naasa Securities Co. Ltd.,Miyo Securities Pvt Ltd,10,2766.0,27660.0,2025-08-06 13:20:01.269410
2025-08-06,42807,2025080605017962,CHDC,Asian Securities Private Ltd.,Dynamic Money Managers Securities Pvt. Ltd.,1,2720.0,2720.0,2025-08-06 13:20:58.675387
2025-08-06,42134,2025080605018144,CHDC,Nagarik Stock Dealer ,Miyo Securities Pvt Ltd,10,2765.0,27650.0,2025-08-06 13:23:00.082083
2025-08-06,41832,2025080605018264,CHDC,Primo Securities (PVT) Ltd.,SUN SECURITIES PVT LTD,50,2780.0,139000.0,2025-08-06 13:24:07.079016
2025-08-06,41831,2025080605018265,CHDC,Primo Securities (PVT) Ltd.,Deevyaa Securities & Stock House Pvt. Ltd,50,2780.0,139000.0,2025-08-06 13:24:07.079195
2025-08-06,40571,2025080605018772,CHDC,Dynamic Money Managers Securities Pvt. Ltd.,Infinity Securities Limited,25,2779.9,69497.5,2025-08-06 13:27:51.936024
2025-08-06,40528,2025080605018806,CHDC,Vision Securities Pvt. Ltd,Miyo Securities Pvt Ltd,10,2767.0,27670.0,2025-08-06 13:27:55.332806
2025-08-06,40180,2025080605018941,CHDC,Vision Securities Pvt. Ltd,Midas Stock Broking Company Private Limited,12,2778.0,33336.0,2025-08-06 13:29:04.578579
2025-08-06,40179,2025080605018942,CHDC,Vision Securities Pvt. Ltd,Premier Securities Company Ltd.,88,2779.0,244552.0,2025-08-06 13:29:04.578768
2025-08-06,40099,2025080605018963,CHDC,Vision Securities Pvt. Ltd,Premier Securities Company Ltd.,152,2779.0,422408.0,2025-08-06 13:29:17.831627
2025-08-06,39931,2025080605019049,CHDC,KALASH STOCK MARKET PVT. LTD.,Infinity Securities Limited,70,2779.9,194593.0,2025-08-06 13:29:54.094678
2025-08-06,39889,2025080605019054,CHDC,Naasa Securities Co. Ltd.,Asian Securities Private Ltd.,2,2750.0,5500.0,2025-08-06 13:29:59.983100
2025-08-06,39808,2025080605019103,CHDC,Vision Securities Pvt. Ltd,SUN SECURITIES PVT LTD,50,2780.0,139000.0,2025-08-06 13:30:12.484639
2025-08-06,39807,2025080605019104,CHDC,Vision Securities Pvt. Ltd,Nepal Stock House (PVT) Ltd.,12,2780.0,33360.0,2025-08-06 13:30:12.484855
2025-08-06,39806,2025080605019105,CHDC,Vision Securities Pvt. Ltd,Opal Securities Investment (PVT) Ltd.,12,2780.0,33360.0,2025-08-06 13:30:12.484928
2025-08-06,39805,2025080605019106,CHDC,Vision Securities Pvt. Ltd,Miyo Securities Pvt Ltd,10,2782.0,27820.0,2025-08-06 13:30:12.485000
2025-08-06,39804,2025080605019107,CHDC,Vision Securities Pvt. Ltd,Shree Krishna Securities Ltd.,200,2783.0,556600.0,2025-08-06 13:30:12.485068
2025-08-06,39803,2025080605019108,CHDC,Vision Securities Pvt. Ltd,ABC Securities Private Limited,114,2784.0,317376.0,2025-08-06 13:30:12.485139
2025-08-06,39430,2025080605019241,CHDC,Ashutosh Brokerage & Securities (PVT) Ltd.,Miyo Securities Pvt Ltd,10,2768.0,27680.0,2025-08-06 13:31:21.487451
2025-08-06,39276,2025080605019275,CHDC,Asian Securities Private Ltd.,Imperial Securities Company Pvt. Ltd.,1,2720.0,2720.0,2025-08-06 13:31:44.051802
2025-08-06,39059,2025080605019355,CHDC,Malla & Malla Stock Broking Company Pvt. Limited,ABC Securities Private Limited,80,2779.5,222360.0,2025-08-06 13:32:23.981095
2025-08-06,39054,2025080605019356,CHDC,Malla & Malla Stock Broking Company Pvt. Limited,Trisul Securities & Invt. Ltd.,90,2779.5,250155.0,2025-08-06 13:32:24.558950
2025-08-06,39053,2025080605019357,CHDC,Shree Krishna Securities Ltd.,Trisul Securities & Invt. Ltd.,110,2770.0,304700.0,2025-08-06 13:32:24.559162
2025-08-06,38938,2025080605019401,CHDC,Shree Krishna Securities Ltd.,Sumeru Securities Pvt. Ltd.,10,2770.0,27700.0,2025-08-06 13:32:44.626526
2025-08-06,38926,2025080605019403,CHDC,Nepal Stock House (PVT) Ltd.,Kumari Securities Private Limited,1,2780.0,2780.0,2025-08-06 13:32:49.188996
2025-08-06,38648,2025080605019519,CHDC,Shree Krishna Securities Ltd.,Linch Stock Market Ltd.,30,2770.0,83100.0,2025-08-06 13:33:35.116661
2025-08-06,38366,2025080605019632,CHDC,Kohinoor Investment & Securities Pvt. Ltd.,Linch Stock Market Ltd.,20,2770.0,55400.0,2025-08-06 13:34:21.269988
2025-08-06,38365,2025080605019633,CHDC,Kohinoor Investment & Securities Pvt. Ltd.,Thrive Brokerage House Pvt. Ltd,10,2779.8,27798.0,2025-08-06 13:34:21.270217
2025-08-06,37924,2025080605019828,CHDC,Naasa Securities Co. Ltd.,Miyo Securities Pvt Ltd,20,2769.0,55380.0,2025-08-06 13:35:32.457599
2025-08-06,37563,2025080605019977,CHDC,Ashutosh Brokerage & Securities (PVT) Ltd.,Miyo Securities Pvt Ltd,10,2768.0,27680.0,2025-08-06 13:36:33.736005
2025-08-06,37012,2025080605020179,CHDC,Ashutosh Brokerage & Securities (PVT) Ltd.,Investment Management Nepal Pvt. Ltd.,50,2768.0,138400.0,2025-08-06 13:38:17.243552
2025-08-06,37011,2025080605020180,CHDC,Trishakti Securities Public Limited,Investment Management Nepal Pvt. Ltd.,50,2765.1,138255.0,2025-08-06 13:38:17.243801
2025-08-06,36875,2025080605020213,CHDC,Trishakti Securities Public Limited,Bhrikuti Stock Broking Co. Pvt. Ltd.,10,2765.1,27651.0,2025-08-06 13:38:36.799867
2025-08-06,35892,2025080605020547,CHDC,Naasa Securities Co. Ltd.,Vision Securities Pvt. Ltd,2,2750.0,5500.0,2025-08-06 13:41:03.309929
2025-08-06,35829,2025080605020562,CHDC,Malla & Malla Stock Broking Company Pvt. Limited,Kohinoor Investment & Securities Pvt. Ltd.,100,2771.0,277100.0,2025-08-06 13:41:16.625210
2025-08-06,35173,2025080605020793,CHDC,Deevyaa Securities & Stock House Pvt. Ltd,Miyo Securities Pvt Ltd,15,2765.2,41478.0,2025-08-06 13:43:06.615373
2025-08-06,35093,2025080605020817,CHDC,Deevyaa Securities & Stock House Pvt. Ltd,Capital Max Securities Ltd,12,2765.2,33182.4,2025-08-06 13:43:24.785361
2025-08-06,34983,2025080605020850,CHDC,Secured Securities Ltd.,ABC Securities Private Limited,87,2774.0,241338.0,2025-08-06 13:43:44.578565
2025-08-06,34982,2025080605020851,CHDC,Secured Securities Ltd.,Nepal Stock House (PVT) Ltd.,10,2774.0,27740.0,2025-08-06 13:43:44.578925
2025-08-06,34981,2025080605020852,CHDC,Secured Securities Ltd.,ABC Securities Private Limited,10,2774.5,27745.0,2025-08-06 13:43:44.579141
2025-08-06,34285,2025080605021083,CHDC,Vision Securities Pvt. Ltd,ABC Securities Private Limited,90,2774.5,249705.0,2025-08-06 13:45:25.500946
2025-08-06,33984,2025080605021186,CHDC,Deevyaa Securities & Stock House Pvt. Ltd,Miyo Securities Pvt Ltd,25,2765.2,69130.0,2025-08-06 13:46:19.495546
2025-08-06,33616,2025080605021311,CHDC,Deevyaa Securities & Stock House Pvt. Ltd,Miyo Securities Pvt Ltd,10,2765.2,27652.0,2025-08-06 13:47:24.817655
2025-08-06,33056,2025080605021504,CHDC,Deevyaa Securities & Stock House Pvt. Ltd,Thrive Brokerage House Pvt. Ltd,38,2765.2,105077.6,2025-08-06 13:48:49.374054
2025-08-06,33055,2025080605021505,CHDC,Sumeru Securities Pvt. Ltd.,Thrive Brokerage House Pvt. Ltd,20,2765.2,55304.0,2025-08-06 13:48:49.374284
2025-08-06,33054,2025080605021506,CHDC,Trishakti Securities Public Limited,Thrive Brokerage House Pvt. Ltd,42,2765.1,116134.2,2025-08-06 13:48:49.374384
2025-08-06,33036,2025080605021511,CHDC,Trishakti Securities Public Limited,Thrive Brokerage House Pvt. Ltd,100,2765.1,276510.0,2025-08-06 13:48:54.428289
2025-08-06,32938,2025080605021536,CHDC,Vision Securities Pvt. Ltd,Online Securities Pvt. Ltd.,50,2774.0,138700.0,2025-08-06 13:49:10.352104
2025-08-06,32903,2025080605021552,CHDC,Asian Securities Private Ltd.,Cristal Kanchanjanga Securites Pvt. Ltd.,1,2720.0,2720.0,2025-08-06 13:49:15.072449
2025-08-06,32785,2025080605021595,CHDC,Vision Securities Pvt. Ltd,Dakshinkali Investment & Securities Pvt. Ltd.,50,2775.0,138750.0,2025-08-06 13:49:34.036987
2025-08-06,32784,2025080605021596,CHDC,Vision Securities Pvt. Ltd,Shree Krishna Securities Ltd.,200,2775.0,555000.0,2025-08-06 13:49:34.037288
2025-08-06,32408,2025080605021740,CHDC,Trishakti Securities Public Limited,Miyo Securities Pvt Ltd,10,2765.1,27651.0,2025-08-06 13:50:40.746403
2025-08-06,32299,2025080605021775,CHDC,Naasa Securities Co. Ltd.,Siprabi Securities Pvt. Ltd.,1,2719.1,2719.1,2025-08-06 13:50:57.628749
2025-08-06,32287,2025080605021778,CHDC,Trishakti Securities Public Limited,Sani Securities Company Ltd.,80,2765.1,221208.0,2025-08-06 13:50:59.769875
2025-08-06,32009,2025080605021877,CHDC,Vision Securities Pvt. Ltd,Bhrikuti Stock Broking Co. Pvt. Ltd.,12,2770.0,33240.0,2025-08-06 13:51:33.238002
2025-08-06,31908,2025080605021929,CHDC,Vision Securities Pvt. Ltd,Premier Securities Company Ltd.,50,2770.0,138500.0,2025-08-06 13:51:46.041322
2025-08-06,31739,2025080605022015,CHDC,Vision Securities Pvt. Ltd,Bhrikuti Stock Broking Co. Pvt. Ltd.,13,2770.0,36010.0,2025-08-06 13:52:00.701647
2025-08-06,31738,2025080605022016,CHDC,Nagarik Stock Dealer ,Bhrikuti Stock Broking Co. Pvt. Ltd.,20,2765.0,55300.0,2025-08-06 13:52:00.701838
2025-08-06,31737,2025080605022017,CHDC,Nepal Stock House (PVT) Ltd.,Bhrikuti Stock Broking Co. Pvt. Ltd.,167,2765.0,461755.0,2025-08-06 13:52:00.701918
2025-08-06,31527,2025080605022068,CHDC,Nepal Stock House (PVT) Ltd.,Vision Securities Pvt. Ltd,33,2765.0,91245.0,2025-08-06 13:52:21.871173
2025-08-06,31526,2025080605022069,CHDC,Dipshikha Dhitopatra Karobar Co. Pvt Ltd.,Vision Securities Pvt. Ltd,10,2765.0,27650.0,2025-08-06 13:52:21.871238
2025-08-06,31525,2025080605022070,CHDC,Nepal Stock House (PVT) Ltd.,Vision Securities Pvt. Ltd,200,2760.0,552000.0,2025-08-06 13:52:21.871270
2025-08-06,31524,2025080605022071,CHDC,Blue Chip Securities Ltd,Vision Securities Pvt. Ltd,157,2756.0,432692.0,2025-08-06 13:52:21.871299
2025-08-06,31273,2025080605022145,CHDC,Blue Chip Securities Ltd,Vision Securities Pvt. Ltd,13,2756.0,35828.0,2025-08-06 13:52:51.238456
2025-08-06,31272,2025080605022146,CHDC,Naasa Securities Co. Ltd.,Vision Securities Pvt. Ltd,30,2752.0,82560.0,2025-08-06 13:52:51.238548
2025-08-06,31271,2025080605022147,CHDC,Linch Stock Market Ltd.,Vision Securities Pvt. Ltd,465,2751.0,1279215.0,2025-08-06 13:52:51.238627
2025-08-06,31270,2025080605022148,CHDC,Blue Chip Securities Ltd,Vision Securities Pvt. Ltd,120,2740.0,328800.0,2025-08-06 13:52:51.238707
2025-08-06,31125,2025080605022197,CHDC,Blue Chip Securities Ltd,Miyo Securities Pvt Ltd,50,2740.0,137000.0,2025-08-06 13:53:06.467848
2025-08-06,31065,2025080605022234,CHDC,Blue Chip Securities Ltd,Thrive Brokerage House Pvt. Ltd,11,2740.0,30140.0,2025-08-06 13:53:12.632744
2025-08-06,30883,2025080605022292,CHDC,Vision Securities Pvt. Ltd,Online Securities Pvt. Ltd.,40,2764.0,110560.0,2025-08-06 13:53:33.900490
2025-08-06,30372,2025080605022447,CHDC,Blue Chip Securities Ltd,Sumeru Securities Pvt. Ltd.,10,2740.0,27400.0,2025-08-06 13:54:37.487717
2025-08-06,29843,2025080605022644,CHDC,Oxford Securities Pvt. Ltd.,Miyo Securities Pvt Ltd,10,2740.0,27400.0,2025-08-06 13:55:45.231661
2025-08-06,29811,2025080605022662,CHDC,Asian Securities Private Ltd.,Himalayan Securities Limited,1,2719.5,2719.5,2025-08-06 13:55:51.157363
2025-08-06,29598,2025080605022729,CHDC,Oxford Securities Pvt. Ltd.,Himalayan Securities Limited,270,2740.0,739800.0,2025-08-06 13:56:23.046294
2025-08-06,28572,2025080605023102,CHDC,Oxford Securities Pvt. Ltd.,Sani Securities Company Ltd.,20,2740.0,54800.0,2025-08-06 13:59:03.319214
2025-08-06,28571,2025080605023103,CHDC,Oxford Securities Pvt. Ltd.,Sani Securities Company Ltd.,180,2740.0,493200.0,2025-08-06 13:59:03.319408
2025-08-06,28509,2025080605023124,CHDC,Asian Securities Private Ltd.,Asian Securities Private Ltd.,1,2730.0,2730.0,2025-08-06 13:59:09.562987
2025-08-06,28049,2025080605023269,CHDC,Oxford Securities Pvt. Ltd.,Deevyaa Securities & Stock House Pvt. Ltd,95,2740.0,260300.0,2025-08-06 14:00:45.767417
2025-08-06,27735,2025080605023375,CHDC,Cristal Kanchanjanga Securites Pvt. Ltd.,Citizens Share Broker Limited,10,2740.1,27401.0,2025-08-06 14:01:51.659922
2025-08-06,27653,2025080605023405,CHDC,Asian Securities Private Ltd.,Sundhara Securities Limited,1,2700.0,2700.0,2025-08-06 14:02:05.379481
2025-08-06,26684,2025080605023731,CHDC,Malla & Malla Stock Broking Company Pvt. Limited,Citizens Share Broker Limited,100,2757.0,275700.0,2025-08-06 14:05:16.187389
2025-08-06,26539,2025080605023776,CHDC,Asian Securities Private Ltd.,Imperial Securities Company Pvt. Ltd.,1,2725.0,2725.0,2025-08-06 14:05:54.635824
2025-08-06,26536,2025080605023777,CHDC,Imperial Securities Company Pvt. Ltd.,Imperial Securities Company Pvt. Ltd.,17,2755.0,46835.0,2025-08-06 14:05:55.655554
2025-08-06,26268,2025080605023903,CHDC,Asian Securities Private Ltd.,Naasa Securities Co. Ltd.,2,2737.0,5474.0,2025-08-06 14:06:50.377784
2025-08-06,26040,2025080605023968,CHDC,Imperial Securities Company Pvt. Ltd.,Vision Securities Pvt. Ltd,12,2759.9,33118.8,2025-08-06 14:07:45.242277
2025-08-06,26039,2025080605023969,CHDC,Imperial Securities Company Pvt. Ltd.,Shree Krishna Securities Ltd.,16,2760.0,44160.0,2025-08-06 14:07:45.242671
2025-08-06,25424,2025080605024237,CHDC,Vision Securities Pvt. Ltd,Shree Krishna Securities Ltd.,100,2760.0,276000.0,2025-08-06 14:09:49.955437
2025-08-06,25378,2025080605024262,CHDC,Asian Securities Private Ltd.,Kohinoor Investment & Securities Pvt. Ltd.,1,2720.0,2720.0,2025-08-06 14:09:59.687116
2025-08-06,25125,2025080605024348,CHDC,Asian Securities Private Ltd.,Dipshikha Dhitopatra Karobar Co. Pvt Ltd.,2,2704.8,5409.6,2025-08-06 14:11:12.613428
2025-08-06,25084,2025080605024367,CHDC,Secured Securities Ltd.,Shree Krishna Securities Ltd.,84,2760.0,231840.0,2025-08-06 14:11:17.762993
2025-08-06,25083,2025080605024368,CHDC,Secured Securities Ltd.,Sundhara Securities Limited,16,2760.0,44160.0,2025-08-06 14:11:17.763195
2025-08-06,24170,2025080605024702,CHDC,Vision Securities Pvt. Ltd,Himalayan Securities Limited,12,2745.2,32942.4,2025-08-06 14:14:13.069118
2025-08-06,22204,2025080605025389,CHDC,Vision Securities Pvt. Ltd,Sumeru Securities Pvt. Ltd.,20,2745.2,54904.0,2025-08-06 14:21:14.264053
2025-08-06,21976,2025080605025460,CHDC,Vision Securities Pvt. Ltd,Global IME Securities Limited,68,2745.2,186673.6,2025-08-06 14:21:47.828561
2025-08-06,21975,2025080605025461,CHDC,Asian Securities Private Ltd.,Global IME Securities Limited,100,2744.0,274400.0,2025-08-06 14:21:47.828664
2025-08-06,21974,2025080605025462,CHDC,Premier Securities Company Ltd.,Global IME Securities Limited,100,2741.0,274100.0,2025-08-06 14:21:47.828743
2025-08-06,21973,2025080605025463,CHDC,Oxford Securities Pvt. Ltd.,Global IME Securities Limited,225,2740.0,616500.0,2025-08-06 14:21:47.828823
2025-08-06,21972,2025080605025464,CHDC,Blue Chip Securities Ltd,Global IME Securities Limited,10,2740.0,27400.0,2025-08-06 14:21:47.828900
2025-08-06,21971,2025080605025465,CHDC,Sumeru Securities Pvt. Ltd.,Global IME Securities Limited,20,2737.0,54740.0,2025-08-06 14:21:47.828978
2025-08-06,21970,2025080605025466,CHDC,Kohinoor Investment & Securities Pvt. Ltd.,Global IME Securities Limited,10,2735.0,27350.0,2025-08-06 14:21:47.829053
2025-08-06,21969,2025080605025467,CHDC,Linch Stock Market Ltd.,Global IME Securities Limited,100,2734.3,273430.0,2025-08-06 14:21:47.829113
2025-08-06,21968,2025080605025468,CHDC,Asian Securities Private Ltd.,Global IME Securities Limited,100,2734.0,273400.0,2025-08-06 14:21:47.829180
2025-08-06,21967,2025080605025469,CHDC,Linch Stock Market Ltd.,Global IME Securities Limited,100,2733.2,273320.0,2025-08-06 14:21:47.829252
2025-08-06,21966,2025080605025470,CHDC,Sweta Securities Private Limited,Global IME Securities Limited,100,2732.0,273200.0,2025-08-06 14:21:47.829349
2025-08-06,21965,2025080605025471,CHDC,Blue Chip Securities Ltd,Global IME Securities Limited,67,2730.0,182910.0,2025-08-06 14:21:47.829437
2025-08-06,21891,2025080605025492,CHDC,Naasa Securities Co. Ltd.,Naasa Securities Co. Ltd.,1,2677.0,2677.0,2025-08-06 14:22:01.811730
2025-08-06,21739,2025080605025549,CHDC,Blue Chip Securities Ltd,Naasa Securities Co. Ltd.,12,2730.0,32760.0,2025-08-06 14:22:32.870309
2025-08-06,21668,2025080605025572,CHDC,Blue Chip Securities Ltd,Vision Securities Pvt. Ltd,100,2730.0,273000.0,2025-08-06 14:22:45.406978
2025-08-06,21633,2025080605025581,CHDC,Asian Securities Private Ltd.,Siprabi Securities Pvt. Ltd.,1,2700.0,2700.0,2025-08-06 14:22:52.815408
2025-08-06,21525,2025080605025627,CHDC,Kohinoor Investment & Securities Pvt. Ltd.,Miyo Securities Pvt Ltd,10,2745.0,27450.0,2025-08-06 14:23:11.590764
2025-08-06,21524,2025080605025628,CHDC,Kohinoor Investment & Securities Pvt. Ltd.,Miyo Securities Pvt Ltd,10,2758.0,27580.0,2025-08-06 14:23:11.591166
2025-08-06,21286,2025080605025713,CHDC,Blue Chip Securities Ltd,Miyo Securities Pvt Ltd,21,2730.0,57330.0,2025-08-06 14:23:52.701182
2025-08-06,20881,2025080605025830,CHDC,Bhrikuti Stock Broking Co. Pvt. Ltd.,Miyo Securities Pvt Ltd,50,2725.1,136255.0,2025-08-06 14:24:45.958419
2025-08-06,20815,2025080605025854,CHDC,Asian Securities Private Ltd.,Shree Krishna Securities Ltd.,1,2720.0,2720.0,2025-08-06 14:24:56.515688
2025-08-06,20720,2025080605025886,CHDC,Premier Securities Company Ltd.,Miyo Securities Pvt Ltd,40,2725.1,109004.0,2025-08-06 14:25:13.232451
2025-08-06,20494,2025080605025951,CHDC,Asian Securities Private Ltd.,Sweta Securities Private Limited,1,2700.0,2700.0,2025-08-06 14:25:51.447105
2025-08-06,20372,2025080605025980,CHDC,Vision Securities Pvt. Ltd,Miyo Securities Pvt Ltd,79,2730.0,215670.0,2025-08-06 14:26:14.619220
2025-08-06,20331,2025080605026003,CHDC,Vision Securities Pvt. Ltd,Miyo Securities Pvt Ltd,10,2725.1,27251.0,2025-08-06 14:26:20.402473
2025-08-06,20228,2025080605026032,CHDC,Trishakti Securities Public Limited,Miyo Securities Pvt Ltd,10,2730.0,27300.0,2025-08-06 14:26:38.293952
2025-08-06,19897,2025080605026131,CHDC,Vision Securities Pvt. Ltd,Himalayan Securities Limited,11,2755.0,30305.0,2025-08-06 14:27:33.625112
2025-08-06,19874,2025080605026140,CHDC,Kohinoor Investment & Securities Pvt. Ltd.,Hatemalo Financial Services Private Limited,10,2754.9,27549.0,2025-08-06 14:27:34.974186
2025-08-06,19561,2025080605026241,CHDC,Sweta Securities Private Limited,Miyo Securities Pvt Ltd,10,2725.0,27250.0,2025-08-06 14:28:31.994327
2025-08-06,19265,2025080605026340,CHDC,Sri Hari Securities Pvt. Ltd.,Miyo Securities Pvt Ltd,10,2730.0,27300.0,2025-08-06 14:29:16.175618
2025-08-06,18889,2025080605026458,CHDC,Dynamic Money Managers Securities Pvt. Ltd.,Miyo Securities Pvt Ltd,10,2727.0,27270.0,2025-08-06 14:30:24.155742
2025-08-06,18394,2025080605026620,CHDC,Asian Securities Private Ltd.,Sani Securities Company Ltd.,1,2720.0,2720.0,2025-08-06 14:32:01.710667
2025-08-06,18346,2025080605026641,CHDC,Agrawal Securities (PVT) Ltd.,Citizens Share Broker Limited,10,2730.0,27300.0,2025-08-06 14:32:09.095044
2025-08-06,18302,2025080605026649,CHDC,Dynamic Money Managers Securities Pvt. Ltd.,Citizens Share Broker Limited,10,2727.0,27270.0,2025-08-06 14:32:15.115578
2025-08-06,18301,2025080605026650,CHDC,Premier Securities Company Ltd.,Citizens Share Broker Limited,100,2726.0,272600.0,2025-08-06 14:32:15.115820
2025-08-06,17999,2025080605026762,CHDC,Sweta Securities Private Limited,Miyo Securities Pvt Ltd,10,2725.0,27250.0,2025-08-06 14:33:04.907496
2025-08-06,17887,2025080605026793,CHDC,Asian Securities Private Ltd.,Dynamic Money Managers Securities Pvt. Ltd.,1,2715.0,2715.0,2025-08-06 14:33:27.048036
2025-08-06,17146,2025080605027032,CHDC,Sumeru Securities Pvt. Ltd.,Miyo Securities Pvt Ltd,13,2721.0,35373.0,2025-08-06 14:35:29.662887
2025-08-06,16949,2025080605027103,CHDC,Sumeru Securities Pvt. Ltd.,Miyo Securities Pvt Ltd,10,2721.0,27210.0,2025-08-06 14:36:01.789673
2025-08-06,16803,2025080605027151,CHDC,Sumeru Securities Pvt. Ltd.,Miyo Securities Pvt Ltd,19,2721.0,51699.0,2025-08-06 14:36:15.852811
2025-08-06,16562,2025080605027239,CHDC,Naasa Securities Co. Ltd.,Primo Securities (PVT) Ltd.,10,2746.4,27464.0,2025-08-06 14:36:49.437858
2025-08-06,16561,2025080605027240,CHDC,Naasa Securities Co. Ltd.,Thrive Brokerage House Pvt. Ltd,109,2746.5,299368.5,2025-08-06 14:36:49.437961
2025-08-06,16560,2025080605027241,CHDC,Naasa Securities Co. Ltd.,Citizens Share Broker Limited,84,2747.0,230748.0,2025-08-06 14:36:49.438033
2025-08-06,16521,2025080605027254,CHDC,Imperial Securities Company Pvt. Ltd.,Asian Securities Private Ltd.,10,2720.0,27200.0,2025-08-06 14:36:56.907740
2025-08-06,16520,2025080605027255,CHDC,Asian Securities Private Ltd.,Asian Securities Private Ltd.,2,2720.0,5440.0,2025-08-06 14:36:56.907994
2025-08-06,16257,2025080605027327,CHDC,Premier Securities Company Ltd.,Miyo Securities Pvt Ltd,25,2720.0,68000.0,2025-08-06 14:37:36.281783
2025-08-06,16196,2025080605027349,CHDC,Malla & Malla Stock Broking Company Pvt. Limited,Primo Securities (PVT) Ltd.,10,2746.9,27469.0,2025-08-06 14:37:47.053575
2025-08-06,16065,2025080605027397,CHDC,Vision Securities Pvt. Ltd,Miyo Securities Pvt Ltd,15,2720.1,40801.5,2025-08-06 14:38:06.478515
2025-08-06,15967,2025080605027448,CHDC,Vision Securities Pvt. Ltd,Miyo Securities Pvt Ltd,10,2720.1,27201.0,2025-08-06 14:38:23.610121
2025-08-06,15509,2025080605027643,CHDC,Ashutosh Brokerage & Securities (PVT) Ltd.,Miyo Securities Pvt Ltd,22,2721.0,59862.0,2025-08-06 14:39:12.996980
2025-08-06,14967,2025080605027817,CHDC,Malla & Malla Stock Broking Company Pvt. Limited,Himalayan Securities Limited,10,2745.0,27450.0,2025-08-06 14:40:15.169851
2025-08-06,14966,2025080605027818,CHDC,Ashutosh Brokerage & Securities (PVT) Ltd.,Miyo Securities Pvt Ltd,25,2721.0,68025.0,2025-08-06 14:40:15.264329
2025-08-06,14302,2025080605028040,CHDC,Asian Securities Private Ltd.,Naasa Securities Co. Ltd.,1,2720.0,2720.0,2025-08-06 14:41:20.846740
2025-08-06,14123,2025080605028092,CHDC,Vision Securities Pvt. Ltd,Miyo Securities Pvt Ltd,10,2720.1,27201.0,2025-08-06 14:41:38.619525
2025-08-06,13633,2025080605028275,CHDC,Malla & Malla Stock Broking Company Pvt. Limited,Miyo Securities Pvt Ltd,10,2734.0,27340.0,2025-08-06 14:42:32.871120
2025-08-06,12991,2025080605028527,CHDC,Vision Securities Pvt. Ltd,Sumeru Securities Pvt. Ltd.,10,2720.1,27201.0,2025-08-06 14:43:59.908715
2025-08-06,12406,2025080605028720,CHDC,Kohinoor Investment & Securities Pvt. Ltd.,Miyo Securities Pvt Ltd,10,2734.0,27340.0,2025-08-06 14:45:01.541782
2025-08-06,12335,2025080605028738,CHDC,Malla & Malla Stock Broking Company Pvt. Limited,Miyo Securities Pvt Ltd,10,2734.0,27340.0,2025-08-06 14:45:05.657390
2025-08-06,12083,2025080605028813,CHDC,Market Securities & Exchange (PVT) Ltd.,Miyo Securities Pvt Ltd,20,2721.0,54420.0,2025-08-06 14:45:30.977422
2025-08-06,11970,2025080605028849,CHDC,Market Securities & Exchange (PVT) Ltd.,Naasa Securities Co. Ltd.,12,2721.0,32652.0,2025-08-06 14:45:42.481891
2025-08-06,11854,2025080605028885,CHDC,Market Securities & Exchange (PVT) Ltd.,Online Securities Pvt. Ltd.,10,2721.0,27210.0,2025-08-06 14:45:55.470797
2025-08-06,11078,2025080605029111,CHDC,Kalika Securities Pvt. Ltd.,Miyo Securities Pvt Ltd,30,2722.0,81660.0,2025-08-06 14:47:19.539643
2025-08-06,10784,2025080605029212,CHDC,Kalika Securities Pvt. Ltd.,Miyo Securities Pvt Ltd,10,2722.0,27220.0,2025-08-06 14:47:48.696305
2025-08-06,10544,2025080605029301,CHDC,Sumeru Securities Pvt. Ltd.,Primo Securities (PVT) Ltd.,10,2733.9,27339.0,2025-08-06 14:48:13.603468
2025-08-06,10483,2025080605029337,CHDC,Capital Max Securities Ltd,Neev Securities Pvt. Ltd.,12,2723.0,32676.0,2025-08-06 14:48:18.450327
2025-08-06,10379,2025080605029370,CHDC,Sumeru Securities Pvt. Ltd.,Miyo Securities Pvt Ltd,10,2734.0,27340.0,2025-08-06 14:48:27.714357
2025-08-06,10291,2025080605029412,CHDC,Malla & Malla Stock Broking Company Pvt. Limited,Miyo Securities Pvt Ltd,10,2734.0,27340.0,2025-08-06 14:48:35.803770
2025-08-06,10289,2025080605029413,CHDC,Asian Securities Private Ltd.,Citizens Share Broker Limited,2,2720.0,5440.0,2025-08-06 14:48:36.580962
2025-08-06,9727,2025080605029626,CHDC,Sumeru Securities Pvt. Ltd.,Miyo Securities Pvt Ltd,10,2734.0,27340.0,2025-08-06 14:49:15.272057
2025-08-06,9726,2025080605029627,CHDC,Sumeru Securities Pvt. Ltd.,Miyo Securities Pvt Ltd,71,2734.0,194114.0,2025-08-06 14:49:15.272480
2025-08-06,9518,2025080605029683,CHDC,Sumeru Securities Pvt. Ltd.,Primo Securities (PVT) Ltd.,10,2739.9,27399.0,2025-08-06 14:49:32.632185
2025-08-06,9488,2025080605029696,CHDC,Kalika Securities Pvt. Ltd.,Miyo Securities Pvt Ltd,20,2724.0,54480.0,2025-08-06 14:49:36.202810
2025-08-06,9392,2025080605029732,CHDC,Sumeru Securities Pvt. Ltd.,Malla & Malla Stock Broking Company Pvt. Limited,10,2739.9,27399.0,2025-08-06 14:49:44.719839
2025-08-06,9280,2025080605029766,CHDC,Sumeru Securities Pvt. Ltd.,Sumeru Securities Pvt. Ltd.,10,2739.9,27399.0,2025-08-06 14:49:53.776654
2025-08-06,9071,2025080605029823,CHDC,Sumeru Securities Pvt. Ltd.,Himalayan Securities Limited,10,2740.0,27400.0,2025-08-06 14:50:08.864753
2025-08-06,8966,2025080605029869,CHDC,BHOLE GANESH SECURITIES LTD,Miyo Securities Pvt Ltd,10,2725.0,27250.0,2025-08-06 14:50:16.375845
2025-08-06,8915,2025080605029887,CHDC,Sumeru Securities Pvt. Ltd.,Miyo Securities Pvt Ltd,11,2746.0,30206.0,2025-08-06 14:50:21.952569
2025-08-06,8765,2025080605029944,CHDC,Sundhara Securities Limited,Citizens Share Broker Limited,10,2747.0,27470.0,2025-08-06 14:50:34.024520
2025-08-06,8755,2025080605029946,CHDC,Sumeru Securities Pvt. Ltd.,Citizens Share Broker Limited,11,2747.0,30217.0,2025-08-06 14:50:35.044479
2025-08-06,8013,2025080605030184,CHDC,Cristal Kanchanjanga Securites Pvt. Ltd.,Sumeru Securities Pvt. Ltd.,10,2726.1,27261.0,2025-08-06 14:51:41.428452
2025-08-06,8012,2025080605030185,CHDC,Kalika Securities Pvt. Ltd.,Sumeru Securities Pvt. Ltd.,10,2726.0,27260.0,2025-08-06 14:51:41.428870
2025-08-06,7775,2025080605030259,CHDC,Sundhara Securities Limited,Miyo Securities Pvt Ltd,10,2746.0,27460.0,2025-08-06 14:51:59.584893
2025-08-06,7445,2025080605030369,CHDC,Imperial Securities Company Pvt. Ltd.,Online Securities Pvt. Ltd.,50,2733.0,136650.0,2025-08-06 14:52:33.991720
2025-08-06,7172,2025080605030465,CHDC,Malla & Malla Stock Broking Company Pvt. Limited,Online Securities Pvt. Ltd.,11,2733.0,30063.0,2025-08-06 14:52:59.431455
2025-08-06,7171,2025080605030466,CHDC,Malla & Malla Stock Broking Company Pvt. Limited,Online Securities Pvt. Ltd.,11,2745.0,30195.0,2025-08-06 14:52:59.431723
2025-08-06,7114,2025080605030487,CHDC,Kalika Securities Pvt. Ltd.,Imperial Securities Company Pvt. Ltd.,100,2730.0,273000.0,2025-08-06 14:53:03.608819
2025-08-06,7108,2025080605030493,CHDC,Kalika Securities Pvt. Ltd.,Miyo Securities Pvt Ltd,10,2730.0,27300.0,2025-08-06 14:53:04.146765
2025-08-06,6933,2025080605030544,CHDC,Sumeru Securities Pvt. Ltd.,Miyo Securities Pvt Ltd,11,2730.0,30030.0,2025-08-06 14:53:20.322733
2025-08-06,6779,2025080605030585,CHDC,Sundhara Securities Limited,Online Securities Pvt. Ltd.,10,2745.0,27450.0,2025-08-06 14:53:35.428126
2025-08-06,6698,2025080605030599,CHDC,Sumeru Securities Pvt. Ltd.,Himalayan Securities Limited,11,2744.0,30184.0,2025-08-06 14:53:42.463218
2025-08-06,6184,2025080605030772,CHDC,Vision Securities Pvt. Ltd,Miyo Securities Pvt Ltd,10,2727.0,27270.0,2025-08-06 14:54:29.588449
2025-08-06,5984,2025080605030843,CHDC,Malla & Malla Stock Broking Company Pvt. Limited,Market Securities & Exchange (PVT) Ltd.,10,2741.0,27410.0,2025-08-06 14:54:48.263551
2025-08-06,5775,2025080605030917,CHDC,Vision Securities Pvt. Ltd,Market Securities & Exchange (PVT) Ltd.,45,2741.0,123345.0,2025-08-06 14:55:05.339086
2025-08-06,5538,2025080605031017,CHDC,Imperial Securities Company Pvt. Ltd.,Miyo Securities Pvt Ltd,10,2730.0,27300.0,2025-08-06 14:55:20.824401
2025-08-06,4876,2025080605031237,CHDC,Malla & Malla Stock Broking Company Pvt. Limited,Citizens Share Broker Limited,10,2740.0,27400.0,2025-08-06 14:56:01.919763
2025-08-06,4188,2025080605031442,CHDC,Market Securities & Exchange (PVT) Ltd.,Sumeru Securities Pvt. Ltd.,10,2731.0,27310.0,2025-08-06 14:57:00.019531
2025-08-06,3781,2025080605031560,CHDC,Market Securities & Exchange (PVT) Ltd.,Imperial Securities Company Pvt. Ltd.,148,2731.0,404188.0,2025-08-06 14:57:21.806308
2025-08-06,3562,2025080605031620,CHDC,KALASH STOCK MARKET PVT. LTD.,Imperial Securities Company Pvt. Ltd.,30,2731.0,81930.0,2025-08-06 14:57:39.129134
2025-08-06,3561,2025080605031621,CHDC,Dynamic Money Managers Securities Pvt. Ltd.,Imperial Securities Company Pvt. Ltd.,220,2731.0,600820.0,2025-08-06 14:57:39.129360
2025-08-06,3185,2025080605031744,CHDC,Dynamic Money Managers Securities Pvt. Ltd.,Agrawal Securities (PVT) Ltd.,12,2731.0,32772.0,2025-08-06 14:57:58.931271
2025-08-06,3026,2025080605031801,CHDC,Dynamic Money Managers Securities Pvt. Ltd.,Imperial Securities Company Pvt. Ltd.,12,2731.0,32772.0,2025-08-06 14:58:07.705455
2025-08-06,2967,2025080605031817,CHDC,Premier Securities Company Ltd.,Miyo Securities Pvt Ltd,20,2731.1,54622.0,2025-08-06 14:58:11.316946
2025-08-06,2389,2025080605032022,CHDC,Malla & Malla Stock Broking Company Pvt. Limited,Imperial Securities Company Pvt. Ltd.,10,2737.0,27370.0,2025-08-06 14:58:38.086484
2025-08-06,2280,2025080605032065,CHDC,Premier Securities Company Ltd.,Opal Securities Investment (PVT) Ltd.,12,2731.1,32773.2,2025-08-06 14:58:42.127234
2025-08-06,2102,2025080605032139,CHDC,Premier Securities Company Ltd.,Miyo Securities Pvt Ltd,25,2731.1,68277.5,2025-08-06 14:58:50.549846
2025-08-06,2016,2025080605032166,CHDC,Premier Securities Company Ltd.,Miyo Securities Pvt Ltd,43,2731.1,117437.3,2025-08-06 14:58:54.569371
2025-08-06,2015,2025080605032167,CHDC,Dynamic Money Managers Securities Pvt. Ltd.,Miyo Securities Pvt Ltd,147,2731.0,401457.0,2025-08-06 14:58:54.569578
2025-08-06,2009,2025080605032172,CHDC,Dynamic Money Managers Securities Pvt. Ltd.,Bhrikuti Stock Broking Co. Pvt. Ltd.,20,2731.0,54620.0,2025-08-06 14:58:55.086045
2025-08-06,1830,2025080605032221,CHDC,Primo Securities (PVT) Ltd.,Miyo Securities Pvt Ltd,60,2731.1,163866.0,2025-08-06 14:59:04.618302
2025-08-06,1407,2025080605032358,CHDC,Primo Securities (PVT) Ltd.,Miyo Securities Pvt Ltd,25,2731.1,68277.5,2025-08-06 14:59:19.697995
2025-08-06,1360,2025080605032372,CHDC,Primo Securities (PVT) Ltd.,Primo Securities (PVT) Ltd.,30,2731.1,81933.0,2025-08-06 14:59:21.925411
2025-08-06,1257,2025080605032413,CHDC,Secured Securities Ltd.,Himalayan Securities Limited,100,2735.0,273500.0,2025-08-06 14:59:24.220694
2025-08-06,901,2025080605032531,CHDC,Primo Securities (PVT) Ltd.,Himalayan Securities Limited,85,2731.1,232143.5,2025-08-06 14:59:35.748657
2025-08-06,900,2025080605032532,CHDC,Dynamic Money Managers Securities Pvt. Ltd.,Himalayan Securities Limited,223,2731.0,609013.0,2025-08-06 14:59:35.748875
2025-08-06,728,2025080605032597,CHDC,Premier Securities Company Ltd.,Miyo Securities Pvt Ltd,10,2731.1,27311.0,2025-08-06 14:59:41.146120
2025-08-06,537,2025080605032666,CHDC,Premier Securities Company Ltd.,Miyo Securities Pvt Ltd,24,2733.0,65592.0,2025-08-06 14:59:47.758604
2025-08-06,111,2025080605032831,CHDC,Malla & Malla Stock Broking Company Pvt. Limited,Imperial Securities Company Pvt. Ltd.,10,2734.0,27340.0,2025-08-06 14:59:57.776880
