Date,S.N.,contract_id,symbol,buyer_broker,seller_broker,volume,price,amount,transaction_time
2025-07-20,177368,2025072004000254,AKPL,ABC Securities Private Limited,Imperial Securities Company Pvt. Ltd.,200,270.0,54000.0,2025-07-20T11:01:31.0329
2025-07-20,177176,2025072004000318,AKPL,Agrawal Securities (PVT) Ltd.,Imperial Securities Company Pvt. Ltd.,1000,270.0,270000.0,2025-07-20T11:01:50.371615
2025-07-20,177022,2025072004000391,AKPL,Imperial Securities Company Pvt. Ltd.,Imperial Securities Company Pvt. Ltd.,300,270.0,81000.0,2025-07-20T11:02:02.73269
2025-07-20,176976,2025072004000410,AKPL,Kumari Securities Private Limited,Imperial Securities Company Pvt. Ltd.,1110,270.0,299700.0,2025-07-20T11:02:08.308933
2025-07-20,176249,2025072004000668,AKPL,NIMB Stock Markets Limited,Investment Management Nepal Pvt. Ltd.,50,271.0,13550.0,2025-07-20T11:03:07.396148
2025-07-20,176145,2025072004000731,AKPL,Imperial Securities Company Pvt. Ltd.,Sagarmatha Securities Private Limited,250,270.3,67575.0,2025-07-20T11:03:17.319193
2025-07-20,176144,2025072004000732,AKPL,Kumari Securities Private Limited,Sagarmatha Securities Private Limited,2390,270.0,645300.0,2025-07-20T11:03:17.319346
2025-07-20,176143,2025072004000733,AKPL,Cristal Kanchanjanga Securites Pvt. Ltd.,Sagarmatha Securities Private Limited,1360,270.0,367200.0,2025-07-20T11:03:17.319439
2025-07-20,176072,2025072004000776,AKPL,Cristal Kanchanjanga Securites Pvt. Ltd.,Investment Management Nepal Pvt. Ltd.,140,270.0,37800.0,2025-07-20T11:03:21.045094
2025-07-20,176071,2025072004000777,AKPL,Kumari Securities Private Limited,Investment Management Nepal Pvt. Ltd.,200,270.0,54000.0,2025-07-20T11:03:21.045167
2025-07-20,176070,2025072004000778,AKPL,Trisul Securities & Invt. Ltd.,Investment Management Nepal Pvt. Ltd.,160,270.0,43200.0,2025-07-20T11:03:21.0452
2025-07-20,175955,2025072004000820,AKPL,Agrawal Securities (PVT) Ltd.,Investment Management Nepal Pvt. Ltd.,20,271.0,5420.0,2025-07-20T11:03:30.305973
2025-07-20,175951,2025072004000823,AKPL,Naasa Securities Co. Ltd.,Investment Management Nepal Pvt. Ltd.,500,271.0,135500.0,2025-07-20T11:03:30.90868
2025-07-20,175940,2025072004000830,AKPL,Vision Securities Pvt. Ltd,Investment Management Nepal Pvt. Ltd.,50,271.0,13550.0,2025-07-20T11:03:31.649923
2025-07-20,175757,2025072004000890,AKPL,J.F. Securites (PVT) Ltd.,Investment Management Nepal Pvt. Ltd.,150,271.0,40650.0,2025-07-20T11:03:45.549787
2025-07-20,175501,2025072004000991,AKPL,Agrawal Securities (PVT) Ltd.,Investment Management Nepal Pvt. Ltd.,230,271.0,62330.0,2025-07-20T11:04:07.463894
2025-07-20,174936,2025072004001181,AKPL,Sani Securities Company Ltd.,Bhrikuti Stock Broking Co. Pvt. Ltd.,20,272.0,5440.0,2025-07-20T11:04:48.600936
2025-07-20,174474,2025072004001337,AKPL,Vision Securities Pvt. Ltd,Sagarmatha Securities Private Limited,1000,271.1,271100.0,2025-07-20T11:05:20.146432
2025-07-20,174171,2025072004001447,AKPL,ABC Securities Private Limited,Bhrikuti Stock Broking Co. Pvt. Ltd.,200,272.0,54400.0,2025-07-20T11:05:41.73771
2025-07-20,173982,2025072004001502,AKPL,Dipshikha Dhitopatra Karobar Co. Pvt Ltd.,Bhrikuti Stock Broking Co. Pvt. Ltd.,80,272.0,21760.0,2025-07-20T11:05:54.612951
2025-07-20,173981,2025072004001503,AKPL,Dipshikha Dhitopatra Karobar Co. Pvt Ltd.,Linch Stock Market Ltd.,100,272.0,27200.0,2025-07-20T11:05:54.613171
2025-07-20,173980,2025072004001504,AKPL,Dipshikha Dhitopatra Karobar Co. Pvt Ltd.,Imperial Securities Company Pvt. Ltd.,320,272.0,87040.0,2025-07-20T11:05:54.613295
2025-07-20,173942,2025072004001518,AKPL,Agrawal Securities (PVT) Ltd.,Imperial Securities Company Pvt. Ltd.,270,272.0,73440.0,2025-07-20T11:05:57.574427
2025-07-20,173904,2025072004001527,AKPL,Aryatara Investment & Securities,Nepal Investment And Securities Trading Private Limited,20,271.0,5420.0,2025-07-20T11:05:59.829242
2025-07-20,173608,2025072004001634,AKPL,Vision Securities Pvt. Ltd,Infinity Securities Limited,150,271.9,40785.0,2025-07-20T11:06:14.761381
2025-07-20,173422,2025072004001680,AKPL,Aryatara Investment & Securities,Sani Securities Company Ltd.,307,271.0,83197.0,2025-07-20T11:06:24.971639
2025-07-20,173307,2025072004001713,AKPL,Aryatara Investment & Securities,Secured Securities Ltd.,173,271.0,46883.0,2025-07-20T11:06:32.187049
2025-07-20,173306,2025072004001714,AKPL,Naasa Securities Co. Ltd.,Secured Securities Ltd.,200,271.0,54200.0,2025-07-20T11:06:32.187144
2025-07-20,173305,2025072004001715,AKPL,Ashutosh Brokerage & Securities (PVT) Ltd.,Secured Securities Ltd.,127,271.0,34417.0,2025-07-20T11:06:32.187187
2025-07-20,172972,2025072004001808,AKPL,Ashutosh Brokerage & Securities (PVT) Ltd.,Himalayan Securities Limited,200,271.0,54200.0,2025-07-20T11:06:56.346754
2025-07-20,172962,2025072004001810,AKPL,Nepal Investment And Securities Trading Private Limited,Thrive Brokerage House Pvt. Ltd,30,271.5,8145.0,2025-07-20T11:06:56.705021
2025-07-20,172890,2025072004001844,AKPL,Ashutosh Brokerage & Securities (PVT) Ltd.,Secured Securities Ltd.,100,271.0,27100.0,2025-07-20T11:07:01.293236
2025-07-20,172774,2025072004001882,AKPL,Elite Stock House Limited,Thrive Brokerage House Pvt. Ltd,296,271.5,80364.0,2025-07-20T11:07:07.803261
2025-07-20,172557,2025072004001955,AKPL,Elite Stock House Limited,K.B.L. Securities Limited ,74,271.5,20091.0,2025-07-20T11:07:22.271603
2025-07-20,172556,2025072004001956,AKPL,Ashutosh Brokerage & Securities (PVT) Ltd.,K.B.L. Securities Limited ,73,271.0,19783.0,2025-07-20T11:07:22.271694
2025-07-20,172555,2025072004001957,AKPL,Dipshikha Dhitopatra Karobar Co. Pvt Ltd.,K.B.L. Securities Limited ,40,271.0,10840.0,2025-07-20T11:07:22.271744
2025-07-20,172554,2025072004001958,AKPL,Imperial Securities Company Pvt. Ltd.,K.B.L. Securities Limited ,113,271.0,30623.0,2025-07-20T11:07:22.271784
2025-07-20,172167,2025072004002078,AKPL,Imperial Securities Company Pvt. Ltd.,Asian Securities Private Ltd.,37,271.0,10027.0,2025-07-20T11:07:44.361627
2025-07-20,172166,2025072004002079,AKPL,South Asian Bulls Pvt. Ltd.,Asian Securities Private Ltd.,136,271.0,36856.0,2025-07-20T11:07:44.361828
2025-07-20,172042,2025072004002128,AKPL,South Asian Bulls Pvt. Ltd.,South Asian Bulls Pvt. Ltd.,64,271.0,17344.0,2025-07-20T11:07:51.25882
2025-07-20,171582,2025072004002282,AKPL,Naasa Securities Co. Ltd.,South Asian Bulls Pvt. Ltd.,125,270.4,33800.0,2025-07-20T11:08:24.262621
2025-07-20,171197,2025072004002393,AKPL,South Asian Bulls Pvt. Ltd.,Trishakti Securities Public Limited,100,270.2,27020.0,2025-07-20T11:08:42.310719
2025-07-20,171134,2025072004002411,AKPL,South Asian Bulls Pvt. Ltd.,Secured Securities Ltd.,100,270.2,27020.0,2025-07-20T11:08:46.415594
2025-07-20,171133,2025072004002412,AKPL,Oxford Securities Pvt. Ltd.,Secured Securities Ltd.,222,270.1,59962.2,2025-07-20T11:08:46.415707
2025-07-20,171132,2025072004002413,AKPL,Trisul Securities & Invt. Ltd.,Secured Securities Ltd.,40,270.0,10800.0,2025-07-20T11:08:46.415764
2025-07-20,171131,2025072004002414,AKPL,Sweta Securities Private Limited,Secured Securities Ltd.,100,270.0,27000.0,2025-07-20T11:08:46.415812
2025-07-20,171130,2025072004002415,AKPL,Arun Securities (PVT) Ltd.,Secured Securities Ltd.,19,270.0,5130.0,2025-07-20T11:08:46.415857
2025-07-20,171129,2025072004002416,AKPL,Primo Securities (PVT) Ltd.,Secured Securities Ltd.,50,270.0,13500.0,2025-07-20T11:08:46.4159
2025-07-20,171128,2025072004002417,AKPL,Oxford Securities Pvt. Ltd.,Secured Securities Ltd.,100,270.0,27000.0,2025-07-20T11:08:46.415944
2025-07-20,171127,2025072004002418,AKPL,Trisul Securities & Invt. Ltd.,Secured Securities Ltd.,700,270.0,189000.0,2025-07-20T11:08:46.415988
2025-07-20,171126,2025072004002419,AKPL,Imperial Securities Company Pvt. Ltd.,Secured Securities Ltd.,500,270.0,135000.0,2025-07-20T11:08:46.416029
2025-07-20,171125,2025072004002420,AKPL,Vision Securities Pvt. Ltd,Secured Securities Ltd.,55,270.0,14850.0,2025-07-20T11:08:46.416091
2025-07-20,171124,2025072004002421,AKPL,Cristal Kanchanjanga Securites Pvt. Ltd.,Secured Securities Ltd.,114,270.0,30780.0,2025-07-20T11:08:46.416159
2025-07-20,171067,2025072004002432,AKPL,Sani Securities Company Ltd.,Asian Securities Private Ltd.,80,270.0,21600.0,2025-07-20T11:08:48.680689
2025-07-20,171066,2025072004002433,AKPL,ABC Securities Private Limited,Asian Securities Private Ltd.,10,270.0,2700.0,2025-07-20T11:08:48.68081
2025-07-20,171065,2025072004002434,AKPL,Deevyaa Securities & Stock House Pvt. Ltd,Asian Securities Private Ltd.,737,270.0,198990.0,2025-07-20T11:08:48.680873
2025-07-20,170965,2025072004002451,AKPL,South Asian Bulls Pvt. Ltd.,South Asian Bulls Pvt. Ltd.,50,271.0,13550.0,2025-07-20T11:08:53.15276
2025-07-20,170947,2025072004002458,AKPL,Deevyaa Securities & Stock House Pvt. Ltd,Trishakti Securities Public Limited,263,270.0,71010.0,2025-07-20T11:08:54.435709
2025-07-20,170476,2025072004002605,AKPL,South Asian Bulls Pvt. Ltd.,Bhrikuti Stock Broking Co. Pvt. Ltd.,200,269.3,53860.0,2025-07-20T11:09:25.493355
2025-07-20,170475,2025072004002606,AKPL,Nabil Stock Dealer Ltd.,Bhrikuti Stock Broking Co. Pvt. Ltd.,26,269.2,6999.2,2025-07-20T11:09:25.49356
2025-07-20,170402,2025072004002625,AKPL,Nabil Stock Dealer Ltd.,Sewa Securities Pvt. Ltd.,74,269.2,19920.8,2025-07-20T11:09:30.535481
2025-07-20,170401,2025072004002626,AKPL,Linch Stock Market Ltd.,Sewa Securities Pvt. Ltd.,250,269.1,67275.0,2025-07-20T11:09:30.535687
2025-07-20,170400,2025072004002627,AKPL,Sundhara Securities Limited,Sewa Securities Pvt. Ltd.,200,269.0,53800.0,2025-07-20T11:09:30.535819
2025-07-20,170399,2025072004002628,AKPL,Pragyan Securities (PVT) Ltd.,Sewa Securities Pvt. Ltd.,476,269.0,128044.0,2025-07-20T11:09:30.535941
2025-07-20,170273,2025072004002669,AKPL,Pragyan Securities (PVT) Ltd.,Online Securities Pvt. Ltd.,524,269.0,140956.0,2025-07-20T11:09:38.853459
2025-07-20,170077,2025072004002730,AKPL,South Asian Bulls Pvt. Ltd.,Online Securities Pvt. Ltd.,200,268.1,53620.0,2025-07-20T11:09:51.154957
2025-07-20,170076,2025072004002731,AKPL,Vision Securities Pvt. Ltd,Online Securities Pvt. Ltd.,100,268.0,26800.0,2025-07-20T11:09:51.15518
2025-07-20,170075,2025072004002732,AKPL,Naasa Securities Co. Ltd.,Online Securities Pvt. Ltd.,200,268.0,53600.0,2025-07-20T11:09:51.155355
2025-07-20,170074,2025072004002733,AKPL,ABC Securities Private Limited,Online Securities Pvt. Ltd.,250,268.0,67000.0,2025-07-20T11:09:51.155508
2025-07-20,170073,2025072004002734,AKPL,Midas Stock Broking Company Private Limited,Online Securities Pvt. Ltd.,226,268.0,60568.0,2025-07-20T11:09:51.155657
2025-07-20,170011,2025072004002765,AKPL,Midas Stock Broking Company Private Limited,Dakshinkali Investment & Securities Pvt. Ltd.,274,268.0,73432.0,2025-07-20T11:09:55.149578
2025-07-20,169778,2025072004002819,AKPL,Ashutosh Brokerage & Securities (PVT) Ltd.,Dakshinkali Investment & Securities Pvt. Ltd.,20,268.0,5360.0,2025-07-20T11:10:10.036997
2025-07-20,169491,2025072004002907,AKPL,Secured Securities Ltd.,Agrawal Securities (PVT) Ltd.,100,267.0,26700.0,2025-07-20T11:10:29.658422
2025-07-20,169490,2025072004002908,AKPL,South Asian Bulls Pvt. Ltd.,Agrawal Securities (PVT) Ltd.,150,266.1,39915.0,2025-07-20T11:10:29.658529
2025-07-20,169228,2025072004002979,AKPL,South Asian Bulls Pvt. Ltd.,KALASH STOCK MARKET PVT. LTD.,50,266.1,13305.0,2025-07-20T11:10:49.379963
2025-07-20,169178,2025072004002996,AKPL,Online Securities Pvt. Ltd.,Prabhu Stock Market Limited,100,266.0,26600.0,2025-07-20T11:10:55.170909
2025-07-20,169177,2025072004002997,AKPL,Kumari Securities Private Limited,Prabhu Stock Market Limited,200,266.0,53200.0,2025-07-20T11:10:55.171005
2025-07-20,169176,2025072004002998,AKPL,Nepal Stock House (PVT) Ltd.,Prabhu Stock Market Limited,200,266.0,53200.0,2025-07-20T11:10:55.171051
2025-07-20,169175,2025072004002999,AKPL,Secured Securities Ltd.,Prabhu Stock Market Limited,100,265.6,26560.0,2025-07-20T11:10:55.171097
2025-07-20,169174,2025072004003000,AKPL,Swarna Laxmi Securities Pvt. Ltd.,Prabhu Stock Market Limited,400,265.0,106000.0,2025-07-20T11:10:55.171159
2025-07-20,169143,2025072004003009,AKPL,South Asian Bulls Pvt. Ltd.,KALASH STOCK MARKET PVT. LTD.,100,266.1,26610.0,2025-07-20T11:10:57.832395
2025-07-20,168309,2025072004003304,AKPL,Linch Stock Market Ltd.,Imperial Securities Company Pvt. Ltd.,50,267.9,13395.0,2025-07-20T11:11:52.337394
2025-07-20,167489,2025072004003530,AKPL,Oxford Securities Pvt. Ltd.,Imperial Securities Company Pvt. Ltd.,271,266.2,72140.2,2025-07-20T11:12:51.163218
2025-07-20,167101,2025072004003658,AKPL,Nepal Investment And Securities Trading Private Limited,Naasa Securities Co. Ltd.,30,266.5,7995.0,2025-07-20T11:13:18.90563
2025-07-20,166796,2025072004003712,AKPL,Nepal Investment And Securities Trading Private Limited,Imperial Securities Company Pvt. Ltd.,100,266.5,26650.0,2025-07-20T11:13:41.19967
2025-07-20,166473,2025072004003821,AKPL,Sundhara Securities Limited,R.B.B. Securities Company Ltd,150,266.7,40005.0,2025-07-20T11:14:06.450665
2025-07-20,166472,2025072004003822,AKPL,Nepal Investment And Securities Trading Private Limited,R.B.B. Securities Company Ltd,70,266.5,18655.0,2025-07-20T11:14:06.45078
2025-07-20,166471,2025072004003823,AKPL,Online Securities Pvt. Ltd.,R.B.B. Securities Company Ltd,100,266.5,26650.0,2025-07-20T11:14:06.450837
2025-07-20,166470,2025072004003824,AKPL,Oxford Securities Pvt. Ltd.,R.B.B. Securities Company Ltd,80,266.2,21296.0,2025-07-20T11:14:06.450889
2025-07-20,166352,2025072004003861,AKPL,Vision Securities Pvt. Ltd,Agrawal Securities (PVT) Ltd.,2000,266.9,533800.0,2025-07-20T11:14:17.345992
2025-07-20,165722,2025072004004031,AKPL,Online Securities Pvt. Ltd.,Opal Securities Investment (PVT) Ltd.,100,266.4,26640.0,2025-07-20T11:15:03.611399
2025-07-20,165256,2025072004004163,AKPL,ABC Securities Private Limited,Naasa Securities Co. Ltd.,475,267.0,126825.0,2025-07-20T11:15:36.759813
2025-07-20,165124,2025072004004212,AKPL,SUN SECURITIES PVT LTD,Imperial Securities Company Pvt. Ltd.,30,267.9,8037.0,2025-07-20T11:15:44.179687
2025-07-20,164975,2025072004004249,AKPL,South Asian Bulls Pvt. Ltd.,Imperial Securities Company Pvt. Ltd.,120,267.9,32148.0,2025-07-20T11:15:53.724429
2025-07-20,164974,2025072004004250,AKPL,South Asian Bulls Pvt. Ltd.,Dakshinkali Investment & Securities Pvt. Ltd.,706,268.0,189208.0,2025-07-20T11:15:53.72469
2025-07-20,164970,2025072004004254,AKPL,South Asian Bulls Pvt. Ltd.,Vision Securities Pvt. Ltd,40,269.0,10760.0,2025-07-20T11:15:54.010024
2025-07-20,164360,2025072004004424,AKPL,Sundhara Securities Limited,Siprabi Securities Pvt. Ltd.,250,269.9,67475.0,2025-07-20T11:16:28.211265
2025-07-20,164359,2025072004004425,AKPL,Sundhara Securities Limited,Midas Stock Broking Company Private Limited,250,269.9,67475.0,2025-07-20T11:16:28.211389
2025-07-20,164299,2025072004004447,AKPL,Deevyaa Securities & Stock House Pvt. Ltd,Midas Stock Broking Company Private Limited,135,269.9,36436.5,2025-07-20T11:16:31.598944
2025-07-20,163903,2025072004004557,AKPL,Nepal Investment And Securities Trading Private Limited,Trishakti Securities Public Limited,200,270.0,54000.0,2025-07-20T11:16:54.626088
2025-07-20,163836,2025072004004566,AKPL,Linch Stock Market Ltd.,Trishakti Securities Public Limited,500,270.0,135000.0,2025-07-20T11:16:58.607754
2025-07-20,163729,2025072004004603,AKPL,Neev Securities Pvt. Ltd.,Trishakti Securities Public Limited,1000,270.0,270000.0,2025-07-20T11:17:05.309663
2025-07-20,163698,2025072004004608,AKPL,Aryatara Investment & Securities,Trishakti Securities Public Limited,37,270.0,9990.0,2025-07-20T11:17:07.592342
2025-07-20,163697,2025072004004609,AKPL,Aryatara Investment & Securities,Imperial Securities Company Pvt. Ltd.,913,270.0,246510.0,2025-07-20T11:17:07.592452
2025-07-20,163506,2025072004004700,AKPL,Oxford Securities Pvt. Ltd.,Imperial Securities Company Pvt. Ltd.,380,270.0,102600.0,2025-07-20T11:17:21.882714
2025-07-20,163465,2025072004004715,AKPL,Deevyaa Securities & Stock House Pvt. Ltd,ABC Securities Private Limited,40,269.9,10796.0,2025-07-20T11:17:24.207455
2025-07-20,163169,2025072004004807,AKPL,Online Securities Pvt. Ltd.,Imperial Securities Company Pvt. Ltd.,148,270.0,39960.0,2025-07-20T11:17:39.349425
2025-07-20,162773,2025072004004918,AKPL,SUN SECURITIES PVT LTD,Imperial Securities Company Pvt. Ltd.,10,270.0,2700.0,2025-07-20T11:18:04.745796
2025-07-20,162760,2025072004004919,AKPL,Sani Securities Company Ltd.,Imperial Securities Company Pvt. Ltd.,1000,270.0,270000.0,2025-07-20T11:18:05.908768
2025-07-20,162648,2025072004004943,AKPL,Sumeru Securities Pvt. Ltd.,Imperial Securities Company Pvt. Ltd.,109,270.0,29430.0,2025-07-20T11:18:12.252015
2025-07-20,162647,2025072004004944,AKPL,Sumeru Securities Pvt. Ltd.,Siprabi Securities Pvt. Ltd.,15,270.0,4050.0,2025-07-20T11:18:12.252119
2025-07-20,162646,2025072004004945,AKPL,Sumeru Securities Pvt. Ltd.,Himalayan Securities Limited,300,270.0,81000.0,2025-07-20T11:18:12.252194
2025-07-20,162153,2025072004005085,AKPL,Sumeru Securities Pvt. Ltd.,Premier Securities Company Ltd.,10,270.0,2700.0,2025-07-20T11:18:43.965593
2025-07-20,161949,2025072004005148,AKPL,Deevyaa Securities & Stock House Pvt. Ltd,Shree Krishna Securities Ltd.,50,271.0,13550.0,2025-07-20T11:18:59.142606
2025-07-20,161948,2025072004005149,AKPL,Deevyaa Securities & Stock House Pvt. Ltd,Investment Management Nepal Pvt. Ltd.,300,271.0,81300.0,2025-07-20T11:18:59.142869
2025-07-20,161947,2025072004005150,AKPL,Deevyaa Securities & Stock House Pvt. Ltd,Sweta Securities Private Limited,100,271.0,27100.0,2025-07-20T11:18:59.143046
2025-07-20,161946,2025072004005151,AKPL,Deevyaa Securities & Stock House Pvt. Ltd,Neev Securities Pvt. Ltd.,375,271.0,101625.0,2025-07-20T11:18:59.143222
2025-07-20,161572,2025072004005236,AKPL,Imperial Securities Company Pvt. Ltd.,Neev Securities Pvt. Ltd.,13,271.0,3523.0,2025-07-20T11:19:23.102969
2025-07-20,161323,2025072004005285,AKPL,Sumeru Securities Pvt. Ltd.,Sumeru Securities Pvt. Ltd.,66,270.0,17820.0,2025-07-20T11:19:38.013441
2025-07-20,161322,2025072004005286,AKPL,Trademow Securities Private Limited,Sumeru Securities Pvt. Ltd.,34,270.0,9180.0,2025-07-20T11:19:38.01356
2025-07-20,160698,2025072004005474,AKPL,Sagarmatha Securities Private Limited,Siprabi Securities Pvt. Ltd.,300,270.9,81270.0,2025-07-20T11:20:27.454632
2025-07-20,160696,2025072004005475,AKPL,Deevyaa Securities & Stock House Pvt. Ltd,Siprabi Securities Pvt. Ltd.,200,270.9,54180.0,2025-07-20T11:20:27.850114
2025-07-20,160301,2025072004005568,AKPL,Nagarik Stock Dealer ,Neev Securities Pvt. Ltd.,500,271.0,135500.0,2025-07-20T11:20:51.346619
2025-07-20,160271,2025072004005579,AKPL,Ashutosh Brokerage & Securities (PVT) Ltd.,Neev Securities Pvt. Ltd.,1000,271.0,271000.0,2025-07-20T11:20:53.736719
2025-07-20,159892,2025072004005659,AKPL,Deevyaa Securities & Stock House Pvt. Ltd,Neev Securities Pvt. Ltd.,300,271.0,81300.0,2025-07-20T11:21:18.167321
2025-07-20,159564,2025072004005734,AKPL,Sundhara Securities Limited,Neev Securities Pvt. Ltd.,500,271.0,135500.0,2025-07-20T11:21:36.909782
2025-07-20,159538,2025072004005737,AKPL,Nagarik Stock Dealer ,Naasa Securities Co. Ltd.,181,270.1,48888.1,2025-07-20T11:21:38.766723
2025-07-20,159499,2025072004005742,AKPL,Bhrikuti Stock Broking Co. Pvt. Ltd.,Neev Securities Pvt. Ltd.,100,271.0,27100.0,2025-07-20T11:21:40.90354
2025-07-20,159284,2025072004005811,AKPL,Trademow Securities Private Limited,Neev Securities Pvt. Ltd.,666,271.0,180486.0,2025-07-20T11:21:57.417308
2025-07-20,158678,2025072004005992,AKPL,Pragyan Securities (PVT) Ltd.,Neev Securities Pvt. Ltd.,136,271.0,36856.0,2025-07-20T11:22:36.893248
2025-07-20,158677,2025072004005993,AKPL,Pragyan Securities (PVT) Ltd.,Neev Securities Pvt. Ltd.,254,271.0,68834.0,2025-07-20T11:22:36.893381
2025-07-20,158271,2025072004006099,AKPL,Trishakti Securities Public Limited,Vision Securities Pvt. Ltd,900,271.0,243900.0,2025-07-20T11:23:06.251122
2025-07-20,157782,2025072004006229,AKPL,Asian Securities Private Ltd.,Vision Securities Pvt. Ltd,100,271.0,27100.0,2025-07-20T11:23:35.651619
2025-07-20,157503,2025072004006292,AKPL,Asian Securities Private Ltd.,South Asian Bulls Pvt. Ltd.,25,271.8,6795.0,2025-07-20T11:23:55.813169
2025-07-20,157502,2025072004006293,AKPL,Asian Securities Private Ltd.,Aryatara Investment & Securities,500,271.8,135900.0,2025-07-20T11:23:55.813308
2025-07-20,156975,2025072004006410,AKPL,Asian Securities Private Ltd.,Asian Securities Private Ltd.,300,271.0,81300.0,2025-07-20T11:24:28.346147
2025-07-20,156533,2025072004006527,AKPL,Sipla Securities Private Limited,Cristal Kanchanjanga Securites Pvt. Ltd.,1000,270.2,270200.0,2025-07-20T11:25:04.640924
2025-07-20,156532,2025072004006528,AKPL,Nagarik Stock Dealer ,Cristal Kanchanjanga Securites Pvt. Ltd.,158,270.1,42675.8,2025-07-20T11:25:04.641081
2025-07-20,156060,2025072004006670,AKPL,Sani Securities Company Ltd.,Sundhara Securities Limited,30,271.8,8154.0,2025-07-20T11:25:32.575281
2025-07-20,155451,2025072004006834,AKPL,Asian Securities Private Ltd.,Shree Krishna Securities Ltd.,271,271.1,73468.1,2025-07-20T11:26:22.423136
2025-07-20,154954,2025072004006999,AKPL,South Asian Bulls Pvt. Ltd.,ABC Securities Private Limited,25,271.2,6780.0,2025-07-20T11:26:58.446139
2025-07-20,154626,2025072004007102,AKPL,Secured Securities Ltd.,Sundhara Securities Limited,35,271.8,9513.0,2025-07-20T11:27:21.726449
2025-07-20,154625,2025072004007103,AKPL,Secured Securities Ltd.,Sani Securities Company Ltd.,10,271.8,2718.0,2025-07-20T11:27:21.726585
2025-07-20,154216,2025072004007221,AKPL,Secured Securities Ltd.,Sewa Securities Pvt. Ltd.,50,271.8,13590.0,2025-07-20T11:27:50.380616
2025-07-20,154156,2025072004007245,AKPL,KALASH STOCK MARKET PVT. LTD.,Cristal Kanchanjanga Securites Pvt. Ltd.,200,271.9,54380.0,2025-07-20T11:27:56.465823
2025-07-20,154155,2025072004007246,AKPL,KALASH STOCK MARKET PVT. LTD.,Dipshikha Dhitopatra Karobar Co. Pvt Ltd.,25,271.9,6797.5,2025-07-20T11:27:56.465964
2025-07-20,154154,2025072004007247,AKPL,KALASH STOCK MARKET PVT. LTD.,South Asian Bulls Pvt. Ltd.,36,272.0,9792.0,2025-07-20T11:27:56.466029
2025-07-20,154153,2025072004007248,AKPL,KALASH STOCK MARKET PVT. LTD.,Siprabi Securities Pvt. Ltd.,500,272.0,136000.0,2025-07-20T11:27:56.466091
2025-07-20,154152,2025072004007249,AKPL,KALASH STOCK MARKET PVT. LTD.,Imperial Securities Company Pvt. Ltd.,390,272.0,106080.0,2025-07-20T11:27:56.466151
2025-07-20,154151,2025072004007250,AKPL,KALASH STOCK MARKET PVT. LTD.,Deevyaa Securities & Stock House Pvt. Ltd,849,272.0,230928.0,2025-07-20T11:27:56.46621
2025-07-20,153993,2025072004007269,AKPL,Sipla Securities Private Limited,Deevyaa Securities & Stock House Pvt. Ltd,151,272.0,41072.0,2025-07-20T11:28:06.587382
2025-07-20,153443,2025072004007432,AKPL,Shree Krishna Securities Ltd.,Infinity Securities Limited,50,272.9,13645.0,2025-07-20T11:28:43.257249
2025-07-20,153387,2025072004007456,AKPL,KALASH STOCK MARKET PVT. LTD.,Infinity Securities Limited,800,272.9,218320.0,2025-07-20T11:28:48.66841
2025-07-20,153342,2025072004007469,AKPL,KALASH STOCK MARKET PVT. LTD.,KALASH STOCK MARKET PVT. LTD.,500,272.9,136450.0,2025-07-20T11:28:50.677834
2025-07-20,153298,2025072004007481,AKPL,KALASH STOCK MARKET PVT. LTD.,Trishakti Securities Public Limited,13,272.9,3547.7,2025-07-20T11:28:53.349006
2025-07-20,153231,2025072004007502,AKPL,Sewa Securities Pvt. Ltd.,Bhrikuti Stock Broking Co. Pvt. Ltd.,300,273.0,81900.0,2025-07-20T11:28:59.996822
2025-07-20,153230,2025072004007503,AKPL,Sewa Securities Pvt. Ltd.,Dipshikha Dhitopatra Karobar Co. Pvt Ltd.,30,273.0,8190.0,2025-07-20T11:28:59.996977
2025-07-20,153229,2025072004007504,AKPL,Sewa Securities Pvt. Ltd.,Vision Securities Pvt. Ltd,100,273.0,27300.0,2025-07-20T11:28:59.997047
2025-07-20,153228,2025072004007505,AKPL,Sewa Securities Pvt. Ltd.,Vision Securities Pvt. Ltd,500,273.0,136500.0,2025-07-20T11:28:59.997107
2025-07-20,153227,2025072004007506,AKPL,Sewa Securities Pvt. Ltd.,Sri Hari Securities Pvt. Ltd.,500,273.0,136500.0,2025-07-20T11:28:59.997165
2025-07-20,153226,2025072004007507,AKPL,Sewa Securities Pvt. Ltd.,Linch Stock Market Ltd.,150,273.0,40950.0,2025-07-20T11:28:59.997226
2025-07-20,153064,2025072004007549,AKPL,Aryatara Investment & Securities,Bhrikuti Stock Broking Co. Pvt. Ltd.,400,274.0,109600.0,2025-07-20T11:29:12.100789
2025-07-20,153063,2025072004007550,AKPL,Aryatara Investment & Securities,Naasa Securities Co. Ltd.,10,274.0,2740.0,2025-07-20T11:29:12.100949
2025-07-20,153062,2025072004007551,AKPL,Aryatara Investment & Securities,Dakshinkali Investment & Securities Pvt. Ltd.,90,274.0,24660.0,2025-07-20T11:29:12.101019
2025-07-20,152026,2025072004007857,AKPL,Naasa Securities Co. Ltd.,South Asian Bulls Pvt. Ltd.,25,273.8,6845.0,2025-07-20T11:30:27.821608
2025-07-20,152025,2025072004007858,AKPL,Naasa Securities Co. Ltd.,Dakshinkali Investment & Securities Pvt. Ltd.,122,274.0,33428.0,2025-07-20T11:30:27.821758
2025-07-20,152024,2025072004007859,AKPL,Naasa Securities Co. Ltd.,Nepal Investment And Securities Trading Private Limited,43,274.0,11782.0,2025-07-20T11:30:27.821826
2025-07-20,151006,2025072004008117,AKPL,Midas Stock Broking Company Private Limited,South Asian Bulls Pvt. Ltd.,25,273.8,6845.0,2025-07-20T11:31:49.152694
2025-07-20,151005,2025072004008118,AKPL,Midas Stock Broking Company Private Limited,Market Securities & Exchange (PVT) Ltd.,100,273.8,27380.0,2025-07-20T11:31:49.152853
2025-07-20,150716,2025072004008171,AKPL,Asian Securities Private Ltd.,Nepal Investment And Securities Trading Private Limited,257,274.0,70418.0,2025-07-20T11:32:08.180211
2025-07-20,150715,2025072004008172,AKPL,Asian Securities Private Ltd.,Naasa Securities Co. Ltd.,35,274.0,9590.0,2025-07-20T11:32:08.180438
2025-07-20,150033,2025072004008356,AKPL,South Asian Bulls Pvt. Ltd.,Kumari Securities Private Limited,11,273.1,3004.1,2025-07-20T11:32:52.206223
2025-07-20,150010,2025072004008359,AKPL,South Asian Bulls Pvt. Ltd.,Agrawal Securities (PVT) Ltd.,89,273.1,24305.9,2025-07-20T11:32:54.167075
2025-07-20,150009,2025072004008360,AKPL,Naasa Securities Co. Ltd.,Agrawal Securities (PVT) Ltd.,74,273.1,20209.4,2025-07-20T11:32:54.167227
2025-07-20,150008,2025072004008361,AKPL,Sewa Securities Pvt. Ltd.,Agrawal Securities (PVT) Ltd.,143,273.0,39039.0,2025-07-20T11:32:54.167318
2025-07-20,149852,2025072004008408,AKPL,Midas Stock Broking Company Private Limited,South Asian Bulls Pvt. Ltd.,25,273.9,6847.5,2025-07-20T11:33:05.745026
2025-07-20,148702,2025072004008728,AKPL,Midas Stock Broking Company Private Limited,Aryatara Investment & Securities,500,273.5,136750.0,2025-07-20T11:34:35.531032
2025-07-20,148610,2025072004008744,AKPL,Neev Securities Pvt. Ltd.,Aryatara Investment & Securities,100,273.5,27350.0,2025-07-20T11:34:42.82358
2025-07-20,148504,2025072004008783,AKPL,Asian Securities Private Ltd.,Linch Stock Market Ltd.,1000,273.1,273100.0,2025-07-20T11:34:51.435497
2025-07-20,148009,2025072004008984,AKPL,Naasa Securities Co. Ltd.,Aryatara Investment & Securities,17,273.5,4649.5,2025-07-20T11:35:21.936541
2025-07-20,147949,2025072004009007,AKPL,Sewa Securities Pvt. Ltd.,Bhrikuti Stock Broking Co. Pvt. Ltd.,145,273.0,39585.0,2025-07-20T11:35:27.248302
2025-07-20,147455,2025072004009170,AKPL,Sewa Securities Pvt. Ltd.,KALASH STOCK MARKET PVT. LTD.,104,273.0,28392.0,2025-07-20T11:35:56.277837
2025-07-20,147444,2025072004009171,AKPL,Sewa Securities Pvt. Ltd.,Imperial Securities Company Pvt. Ltd.,28,273.0,7644.0,2025-07-20T11:35:56.864229
2025-07-20,147443,2025072004009172,AKPL,Sani Securities Company Ltd.,Imperial Securities Company Pvt. Ltd.,50,273.0,13650.0,2025-07-20T11:35:56.864478
2025-07-20,147442,2025072004009173,AKPL,Elite Stock House Limited,Imperial Securities Company Pvt. Ltd.,122,273.0,33306.0,2025-07-20T11:35:56.864561
2025-07-20,147379,2025072004009189,AKPL,Elite Stock House Limited,Naasa Securities Co. Ltd.,78,273.0,21294.0,2025-07-20T11:36:01.749424
2025-07-20,147378,2025072004009190,AKPL,Sumeru Securities Pvt. Ltd.,Naasa Securities Co. Ltd.,22,273.0,6006.0,2025-07-20T11:36:01.749612
2025-07-20,146978,2025072004009298,AKPL,Sumeru Securities Pvt. Ltd.,Linch Stock Market Ltd.,28,273.0,7644.0,2025-07-20T11:36:34.861123
2025-07-20,146977,2025072004009299,AKPL,Agrawal Securities (PVT) Ltd.,Linch Stock Market Ltd.,40,273.0,10920.0,2025-07-20T11:36:34.861295
2025-07-20,146935,2025072004009319,AKPL,South Asian Bulls Pvt. Ltd.,Linch Stock Market Ltd.,932,273.0,254436.0,2025-07-20T11:36:37.83624
2025-07-20,146894,2025072004009341,AKPL,South Asian Bulls Pvt. Ltd.,Dipshikha Dhitopatra Karobar Co. Pvt Ltd.,10,273.0,2730.0,2025-07-20T11:36:41.867035
2025-07-20,146588,2025072004009439,AKPL,South Asian Bulls Pvt. Ltd.,ABC Securities Private Limited,58,273.0,15834.0,2025-07-20T11:37:02.16749
2025-07-20,146587,2025072004009440,AKPL,Sharepro Securities Private Limited,ABC Securities Private Limited,106,273.0,28938.0,2025-07-20T11:37:02.167652
2025-07-20,146524,2025072004009453,AKPL,Sweta Securities Private Limited,Linch Stock Market Ltd.,205,273.5,56067.5,2025-07-20T11:37:09.174812
2025-07-20,146523,2025072004009454,AKPL,Sharepro Securities Private Limited,Linch Stock Market Ltd.,244,273.0,66612.0,2025-07-20T11:37:09.175012
2025-07-20,146522,2025072004009455,AKPL,Vision Securities Pvt. Ltd,Linch Stock Market Ltd.,551,273.0,150423.0,2025-07-20T11:37:09.175091
2025-07-20,146449,2025072004009483,AKPL,Vision Securities Pvt. Ltd,Imperial Securities Company Pvt. Ltd.,211,273.0,57603.0,2025-07-20T11:37:14.439832
2025-07-20,146424,2025072004009485,AKPL,Midas Stock Broking Company Private Limited,Dipshikha Dhitopatra Karobar Co. Pvt Ltd.,25,273.8,6845.0,2025-07-20T11:37:15.876287
2025-07-20,146423,2025072004009486,AKPL,Midas Stock Broking Company Private Limited,KALASH STOCK MARKET PVT. LTD.,25,273.8,6845.0,2025-07-20T11:37:15.876502
2025-07-20,145392,2025072004009762,AKPL,Vision Securities Pvt. Ltd,Sani Securities Company Ltd.,183,273.0,49959.0,2025-07-20T11:38:30.386136
2025-07-20,145203,2025072004009799,AKPL,Vision Securities Pvt. Ltd,Cristal Kanchanjanga Securites Pvt. Ltd.,55,273.0,15015.0,2025-07-20T11:38:48.451853
2025-07-20,145202,2025072004009800,AKPL,Linch Stock Market Ltd.,Cristal Kanchanjanga Securites Pvt. Ltd.,37,273.0,10101.0,2025-07-20T11:38:48.45205
2025-07-20,145079,2025072004009836,AKPL,Sani Securities Company Ltd.,Linch Stock Market Ltd.,10,273.0,2730.0,2025-07-20T11:38:56.957755
2025-07-20,145078,2025072004009837,AKPL,Linch Stock Market Ltd.,Linch Stock Market Ltd.,990,273.0,270270.0,2025-07-20T11:38:56.958161
2025-07-20,145074,2025072004009839,AKPL,Linch Stock Market Ltd.,Agrawal Securities (PVT) Ltd.,10,273.0,2730.0,2025-07-20T11:38:57.571103
2025-07-20,145067,2025072004009840,AKPL,Sumeru Securities Pvt. Ltd.,Agrawal Securities (PVT) Ltd.,490,273.0,133770.0,2025-07-20T11:38:58.559702
2025-07-20,145066,2025072004009841,AKPL,Sumeru Securities Pvt. Ltd.,Vision Securities Pvt. Ltd,100,273.4,27340.0,2025-07-20T11:38:58.559899
2025-07-20,145065,2025072004009842,AKPL,Sumeru Securities Pvt. Ltd.,Secured Securities Ltd.,210,273.5,57435.0,2025-07-20T11:38:58.560004
2025-07-20,145050,2025072004009850,AKPL,Midas Stock Broking Company Private Limited,Naasa Securities Co. Ltd.,50,273.0,13650.0,2025-07-20T11:38:59.461594
2025-07-20,144645,2025072004009965,AKPL,Capital Max Securities Ltd,Naasa Securities Co. Ltd.,140,273.0,38220.0,2025-07-20T11:39:26.991396
2025-07-20,144288,2025072004010045,AKPL,Capital Max Securities Ltd,Kumari Securities Private Limited,60,273.4,16404.0,2025-07-20T11:39:56.570545
2025-07-20,143911,2025072004010141,AKPL,Midas Stock Broking Company Private Limited,Kohinoor Investment & Securities Pvt. Ltd.,140,273.0,38220.0,2025-07-20T11:40:25.448817
2025-07-20,143910,2025072004010142,AKPL,Vision Securities Pvt. Ltd,Kohinoor Investment & Securities Pvt. Ltd.,200,273.0,54600.0,2025-07-20T11:40:25.449002
2025-07-20,143806,2025072004010177,AKPL,Asian Securities Private Ltd.,Kohinoor Investment & Securities Pvt. Ltd.,310,273.0,84630.0,2025-07-20T11:40:35.526955
2025-07-20,143805,2025072004010178,AKPL,Asian Securities Private Ltd.,Thrive Brokerage House Pvt. Ltd,60,273.4,16404.0,2025-07-20T11:40:35.527136
2025-07-20,143804,2025072004010179,AKPL,Asian Securities Private Ltd.,Secured Securities Ltd.,630,273.5,172305.0,2025-07-20T11:40:35.527225
2025-07-20,143532,2025072004010280,AKPL,KALASH STOCK MARKET PVT. LTD.,Sani Securities Company Ltd.,187,272.9,51032.3,2025-07-20T11:40:59.141896
2025-07-20,143531,2025072004010281,AKPL,South Asian Bulls Pvt. Ltd.,Sani Securities Company Ltd.,423,272.2,115140.6,2025-07-20T11:40:59.141956
2025-07-20,142429,2025072004010595,AKPL,South Asian Bulls Pvt. Ltd.,Kumari Securities Private Limited,476,272.2,129567.2,2025-07-20T11:42:15.730015
2025-07-20,141959,2025072004010763,AKPL,South Asian Bulls Pvt. Ltd.,Capital Hub P. Ltd,76,272.2,20687.2,2025-07-20T11:42:44.001124
2025-07-20,141579,2025072004010890,AKPL,Nepal Stock House (PVT) Ltd.,Primo Securities (PVT) Ltd.,100,272.0,27200.0,2025-07-20T11:43:05.607287
2025-07-20,141578,2025072004010891,AKPL,Linch Stock Market Ltd.,Primo Securities (PVT) Ltd.,600,272.0,163200.0,2025-07-20T11:43:05.607521
2025-07-20,141577,2025072004010892,AKPL,Agrawal Securities (PVT) Ltd.,Primo Securities (PVT) Ltd.,20,272.0,5440.0,2025-07-20T11:43:05.607628
2025-07-20,141576,2025072004010893,AKPL,Kohinoor Investment & Securities Pvt. Ltd.,Primo Securities (PVT) Ltd.,280,272.0,76160.0,2025-07-20T11:43:05.607762
2025-07-20,141575,2025072004010894,AKPL,Kohinoor Investment & Securities Pvt. Ltd.,Dynamic Money Managers Securities Pvt. Ltd.,20,272.0,5440.0,2025-07-20T11:43:05.626837
2025-07-20,141337,2025072004010978,AKPL,Kalika Securities Pvt. Ltd.,Vision Securities Pvt. Ltd,200,271.8,54360.0,2025-07-20T11:43:18.917996
2025-07-20,141321,2025072004010986,AKPL,Trishakti Securities Public Limited,Dynamic Money Managers Securities Pvt. Ltd.,980,272.0,266560.0,2025-07-20T11:43:19.670156
2025-07-20,141320,2025072004010987,AKPL,Trishakti Securities Public Limited,Secured Securities Ltd.,20,272.0,5440.0,2025-07-20T11:43:19.670553
2025-07-20,141311,2025072004010990,AKPL,Kalika Securities Pvt. Ltd.,Sani Securities Company Ltd.,10,271.8,2718.0,2025-07-20T11:43:21.195238
2025-07-20,141027,2025072004011065,AKPL,Kalika Securities Pvt. Ltd.,Online Securities Pvt. Ltd.,90,271.8,24462.0,2025-07-20T11:43:37.009435
2025-07-20,140796,2025072004011154,AKPL,South Asian Bulls Pvt. Ltd.,Trademow Securities Private Limited,1000,271.3,271300.0,2025-07-20T11:43:52.407267
2025-07-20,140795,2025072004011155,AKPL,Creative Securities Pvt Ltd,Trademow Securities Private Limited,860,271.2,233232.0,2025-07-20T11:43:52.407338
2025-07-20,140794,2025072004011156,AKPL,Malla & Malla Stock Broking Company Pvt. Limited,Trademow Securities Private Limited,140,271.0,37940.0,2025-07-20T11:43:52.40737
2025-07-20,140554,2025072004011206,AKPL,Malla & Malla Stock Broking Company Pvt. Limited,Linch Stock Market Ltd.,160,271.0,43360.0,2025-07-20T11:44:06.817535
2025-07-20,140553,2025072004011207,AKPL,Trisul Securities & Invt. Ltd.,Linch Stock Market Ltd.,840,271.0,227640.0,2025-07-20T11:44:06.817724
2025-07-20,140545,2025072004011215,AKPL,Trisul Securities & Invt. Ltd.,Naasa Securities Co. Ltd.,160,271.0,43360.0,2025-07-20T11:44:07.22202
2025-07-20,140544,2025072004011216,AKPL,Malla & Malla Stock Broking Company Pvt. Limited,Naasa Securities Co. Ltd.,200,271.0,54200.0,2025-07-20T11:44:07.222232
2025-07-20,140543,2025072004011217,AKPL,Online Securities Pvt. Ltd.,Naasa Securities Co. Ltd.,640,271.0,173440.0,2025-07-20T11:44:07.22232
2025-07-20,139856,2025072004011431,AKPL,Online Securities Pvt. Ltd.,Oxford Securities Pvt. Ltd.,101,271.0,27371.0,2025-07-20T11:44:55.716897
2025-07-20,139578,2025072004011503,AKPL,Online Securities Pvt. Ltd.,Primo Securities (PVT) Ltd.,20,271.0,5420.0,2025-07-20T11:45:15.553235
2025-07-20,139551,2025072004011511,AKPL,Online Securities Pvt. Ltd.,J.F. Securites (PVT) Ltd.,80,271.0,21680.0,2025-07-20T11:45:16.690076
2025-07-20,139497,2025072004011518,AKPL,Online Securities Pvt. Ltd.,Linch Stock Market Ltd.,500,271.0,135500.0,2025-07-20T11:45:19.044905
2025-07-20,139470,2025072004011528,AKPL,Online Securities Pvt. Ltd.,Secured Securities Ltd.,59,271.0,15989.0,2025-07-20T11:45:19.884011
2025-07-20,139271,2025072004011587,AKPL,Deevyaa Securities & Stock House Pvt. Ltd,Vision Securities Pvt. Ltd,45,270.2,12159.0,2025-07-20T11:45:33.76111
2025-07-20,139178,2025072004011610,AKPL,Nagarik Stock Dealer ,Aryatara Investment & Securities,400,270.1,108040.0,2025-07-20T11:45:39.352241
2025-07-20,138771,2025072004011748,AKPL,Nagarik Stock Dealer ,Naasa Securities Co. Ltd.,261,270.1,70496.1,2025-07-20T11:46:02.636373
2025-07-20,138770,2025072004011749,AKPL,Sweta Securities Private Limited,Naasa Securities Co. Ltd.,205,270.1,55370.5,2025-07-20T11:46:02.636572
2025-07-20,138769,2025072004011750,AKPL,Oxford Securities Pvt. Ltd.,Naasa Securities Co. Ltd.,30,270.1,8103.0,2025-07-20T11:46:02.636668
2025-07-20,138732,2025072004011763,AKPL,Trademow Securities Private Limited,Naasa Securities Co. Ltd.,1001,270.1,270370.1,2025-07-20T11:46:04.716866
2025-07-20,138679,2025072004011777,AKPL,Thrive Brokerage House Pvt. Ltd,Secured Securities Ltd.,400,270.0,108000.0,2025-07-20T11:46:07.058429
2025-07-20,138678,2025072004011778,AKPL,Trisul Securities & Invt. Ltd.,Secured Securities Ltd.,130,270.0,35100.0,2025-07-20T11:46:07.058662
2025-07-20,138487,2025072004011831,AKPL,Trisul Securities & Invt. Ltd.,Aryatara Investment & Securities,50,270.0,13500.0,2025-07-20T11:46:18.955873
2025-07-20,138304,2025072004011878,AKPL,Trisul Securities & Invt. Ltd.,Linch Stock Market Ltd.,500,270.0,135000.0,2025-07-20T11:46:31.954385
2025-07-20,138213,2025072004011905,AKPL,Trisul Securities & Invt. Ltd.,Naasa Securities Co. Ltd.,320,270.0,86400.0,2025-07-20T11:46:37.761295
2025-07-20,138212,2025072004011906,AKPL,ABC Securities Private Limited,Naasa Securities Co. Ltd.,10,270.0,2700.0,2025-07-20T11:46:37.761555
2025-07-20,138211,2025072004011907,AKPL,Primo Securities (PVT) Ltd.,Naasa Securities Co. Ltd.,200,270.0,54000.0,2025-07-20T11:46:37.761661
2025-07-20,138210,2025072004011908,AKPL,Sani Securities Company Ltd.,Naasa Securities Co. Ltd.,10,270.0,2700.0,2025-07-20T11:46:37.761753
2025-07-20,138209,2025072004011909,AKPL,Trishakti Securities Public Limited,Naasa Securities Co. Ltd.,100,270.0,27000.0,2025-07-20T11:46:37.761889
2025-07-20,138208,2025072004011910,AKPL,Kohinoor Investment & Securities Pvt. Ltd.,Naasa Securities Co. Ltd.,360,270.0,97200.0,2025-07-20T11:46:37.762015
2025-07-20,138137,2025072004011949,AKPL,Kohinoor Investment & Securities Pvt. Ltd.,Miyo Securities Pvt Ltd,11,270.0,2970.0,2025-07-20T11:46:43.370732
2025-07-20,138103,2025072004011974,AKPL,South Asian Bulls Pvt. Ltd.,Deevyaa Securities & Stock House Pvt. Ltd,134,270.1,36193.4,2025-07-20T11:46:44.367598
2025-07-20,137962,2025072004011993,AKPL,Kohinoor Investment & Securities Pvt. Ltd.,Dynamic Money Managers Securities Pvt. Ltd.,229,270.0,61830.0,2025-07-20T11:46:53.874724
2025-07-20,137961,2025072004011994,AKPL,Dakshinkali Investment & Securities Pvt. Ltd.,Dynamic Money Managers Securities Pvt. Ltd.,400,270.0,108000.0,2025-07-20T11:46:53.874963
2025-07-20,137960,2025072004011995,AKPL,Naasa Securities Co. Ltd.,Dynamic Money Managers Securities Pvt. Ltd.,50,270.0,13500.0,2025-07-20T11:46:53.875093
2025-07-20,137959,2025072004011996,AKPL,Nepal Stock House (PVT) Ltd.,Dynamic Money Managers Securities Pvt. Ltd.,300,270.0,81000.0,2025-07-20T11:46:53.875187
2025-07-20,137958,2025072004011997,AKPL,Opal Securities Investment (PVT) Ltd.,Dynamic Money Managers Securities Pvt. Ltd.,1000,270.0,270000.0,2025-07-20T11:46:53.875274
2025-07-20,137957,2025072004011998,AKPL,Oxford Securities Pvt. Ltd.,Dynamic Money Managers Securities Pvt. Ltd.,950,270.0,256500.0,2025-07-20T11:46:53.875367
2025-07-20,137956,2025072004011999,AKPL,Naasa Securities Co. Ltd.,Dynamic Money Managers Securities Pvt. Ltd.,50,270.0,13500.0,2025-07-20T11:46:53.875454
2025-07-20,137529,2025072004012099,AKPL,South Asian Bulls Pvt. Ltd.,Dipshikha Dhitopatra Karobar Co. Pvt Ltd.,1000,269.0,269000.0,2025-07-20T11:47:21.83876
2025-07-20,137528,2025072004012100,AKPL,Sumeru Securities Pvt. Ltd.,Dipshikha Dhitopatra Karobar Co. Pvt Ltd.,100,269.0,26900.0,2025-07-20T11:47:21.838985
2025-07-20,136650,2025072004012328,AKPL,Imperial Securities Company Pvt. Ltd.,Dynamic Money Managers Securities Pvt. Ltd.,21,270.0,5670.0,2025-07-20T11:48:25.682684
2025-07-20,136137,2025072004012492,AKPL,Sumeru Securities Pvt. Ltd.,Imperial Securities Company Pvt. Ltd.,400,269.0,107600.0,2025-07-20T11:49:05.595799
2025-07-20,136136,2025072004012493,AKPL,Citizens Share Broker Limited,Imperial Securities Company Pvt. Ltd.,900,269.0,242100.0,2025-07-20T11:49:05.596055
2025-07-20,134654,2025072004013061,AKPL,Trishakti Securities Public Limited,Vision Securities Pvt. Ltd,50,269.1,13455.0,2025-07-20T11:50:48.906246
2025-07-20,134653,2025072004013062,AKPL,Citizens Share Broker Limited,Vision Securities Pvt. Ltd,1350,269.0,363150.0,2025-07-20T11:50:48.906486
2025-07-20,134604,2025072004013081,AKPL,Citizens Share Broker Limited,Trishakti Securities Public Limited,500,269.0,134500.0,2025-07-20T11:50:53.34206
2025-07-20,134185,2025072004013203,AKPL,Vision Securities Pvt. Ltd,Naasa Securities Co. Ltd.,65,270.0,17550.0,2025-07-20T11:51:30.878454
2025-07-20,134184,2025072004013204,AKPL,Vision Securities Pvt. Ltd,Kumari Securities Private Limited,50,270.0,13500.0,2025-07-20T11:51:30.878674
2025-07-20,134183,2025072004013205,AKPL,Vision Securities Pvt. Ltd,Trademow Securities Private Limited,85,270.0,22950.0,2025-07-20T11:51:30.878768
2025-07-20,133777,2025072004013291,AKPL,Naasa Securities Co. Ltd.,Trademow Securities Private Limited,143,270.0,38610.0,2025-07-20T11:52:05.007034
2025-07-20,133774,2025072004013292,AKPL,Thrive Brokerage House Pvt. Ltd,Trademow Securities Private Limited,500,270.0,135000.0,2025-07-20T11:52:05.451281
2025-07-20,133332,2025072004013417,AKPL,Online Securities Pvt. Ltd.,Trademow Securities Private Limited,272,270.0,73440.0,2025-07-20T11:52:45.5799
2025-07-20,133331,2025072004013418,AKPL,Online Securities Pvt. Ltd.,Premier Securities Company Ltd.,100,270.0,27000.0,2025-07-20T11:52:45.58012
2025-07-20,133330,2025072004013419,AKPL,Online Securities Pvt. Ltd.,Sumeru Securities Pvt. Ltd.,128,270.0,34560.0,2025-07-20T11:52:45.580212
2025-07-20,133029,2025072004013493,AKPL,Arun Securities (PVT) Ltd.,Sumeru Securities Pvt. Ltd.,250,270.0,67500.0,2025-07-20T11:53:13.842649
2025-07-20,133011,2025072004013496,AKPL,Sani Securities Company Ltd.,Sumeru Securities Pvt. Ltd.,122,270.0,32940.0,2025-07-20T11:53:15.216324
2025-07-20,133010,2025072004013497,AKPL,Sani Securities Company Ltd.,Malla & Malla Stock Broking Company Pvt. Limited,178,270.0,48060.0,2025-07-20T11:53:15.216539
2025-07-20,132977,2025072004013507,AKPL,J.F. Securites (PVT) Ltd.,Sri Hari Securities Pvt. Ltd.,200,269.2,53840.0,2025-07-20T11:53:18.390248
2025-07-20,132976,2025072004013508,AKPL,ABC Securities Private Limited,Sri Hari Securities Pvt. Ltd.,300,269.1,80730.0,2025-07-20T11:53:18.390492
2025-07-20,132975,2025072004013509,AKPL,Sharepro Securities Private Limited,Sri Hari Securities Pvt. Ltd.,1500,269.1,403650.0,2025-07-20T11:53:18.390588
2025-07-20,132799,2025072004013563,AKPL,Sharepro Securities Private Limited,Sumeru Securities Pvt. Ltd.,500,269.1,134550.0,2025-07-20T11:53:31.580181
2025-07-20,132798,2025072004013564,AKPL,Citizens Share Broker Limited,Sumeru Securities Pvt. Ltd.,150,269.0,40350.0,2025-07-20T11:53:31.580402
2025-07-20,132797,2025072004013565,AKPL,Aryatara Investment & Securities,Sumeru Securities Pvt. Ltd.,316,269.0,85004.0,2025-07-20T11:53:31.580497
2025-07-20,132796,2025072004013566,AKPL,Vision Securities Pvt. Ltd,Sumeru Securities Pvt. Ltd.,200,269.0,53800.0,2025-07-20T11:53:31.580586
2025-07-20,132795,2025072004013567,AKPL,Sweta Securities Private Limited,Sumeru Securities Pvt. Ltd.,106,269.0,28514.0,2025-07-20T11:53:31.580675
2025-07-20,132794,2025072004013568,AKPL,Trisul Securities & Invt. Ltd.,Sumeru Securities Pvt. Ltd.,1000,269.0,269000.0,2025-07-20T11:53:31.580854
2025-07-20,132793,2025072004013569,AKPL,Imperial Securities Company Pvt. Ltd.,Sumeru Securities Pvt. Ltd.,20,269.0,5380.0,2025-07-20T11:53:31.581007
2025-07-20,132792,2025072004013570,AKPL,Online Securities Pvt. Ltd.,Sumeru Securities Pvt. Ltd.,50,269.0,13450.0,2025-07-20T11:53:31.581099
2025-07-20,132791,2025072004013571,AKPL,Kumari Securities Private Limited,Sumeru Securities Pvt. Ltd.,1000,268.7,268700.0,2025-07-20T11:53:31.581189
2025-07-20,132790,2025072004013572,AKPL,Deevyaa Securities & Stock House Pvt. Ltd,Sumeru Securities Pvt. Ltd.,3658,268.6,982538.8,2025-07-20T11:53:31.581279
2025-07-20,132416,2025072004013686,AKPL,Sundhara Securities Limited,Dakshinkali Investment & Securities Pvt. Ltd.,75,269.2,20190.0,2025-07-20T11:54:09.94211
2025-07-20,132212,2025072004013749,AKPL,Linch Stock Market Ltd.,Neev Securities Pvt. Ltd.,360,269.3,96948.0,2025-07-20T11:54:26.701859
2025-07-20,132104,2025072004013786,AKPL,Premier Securities Company Ltd.,Naasa Securities Co. Ltd.,500,269.9,134950.0,2025-07-20T11:54:37.057798
2025-07-20,131563,2025072004013948,AKPL,Sweta Securities Private Limited,Naasa Securities Co. Ltd.,147,269.9,39675.3,2025-07-20T11:55:28.075643
2025-07-20,131560,2025072004013949,AKPL,Deevyaa Securities & Stock House Pvt. Ltd,Naasa Securities Co. Ltd.,100,269.9,26990.0,2025-07-20T11:55:28.280763
2025-07-20,131453,2025072004013976,AKPL,Secured Securities Ltd.,Naasa Securities Co. Ltd.,150,269.9,40485.0,2025-07-20T11:55:39.378553
2025-07-20,131409,2025072004013991,AKPL,Kohinoor Investment & Securities Pvt. Ltd.,Naasa Securities Co. Ltd.,103,269.9,27799.7,2025-07-20T11:55:44.829467
2025-07-20,131399,2025072004013999,AKPL,Trademow Securities Private Limited,Malla & Malla Stock Broking Company Pvt. Limited,128,270.0,34560.0,2025-07-20T11:55:46.011613
2025-07-20,131398,2025072004014000,AKPL,Trademow Securities Private Limited,Cristal Kanchanjanga Securites Pvt. Ltd.,872,270.0,235440.0,2025-07-20T11:55:46.012042
2025-07-20,131109,2025072004014076,AKPL,Trisul Securities & Invt. Ltd.,Cristal Kanchanjanga Securites Pvt. Ltd.,200,270.0,54000.0,2025-07-20T11:56:17.570327
2025-07-20,131091,2025072004014085,AKPL,Aryatara Investment & Securities,Cristal Kanchanjanga Securites Pvt. Ltd.,500,270.0,135000.0,2025-07-20T11:56:19.979934
2025-07-20,130815,2025072004014173,AKPL,Siprabi Securities Pvt. Ltd.,Imperial Securities Company Pvt. Ltd.,100,269.9,26990.0,2025-07-20T11:56:38.888586
2025-07-20,130691,2025072004014230,AKPL,K.B.L. Securities Limited ,Imperial Securities Company Pvt. Ltd.,374,269.9,100942.6,2025-07-20T11:56:53.500715
2025-07-20,130490,2025072004014296,AKPL,Vision Securities Pvt. Ltd,Imperial Securities Company Pvt. Ltd.,526,269.9,141967.4,2025-07-20T11:57:09.69417
2025-07-20,130397,2025072004014326,AKPL,Sri Hari Securities Pvt. Ltd.,Agrawal Securities (PVT) Ltd.,10,269.6,2696.0,2025-07-20T11:57:19.820423
2025-07-20,130289,2025072004014365,AKPL,Sri Hari Securities Pvt. Ltd.,ABC Securities Private Limited,40,269.6,10784.0,2025-07-20T11:57:32.298982
2025-07-20,130215,2025072004014384,AKPL,Imperial Securities Company Pvt. Ltd.,Cristal Kanchanjanga Securites Pvt. Ltd.,370,270.0,99900.0,2025-07-20T11:57:40.885212
2025-07-20,130131,2025072004014400,AKPL,Neev Securities Pvt. Ltd.,Cristal Kanchanjanga Securites Pvt. Ltd.,500,270.0,135000.0,2025-07-20T11:57:51.395254
2025-07-20,129715,2025072004014506,AKPL,Linch Stock Market Ltd.,Cristal Kanchanjanga Securites Pvt. Ltd.,500,270.0,135000.0,2025-07-20T11:58:34.905102
2025-07-20,129696,2025072004014510,AKPL,Cristal Kanchanjanga Securites Pvt. Ltd.,Sani Securities Company Ltd.,33,269.9,8906.7,2025-07-20T11:58:37.728859
2025-07-20,129680,2025072004014519,AKPL,Linch Stock Market Ltd.,Cristal Kanchanjanga Securites Pvt. Ltd.,100,270.0,27000.0,2025-07-20T11:58:38.945942
2025-07-20,129653,2025072004014540,AKPL,Cristal Kanchanjanga Securites Pvt. Ltd.,Midas Stock Broking Company Private Limited,493,269.9,133060.7,2025-07-20T11:58:41.260749
2025-07-20,129652,2025072004014541,AKPL,Sri Hari Securities Pvt. Ltd.,Midas Stock Broking Company Private Limited,150,269.6,40440.0,2025-07-20T11:58:41.260818
2025-07-20,129651,2025072004014542,AKPL,Linch Stock Market Ltd.,Midas Stock Broking Company Private Limited,357,269.2,96104.4,2025-07-20T11:58:41.260845
2025-07-20,129536,2025072004014582,AKPL,Linch Stock Market Ltd.,Midas Stock Broking Company Private Limited,293,269.2,78875.6,2025-07-20T11:58:55.454279
2025-07-20,129535,2025072004014583,AKPL,Investment Management Nepal Pvt. Ltd.,Midas Stock Broking Company Private Limited,300,269.1,80730.0,2025-07-20T11:58:55.454345
2025-07-20,129534,2025072004014584,AKPL,J.F. Securites (PVT) Ltd.,Midas Stock Broking Company Private Limited,350,269.0,94150.0,2025-07-20T11:58:55.45439
2025-07-20,129533,2025072004014585,AKPL,Neev Securities Pvt. Ltd.,Midas Stock Broking Company Private Limited,500,269.0,134500.0,2025-07-20T11:58:55.454415
2025-07-20,129532,2025072004014586,AKPL,Cristal Kanchanjanga Securites Pvt. Ltd.,Midas Stock Broking Company Private Limited,10,268.7,2687.0,2025-07-20T11:58:55.454435
2025-07-20,129531,2025072004014587,AKPL,Online Securities Pvt. Ltd.,Midas Stock Broking Company Private Limited,1000,268.1,268100.0,2025-07-20T11:58:55.454457
2025-07-20,129530,2025072004014588,AKPL,Ashutosh Brokerage & Securities (PVT) Ltd.,Midas Stock Broking Company Private Limited,400,268.0,107200.0,2025-07-20T11:58:55.454482
2025-07-20,129529,2025072004014589,AKPL,Sipla Securities Private Limited,Midas Stock Broking Company Private Limited,1147,268.0,307396.0,2025-07-20T11:58:55.454501
2025-07-20,129395,2025072004014641,AKPL,Bhrikuti Stock Broking Co. Pvt. Ltd.,Premier Securities Company Ltd.,100,269.9,26990.0,2025-07-20T11:59:13.135242
2025-07-20,128620,2025072004014937,AKPL,Opal Securities Investment (PVT) Ltd.,Siprabi Securities Pvt. Ltd.,200,268.5,53700.0,2025-07-20T12:00:23.419813
2025-07-20,128496,2025072004014976,AKPL,Naasa Securities Co. Ltd.,Sani Securities Company Ltd.,100,269.0,26900.0,2025-07-20T12:00:33.126928
2025-07-20,128248,2025072004015039,AKPL,Naasa Securities Co. Ltd.,Dakshinkali Investment & Securities Pvt. Ltd.,350,269.0,94150.0,2025-07-20T12:00:54.398719
2025-07-20,128247,2025072004015040,AKPL,Bhrikuti Stock Broking Co. Pvt. Ltd.,Dakshinkali Investment & Securities Pvt. Ltd.,100,269.0,26900.0,2025-07-20T12:00:54.399176
2025-07-20,127757,2025072004015177,AKPL,SUN SECURITIES PVT LTD,Cristal Kanchanjanga Securites Pvt. Ltd.,11,269.0,2959.0,2025-07-20T12:01:42.309592
2025-07-20,127679,2025072004015200,AKPL,Dakshinkali Investment & Securities Pvt. Ltd.,SUN SECURITIES PVT LTD,500,268.6,134300.0,2025-07-20T12:01:51.346441
2025-07-20,127617,2025072004015222,AKPL,Opal Securities Investment (PVT) Ltd.,Asian Securities Private Ltd.,200,268.5,53700.0,2025-07-20T12:01:59.065638
2025-07-20,127601,2025072004015229,AKPL,Opal Securities Investment (PVT) Ltd.,Sani Securities Company Ltd.,100,268.5,26850.0,2025-07-20T12:02:01.183035
2025-07-20,127348,2025072004015303,AKPL,Bhrikuti Stock Broking Co. Pvt. Ltd.,Aryatara Investment & Securities,10,268.4,2684.0,2025-07-20T12:02:32.057184
2025-07-20,127347,2025072004015304,AKPL,Vision Securities Pvt. Ltd,Aryatara Investment & Securities,200,268.1,53620.0,2025-07-20T12:02:32.057793
2025-07-20,127346,2025072004015305,AKPL,Trademow Securities Private Limited,Aryatara Investment & Securities,390,268.1,104559.0,2025-07-20T12:02:32.058258
2025-07-20,127319,2025072004015308,AKPL,Deevyaa Securities & Stock House Pvt. Ltd,Sani Securities Company Ltd.,200,268.5,53700.0,2025-07-20T12:02:34.657955
2025-07-20,126777,2025072004015464,AKPL,Pragyan Securities (PVT) Ltd.,Sani Securities Company Ltd.,35,268.5,9397.5,2025-07-20T12:03:29.486224
2025-07-20,126776,2025072004015465,AKPL,Pragyan Securities (PVT) Ltd.,Cristal Kanchanjanga Securites Pvt. Ltd.,89,269.0,23941.0,2025-07-20T12:03:29.486369
2025-07-20,126775,2025072004015466,AKPL,Pragyan Securities (PVT) Ltd.,Kalika Securities Pvt. Ltd.,150,269.0,40350.0,2025-07-20T12:03:29.486397
2025-07-20,126774,2025072004015467,AKPL,Pragyan Securities (PVT) Ltd.,Linch Stock Market Ltd.,862,269.8,232567.6,2025-07-20T12:03:29.486426
2025-07-20,126773,2025072004015468,AKPL,Pragyan Securities (PVT) Ltd.,Premier Securities Company Ltd.,400,269.9,107960.0,2025-07-20T12:03:29.486449
2025-07-20,126772,2025072004015469,AKPL,Pragyan Securities (PVT) Ltd.,Naasa Securities Co. Ltd.,1000,269.9,269900.0,2025-07-20T12:03:29.486474
2025-07-20,126771,2025072004015470,AKPL,Pragyan Securities (PVT) Ltd.,Cristal Kanchanjanga Securites Pvt. Ltd.,464,270.0,125280.0,2025-07-20T12:03:29.486504
2025-07-20,125924,2025072004015690,AKPL,Aryatara Investment & Securities,Siprabi Securities Pvt. Ltd.,100,269.9,26990.0,2025-07-20T12:04:55.190597
2025-07-20,125515,2025072004015818,AKPL,Vision Securities Pvt. Ltd,Cristal Kanchanjanga Securites Pvt. Ltd.,40,270.0,10800.0,2025-07-20T12:05:34.015204
2025-07-20,125486,2025072004015825,AKPL,Midas Stock Broking Company Private Limited,Cristal Kanchanjanga Securites Pvt. Ltd.,407,270.0,109890.0,2025-07-20T12:05:37.12222
2025-07-20,125461,2025072004015827,AKPL,South Asian Bulls Pvt. Ltd.,Ashutosh Brokerage & Securities (PVT) Ltd.,16,269.1,4305.6,2025-07-20T12:05:39.066144
2025-07-20,125447,2025072004015830,AKPL,Oxford Securities Pvt. Ltd.,Cristal Kanchanjanga Securites Pvt. Ltd.,1000,270.0,270000.0,2025-07-20T12:05:41.010128
2025-07-20,125038,2025072004015977,AKPL,South Asian Bulls Pvt. Ltd.,Premier Securities Company Ltd.,184,269.1,49514.4,2025-07-20T12:06:15.684585
2025-07-20,125037,2025072004015978,AKPL,Thrive Brokerage House Pvt. Ltd,Premier Securities Company Ltd.,216,269.0,58104.0,2025-07-20T12:06:15.684851
2025-07-20,125014,2025072004015981,AKPL,Oxford Securities Pvt. Ltd.,Nepal Stock House (PVT) Ltd.,819,269.9,221048.1,2025-07-20T12:06:20.295828
2025-07-20,124847,2025072004016035,AKPL,Neev Securities Pvt. Ltd.,Cristal Kanchanjanga Securites Pvt. Ltd.,47,270.0,12690.0,2025-07-20T12:06:38.112115
2025-07-20,124846,2025072004016036,AKPL,Neev Securities Pvt. Ltd.,Thrive Brokerage House Pvt. Ltd,213,270.0,57510.0,2025-07-20T12:06:38.112375
2025-07-20,124582,2025072004016090,AKPL,Oxford Securities Pvt. Ltd.,Thrive Brokerage House Pvt. Ltd,287,270.0,77490.0,2025-07-20T12:07:06.86112
2025-07-20,124581,2025072004016091,AKPL,Oxford Securities Pvt. Ltd.,Beni Securities Pvt.Ltd.,50,270.0,13500.0,2025-07-20T12:07:06.861471
2025-07-20,124580,2025072004016092,AKPL,Oxford Securities Pvt. Ltd.,Primo Securities (PVT) Ltd.,663,270.0,179010.0,2025-07-20T12:07:06.861605
2025-07-20,124325,2025072004016175,AKPL,Property Wiard Limited,Primo Securities (PVT) Ltd.,30,270.0,8100.0,2025-07-20T12:07:42.031298
2025-07-20,124163,2025072004016223,AKPL,Dipshikha Dhitopatra Karobar Co. Pvt Ltd.,Primo Securities (PVT) Ltd.,300,270.0,81000.0,2025-07-20T12:07:56.907713
2025-07-20,123849,2025072004016305,AKPL,Siprabi Securities Pvt. Ltd.,Sani Securities Company Ltd.,10,270.0,2700.0,2025-07-20T12:08:28.930236
2025-07-20,123848,2025072004016306,AKPL,Siprabi Securities Pvt. Ltd.,Sani Securities Company Ltd.,20,270.0,5400.0,2025-07-20T12:08:28.930545
2025-07-20,123847,2025072004016307,AKPL,Siprabi Securities Pvt. Ltd.,Secured Securities Ltd.,170,270.0,45900.0,2025-07-20T12:08:28.930661
2025-07-20,123169,2025072004016490,AKPL,Linch Stock Market Ltd.,Creative Securities Pvt Ltd,200,269.3,53860.0,2025-07-20T12:09:43.186219
2025-07-20,123168,2025072004016491,AKPL,Aryatara Investment & Securities,Creative Securities Pvt Ltd,800,269.2,215360.0,2025-07-20T12:09:43.186533
2025-07-20,123157,2025072004016494,AKPL,Aryatara Investment & Securities,Asian Securities Private Ltd.,200,269.2,53840.0,2025-07-20T12:09:44.515106
2025-07-20,123156,2025072004016495,AKPL,Thrive Brokerage House Pvt. Ltd,Asian Securities Private Ltd.,284,269.0,76396.0,2025-07-20T12:09:44.5154
2025-07-20,123155,2025072004016496,AKPL,Siprabi Securities Pvt. Ltd.,Asian Securities Private Ltd.,330,269.0,88770.0,2025-07-20T12:09:44.515517
2025-07-20,123154,2025072004016497,AKPL,Sani Securities Company Ltd.,Asian Securities Private Ltd.,1115,269.0,299935.0,2025-07-20T12:09:44.51563
2025-07-20,123153,2025072004016498,AKPL,Sani Securities Company Ltd.,Asian Securities Private Ltd.,100,269.0,26900.0,2025-07-20T12:09:44.515742
2025-07-20,123152,2025072004016499,AKPL,Naasa Securities Co. Ltd.,Asian Securities Private Ltd.,50,269.0,13450.0,2025-07-20T12:09:44.515853
2025-07-20,123151,2025072004016500,AKPL,Imperial Securities Company Pvt. Ltd.,Asian Securities Private Ltd.,40,268.5,10740.0,2025-07-20T12:09:44.515964
2025-07-20,123150,2025072004016501,AKPL,Dynamic Money Managers Securities Pvt. Ltd.,Asian Securities Private Ltd.,500,268.5,134250.0,2025-07-20T12:09:44.516081
2025-07-20,123149,2025072004016502,AKPL,Vision Securities Pvt. Ltd,Asian Securities Private Ltd.,100,268.5,26850.0,2025-07-20T12:09:44.516192
2025-07-20,123148,2025072004016503,AKPL,Linch Stock Market Ltd.,Asian Securities Private Ltd.,372,268.5,99882.0,2025-07-20T12:09:44.51632
2025-07-20,123147,2025072004016504,AKPL,Dakshinkali Investment & Securities Pvt. Ltd.,Asian Securities Private Ltd.,500,268.2,134100.0,2025-07-20T12:09:44.516469
2025-07-20,123146,2025072004016505,AKPL,Trademow Securities Private Limited,Asian Securities Private Ltd.,610,268.1,163541.0,2025-07-20T12:09:44.516597
2025-07-20,123145,2025072004016506,AKPL,Aakashbhairab Securities Ltd.,Asian Securities Private Ltd.,500,268.1,134050.0,2025-07-20T12:09:44.516722
2025-07-20,123144,2025072004016507,AKPL,Sipla Securities Private Limited,Asian Securities Private Ltd.,193,268.0,51724.0,2025-07-20T12:09:44.516877
2025-07-20,123143,2025072004016508,AKPL,Premier Securities Company Ltd.,Asian Securities Private Ltd.,10,268.0,2680.0,2025-07-20T12:09:44.517052
2025-07-20,123142,2025072004016509,AKPL,Bhrikuti Stock Broking Co. Pvt. Ltd.,Asian Securities Private Ltd.,3202,268.0,858136.0,2025-07-20T12:09:44.517205
2025-07-20,122815,2025072004016621,AKPL,Bhrikuti Stock Broking Co. Pvt. Ltd.,Bhrikuti Stock Broking Co. Pvt. Ltd.,204,268.0,54672.0,2025-07-20T12:10:15.547398
2025-07-20,121587,2025072004017036,AKPL,Sri Hari Securities Pvt. Ltd.,Infinity Securities Limited,456,268.4,122390.4,2025-07-20T12:12:35.606896
2025-07-20,121586,2025072004017037,AKPL,Dipshikha Dhitopatra Karobar Co. Pvt Ltd.,Infinity Securities Limited,300,268.3,80490.0,2025-07-20T12:12:35.607426
2025-07-20,121585,2025072004017038,AKPL,Dakshinkali Investment & Securities Pvt. Ltd.,Infinity Securities Limited,500,268.2,134100.0,2025-07-20T12:12:35.607766
2025-07-20,121584,2025072004017039,AKPL,Bhrikuti Stock Broking Co. Pvt. Ltd.,Infinity Securities Limited,22,268.2,5900.4,2025-07-20T12:12:35.608103
2025-07-20,121362,2025072004017086,AKPL,Oxford Securities Pvt. Ltd.,Infinity Securities Limited,1000,268.5,268500.0,2025-07-20T12:12:55.676638
2025-07-20,121361,2025072004017087,AKPL,Bhrikuti Stock Broking Co. Pvt. Ltd.,Infinity Securities Limited,200,268.2,53640.0,2025-07-20T12:12:55.676963
2025-07-20,120774,2025072004017224,AKPL,South Asian Bulls Pvt. Ltd.,Online Securities Pvt. Ltd.,10,269.0,2690.0,2025-07-20T12:14:04.500621
2025-07-20,120141,2025072004017451,AKPL,Dipshikha Dhitopatra Karobar Co. Pvt Ltd.,Online Securities Pvt. Ltd.,490,269.0,131810.0,2025-07-20T12:15:06.963914
2025-07-20,120086,2025072004017484,AKPL,Dipshikha Dhitopatra Karobar Co. Pvt Ltd.,Vision Securities Pvt. Ltd,10,269.0,2690.0,2025-07-20T12:15:09.693153
2025-07-20,120085,2025072004017485,AKPL,Aakashbhairab Securities Ltd.,Vision Securities Pvt. Ltd,123,268.3,33000.9,2025-07-20T12:15:09.693217
2025-07-20,119305,2025072004017855,AKPL,Malla & Malla Stock Broking Company Pvt. Limited,Vision Securities Pvt. Ltd,300,269.0,80700.0,2025-07-20T12:16:10.510889
2025-07-20,119304,2025072004017856,AKPL,Thrive Brokerage House Pvt. Ltd,Vision Securities Pvt. Ltd,200,269.0,53800.0,2025-07-20T12:16:10.511168
2025-07-20,119303,2025072004017857,AKPL,S.P.S.A. Securities Limited,Vision Securities Pvt. Ltd,500,269.0,134500.0,2025-07-20T12:16:10.511295
2025-07-20,119039,2025072004017958,AKPL,Sri Hari Securities Pvt. Ltd.,Deevyaa Securities & Stock House Pvt. Ltd,250,269.5,67375.0,2025-07-20T12:16:32.844548
2025-07-20,118606,2025072004018109,AKPL,J.F. Securites (PVT) Ltd.,Aryatara Investment & Securities,1000,269.9,269900.0,2025-07-20T12:17:27.882934
2025-07-20,118464,2025072004018158,AKPL,Trishakti Securities Public Limited,Secured Securities Ltd.,830,270.0,224100.0,2025-07-20T12:17:41.446726
2025-07-20,118463,2025072004018159,AKPL,Trishakti Securities Public Limited,Vision Securities Pvt. Ltd,30,270.0,8100.0,2025-07-20T12:17:41.447296
2025-07-20,118462,2025072004018160,AKPL,Trishakti Securities Public Limited,Nepal Stock House (PVT) Ltd.,50,270.0,13500.0,2025-07-20T12:17:41.447679
2025-07-20,118461,2025072004018161,AKPL,Trishakti Securities Public Limited,Naasa Securities Co. Ltd.,500,270.0,135000.0,2025-07-20T12:17:41.448049
2025-07-20,118460,2025072004018162,AKPL,Trishakti Securities Public Limited,South Asian Bulls Pvt. Ltd.,2000,270.0,540000.0,2025-07-20T12:17:41.448431
2025-07-20,118459,2025072004018163,AKPL,Trishakti Securities Public Limited,Sani Securities Company Ltd.,150,270.0,40500.0,2025-07-20T12:17:41.448796
2025-07-20,118458,2025072004018164,AKPL,Trishakti Securities Public Limited,Sani Securities Company Ltd.,15,270.0,4050.0,2025-07-20T12:17:41.449197
2025-07-20,118457,2025072004018165,AKPL,Trishakti Securities Public Limited,ABC Securities Private Limited,50,270.0,13500.0,2025-07-20T12:17:41.449491
2025-07-20,118456,2025072004018166,AKPL,Trishakti Securities Public Limited,Malla & Malla Stock Broking Company Pvt. Limited,15,270.0,4050.0,2025-07-20T12:17:41.449682
2025-07-20,118455,2025072004018167,AKPL,Trishakti Securities Public Limited,Nepal Stock House (PVT) Ltd.,10,270.0,2700.0,2025-07-20T12:17:41.449848
2025-07-20,118454,2025072004018168,AKPL,Trishakti Securities Public Limited,Naasa Securities Co. Ltd.,1000,271.0,271000.0,2025-07-20T12:17:41.449992
2025-07-20,118453,2025072004018169,AKPL,Trishakti Securities Public Limited,Shree Krishna Securities Ltd.,400,271.0,108400.0,2025-07-20T12:17:41.450153
2025-07-20,118452,2025072004018170,AKPL,Trishakti Securities Public Limited,Nepal Stock House (PVT) Ltd.,950,271.0,257450.0,2025-07-20T12:17:41.450302
2025-07-20,117471,2025072004018505,AKPL,Trishakti Securities Public Limited,Nepal Stock House (PVT) Ltd.,20,271.0,5420.0,2025-07-20T12:19:12.16307
2025-07-20,117470,2025072004018506,AKPL,Trishakti Securities Public Limited,Kumari Securities Private Limited,1000,271.0,271000.0,2025-07-20T12:19:12.163366
2025-07-20,117469,2025072004018507,AKPL,Trishakti Securities Public Limited,Nagarik Stock Dealer ,200,271.0,54200.0,2025-07-20T12:19:12.163492
2025-07-20,117468,2025072004018508,AKPL,Trishakti Securities Public Limited,Sweta Securities Private Limited,100,271.9,27190.0,2025-07-20T12:19:12.16361
2025-07-20,117467,2025072004018509,AKPL,Trishakti Securities Public Limited,Arun Securities (PVT) Ltd.,400,271.9,108760.0,2025-07-20T12:19:12.163738
2025-07-20,117466,2025072004018510,AKPL,Trishakti Securities Public Limited,ABC Securities Private Limited,50,272.0,13600.0,2025-07-20T12:19:12.163879
2025-07-20,117465,2025072004018511,AKPL,Trishakti Securities Public Limited,Opal Securities Investment (PVT) Ltd.,35,272.0,9520.0,2025-07-20T12:19:12.164017
2025-07-20,117464,2025072004018512,AKPL,Trishakti Securities Public Limited,Shree Krishna Securities Ltd.,1000,272.0,272000.0,2025-07-20T12:19:12.164164
2025-07-20,117463,2025072004018513,AKPL,Trishakti Securities Public Limited,Swarna Laxmi Securities Pvt. Ltd.,100,272.0,27200.0,2025-07-20T12:19:12.164324
2025-07-20,117462,2025072004018514,AKPL,Trishakti Securities Public Limited,Linch Stock Market Ltd.,95,272.0,25840.0,2025-07-20T12:19:12.164454
2025-07-20,117282,2025072004018591,AKPL,Kohinoor Investment & Securities Pvt. Ltd.,Linch Stock Market Ltd.,105,272.0,28560.0,2025-07-20T12:19:27.018864
2025-07-20,117281,2025072004018592,AKPL,Kohinoor Investment & Securities Pvt. Ltd.,Naasa Securities Co. Ltd.,76,272.0,20672.0,2025-07-20T12:19:27.01944
2025-07-20,117280,2025072004018593,AKPL,Kohinoor Investment & Securities Pvt. Ltd.,Sumeru Securities Pvt. Ltd.,37,272.0,10064.0,2025-07-20T12:19:27.01979
2025-07-20,116251,2025072004019026,AKPL,Aakashbhairab Securities Ltd.,ABC Securities Private Limited,50,270.1,13505.0,2025-07-20T12:20:44.301121
2025-07-20,116119,2025072004019053,AKPL,Citizens Share Broker Limited,Kumari Securities Private Limited,1000,270.9,270900.0,2025-07-20T12:20:54.579882
2025-07-20,115858,2025072004019122,AKPL,Sweta Securities Private Limited,Aryatara Investment & Securities,100,271.9,27190.0,2025-07-20T12:21:20.949974
2025-07-20,115857,2025072004019123,AKPL,Sweta Securities Private Limited,Aryatara Investment & Securities,1000,271.9,271900.0,2025-07-20T12:21:20.950336
2025-07-20,115856,2025072004019124,AKPL,Sweta Securities Private Limited,Sumeru Securities Pvt. Ltd.,13,272.0,3536.0,2025-07-20T12:21:20.950461
2025-07-20,115855,2025072004019125,AKPL,Sweta Securities Private Limited,KALASH STOCK MARKET PVT. LTD.,200,272.0,54400.0,2025-07-20T12:21:20.950577
2025-07-20,115854,2025072004019126,AKPL,Sweta Securities Private Limited,South Asian Bulls Pvt. Ltd.,187,272.0,50864.0,2025-07-20T12:21:20.950691
2025-07-20,113483,2025072004019864,AKPL,Opal Securities Investment (PVT) Ltd.,South Asian Bulls Pvt. Ltd.,113,272.0,30736.0,2025-07-20T12:25:00.585096
2025-07-20,113482,2025072004019865,AKPL,Opal Securities Investment (PVT) Ltd.,Kumari Securities Private Limited,887,272.0,241264.0,2025-07-20T12:25:00.585696
2025-07-20,113229,2025072004019962,AKPL,Vision Securities Pvt. Ltd,Kumari Securities Private Limited,113,272.0,30736.0,2025-07-20T12:25:29.500341
2025-07-20,113228,2025072004019963,AKPL,Vision Securities Pvt. Ltd,Imperial Securities Company Pvt. Ltd.,34,272.0,9248.0,2025-07-20T12:25:29.500914
2025-07-20,113227,2025072004019964,AKPL,Vision Securities Pvt. Ltd,Ashutosh Brokerage & Securities (PVT) Ltd.,53,272.0,14416.0,2025-07-20T12:25:29.501287
2025-07-20,112689,2025072004020179,AKPL,Oxford Securities Pvt. Ltd.,Ashutosh Brokerage & Securities (PVT) Ltd.,97,272.0,26384.0,2025-07-20T12:26:16.440832
2025-07-20,112688,2025072004020180,AKPL,Oxford Securities Pvt. Ltd.,Kumari Securities Private Limited,403,272.0,109616.0,2025-07-20T12:26:16.44144
2025-07-20,112469,2025072004020265,AKPL,Premier Securities Company Ltd.,Kumari Securities Private Limited,97,272.0,26384.0,2025-07-20T12:26:34.628463
2025-07-20,111788,2025072004020550,AKPL,Vision Securities Pvt. Ltd,Kumari Securities Private Limited,200,272.0,54400.0,2025-07-20T12:27:17.056795
2025-07-20,111582,2025072004020648,AKPL,Naasa Securities Co. Ltd.,Naasa Securities Co. Ltd.,125,271.2,33900.0,2025-07-20T12:27:35.087343
2025-07-20,111305,2025072004020725,AKPL,Primo Securities (PVT) Ltd.,Naasa Securities Co. Ltd.,875,271.2,237300.0,2025-07-20T12:27:55.162086
2025-07-20,110777,2025072004020869,AKPL,Primo Securities (PVT) Ltd.,BHOLE GANESH SECURITIES LTD,50,271.2,13560.0,2025-07-20T12:28:42.354986
2025-07-20,110741,2025072004020884,AKPL,Primo Securities (PVT) Ltd.,Agrawal Securities (PVT) Ltd.,32,271.2,8678.4,2025-07-20T12:28:46.631197
2025-07-20,110714,2025072004020894,AKPL,Linch Stock Market Ltd.,Deevyaa Securities & Stock House Pvt. Ltd,180,272.0,48960.0,2025-07-20T12:28:48.667433
2025-07-20,110592,2025072004020945,AKPL,Primo Securities (PVT) Ltd.,South Asian Bulls Pvt. Ltd.,43,271.2,11661.6,2025-07-20T12:29:02.266353
2025-07-20,110117,2025072004021105,AKPL,Siprabi Securities Pvt. Ltd.,Sharepro Securities Private Limited,200,271.1,54220.0,2025-07-20T12:29:41.150831
2025-07-20,110116,2025072004021106,AKPL,Dynamic Money Managers Securities Pvt. Ltd.,Sharepro Securities Private Limited,500,271.0,135500.0,2025-07-20T12:29:41.151168
2025-07-20,110024,2025072004021134,AKPL,Pragyan Securities (PVT) Ltd.,Sharepro Securities Private Limited,1000,271.0,271000.0,2025-07-20T12:29:54.395957
2025-07-20,109878,2025072004021188,AKPL,Blue Chip Securities Ltd,Sharepro Securities Private Limited,300,271.0,81300.0,2025-07-20T12:30:08.138011
2025-07-20,109877,2025072004021189,AKPL,Blue Chip Securities Ltd,Naasa Securities Co. Ltd.,200,271.2,54240.0,2025-07-20T12:30:08.13812
2025-07-20,109876,2025072004021190,AKPL,Blue Chip Securities Ltd,Deevyaa Securities & Stock House Pvt. Ltd,20,272.0,5440.0,2025-07-20T12:30:08.138151
2025-07-20,109875,2025072004021191,AKPL,Blue Chip Securities Ltd,Linch Stock Market Ltd.,15,272.0,4080.0,2025-07-20T12:30:08.13818
2025-07-20,109874,2025072004021192,AKPL,Blue Chip Securities Ltd,Nepal Stock House (PVT) Ltd.,180,272.0,48960.0,2025-07-20T12:30:08.138203
2025-07-20,109873,2025072004021193,AKPL,Blue Chip Securities Ltd,Kumari Securities Private Limited,1000,272.0,272000.0,2025-07-20T12:30:08.138239
2025-07-20,109872,2025072004021194,AKPL,Blue Chip Securities Ltd,Linch Stock Market Ltd.,185,272.0,50320.0,2025-07-20T12:30:08.138264
2025-07-20,109613,2025072004021259,AKPL,Blue Chip Securities Ltd,Kumari Securities Private Limited,500,271.0,135500.0,2025-07-20T12:30:39.231386
2025-07-20,109510,2025072004021287,AKPL,Blue Chip Securities Ltd,Linch Stock Market Ltd.,38,272.0,10336.0,2025-07-20T12:30:50.267439
2025-07-20,109509,2025072004021288,AKPL,Blue Chip Securities Ltd,Premier Securities Company Ltd.,962,272.0,261664.0,2025-07-20T12:30:50.26749
2025-07-20,109290,2025072004021344,AKPL,Blue Chip Securities Ltd,Premier Securities Company Ltd.,38,272.0,10336.0,2025-07-20T12:31:12.333905
2025-07-20,109289,2025072004021345,AKPL,Blue Chip Securities Ltd,Capital Hub P. Ltd,24,272.2,6532.8,2025-07-20T12:31:12.333952
2025-07-20,109288,2025072004021346,AKPL,Blue Chip Securities Ltd,Linch Stock Market Ltd.,16,272.6,4361.6,2025-07-20T12:31:12.333982
2025-07-20,109287,2025072004021347,AKPL,Blue Chip Securities Ltd,Asian Securities Private Ltd.,141,272.7,38450.7,2025-07-20T12:31:12.334003
2025-07-20,109286,2025072004021348,AKPL,Blue Chip Securities Ltd,Bhrikuti Stock Broking Co. Pvt. Ltd.,10,272.8,2728.0,2025-07-20T12:31:12.33403
2025-07-20,109285,2025072004021349,AKPL,Blue Chip Securities Ltd,Roadshow securities limited,71,272.8,19368.8,2025-07-20T12:31:12.334071
2025-07-20,109096,2025072004021409,AKPL,Blue Chip Securities Ltd,Roadshow securities limited,29,272.8,7911.2,2025-07-20T12:31:27.382025
2025-07-20,109095,2025072004021410,AKPL,Blue Chip Securities Ltd,South Asian Bulls Pvt. Ltd.,25,272.9,6822.5,2025-07-20T12:31:27.382086
2025-07-20,108869,2025072004021450,AKPL,Sri Hari Securities Pvt. Ltd.,Agrawal Securities (PVT) Ltd.,400,273.0,109200.0,2025-07-20T12:31:49.232593
2025-07-20,108868,2025072004021451,AKPL,Sri Hari Securities Pvt. Ltd.,Linch Stock Market Ltd.,1000,273.0,273000.0,2025-07-20T12:31:49.233086
2025-07-20,108867,2025072004021452,AKPL,Sri Hari Securities Pvt. Ltd.,Aakashbhairab Securities Ltd.,600,273.0,163800.0,2025-07-20T12:31:49.233598
2025-07-20,108780,2025072004021485,AKPL,Asian Securities Private Ltd.,Aakashbhairab Securities Ltd.,400,273.0,109200.0,2025-07-20T12:31:55.401783
2025-07-20,108779,2025072004021486,AKPL,Asian Securities Private Ltd.,Sundhara Securities Limited,10,273.0,2730.0,2025-07-20T12:31:55.401866
2025-07-20,108778,2025072004021487,AKPL,Asian Securities Private Ltd.,Investment Management Nepal Pvt. Ltd.,547,273.0,149331.0,2025-07-20T12:31:55.401893
2025-07-20,108777,2025072004021488,AKPL,Asian Securities Private Ltd.,Dipshikha Dhitopatra Karobar Co. Pvt Ltd.,100,273.0,27300.0,2025-07-20T12:31:55.401918
2025-07-20,108776,2025072004021489,AKPL,Asian Securities Private Ltd.,Naasa Securities Co. Ltd.,400,273.0,109200.0,2025-07-20T12:31:55.401939
2025-07-20,108775,2025072004021490,AKPL,Asian Securities Private Ltd.,Shree Krishna Securities Ltd.,120,273.0,32760.0,2025-07-20T12:31:55.401975
2025-07-20,108774,2025072004021491,AKPL,Asian Securities Private Ltd.,Neev Securities Pvt. Ltd.,50,273.0,13650.0,2025-07-20T12:31:55.401998
2025-07-20,108773,2025072004021492,AKPL,Asian Securities Private Ltd.,Dipshikha Dhitopatra Karobar Co. Pvt Ltd.,300,273.0,81900.0,2025-07-20T12:31:55.402017
2025-07-20,108772,2025072004021493,AKPL,Asian Securities Private Ltd.,Online Securities Pvt. Ltd.,800,273.0,218400.0,2025-07-20T12:31:55.402039
2025-07-20,108771,2025072004021494,AKPL,Asian Securities Private Ltd.,Property Wiard Limited,100,273.5,27350.0,2025-07-20T12:31:55.402065
2025-07-20,108770,2025072004021495,AKPL,Asian Securities Private Ltd.,Imperial Securities Company Pvt. Ltd.,133,273.5,36375.5,2025-07-20T12:31:55.402087
2025-07-20,108753,2025072004021501,AKPL,Blue Chip Securities Ltd,Imperial Securities Company Pvt. Ltd.,867,273.5,237124.5,2025-07-20T12:31:57.470591
2025-07-20,108752,2025072004021502,AKPL,Blue Chip Securities Ltd,Investment Management Nepal Pvt. Ltd.,100,273.6,27360.0,2025-07-20T12:31:57.470662
2025-07-20,108751,2025072004021503,AKPL,Blue Chip Securities Ltd,KALASH STOCK MARKET PVT. LTD.,475,273.8,130055.0,2025-07-20T12:31:57.470695
2025-07-20,108750,2025072004021504,AKPL,Blue Chip Securities Ltd,Naasa Securities Co. Ltd.,10,273.8,2738.0,2025-07-20T12:31:57.470718
2025-07-20,108749,2025072004021505,AKPL,Blue Chip Securities Ltd,Malla & Malla Stock Broking Company Pvt. Limited,100,273.8,27380.0,2025-07-20T12:31:57.470743
2025-07-20,108748,2025072004021506,AKPL,Blue Chip Securities Ltd,Creative Securities Pvt Ltd,200,273.8,54760.0,2025-07-20T12:31:57.470763
2025-07-20,108747,2025072004021507,AKPL,Blue Chip Securities Ltd,J.F. Securites (PVT) Ltd.,50,273.8,13690.0,2025-07-20T12:31:57.470787
2025-07-20,108746,2025072004021508,AKPL,Blue Chip Securities Ltd,Sundhara Securities Limited,208,273.8,56950.4,2025-07-20T12:31:57.470818
2025-07-20,108745,2025072004021509,AKPL,Blue Chip Securities Ltd,Secured Securities Ltd.,100,273.9,27390.0,2025-07-20T12:31:57.47085
2025-07-20,108744,2025072004021510,AKPL,Blue Chip Securities Ltd,Linch Stock Market Ltd.,100,273.9,27390.0,2025-07-20T12:31:57.470875
2025-07-20,108743,2025072004021511,AKPL,Blue Chip Securities Ltd,Siprabi Securities Pvt. Ltd.,500,274.0,137000.0,2025-07-20T12:31:57.470899
2025-07-20,108742,2025072004021512,AKPL,Blue Chip Securities Ltd,Aryatara Investment & Securities,10,274.0,2740.0,2025-07-20T12:31:57.470921
2025-07-20,108741,2025072004021513,AKPL,Blue Chip Securities Ltd,Shree Krishna Securities Ltd.,980,274.0,268520.0,2025-07-20T12:31:57.470946
2025-07-20,107380,2025072004021888,AKPL,Vision Securities Pvt. Ltd,Aryatara Investment & Securities,50,272.9,13645.0,2025-07-20T12:34:04.009418
2025-07-20,107379,2025072004021889,AKPL,Vision Securities Pvt. Ltd,Naasa Securities Co. Ltd.,450,273.0,122850.0,2025-07-20T12:34:04.009689
2025-07-20,107062,2025072004021956,AKPL,Naasa Securities Co. Ltd.,Market Securities & Exchange (PVT) Ltd.,3,273.5,820.5,2025-07-20T12:34:35.75104
2025-07-20,106599,2025072004022120,AKPL,Siprabi Securities Pvt. Ltd.,Market Securities & Exchange (PVT) Ltd.,5,272.0,1360.0,2025-07-20T12:35:19.03909
2025-07-20,106360,2025072004022182,AKPL,Sumeru Securities Pvt. Ltd.,South Asian Bulls Pvt. Ltd.,50,273.8,13690.0,2025-07-20T12:35:45.172378
2025-07-20,106359,2025072004022183,AKPL,Sumeru Securities Pvt. Ltd.,Siprabi Securities Pvt. Ltd.,500,273.9,136950.0,2025-07-20T12:35:45.172945
2025-07-20,106358,2025072004022184,AKPL,Sumeru Securities Pvt. Ltd.,Shree Krishna Securities Ltd.,155,274.0,42470.0,2025-07-20T12:35:45.173334
2025-07-20,106357,2025072004022185,AKPL,Sumeru Securities Pvt. Ltd.,Sani Securities Company Ltd.,1000,274.0,274000.0,2025-07-20T12:35:45.173708
2025-07-20,106356,2025072004022186,AKPL,Sumeru Securities Pvt. Ltd.,Linch Stock Market Ltd.,295,274.0,80830.0,2025-07-20T12:35:45.174077
2025-07-20,105536,2025072004022417,AKPL,Vision Securities Pvt. Ltd,Cristal Kanchanjanga Securites Pvt. Ltd.,100,273.8,27380.0,2025-07-20T12:37:00.937763
2025-07-20,105535,2025072004022418,AKPL,Vision Securities Pvt. Ltd,South Asian Bulls Pvt. Ltd.,50,273.8,13690.0,2025-07-20T12:37:00.938057
2025-07-20,105534,2025072004022419,AKPL,Vision Securities Pvt. Ltd,Linch Stock Market Ltd.,350,274.0,95900.0,2025-07-20T12:37:00.938277
2025-07-20,105515,2025072004022426,AKPL,Sani Securities Company Ltd.,Vision Securities Pvt. Ltd,20,273.0,5460.0,2025-07-20T12:37:03.995816
2025-07-20,105514,2025072004022427,AKPL,Linch Stock Market Ltd.,Vision Securities Pvt. Ltd,30,272.3,8169.0,2025-07-20T12:37:03.99588
2025-07-20,105143,2025072004022536,AKPL,Nepal Investment And Securities Trading Private Limited,Sweta Securities Private Limited,30,273.0,8190.0,2025-07-20T12:37:40.838689
2025-07-20,105142,2025072004022537,AKPL,Linch Stock Market Ltd.,Sweta Securities Private Limited,15,272.3,4084.5,2025-07-20T12:37:40.839018
2025-07-20,105141,2025072004022538,AKPL,Midas Stock Broking Company Private Limited,Sweta Securities Private Limited,512,272.3,139417.6,2025-07-20T12:37:40.839156
2025-07-20,104872,2025072004022597,AKPL,Midas Stock Broking Company Private Limited,Agrawal Securities (PVT) Ltd.,250,272.3,68075.0,2025-07-20T12:38:08.247805
2025-07-20,104461,2025072004022747,AKPL,Citizens Share Broker Limited,Deevyaa Securities & Stock House Pvt. Ltd,33,273.0,9009.0,2025-07-20T12:38:47.666529
2025-07-20,104130,2025072004022851,AKPL,Dakshinkali Investment & Securities Pvt. Ltd.,Market Securities & Exchange (PVT) Ltd.,100,273.8,27380.0,2025-07-20T12:39:27.56205
2025-07-20,104090,2025072004022881,AKPL,Citizens Share Broker Limited,Online Securities Pvt. Ltd.,50,273.0,13650.0,2025-07-20T12:39:30.128207
2025-07-20,103797,2025072004022953,AKPL,R.B.B. Securities Company Ltd,Naasa Securities Co. Ltd.,78,273.7,21348.6,2025-07-20T12:39:59.267224
2025-07-20,103796,2025072004022954,AKPL,R.B.B. Securities Company Ltd,Market Securities & Exchange (PVT) Ltd.,422,273.8,115543.6,2025-07-20T12:39:59.267563
2025-07-20,103719,2025072004022973,AKPL,Citizens Share Broker Limited,Deevyaa Securities & Stock House Pvt. Ltd,401,273.0,109473.0,2025-07-20T12:40:07.486176
2025-07-20,103571,2025072004023012,AKPL,Kohinoor Investment & Securities Pvt. Ltd.,Siprabi Securities Pvt. Ltd.,1000,273.7,273700.0,2025-07-20T12:40:24.900752
2025-07-20,103274,2025072004023092,AKPL,Secured Securities Ltd.,Market Securities & Exchange (PVT) Ltd.,21,273.8,5749.8,2025-07-20T12:40:53.119397
2025-07-20,103109,2025072004023151,AKPL,Ashutosh Brokerage & Securities (PVT) Ltd.,Market Securities & Exchange (PVT) Ltd.,457,273.8,125126.6,2025-07-20T12:41:11.882249
2025-07-20,103108,2025072004023152,AKPL,Ashutosh Brokerage & Securities (PVT) Ltd.,Bhrikuti Stock Broking Co. Pvt. Ltd.,10,273.9,2739.0,2025-07-20T12:41:11.882552
2025-07-20,103107,2025072004023153,AKPL,Ashutosh Brokerage & Securities (PVT) Ltd.,KALASH STOCK MARKET PVT. LTD.,500,273.9,136950.0,2025-07-20T12:41:11.882682
2025-07-20,103086,2025072004023157,AKPL,Ashutosh Brokerage & Securities (PVT) Ltd.,Siprabi Securities Pvt. Ltd.,33,273.9,9038.7,2025-07-20T12:41:13.494449
2025-07-20,102966,2025072004023206,AKPL,Sweta Securities Private Limited,Dakshinkali Investment & Securities Pvt. Ltd.,100,273.5,27350.0,2025-07-20T12:41:21.491947
2025-07-20,102515,2025072004023363,AKPL,Blue Chip Securities Ltd,Dakshinkali Investment & Securities Pvt. Ltd.,900,273.5,246150.0,2025-07-20T12:42:10.346394
2025-07-20,102514,2025072004023364,AKPL,Blue Chip Securities Ltd,Siprabi Securities Pvt. Ltd.,100,273.7,27370.0,2025-07-20T12:42:10.346446
2025-07-20,102181,2025072004023467,AKPL,Aakashbhairab Securities Ltd.,Dipshikha Dhitopatra Karobar Co. Pvt Ltd.,150,273.5,41025.0,2025-07-20T12:42:42.53464
2025-07-20,102135,2025072004023481,AKPL,Aakashbhairab Securities Ltd.,Aakashbhairab Securities Ltd.,30,273.5,8205.0,2025-07-20T12:42:46.730445
2025-07-20,101925,2025072004023528,AKPL,Naasa Securities Co. Ltd.,Siprabi Securities Pvt. Ltd.,67,273.7,18337.9,2025-07-20T12:43:06.49946
2025-07-20,101924,2025072004023529,AKPL,Naasa Securities Co. Ltd.,Sharepro Securities Private Limited,100,273.7,27370.0,2025-07-20T12:43:06.499756
2025-07-20,101713,2025072004023606,AKPL,Kumari Securities Private Limited,Dakshinkali Investment & Securities Pvt. Ltd.,160,273.9,43824.0,2025-07-20T12:43:27.404807
2025-07-20,101712,2025072004023607,AKPL,Kumari Securities Private Limited,Linch Stock Market Ltd.,355,274.0,97270.0,2025-07-20T12:43:27.405123
2025-07-20,101711,2025072004023608,AKPL,Kumari Securities Private Limited,Online Securities Pvt. Ltd.,1700,274.0,465800.0,2025-07-20T12:43:27.405255
2025-07-20,101710,2025072004023609,AKPL,Kumari Securities Private Limited,Online Securities Pvt. Ltd.,1000,274.0,274000.0,2025-07-20T12:43:27.405393
2025-07-20,101709,2025072004023610,AKPL,Kumari Securities Private Limited,Imperial Securities Company Pvt. Ltd.,10,274.0,2740.0,2025-07-20T12:43:27.405525
2025-07-20,101708,2025072004023611,AKPL,Kumari Securities Private Limited,Linch Stock Market Ltd.,100,274.0,27400.0,2025-07-20T12:43:27.405651
2025-07-20,101707,2025072004023612,AKPL,Kumari Securities Private Limited,Kohinoor Investment & Securities Pvt. Ltd.,200,274.0,54800.0,2025-07-20T12:43:27.405782
2025-07-20,101706,2025072004023613,AKPL,Kumari Securities Private Limited,Sumeru Securities Pvt. Ltd.,3000,274.0,822000.0,2025-07-20T12:43:27.405904
2025-07-20,101705,2025072004023614,AKPL,Kumari Securities Private Limited,Naasa Securities Co. Ltd.,50,274.0,13700.0,2025-07-20T12:43:27.406029
2025-07-20,101704,2025072004023615,AKPL,Kumari Securities Private Limited,Imperial Securities Company Pvt. Ltd.,49,274.0,13426.0,2025-07-20T12:43:27.406149
2025-07-20,101703,2025072004023616,AKPL,Kumari Securities Private Limited,Naasa Securities Co. Ltd.,20,274.0,5480.0,2025-07-20T12:43:27.406271
2025-07-20,101702,2025072004023617,AKPL,Kumari Securities Private Limited,Thrive Brokerage House Pvt. Ltd,234,274.0,64116.0,2025-07-20T12:43:27.4064
2025-07-20,101583,2025072004023647,AKPL,ABC Securities Private Limited,Thrive Brokerage House Pvt. Ltd,180,274.0,49320.0,2025-07-20T12:43:41.52115
2025-07-20,101548,2025072004023662,AKPL,Dakshinkali Investment & Securities Pvt. Ltd.,Thrive Brokerage House Pvt. Ltd,500,274.0,137000.0,2025-07-20T12:43:45.706838
2025-07-20,101432,2025072004023702,AKPL,Dipshikha Dhitopatra Karobar Co. Pvt Ltd.,Thrive Brokerage House Pvt. Ltd,300,274.0,82200.0,2025-07-20T12:43:49.763701
2025-07-20,101430,2025072004023703,AKPL,Naasa Securities Co. Ltd.,Thrive Brokerage House Pvt. Ltd,33,274.0,9042.0,2025-07-20T12:43:50.799211
2025-07-20,101324,2025072004023733,AKPL,Oxford Securities Pvt. Ltd.,Thrive Brokerage House Pvt. Ltd,500,274.0,137000.0,2025-07-20T12:44:02.629195
2025-07-20,101177,2025072004023785,AKPL,Cristal Kanchanjanga Securites Pvt. Ltd.,Thrive Brokerage House Pvt. Ltd,10,274.0,2740.0,2025-07-20T12:44:17.040468
2025-07-20,100916,2025072004023843,AKPL,Aakashbhairab Securities Ltd.,Sani Securities Company Ltd.,720,273.5,196920.0,2025-07-20T12:44:42.797227
2025-07-20,100798,2025072004023857,AKPL,Dakshinkali Investment & Securities Pvt. Ltd.,Siprabi Securities Pvt. Ltd.,80,273.9,21912.0,2025-07-20T12:44:51.65679
2025-07-20,100782,2025072004023866,AKPL,Secured Securities Ltd.,Malla & Malla Stock Broking Company Pvt. Limited,300,273.5,82050.0,2025-07-20T12:44:54.969953
2025-07-20,100781,2025072004023867,AKPL,Secured Securities Ltd.,Siprabi Securities Pvt. Ltd.,120,273.9,32868.0,2025-07-20T12:44:54.970601
2025-07-20,100780,2025072004023868,AKPL,Secured Securities Ltd.,Thrive Brokerage House Pvt. Ltd,80,274.0,21920.0,2025-07-20T12:44:54.971137
2025-07-20,100702,2025072004023893,AKPL,Naasa Securities Co. Ltd.,Midas Stock Broking Company Private Limited,200,273.1,54620.0,2025-07-20T12:45:01.753913
2025-07-20,100701,2025072004023894,AKPL,Aryatara Investment & Securities,Midas Stock Broking Company Private Limited,20,273.1,5462.0,2025-07-20T12:45:01.754208
2025-07-20,100700,2025072004023895,AKPL,Citizens Share Broker Limited,Midas Stock Broking Company Private Limited,516,273.0,140868.0,2025-07-20T12:45:01.754351
2025-07-20,100699,2025072004023896,AKPL,Sewa Securities Pvt. Ltd.,Midas Stock Broking Company Private Limited,160,273.0,43680.0,2025-07-20T12:45:01.754481
2025-07-20,100698,2025072004023897,AKPL,Dipshikha Dhitopatra Karobar Co. Pvt Ltd.,Midas Stock Broking Company Private Limited,104,273.0,28392.0,2025-07-20T12:45:01.754609
2025-07-20,99812,2025072004024154,AKPL,Dipshikha Dhitopatra Karobar Co. Pvt Ltd.,Sani Securities Company Ltd.,346,273.0,94458.0,2025-07-20T12:46:10.810546
2025-07-20,99811,2025072004024155,AKPL,Aakashbhairab Securities Ltd.,Sani Securities Company Ltd.,500,273.0,136500.0,2025-07-20T12:46:10.810828
2025-07-20,99810,2025072004024156,AKPL,Trishakti Securities Public Limited,Sani Securities Company Ltd.,654,273.0,178542.0,2025-07-20T12:46:10.810971
2025-07-20,99273,2025072004024311,AKPL,Dynamic Money Managers Securities Pvt. Ltd.,Sagarmatha Securities Private Limited,150,273.9,41085.0,2025-07-20T12:47:00.821399
2025-07-20,99170,2025072004024339,AKPL,Dynamic Money Managers Securities Pvt. Ltd.,Dakshinkali Investment & Securities Pvt. Ltd.,35,273.9,9586.5,2025-07-20T12:47:11.25874
2025-07-20,99169,2025072004024340,AKPL,Trisul Securities & Invt. Ltd.,Dakshinkali Investment & Securities Pvt. Ltd.,500,273.1,136550.0,2025-07-20T12:47:11.259339
2025-07-20,99168,2025072004024341,AKPL,Trishakti Securities Public Limited,Dakshinkali Investment & Securities Pvt. Ltd.,846,273.0,230958.0,2025-07-20T12:47:11.259741
2025-07-20,99167,2025072004024342,AKPL,Naasa Securities Co. Ltd.,Dakshinkali Investment & Securities Pvt. Ltd.,655,273.0,178815.0,2025-07-20T12:47:11.260128
2025-07-20,99166,2025072004024343,AKPL,Dipshikha Dhitopatra Karobar Co. Pvt Ltd.,Dakshinkali Investment & Securities Pvt. Ltd.,964,273.0,263172.0,2025-07-20T12:47:11.260518
2025-07-20,97741,2025072004024671,AKPL,Market Securities & Exchange (PVT) Ltd.,Thrive Brokerage House Pvt. Ltd,100,274.0,27400.0,2025-07-20T12:49:04.627455
2025-07-20,97450,2025072004024735,AKPL,Imperial Securities Company Pvt. Ltd.,Agrawal Securities (PVT) Ltd.,30,273.9,8217.0,2025-07-20T12:49:28.833328
2025-07-20,97340,2025072004024752,AKPL,Blue Chip Securities Ltd,Agrawal Securities (PVT) Ltd.,170,273.9,46563.0,2025-07-20T12:49:36.71698
2025-07-20,97339,2025072004024753,AKPL,Blue Chip Securities Ltd,Thrive Brokerage House Pvt. Ltd,63,274.0,17262.0,2025-07-20T12:49:36.717034
2025-07-20,97338,2025072004024754,AKPL,Blue Chip Securities Ltd,Indira securities pvt. ltd,100,274.0,27400.0,2025-07-20T12:49:36.717064
2025-07-20,97337,2025072004024755,AKPL,Blue Chip Securities Ltd,Neev Securities Pvt. Ltd.,20,274.0,5480.0,2025-07-20T12:49:36.717087
2025-07-20,97336,2025072004024756,AKPL,Blue Chip Securities Ltd,Trisul Securities & Invt. Ltd.,33,274.0,9042.0,2025-07-20T12:49:36.717114
2025-07-20,97335,2025072004024757,AKPL,Blue Chip Securities Ltd,Premier Securities Company Ltd.,200,274.0,54800.0,2025-07-20T12:49:36.717137
2025-07-20,97334,2025072004024758,AKPL,Blue Chip Securities Ltd,Thrive Brokerage House Pvt. Ltd,315,274.0,86310.0,2025-07-20T12:49:36.717164
2025-07-20,97333,2025072004024759,AKPL,Blue Chip Securities Ltd,Citizens Share Broker Limited,296,274.0,81104.0,2025-07-20T12:49:36.717197
2025-07-20,97332,2025072004024760,AKPL,Blue Chip Securities Ltd,Sweta Securities Private Limited,100,274.0,27400.0,2025-07-20T12:49:36.717221
2025-07-20,97331,2025072004024761,AKPL,Blue Chip Securities Ltd,Dynamic Money Managers Securities Pvt. Ltd.,703,274.0,192622.0,2025-07-20T12:49:36.717248
2025-07-20,97130,2025072004024815,AKPL,Vision Securities Pvt. Ltd,Dynamic Money Managers Securities Pvt. Ltd.,797,274.0,218378.0,2025-07-20T12:49:53.594282
2025-07-20,97129,2025072004024816,AKPL,Vision Securities Pvt. Ltd,Sundhara Securities Limited,50,274.0,13700.0,2025-07-20T12:49:53.59485
2025-07-20,96459,2025072004024961,AKPL,Sharepro Securities Private Limited,Imperial Securities Company Pvt. Ltd.,80,274.2,21936.0,2025-07-20T12:50:42.37088
2025-07-20,96458,2025072004024962,AKPL,Sharepro Securities Private Limited,S.P.S.A. Securities Limited,100,274.2,27420.0,2025-07-20T12:50:42.371208
2025-07-20,96457,2025072004024963,AKPL,Sharepro Securities Private Limited,Neev Securities Pvt. Ltd.,20,274.2,5484.0,2025-07-20T12:50:42.371352
2025-07-20,96093,2025072004025048,AKPL,Vision Securities Pvt. Ltd,Secured Securities Ltd.,153,274.0,41922.0,2025-07-20T12:51:09.24433
2025-07-20,96092,2025072004025049,AKPL,Bhrikuti Stock Broking Co. Pvt. Ltd.,Secured Securities Ltd.,200,274.0,54800.0,2025-07-20T12:51:09.24465
2025-07-20,95931,2025072004025098,AKPL,Trishakti Securities Public Limited,Secured Securities Ltd.,147,274.0,40278.0,2025-07-20T12:51:21.394211
2025-07-20,95930,2025072004025099,AKPL,Trishakti Securities Public Limited,Naasa Securities Co. Ltd.,353,274.3,96827.9,2025-07-20T12:51:21.394823
2025-07-20,94830,2025072004025350,AKPL,Primo Securities (PVT) Ltd.,Property Wiard Limited,33,273.2,9015.6,2025-07-20T12:53:04.649471
2025-07-20,94110,2025072004025529,AKPL,Primo Securities (PVT) Ltd.,Agrawal Securities (PVT) Ltd.,250,273.2,68300.0,2025-07-20T12:54:07.326961
2025-07-20,93915,2025072004025578,AKPL,Primo Securities (PVT) Ltd.,Cristal Kanchanjanga Securites Pvt. Ltd.,33,273.2,9015.6,2025-07-20T12:54:24.06487
2025-07-20,93845,2025072004025585,AKPL,Midas Stock Broking Company Private Limited,Sipla Securities Private Limited,64,274.0,17536.0,2025-07-20T12:54:29.949058
2025-07-20,93844,2025072004025586,AKPL,Midas Stock Broking Company Private Limited,Trisul Securities & Invt. Ltd.,136,274.0,37264.0,2025-07-20T12:54:29.949382
2025-07-20,93801,2025072004025599,AKPL,Midas Stock Broking Company Private Limited,Trisul Securities & Invt. Ltd.,100,274.0,27400.0,2025-07-20T12:54:32.975647
2025-07-20,92828,2025072004025795,AKPL,Agrawal Securities (PVT) Ltd.,Primo Securities (PVT) Ltd.,300,273.7,82110.0,2025-07-20T12:55:49.378469
2025-07-20,92342,2025072004025881,AKPL,Aryatara Investment & Securities,Deevyaa Securities & Stock House Pvt. Ltd,10,273.5,2735.0,2025-07-20T12:56:25.832851
2025-07-20,92341,2025072004025882,AKPL,J.F. Securites (PVT) Ltd.,Deevyaa Securities & Stock House Pvt. Ltd,15,273.5,4102.5,2025-07-20T12:56:25.833527
2025-07-20,92236,2025072004025894,AKPL,Nepal Stock House (PVT) Ltd.,Primo Securities (PVT) Ltd.,17,273.7,4652.9,2025-07-20T12:56:32.917242
2025-07-20,92235,2025072004025895,AKPL,Nepal Stock House (PVT) Ltd.,Trisul Securities & Invt. Ltd.,183,274.0,50142.0,2025-07-20T12:56:32.917288
2025-07-20,92047,2025072004025952,AKPL,Market Securities & Exchange (PVT) Ltd.,Trisul Securities & Invt. Ltd.,100,274.0,27400.0,2025-07-20T12:56:48.008641
2025-07-20,91629,2025072004026045,AKPL,S.P.S.A. Securities Limited,Kalika Securities Pvt. Ltd.,1000,273.9,273900.0,2025-07-20T12:57:30.663079
2025-07-20,91468,2025072004026099,AKPL,Online Securities Pvt. Ltd.,Trisul Securities & Invt. Ltd.,78,274.0,21372.0,2025-07-20T12:57:42.541858
2025-07-20,91305,2025072004026124,AKPL,S.P.S.A. Securities Limited,Secured Securities Ltd.,25,273.9,6847.5,2025-07-20T12:57:53.268204
2025-07-20,91303,2025072004026125,AKPL,Dynamic Money Managers Securities Pvt. Ltd.,Trisul Securities & Invt. Ltd.,153,274.0,41922.0,2025-07-20T12:57:53.70001
2025-07-20,91302,2025072004026126,AKPL,Dynamic Money Managers Securities Pvt. Ltd.,Premier Securities Company Ltd.,100,274.0,27400.0,2025-07-20T12:57:53.700365
2025-07-20,91301,2025072004026127,AKPL,Dynamic Money Managers Securities Pvt. Ltd.,Sundhara Securities Limited,1247,274.0,341678.0,2025-07-20T12:57:53.70053
2025-07-20,91249,2025072004026138,AKPL,S.P.S.A. Securities Limited,Infinity Securities Limited,475,273.9,130102.5,2025-07-20T12:57:57.78281
2025-07-20,91248,2025072004026139,AKPL,ABC Securities Private Limited,Infinity Securities Limited,300,273.9,82170.0,2025-07-20T12:57:57.783164
2025-07-20,91247,2025072004026140,AKPL,Aryatara Investment & Securities,Infinity Securities Limited,50,273.6,13680.0,2025-07-20T12:57:57.783326
2025-07-20,91246,2025072004026141,AKPL,Bhrikuti Stock Broking Co. Pvt. Ltd.,Infinity Securities Limited,897,273.6,245419.2,2025-07-20T12:57:57.78348
2025-07-20,91209,2025072004026155,AKPL,Dynamic Money Managers Securities Pvt. Ltd.,Sundhara Securities Limited,383,274.0,104942.0,2025-07-20T12:58:01.20922
2025-07-20,91208,2025072004026156,AKPL,Dynamic Money Managers Securities Pvt. Ltd.,Aryatara Investment & Securities,300,274.0,82200.0,2025-07-20T12:58:01.209858
2025-07-20,91207,2025072004026157,AKPL,Dynamic Money Managers Securities Pvt. Ltd.,Sumeru Securities Pvt. Ltd.,500,274.0,137000.0,2025-07-20T12:58:01.210348
2025-07-20,91206,2025072004026158,AKPL,Dynamic Money Managers Securities Pvt. Ltd.,Naasa Securities Co. Ltd.,310,274.0,84940.0,2025-07-20T12:58:01.210795
2025-07-20,91042,2025072004026213,AKPL,Nabil Stock Dealer Ltd.,Siprabi Securities Pvt. Ltd.,255,273.9,69844.5,2025-07-20T12:58:15.285209
2025-07-20,90837,2025072004026267,AKPL,Citizens Share Broker Limited,Siprabi Securities Pvt. Ltd.,245,273.9,67105.5,2025-07-20T12:58:28.176377
2025-07-20,90797,2025072004026293,AKPL,Nepal Investment And Securities Trading Private Limited,Deevyaa Securities & Stock House Pvt. Ltd,330,274.0,90420.0,2025-07-20T12:58:31.809222
2025-07-20,90684,2025072004026343,AKPL,Bhrikuti Stock Broking Co. Pvt. Ltd.,Deevyaa Securities & Stock House Pvt. Ltd,470,274.0,128780.0,2025-07-20T12:58:40.181778
2025-07-20,90683,2025072004026344,AKPL,Bhrikuti Stock Broking Co. Pvt. Ltd.,Sani Securities Company Ltd.,30,274.0,8220.0,2025-07-20T12:58:40.181817
2025-07-20,90401,2025072004026437,AKPL,Citizens Share Broker Limited,Linch Stock Market Ltd.,255,273.9,69844.5,2025-07-20T12:59:06.639548
2025-07-20,90293,2025072004026484,AKPL,Bhrikuti Stock Broking Co. Pvt. Ltd.,Capital Max Securities Ltd,33,273.6,9028.8,2025-07-20T12:59:16.156048
2025-07-20,90163,2025072004026522,AKPL,Sani Securities Company Ltd.,Sani Securities Company Ltd.,970,274.0,265780.0,2025-07-20T12:59:28.524813
2025-07-20,90162,2025072004026523,AKPL,Sani Securities Company Ltd.,Trishakti Securities Public Limited,100,274.0,27400.0,2025-07-20T12:59:28.525469
2025-07-20,90161,2025072004026524,AKPL,Sani Securities Company Ltd.,Nepal Investment And Securities Trading Private Limited,190,274.0,52060.0,2025-07-20T12:59:28.525927
2025-07-20,90160,2025072004026525,AKPL,Sani Securities Company Ltd.,Dipshikha Dhitopatra Karobar Co. Pvt Ltd.,540,274.0,147960.0,2025-07-20T12:59:28.526383
2025-07-20,90119,2025072004026542,AKPL,Naasa Securities Co. Ltd.,Dipshikha Dhitopatra Karobar Co. Pvt Ltd.,160,274.0,43840.0,2025-07-20T12:59:33.932897
2025-07-20,89845,2025072004026624,AKPL,Naasa Securities Co. Ltd.,Dipshikha Dhitopatra Karobar Co. Pvt Ltd.,10,274.0,2740.0,2025-07-20T12:59:55.327492
2025-07-20,89216,2025072004026792,AKPL,Dipshikha Dhitopatra Karobar Co. Pvt Ltd.,Capital Hub P. Ltd,100,273.9,27390.0,2025-07-20T13:00:50.534791
2025-07-20,88926,2025072004026845,AKPL,Sweta Securities Private Limited,Capital Hub P. Ltd,400,273.9,109560.0,2025-07-20T13:01:14.27597
2025-07-20,88925,2025072004026846,AKPL,Sweta Securities Private Limited,Dipshikha Dhitopatra Karobar Co. Pvt Ltd.,290,274.0,79460.0,2025-07-20T13:01:14.276346
2025-07-20,88924,2025072004026847,AKPL,Sweta Securities Private Limited,Kumari Securities Private Limited,1000,274.0,274000.0,2025-07-20T13:01:14.276516
2025-07-20,88923,2025072004026848,AKPL,Sweta Securities Private Limited,ABC Securities Private Limited,810,274.0,221940.0,2025-07-20T13:01:14.276674
2025-07-20,88619,2025072004026909,AKPL,Bhrikuti Stock Broking Co. Pvt. Ltd.,Dipshikha Dhitopatra Karobar Co. Pvt Ltd.,70,273.6,19152.0,2025-07-20T13:01:36.511298
2025-07-20,88618,2025072004026910,AKPL,J.F. Securites (PVT) Ltd.,Dipshikha Dhitopatra Karobar Co. Pvt Ltd.,235,273.5,64272.5,2025-07-20T13:01:36.511666
2025-07-20,88617,2025072004026911,AKPL,Kohinoor Investment & Securities Pvt. Ltd.,Dipshikha Dhitopatra Karobar Co. Pvt Ltd.,296,273.5,80956.0,2025-07-20T13:01:36.511844
2025-07-20,88507,2025072004026936,AKPL,Dynamic Money Managers Securities Pvt. Ltd.,ABC Securities Private Limited,190,274.0,52060.0,2025-07-20T13:01:48.305408
2025-07-20,88506,2025072004026937,AKPL,Dynamic Money Managers Securities Pvt. Ltd.,Dakshinkali Investment & Securities Pvt. Ltd.,100,274.0,27400.0,2025-07-20T13:01:48.305765
2025-07-20,88505,2025072004026938,AKPL,Dynamic Money Managers Securities Pvt. Ltd.,Bhrikuti Stock Broking Co. Pvt. Ltd.,500,274.0,137000.0,2025-07-20T13:01:48.305919
2025-07-20,88485,2025072004026941,AKPL,Dynamic Money Managers Securities Pvt. Ltd.,Dynamic Money Managers Securities Pvt. Ltd.,300,274.0,82200.0,2025-07-20T13:01:49.16161
2025-07-20,88266,2025072004026988,AKPL,Dynamic Money Managers Securities Pvt. Ltd.,Linch Stock Market Ltd.,410,274.0,112340.0,2025-07-20T13:02:06.055913
2025-07-20,88265,2025072004026989,AKPL,Dynamic Money Managers Securities Pvt. Ltd.,Linch Stock Market Ltd.,500,274.0,137000.0,2025-07-20T13:02:06.056278
2025-07-20,88264,2025072004026990,AKPL,Kohinoor Investment & Securities Pvt. Ltd.,Linch Stock Market Ltd.,90,273.5,24615.0,2025-07-20T13:02:06.056443
2025-07-20,87741,2025072004027106,AKPL,Sumeru Securities Pvt. Ltd.,Capital Hub P. Ltd,500,274.0,137000.0,2025-07-20T13:02:52.86007
2025-07-20,87632,2025072004027121,AKPL,Sumeru Securities Pvt. Ltd.,Dakshinkali Investment & Securities Pvt. Ltd.,85,274.0,23290.0,2025-07-20T13:03:07.072831
2025-07-20,87585,2025072004027127,AKPL,Sumeru Securities Pvt. Ltd.,Kohinoor Investment & Securities Pvt. Ltd.,45,274.0,12330.0,2025-07-20T13:03:12.894267
2025-07-20,87084,2025072004027229,AKPL,Sumeru Securities Pvt. Ltd.,Agrawal Securities (PVT) Ltd.,500,274.0,137000.0,2025-07-20T13:03:51.536613
2025-07-20,87083,2025072004027230,AKPL,Sumeru Securities Pvt. Ltd.,Sagarmatha Securities Private Limited,70,274.0,19180.0,2025-07-20T13:03:51.90528
2025-07-20,86901,2025072004027274,AKPL,Dynamic Money Managers Securities Pvt. Ltd.,Sagarmatha Securities Private Limited,147,274.0,40278.0,2025-07-20T13:04:09.216512
2025-07-20,86896,2025072004027276,AKPL,Sewa Securities Pvt. Ltd.,Sagarmatha Securities Private Limited,1500,274.0,411000.0,2025-07-20T13:04:09.660159
2025-07-20,86821,2025072004027291,AKPL,Primo Securities (PVT) Ltd.,Investment Management Nepal Pvt. Ltd.,34,273.7,9305.8,2025-07-20T13:04:15.413999
2025-07-20,86645,2025072004027350,AKPL,Capital Max Securities Ltd,MILKY WAY SHARE BROKER COMPANY LTD ,1000,273.6,273600.0,2025-07-20T13:04:32.280674
2025-07-20,86644,2025072004027351,AKPL,Kohinoor Investment & Securities Pvt. Ltd.,MILKY WAY SHARE BROKER COMPANY LTD ,614,273.5,167929.0,2025-07-20T13:04:32.281075
2025-07-20,86643,2025072004027352,AKPL,Trisul Securities & Invt. Ltd.,MILKY WAY SHARE BROKER COMPANY LTD ,500,273.1,136550.0,2025-07-20T13:04:32.281237
2025-07-20,86642,2025072004027353,AKPL,Dipshikha Dhitopatra Karobar Co. Pvt Ltd.,MILKY WAY SHARE BROKER COMPANY LTD ,36,273.0,9828.0,2025-07-20T13:04:32.281402
2025-07-20,86641,2025072004027354,AKPL,Naasa Securities Co. Ltd.,MILKY WAY SHARE BROKER COMPANY LTD ,50,273.0,13650.0,2025-07-20T13:04:32.281564
2025-07-20,86640,2025072004027355,AKPL,Online Securities Pvt. Ltd.,MILKY WAY SHARE BROKER COMPANY LTD ,240,273.0,65520.0,2025-07-20T13:04:32.281714
2025-07-20,86639,2025072004027356,AKPL,Naasa Securities Co. Ltd.,MILKY WAY SHARE BROKER COMPANY LTD ,26,273.0,7098.0,2025-07-20T13:04:32.281865
2025-07-20,86638,2025072004027357,AKPL,Asian Securities Private Ltd.,MILKY WAY SHARE BROKER COMPANY LTD ,500,273.0,136500.0,2025-07-20T13:04:32.282044
2025-07-20,86637,2025072004027358,AKPL,Naasa Securities Co. Ltd.,MILKY WAY SHARE BROKER COMPANY LTD ,180,273.0,49140.0,2025-07-20T13:04:32.282208
2025-07-20,86636,2025072004027359,AKPL,Cristal Kanchanjanga Securites Pvt. Ltd.,MILKY WAY SHARE BROKER COMPANY LTD ,100,273.0,27300.0,2025-07-20T13:04:32.282365
2025-07-20,86635,2025072004027360,AKPL,Online Securities Pvt. Ltd.,MILKY WAY SHARE BROKER COMPANY LTD ,255,273.0,69615.0,2025-07-20T13:04:32.282536
2025-07-20,86393,2025072004027417,AKPL,Sweta Securities Private Limited,MILKY WAY SHARE BROKER COMPANY LTD ,1499,273.0,409227.0,2025-07-20T13:04:56.704706
2025-07-20,86392,2025072004027418,AKPL,Sweta Securities Private Limited,Investment Management Nepal Pvt. Ltd.,366,273.7,100174.2,2025-07-20T13:04:56.70508
2025-07-20,86391,2025072004027419,AKPL,Sweta Securities Private Limited,Sagarmatha Securities Private Limited,3135,274.0,858990.0,2025-07-20T13:04:56.705266
