Date,S.N.,contract_id,symbol,buyer_broker,seller_broker,volume,price,amount,transaction_time
2025-07-20,175988,2025072003000547,ALICL,Sani Securities Company Ltd.,Sweta Securities Private Limited,10,519.8,5198.0,2025-07-20T11:03:25.821779
2025-07-20,173827,2025072003001015,ALICL,Sani Securities Company Ltd.,Trisul Securities & Invt. Ltd.,50,519.0,25950.0,2025-07-20T11:06:04.45736
2025-07-20,173826,2025072003001016,ALICL,Sani Securities Company Ltd.,Trishakti Securities Public Limited,80,519.0,41520.0,2025-07-20T11:06:04.457509
2025-07-20,173746,2025072003001034,ALICL,Vision Securities Pvt. Ltd,Trishakti Securities Public Limited,920,519.0,477480.0,2025-07-20T11:06:08.703177
2025-07-20,173507,2025072003001085,ALICL,Vision Securities Pvt. Ltd,Dynamic Money Managers Securities Pvt. Ltd.,130,519.0,67470.0,2025-07-20T11:06:19.993845
2025-07-20,172543,2025072003001303,ALICL,Siprabi Securities Pvt. Ltd.,Dipshikha Dhitopatra Karobar Co. Pvt Ltd.,10,518.9,5189.0,2025-07-20T11:07:23.046725
2025-07-20,172449,2025072003001336,ALICL,Kalika Securities Pvt. Ltd.,Dynamic Money Managers Securities Pvt. Ltd.,18,519.0,9342.0,2025-07-20T11:07:27.715222
2025-07-20,171460,2025072003001565,ALICL,Premier Securities Company Ltd.,Property Wiard Limited,100,516.0,51600.0,2025-07-20T11:08:30.550961
2025-07-20,171459,2025072003001566,ALICL,Midas Stock Broking Company Private Limited,Property Wiard Limited,200,515.0,103000.0,2025-07-20T11:08:30.551035
2025-07-20,171333,2025072003001601,ALICL,Naasa Securities Co. Ltd.,Dipshikha Dhitopatra Karobar Co. Pvt Ltd.,10,518.9,5189.0,2025-07-20T11:08:36.46829
2025-07-20,171332,2025072003001602,ALICL,Naasa Securities Co. Ltd.,Dynamic Money Managers Securities Pvt. Ltd.,52,519.0,26988.0,2025-07-20T11:08:36.468345
2025-07-20,170453,2025072003001831,ALICL,Siprabi Securities Pvt. Ltd.,Ashutosh Brokerage & Securities (PVT) Ltd.,10,518.9,5189.0,2025-07-20T11:09:27.457774
2025-07-20,169869,2025072003001974,ALICL,Naasa Securities Co. Ltd.,Ashutosh Brokerage & Securities (PVT) Ltd.,20,518.9,10378.0,2025-07-20T11:10:03.594439
2025-07-20,169820,2025072003001986,ALICL,Naasa Securities Co. Ltd.,Kalika Securities Pvt. Ltd.,10,518.9,5189.0,2025-07-20T11:10:06.845352
2025-07-20,169785,2025072003001998,ALICL,Sharepro Securities Private Limited,Secured Securities Ltd.,100,519.0,51900.0,2025-07-20T11:10:09.519007
2025-07-20,169593,2025072003002052,ALICL,Global IME Securities Limited,Elite Stock House Limited,22,516.1,11354.2,2025-07-20T11:10:20.897129
2025-07-20,168919,2025072003002213,ALICL,Citizens Share Broker Limited,Sweta Securities Private Limited,25,518.0,12950.0,2025-07-20T11:11:14.447352
2025-07-20,168917,2025072003002214,ALICL,Global IME Securities Limited,SUN SECURITIES PVT LTD,28,516.1,14450.8,2025-07-20T11:11:14.865745
2025-07-20,168916,2025072003002215,ALICL,Midas Stock Broking Company Private Limited,SUN SECURITIES PVT LTD,50,515.0,25750.0,2025-07-20T11:11:14.865913
2025-07-20,168915,2025072003002216,ALICL,ABC Securities Private Limited,SUN SECURITIES PVT LTD,26,515.0,13390.0,2025-07-20T11:11:14.866021
2025-07-20,168914,2025072003002217,ALICL,Naasa Securities Co. Ltd.,SUN SECURITIES PVT LTD,100,515.0,51500.0,2025-07-20T11:11:14.866143
2025-07-20,168913,2025072003002218,ALICL,Sharepro Securities Private Limited,SUN SECURITIES PVT LTD,100,515.0,51500.0,2025-07-20T11:11:14.866243
2025-07-20,167982,2025072003002410,ALICL,Sharepro Securities Private Limited,J.F. Securites (PVT) Ltd.,50,513.7,25685.0,2025-07-20T11:12:16.7661
2025-07-20,166887,2025072003002661,ALICL,Siprabi Securities Pvt. Ltd.,SUN SECURITIES PVT LTD,1000,514.0,514000.0,2025-07-20T11:13:32.669791
2025-07-20,166597,2025072003002726,ALICL,Linch Stock Market Ltd.,Deevyaa Securities & Stock House Pvt. Ltd,50,514.0,25700.0,2025-07-20T11:13:56.814787
2025-07-20,166232,2025072003002822,ALICL,Linch Stock Market Ltd.,Imperial Securities Company Pvt. Ltd.,400,514.0,205600.0,2025-07-20T11:14:26.769872
2025-07-20,165112,2025072003003049,ALICL,Naasa Securities Co. Ltd.,Oxford Securities Pvt. Ltd.,18,515.0,9270.0,2025-07-20T11:15:44.824106
2025-07-20,164609,2025072003003178,ALICL,Trishakti Securities Public Limited,Sanima Securities Limited,40,517.7,20708.0,2025-07-20T11:16:13.7526
2025-07-20,164608,2025072003003179,ALICL,Trishakti Securities Public Limited,SUN SECURITIES PVT LTD,460,517.8,238188.0,2025-07-20T11:16:13.752677
2025-07-20,163148,2025072003003497,ALICL,Trishakti Securities Public Limited,Sri Hari Securities Pvt. Ltd.,500,516.0,258000.0,2025-07-20T11:17:40.891878
2025-07-20,161915,2025072003003782,ALICL,Vision Securities Pvt. Ltd,Sri Hari Securities Pvt. Ltd.,1000,517.0,517000.0,2025-07-20T11:19:01.853115
2025-07-20,161341,2025072003003932,ALICL,Malla & Malla Stock Broking Company Pvt. Limited,Sri Hari Securities Pvt. Ltd.,1000,517.5,517500.0,2025-07-20T11:19:36.428613
2025-07-20,158343,2025072003004604,ALICL,ABC Securities Private Limited,Naasa Securities Co. Ltd.,100,515.8,51580.0,2025-07-20T11:23:00.774668
2025-07-20,158342,2025072003004605,ALICL,ABC Securities Private Limited,Naasa Securities Co. Ltd.,100,515.6,51560.0,2025-07-20T11:23:00.774778
2025-07-20,158067,2025072003004683,ALICL,Trishakti Securities Public Limited,Sri Hari Securities Pvt. Ltd.,1000,517.7,517700.0,2025-07-20T11:23:18.443721
2025-07-20,156783,2025072003005021,ALICL,Naasa Securities Co. Ltd.,SUN SECURITIES PVT LTD,236,517.8,122200.8,2025-07-20T11:24:42.664619
2025-07-20,156372,2025072003005112,ALICL,Nepal Stock House (PVT) Ltd.,Sri Hari Securities Pvt. Ltd.,600,518.0,310800.0,2025-07-20T11:25:14.044408
2025-07-20,156353,2025072003005113,ALICL,Trisul Securities & Invt. Ltd.,Sri Hari Securities Pvt. Ltd.,400,518.0,207200.0,2025-07-20T11:25:15.987615
2025-07-20,155859,2025072003005210,ALICL,Premier Securities Company Ltd.,Midas Stock Broking Company Private Limited,240,519.0,124560.0,2025-07-20T11:25:47.681317
2025-07-20,155858,2025072003005211,ALICL,Premier Securities Company Ltd.,SUN SECURITIES PVT LTD,500,519.0,259500.0,2025-07-20T11:25:47.68144
2025-07-20,155857,2025072003005212,ALICL,Premier Securities Company Ltd.,Nepal Stock House (PVT) Ltd.,100,519.7,51970.0,2025-07-20T11:25:47.681511
2025-07-20,155856,2025072003005213,ALICL,Premier Securities Company Ltd.,Trishakti Securities Public Limited,50,519.8,25990.0,2025-07-20T11:25:47.681567
2025-07-20,155855,2025072003005214,ALICL,Premier Securities Company Ltd.,Trishakti Securities Public Limited,100,519.8,51980.0,2025-07-20T11:25:47.681612
2025-07-20,155854,2025072003005215,ALICL,Premier Securities Company Ltd.,Sweta Securities Private Limited,200,519.9,103980.0,2025-07-20T11:25:47.681665
2025-07-20,155853,2025072003005216,ALICL,Premier Securities Company Ltd.,Bhrikuti Stock Broking Co. Pvt. Ltd.,200,520.0,104000.0,2025-07-20T11:25:47.681718
2025-07-20,155852,2025072003005217,ALICL,Premier Securities Company Ltd.,Infinity Securities Limited,300,520.0,156000.0,2025-07-20T11:25:47.681764
2025-07-20,155851,2025072003005218,ALICL,Premier Securities Company Ltd.,Sweta Securities Private Limited,165,520.0,85800.0,2025-07-20T11:25:47.68181
2025-07-20,155850,2025072003005219,ALICL,Premier Securities Company Ltd.,Aryatara Investment & Securities,145,520.0,75400.0,2025-07-20T11:25:47.681855
2025-07-20,155641,2025072003005265,ALICL,Kohinoor Investment & Securities Pvt. Ltd.,Aryatara Investment & Securities,55,520.0,28600.0,2025-07-20T11:26:06.104217
2025-07-20,155640,2025072003005266,ALICL,Kohinoor Investment & Securities Pvt. Ltd.,Ashutosh Brokerage & Securities (PVT) Ltd.,85,520.0,44200.0,2025-07-20T11:26:06.104327
2025-07-20,155374,2025072003005327,ALICL,Himalayan Securities Limited,Ashutosh Brokerage & Securities (PVT) Ltd.,15,520.0,7800.0,2025-07-20T11:26:27.601193
2025-07-20,155373,2025072003005328,ALICL,Himalayan Securities Limited,Sharepro Securities Private Limited,100,520.2,52020.0,2025-07-20T11:26:27.601377
2025-07-20,155372,2025072003005329,ALICL,Himalayan Securities Limited,Nepal Stock House (PVT) Ltd.,1500,521.0,781500.0,2025-07-20T11:26:27.60151
2025-07-20,155077,2025072003005379,ALICL,Primo Securities (PVT) Ltd.,Sweta Securities Private Limited,550,522.0,287100.0,2025-07-20T11:26:48.504688
2025-07-20,154904,2025072003005426,ALICL,Primo Securities (PVT) Ltd.,Thrive Brokerage House Pvt. Ltd,1000,522.0,522000.0,2025-07-20T11:27:02.884291
2025-07-20,154668,2025072003005460,ALICL,Primo Securities (PVT) Ltd.,SUN SECURITIES PVT LTD,550,522.0,287100.0,2025-07-20T11:27:17.963706
2025-07-20,154667,2025072003005461,ALICL,Sewa Securities Pvt. Ltd.,SUN SECURITIES PVT LTD,500,522.0,261000.0,2025-07-20T11:27:17.963804
2025-07-20,154666,2025072003005462,ALICL,Online Securities Pvt. Ltd.,SUN SECURITIES PVT LTD,40,522.0,20880.0,2025-07-20T11:27:17.963848
2025-07-20,154665,2025072003005463,ALICL,J.F. Securites (PVT) Ltd.,SUN SECURITIES PVT LTD,410,522.0,214020.0,2025-07-20T11:27:17.963892
2025-07-20,154599,2025072003005483,ALICL,J.F. Securites (PVT) Ltd.,South Asian Bulls Pvt. Ltd.,160,522.9,83664.0,2025-07-20T11:27:24.382984
2025-07-20,154598,2025072003005484,ALICL,J.F. Securites (PVT) Ltd.,Trishakti Securities Public Limited,170,523.0,88910.0,2025-07-20T11:27:24.383108
2025-07-20,154287,2025072003005569,ALICL,Sani Securities Company Ltd.,Trishakti Securities Public Limited,50,523.0,26150.0,2025-07-20T11:27:45.095201
2025-07-20,153955,2025072003005649,ALICL,Sharepro Securities Private Limited,Sweta Securities Private Limited,100,522.9,52290.0,2025-07-20T11:28:09.338352
2025-07-20,153954,2025072003005650,ALICL,Sharepro Securities Private Limited,Trishakti Securities Public Limited,80,523.0,41840.0,2025-07-20T11:28:09.338441
2025-07-20,153953,2025072003005651,ALICL,Sharepro Securities Private Limited,Bhrikuti Stock Broking Co. Pvt. Ltd.,200,523.0,104600.0,2025-07-20T11:28:09.3385
2025-07-20,153831,2025072003005694,ALICL,Trisul Securities & Invt. Ltd.,Dynamic Money Managers Securities Pvt. Ltd.,300,523.8,157140.0,2025-07-20T11:28:16.60853
2025-07-20,153830,2025072003005695,ALICL,Trisul Securities & Invt. Ltd.,Naasa Securities Co. Ltd.,100,524.0,52400.0,2025-07-20T11:28:16.608627
2025-07-20,153829,2025072003005696,ALICL,Trisul Securities & Invt. Ltd.,SUN SECURITIES PVT LTD,1000,524.0,524000.0,2025-07-20T11:28:16.608673
2025-07-20,153498,2025072003005788,ALICL,Sharepro Securities Private Limited,Nepal Stock House (PVT) Ltd.,100,525.0,52500.0,2025-07-20T11:28:39.671914
2025-07-20,153497,2025072003005789,ALICL,Sharepro Securities Private Limited,Nepal Stock House (PVT) Ltd.,50,525.0,26250.0,2025-07-20T11:28:39.672006
2025-07-20,153496,2025072003005790,ALICL,Sharepro Securities Private Limited,Aryatara Investment & Securities,14,525.0,7350.0,2025-07-20T11:28:39.672057
2025-07-20,153426,2025072003005804,ALICL,Trisul Securities & Invt. Ltd.,SHUBHAKAMANA SECURITIES PVT. LTD,200,524.0,104800.0,2025-07-20T11:28:44.949678
2025-07-20,153142,2025072003005888,ALICL,Siprabi Securities Pvt. Ltd.,Online Securities Pvt. Ltd.,70,526.4,36848.0,2025-07-20T11:29:06.385555
2025-07-20,153107,2025072003005903,ALICL,Nepal Stock House (PVT) Ltd.,Online Securities Pvt. Ltd.,164,526.4,86329.6,2025-07-20T11:29:10.055579
2025-07-20,152787,2025072003005979,ALICL,Trisul Securities & Invt. Ltd.,Sharepro Securities Private Limited,500,527.8,263900.0,2025-07-20T11:29:29.949895
2025-07-20,152786,2025072003005980,ALICL,Trisul Securities & Invt. Ltd.,Online Securities Pvt. Ltd.,25,527.8,13195.0,2025-07-20T11:29:29.949989
2025-07-20,152785,2025072003005981,ALICL,Trisul Securities & Invt. Ltd.,South Asian Bulls Pvt. Ltd.,30,527.8,15834.0,2025-07-20T11:29:29.95005
2025-07-20,152784,2025072003005982,ALICL,Trisul Securities & Invt. Ltd.,Siprabi Securities Pvt. Ltd.,276,528.0,145728.0,2025-07-20T11:29:29.950092
2025-07-20,152783,2025072003005983,ALICL,Trisul Securities & Invt. Ltd.,Neev Securities Pvt. Ltd.,50,528.0,26400.0,2025-07-20T11:29:29.950131
2025-07-20,152782,2025072003005984,ALICL,Trisul Securities & Invt. Ltd.,Ashutosh Brokerage & Securities (PVT) Ltd.,119,528.0,62832.0,2025-07-20T11:29:29.950168
2025-07-20,152571,2025072003006028,ALICL,Online Securities Pvt. Ltd.,Ashutosh Brokerage & Securities (PVT) Ltd.,100,528.0,52800.0,2025-07-20T11:29:42.020116
2025-07-20,151741,2025072003006261,ALICL,BHOLE GANESH SECURITIES LTD,Vision Securities Pvt. Ltd,20,528.0,10560.0,2025-07-20T11:30:52.446115
2025-07-20,151740,2025072003006262,ALICL,BHOLE GANESH SECURITIES LTD,SUN SECURITIES PVT LTD,480,528.0,253440.0,2025-07-20T11:30:52.446204
2025-07-20,151672,2025072003006281,ALICL,Cristal Kanchanjanga Securites Pvt. Ltd.,Sani Securities Company Ltd.,29,526.5,15268.5,2025-07-20T11:30:59.109773
2025-07-20,151650,2025072003006291,ALICL,Himalayan Securities Limited,SUN SECURITIES PVT LTD,520,528.0,274560.0,2025-07-20T11:31:00.964348
2025-07-20,151649,2025072003006292,ALICL,Himalayan Securities Limited,Imperial Securities Company Pvt. Ltd.,100,528.0,52800.0,2025-07-20T11:31:00.964444
2025-07-20,150815,2025072003006472,ALICL,Sewa Securities Pvt. Ltd.,Trishakti Securities Public Limited,100,529.0,52900.0,2025-07-20T11:32:01.211638
2025-07-20,150746,2025072003006488,ALICL,Himalayan Securities Limited,SUN SECURITIES PVT LTD,1700,528.0,897600.0,2025-07-20T11:32:06.241723
2025-07-20,150718,2025072003006495,ALICL,Himalayan Securities Limited,Creative Securities Pvt Ltd,20,528.0,10560.0,2025-07-20T11:32:07.999843
2025-07-20,149872,2025072003006685,ALICL,Dynamic Money Managers Securities Pvt. Ltd.,Creative Securities Pvt Ltd,10,529.0,5290.0,2025-07-20T11:33:04.730564
2025-07-20,149871,2025072003006686,ALICL,Himalayan Securities Limited,Creative Securities Pvt Ltd,45,528.0,23760.0,2025-07-20T11:33:04.730647
2025-07-20,149870,2025072003006687,ALICL,Cristal Kanchanjanga Securites Pvt. Ltd.,Creative Securities Pvt Ltd,71,526.5,37381.5,2025-07-20T11:33:04.7307
2025-07-20,149869,2025072003006688,ALICL,Nepal Stock House (PVT) Ltd.,Creative Securities Pvt Ltd,174,526.4,91593.6,2025-07-20T11:33:04.730741
2025-07-20,149330,2025072003006773,ALICL,Nepal Stock House (PVT) Ltd.,Naasa Securities Co. Ltd.,62,526.4,32636.8,2025-07-20T11:33:49.167164
2025-07-20,149223,2025072003006792,ALICL,Opal Securities Investment (PVT) Ltd.,Naasa Securities Co. Ltd.,10,526.0,5260.0,2025-07-20T11:33:56.56828
2025-07-20,148661,2025072003006950,ALICL,Sewa Securities Pvt. Ltd.,Naasa Securities Co. Ltd.,17,521.3,8862.1,2025-07-20T11:34:39.453985
2025-07-20,148617,2025072003006967,ALICL,Online Securities Pvt. Ltd.,Creative Securities Pvt Ltd,100,522.0,52200.0,2025-07-20T11:34:42.692322
2025-07-20,148616,2025072003006968,ALICL,Sewa Securities Pvt. Ltd.,Creative Securities Pvt Ltd,100,521.3,52130.0,2025-07-20T11:34:42.692418
2025-07-20,147861,2025072003007119,ALICL,Capital Max Securities Ltd,Kalika Securities Pvt. Ltd.,18,526.0,9468.0,2025-07-20T11:35:31.553378
2025-07-20,147860,2025072003007120,ALICL,Capital Max Securities Ltd,Trisul Securities & Invt. Ltd.,50,526.5,26325.0,2025-07-20T11:35:31.553466
2025-07-20,147859,2025072003007121,ALICL,Capital Max Securities Ltd,Trisul Securities & Invt. Ltd.,50,529.0,26450.0,2025-07-20T11:35:31.553508
2025-07-20,147858,2025072003007122,ALICL,Capital Max Securities Ltd,Siprabi Securities Pvt. Ltd.,200,529.2,105840.0,2025-07-20T11:35:31.553551
2025-07-20,147857,2025072003007123,ALICL,Capital Max Securities Ltd,Cristal Kanchanjanga Securites Pvt. Ltd.,100,529.2,52920.0,2025-07-20T11:35:31.55359
2025-07-20,147856,2025072003007124,ALICL,Capital Max Securities Ltd,Aryatara Investment & Securities,20,530.0,10600.0,2025-07-20T11:35:31.553628
2025-07-20,147855,2025072003007125,ALICL,Capital Max Securities Ltd,SUN SECURITIES PVT LTD,362,530.0,191860.0,2025-07-20T11:35:31.553667
2025-07-20,147245,2025072003007268,ALICL,Capital Max Securities Ltd,SUN SECURITIES PVT LTD,200,530.0,106000.0,2025-07-20T11:36:13.735505
2025-07-20,145195,2025072003007692,ALICL,Trisul Securities & Invt. Ltd.,Trishakti Securities Public Limited,3000,529.0,1587000.0,2025-07-20T11:38:48.511295
2025-07-20,144194,2025072003007917,ALICL,ABC Securities Private Limited,Midas Stock Broking Company Private Limited,50,529.0,26450.0,2025-07-20T11:40:06.268096
2025-07-20,143897,2025072003007983,ALICL,Oxford Securities Pvt. Ltd.,Midas Stock Broking Company Private Limited,10,529.0,5290.0,2025-07-20T11:40:26.290488
2025-07-20,143852,2025072003007992,ALICL,Linch Stock Market Ltd.,Midas Stock Broking Company Private Limited,200,529.0,105800.0,2025-07-20T11:40:32.205966
2025-07-20,143748,2025072003008013,ALICL,Siprabi Securities Pvt. Ltd.,Midas Stock Broking Company Private Limited,14,529.0,7406.0,2025-07-20T11:40:41.734715
2025-07-20,143747,2025072003008014,ALICL,Siprabi Securities Pvt. Ltd.,Kumari Securities Private Limited,16,529.0,8464.0,2025-07-20T11:40:41.734831
2025-07-20,142646,2025072003008276,ALICL,Sri Hari Securities Pvt. Ltd.,Kumari Securities Private Limited,11,529.0,5819.0,2025-07-20T11:41:59.490669
2025-07-20,142527,2025072003008318,ALICL,Sani Securities Company Ltd.,Kumari Securities Private Limited,13,529.0,6877.0,2025-07-20T11:42:09.178598
2025-07-20,142526,2025072003008319,ALICL,Sani Securities Company Ltd.,Trishakti Securities Public Limited,37,529.0,19573.0,2025-07-20T11:42:09.178739
2025-07-20,142029,2025072003008418,ALICL,Kalika Securities Pvt. Ltd.,Sri Hari Securities Pvt. Ltd.,200,526.0,105200.0,2025-07-20T11:42:40.782122
2025-07-20,141769,2025072003008487,ALICL,Deevyaa Securities & Stock House Pvt. Ltd,Sri Hari Securities Pvt. Ltd.,50,526.1,26305.0,2025-07-20T11:42:55.976559
2025-07-20,141768,2025072003008488,ALICL,Agrawal Securities (PVT) Ltd.,Sri Hari Securities Pvt. Ltd.,950,524.4,498180.0,2025-07-20T11:42:55.976823
2025-07-20,140743,2025072003008710,ALICL,Deevyaa Securities & Stock House Pvt. Ltd,Sri Hari Securities Pvt. Ltd.,50,527.0,26350.0,2025-07-20T11:43:55.311012
2025-07-20,140676,2025072003008717,ALICL,Secured Securities Ltd.,Aryatara Investment & Securities,132,526.0,69432.0,2025-07-20T11:43:58.546766
2025-07-20,139493,2025072003009016,ALICL,Nepal Stock House (PVT) Ltd.,Sri Hari Securities Pvt. Ltd.,450,527.0,237150.0,2025-07-20T11:45:19.09883
2025-07-20,139058,2025072003009095,ALICL,Nepal Stock House (PVT) Ltd.,Agrawal Securities (PVT) Ltd.,509,527.0,268243.0,2025-07-20T11:45:45.097462
2025-07-20,138661,2025072003009159,ALICL,Nepal Stock House (PVT) Ltd.,Online Securities Pvt. Ltd.,400,527.0,210800.0,2025-07-20T11:46:08.420325
2025-07-20,137874,2025072003009317,ALICL,Nepal Stock House (PVT) Ltd.,Trisul Securities & Invt. Ltd.,200,527.0,105400.0,2025-07-20T11:46:59.544819
2025-07-20,137763,2025072003009351,ALICL,Nepal Stock House (PVT) Ltd.,Agrawal Securities (PVT) Ltd.,400,527.0,210800.0,2025-07-20T11:47:06.319756
2025-07-20,137250,2025072003009473,ALICL,Asian Securities Private Ltd.,Sani Securities Company Ltd.,400,527.1,210840.0,2025-07-20T11:47:42.439291
2025-07-20,137249,2025072003009474,ALICL,Nepal Stock House (PVT) Ltd.,Sani Securities Company Ltd.,100,527.0,52700.0,2025-07-20T11:47:42.439435
2025-07-20,137159,2025072003009508,ALICL,Nepal Stock House (PVT) Ltd.,ABC Securities Private Limited,1941,527.0,1022907.0,2025-07-20T11:47:47.602555
2025-07-20,137158,2025072003009509,ALICL,S.P.S.A. Securities Limited,ABC Securities Private Limited,10,527.0,5270.0,2025-07-20T11:47:47.602687
2025-07-20,137126,2025072003009513,ALICL,Premier Securities Company Ltd.,ABC Securities Private Limited,100,527.0,52700.0,2025-07-20T11:47:50.514514
2025-07-20,137025,2025072003009534,ALICL,Vision Securities Pvt. Ltd,ABC Securities Private Limited,500,524.5,262250.0,2025-07-20T11:48:00.759654
2025-07-20,137024,2025072003009535,ALICL,Agrawal Securities (PVT) Ltd.,ABC Securities Private Limited,50,524.4,26220.0,2025-07-20T11:48:00.759788
2025-07-20,137023,2025072003009536,ALICL,Sewa Securities Pvt. Ltd.,ABC Securities Private Limited,183,524.3,95946.9,2025-07-20T11:48:00.759846
2025-07-20,137022,2025072003009537,ALICL,Bhrikuti Stock Broking Co. Pvt. Ltd.,ABC Securities Private Limited,300,524.2,157260.0,2025-07-20T11:48:00.759902
2025-07-20,137021,2025072003009538,ALICL,Trisul Securities & Invt. Ltd.,ABC Securities Private Limited,1000,524.0,524000.0,2025-07-20T11:48:00.759956
2025-07-20,137020,2025072003009539,ALICL,Online Securities Pvt. Ltd.,ABC Securities Private Limited,25,523.1,13077.5,2025-07-20T11:48:00.760008
2025-07-20,137019,2025072003009540,ALICL,Midas Stock Broking Company Private Limited,ABC Securities Private Limited,500,522.3,261150.0,2025-07-20T11:48:00.760073
2025-07-20,137018,2025072003009541,ALICL,Online Securities Pvt. Ltd.,ABC Securities Private Limited,100,522.0,52200.0,2025-07-20T11:48:00.760127
2025-07-20,137017,2025072003009542,ALICL,Kohinoor Investment & Securities Pvt. Ltd.,ABC Securities Private Limited,100,522.0,52200.0,2025-07-20T11:48:00.760176
2025-07-20,137016,2025072003009543,ALICL,Trishakti Securities Public Limited,ABC Securities Private Limited,500,521.9,260950.0,2025-07-20T11:48:00.760226
2025-07-20,137015,2025072003009544,ALICL,Market Securities & Exchange (PVT) Ltd.,ABC Securities Private Limited,500,521.6,260800.0,2025-07-20T11:48:00.76034
2025-07-20,137014,2025072003009545,ALICL,Opal Securities Investment (PVT) Ltd.,ABC Securities Private Limited,500,521.5,260750.0,2025-07-20T11:48:00.76041
2025-07-20,137013,2025072003009546,ALICL,Sharepro Securities Private Limited,ABC Securities Private Limited,1000,521.1,521100.0,2025-07-20T11:48:00.760462
2025-07-20,137012,2025072003009547,ALICL,Neev Securities Pvt. Ltd.,ABC Securities Private Limited,100,520.0,52000.0,2025-07-20T11:48:00.760511
2025-07-20,137011,2025072003009548,ALICL,Indira securities pvt. ltd,ABC Securities Private Limited,2000,520.0,1040000.0,2025-07-20T11:48:00.760557
2025-07-20,137010,2025072003009549,ALICL,Siprabi Securities Pvt. Ltd.,ABC Securities Private Limited,100,520.0,52000.0,2025-07-20T11:48:00.760605
2025-07-20,137009,2025072003009550,ALICL,Naasa Securities Co. Ltd.,ABC Securities Private Limited,10,520.0,5200.0,2025-07-20T11:48:00.760661
2025-07-20,136884,2025072003009609,ALICL,Naasa Securities Co. Ltd.,ABC Securities Private Limited,200,520.0,104000.0,2025-07-20T11:48:07.600352
2025-07-20,136639,2025072003009654,ALICL,Sipla Securities Private Limited,Sani Securities Company Ltd.,500,519.4,259700.0,2025-07-20T11:48:27.021365
2025-07-20,136279,2025072003009744,ALICL,Siprabi Securities Pvt. Ltd.,ABC Securities Private Limited,250,520.0,130000.0,2025-07-20T11:48:54.872423
2025-07-20,136013,2025072003009810,ALICL,Sipla Securities Private Limited,Sani Securities Company Ltd.,284,519.4,147509.6,2025-07-20T11:49:13.20186
2025-07-20,135584,2025072003009900,ALICL,Sipla Securities Private Limited,Sipla Securities Private Limited,100,519.4,51940.0,2025-07-20T11:49:42.583402
2025-07-20,134814,2025072003010026,ALICL,Sewa Securities Pvt. Ltd.,SHUBHAKAMANA SECURITIES PVT. LTD,100,519.9,51990.0,2025-07-20T11:50:33.568368
2025-07-20,134677,2025072003010062,ALICL,Sipla Securities Private Limited,Online Securities Pvt. Ltd.,116,519.4,60250.4,2025-07-20T11:50:46.979487
2025-07-20,134676,2025072003010063,ALICL,SUN SECURITIES PVT LTD,Online Securities Pvt. Ltd.,34,519.0,17646.0,2025-07-20T11:50:46.97964
2025-07-20,134382,2025072003010123,ALICL,SUN SECURITIES PVT LTD,Sri Hari Securities Pvt. Ltd.,966,519.0,501354.0,2025-07-20T11:51:12.983227
2025-07-20,134381,2025072003010124,ALICL,Himalayan Brokerage Company Limited,Sri Hari Securities Pvt. Ltd.,150,519.0,77850.0,2025-07-20T11:51:12.983345
2025-07-20,134234,2025072003010160,ALICL,Pragyan Securities (PVT) Ltd.,SHUBHAKAMANA SECURITIES PVT. LTD,650,519.9,337935.0,2025-07-20T11:51:26.76551
2025-07-20,134233,2025072003010161,ALICL,Pragyan Securities (PVT) Ltd.,ABC Securities Private Limited,2512,520.0,1306240.0,2025-07-20T11:51:26.765631
2025-07-20,133149,2025072003010436,ALICL,Nagarik Stock Dealer ,Kumari Securities Private Limited,50,520.3,26015.0,2025-07-20T11:53:03.614353
2025-07-20,131248,2025072003010829,ALICL,Vision Securities Pvt. Ltd,Global IME Securities Limited,100,521.2,52120.0,2025-07-20T11:56:04.12852
2025-07-20,131197,2025072003010833,ALICL,Vision Securities Pvt. Ltd,Trishakti Securities Public Limited,463,521.2,241315.6,2025-07-20T11:56:08.683262
2025-07-20,129617,2025072003011222,ALICL,Naasa Securities Co. Ltd.,Secured Securities Ltd.,10,521.6,5216.0,2025-07-20T11:58:45.634866
2025-07-20,128777,2025072003011382,ALICL,Linch Stock Market Ltd.,Naasa Securities Co. Ltd.,50,526.0,26300.0,2025-07-20T12:00:06.12913
2025-07-20,128776,2025072003011383,ALICL,Linch Stock Market Ltd.,Bhrikuti Stock Broking Co. Pvt. Ltd.,20,526.9,10538.0,2025-07-20T12:00:06.129384
2025-07-20,128775,2025072003011384,ALICL,Linch Stock Market Ltd.,Online Securities Pvt. Ltd.,25,526.9,13172.5,2025-07-20T12:00:06.129583
2025-07-20,128774,2025072003011385,ALICL,Linch Stock Market Ltd.,Sri Hari Securities Pvt. Ltd.,265,527.0,139655.0,2025-07-20T12:00:06.129854
2025-07-20,128075,2025072003011527,ALICL,Market Securities & Exchange (PVT) Ltd.,Sri Hari Securities Pvt. Ltd.,100,527.0,52700.0,2025-07-20T12:01:08.914826
2025-07-20,127672,2025072003011618,ALICL,Primo Securities (PVT) Ltd.,Sani Securities Company Ltd.,23,526.0,12098.0,2025-07-20T12:01:52.724805
2025-07-20,127671,2025072003011619,ALICL,Primo Securities (PVT) Ltd.,Sri Hari Securities Pvt. Ltd.,177,527.0,93279.0,2025-07-20T12:01:52.724955
2025-07-20,125329,2025072003012213,ALICL,Naasa Securities Co. Ltd.,Agrawal Securities (PVT) Ltd.,10,522.1,5221.0,2025-07-20T12:05:47.912733
2025-07-20,125328,2025072003012214,ALICL,Primo Securities (PVT) Ltd.,Agrawal Securities (PVT) Ltd.,10,522.0,5220.0,2025-07-20T12:05:47.912889
2025-07-20,124643,2025072003012356,ALICL,Sani Securities Company Ltd.,Agrawal Securities (PVT) Ltd.,30,522.0,15660.0,2025-07-20T12:06:59.543498
2025-07-20,124482,2025072003012397,ALICL,Sani Securities Company Ltd.,Ashutosh Brokerage & Securities (PVT) Ltd.,10,522.0,5220.0,2025-07-20T12:07:21.466237
2025-07-20,124225,2025072003012466,ALICL,Sani Securities Company Ltd.,Ashutosh Brokerage & Securities (PVT) Ltd.,10,522.0,5220.0,2025-07-20T12:07:51.916145
2025-07-20,122031,2025072003012991,ALICL,Imperial Securities Company Pvt. Ltd.,Online Securities Pvt. Ltd.,10,523.9,5239.0,2025-07-20T12:11:45.559588
2025-07-20,122016,2025072003012996,ALICL,Nepal Stock House (PVT) Ltd.,Online Securities Pvt. Ltd.,36,523.9,18860.4,2025-07-20T12:11:48.018511
2025-07-20,121637,2025072003013059,ALICL,Nagarik Stock Dealer ,Aakashbhairab Securities Ltd.,950,524.0,497800.0,2025-07-20T12:12:32.066012
2025-07-20,120925,2025072003013256,ALICL,Nepal Stock House (PVT) Ltd.,Sweta Securities Private Limited,80,523.9,41912.0,2025-07-20T12:13:46.095502
2025-07-20,120533,2025072003013332,ALICL,Naasa Securities Co. Ltd.,Aakashbhairab Securities Ltd.,50,524.0,26200.0,2025-07-20T12:14:28.842958
2025-07-20,119397,2025072003013580,ALICL,Premier Securities Company Ltd.,Deevyaa Securities & Stock House Pvt. Ltd,100,524.0,52400.0,2025-07-20T12:16:00.676699
2025-07-20,118917,2025072003013645,ALICL,Naasa Securities Co. Ltd.,Pragyan Securities (PVT) Ltd.,20,525.0,10500.0,2025-07-20T12:16:50.693457
2025-07-20,118343,2025072003013733,ALICL,Kalika Securities Pvt. Ltd.,Dynamic Money Managers Securities Pvt. Ltd.,300,525.5,157650.0,2025-07-20T12:17:57.984846
2025-07-20,118342,2025072003013734,ALICL,Kalika Securities Pvt. Ltd.,ABC Securities Private Limited,200,525.7,105140.0,2025-07-20T12:17:57.98521
2025-07-20,117716,2025072003013825,ALICL,Naasa Securities Co. Ltd.,Siprabi Securities Pvt. Ltd.,31,525.0,16275.0,2025-07-20T12:18:47.967647
2025-07-20,116254,2025072003014071,ALICL,Investment Management Nepal Pvt. Ltd.,Siprabi Securities Pvt. Ltd.,39,525.0,20475.0,2025-07-20T12:20:44.255658
2025-07-20,116253,2025072003014072,ALICL,Investment Management Nepal Pvt. Ltd.,Imperial Securities Company Pvt. Ltd.,11,525.0,5775.0,2025-07-20T12:20:44.255835
2025-07-20,113299,2025072003014717,ALICL,Sani Securities Company Ltd.,ABC Securities Private Limited,50,525.7,26285.0,2025-07-20T12:25:17.393468
2025-07-20,113298,2025072003014718,ALICL,Sani Securities Company Ltd.,South Asian Bulls Pvt. Ltd.,100,525.8,52580.0,2025-07-20T12:25:17.393673
2025-07-20,113166,2025072003014734,ALICL,Investment Management Nepal Pvt. Ltd.,Trishakti Securities Public Limited,20,526.0,10520.0,2025-07-20T12:25:35.109733
2025-07-20,113164,2025072003014735,ALICL,Siprabi Securities Pvt. Ltd.,Trishakti Securities Public Limited,280,526.0,147280.0,2025-07-20T12:25:35.378155
2025-07-20,113163,2025072003014736,ALICL,Siprabi Securities Pvt. Ltd.,Sweta Securities Private Limited,200,526.6,105320.0,2025-07-20T12:25:35.378331
2025-07-20,113162,2025072003014737,ALICL,Siprabi Securities Pvt. Ltd.,ABC Securities Private Limited,250,526.7,131675.0,2025-07-20T12:25:35.378407
2025-07-20,113161,2025072003014738,ALICL,Siprabi Securities Pvt. Ltd.,Sri Hari Securities Pvt. Ltd.,270,527.0,142290.0,2025-07-20T12:25:35.378474
2025-07-20,111854,2025072003014964,ALICL,Vision Securities Pvt. Ltd,Dynamic Money Managers Securities Pvt. Ltd.,400,526.0,210400.0,2025-07-20T12:27:12.794508
2025-07-20,111730,2025072003014984,ALICL,Online Securities Pvt. Ltd.,Sri Hari Securities Pvt. Ltd.,100,527.0,52700.0,2025-07-20T12:27:25.344271
2025-07-20,108546,2025072003015703,ALICL,Sani Securities Company Ltd.,Sri Hari Securities Pvt. Ltd.,20,527.0,10540.0,2025-07-20T12:32:14.271753
2025-07-20,108264,2025072003015781,ALICL,Vision Securities Pvt. Ltd,Ashutosh Brokerage & Securities (PVT) Ltd.,10,526.0,5260.0,2025-07-20T12:32:35.76826
2025-07-20,108000,2025072003015828,ALICL,Vision Securities Pvt. Ltd,Ashutosh Brokerage & Securities (PVT) Ltd.,10,526.0,5260.0,2025-07-20T12:33:00.127752
2025-07-20,107579,2025072003015878,ALICL,Vision Securities Pvt. Ltd,Online Securities Pvt. Ltd.,17,526.0,8942.0,2025-07-20T12:33:46.489016
2025-07-20,107578,2025072003015879,ALICL,Oxford Securities Pvt. Ltd.,Online Securities Pvt. Ltd.,40,526.0,21040.0,2025-07-20T12:33:46.489188
2025-07-20,107162,2025072003016018,ALICL,Opal Securities Investment (PVT) Ltd.,SUN SECURITIES PVT LTD,100,525.0,52500.0,2025-07-20T12:34:24.072803
2025-07-20,107161,2025072003016019,ALICL,Online Securities Pvt. Ltd.,SUN SECURITIES PVT LTD,500,524.1,262050.0,2025-07-20T12:34:24.073018
2025-07-20,107160,2025072003016020,ALICL,Vision Securities Pvt. Ltd,SUN SECURITIES PVT LTD,500,524.1,262050.0,2025-07-20T12:34:24.073094
2025-07-20,107159,2025072003016021,ALICL,Imperial Securities Company Pvt. Ltd.,SUN SECURITIES PVT LTD,10,524.0,5240.0,2025-07-20T12:34:24.073154
2025-07-20,107158,2025072003016022,ALICL,Primo Securities (PVT) Ltd.,SUN SECURITIES PVT LTD,900,524.0,471600.0,2025-07-20T12:34:24.073218
2025-07-20,107157,2025072003016023,ALICL,Primo Securities (PVT) Ltd.,SUN SECURITIES PVT LTD,900,524.0,471600.0,2025-07-20T12:34:24.073279
2025-07-20,106498,2025072003016152,ALICL,Secured Securities Ltd.,SUN SECURITIES PVT LTD,20,524.0,10480.0,2025-07-20T12:35:30.521087
2025-07-20,104459,2025072003016575,ALICL,Secured Securities Ltd.,SUN SECURITIES PVT LTD,70,524.0,36680.0,2025-07-20T12:38:48.27508
2025-07-20,104458,2025072003016576,ALICL,Secured Securities Ltd.,Online Securities Pvt. Ltd.,30,524.0,15720.0,2025-07-20T12:38:48.275288
2025-07-20,103828,2025072003016689,ALICL,Cristal Kanchanjanga Securites Pvt. Ltd.,Online Securities Pvt. Ltd.,16,524.0,8384.0,2025-07-20T12:39:55.377385
2025-07-20,103827,2025072003016690,ALICL,Cristal Kanchanjanga Securites Pvt. Ltd.,Nepal Stock House (PVT) Ltd.,84,524.0,44016.0,2025-07-20T12:39:55.37755
2025-07-20,103463,2025072003016777,ALICL,Nepal Stock House (PVT) Ltd.,Nepal Stock House (PVT) Ltd.,110,524.0,57640.0,2025-07-20T12:40:38.176641
2025-07-20,102555,2025072003016997,ALICL,Imperial Securities Company Pvt. Ltd.,SUN SECURITIES PVT LTD,50,524.0,26200.0,2025-07-20T12:42:05.922985
2025-07-20,102139,2025072003017076,ALICL,Imperial Securities Company Pvt. Ltd.,SUN SECURITIES PVT LTD,450,524.0,235800.0,2025-07-20T12:42:46.309016
2025-07-20,101353,2025072003017256,ALICL,Nepal Stock House (PVT) Ltd.,Vision Securities Pvt. Ltd,87,523.9,45579.3,2025-07-20T12:43:59.796719
2025-07-20,99474,2025072003017781,ALICL,Sajilo Broker Limited,Sani Securities Company Ltd.,50,525.0,26250.0,2025-07-20T12:46:42.088656
2025-07-20,98651,2025072003018031,ALICL,Premier Securities Company Ltd.,Naasa Securities Co. Ltd.,500,524.5,262250.0,2025-07-20T12:47:50.509812
2025-07-20,98378,2025072003018064,ALICL,Sweta Securities Private Limited,Sani Securities Company Ltd.,50,525.0,26250.0,2025-07-20T12:48:16.425863
2025-07-20,97689,2025072003018221,ALICL,Sundhara Securities Limited,Sani Securities Company Ltd.,102,525.0,53550.0,2025-07-20T12:49:07.14429
2025-07-20,97208,2025072003018339,ALICL,Trisul Securities & Invt. Ltd.,Imperial Securities Company Pvt. Ltd.,100,525.9,52590.0,2025-07-20T12:49:48.753556
2025-07-20,97198,2025072003018340,ALICL,Siprabi Securities Pvt. Ltd.,Deevyaa Securities & Stock House Pvt. Ltd,500,524.0,262000.0,2025-07-20T12:49:49.445782
2025-07-20,97197,2025072003018341,ALICL,Primo Securities (PVT) Ltd.,Deevyaa Securities & Stock House Pvt. Ltd,900,524.0,471600.0,2025-07-20T12:49:49.446116
2025-07-20,97196,2025072003018342,ALICL,Primo Securities (PVT) Ltd.,Deevyaa Securities & Stock House Pvt. Ltd,900,524.0,471600.0,2025-07-20T12:49:49.446314
2025-07-20,97195,2025072003018343,ALICL,Sri Hari Securities Pvt. Ltd.,Deevyaa Securities & Stock House Pvt. Ltd,50,524.0,26200.0,2025-07-20T12:49:49.446505
2025-07-20,97194,2025072003018344,ALICL,Primo Securities (PVT) Ltd.,Deevyaa Securities & Stock House Pvt. Ltd,900,524.0,471600.0,2025-07-20T12:49:49.446697
2025-07-20,97193,2025072003018345,ALICL,Primo Securities (PVT) Ltd.,Deevyaa Securities & Stock House Pvt. Ltd,600,524.0,314400.0,2025-07-20T12:49:49.446888
2025-07-20,97127,2025072003018360,ALICL,Primo Securities (PVT) Ltd.,Deevyaa Securities & Stock House Pvt. Ltd,100,524.0,52400.0,2025-07-20T12:49:53.859769
2025-07-20,96995,2025072003018398,ALICL,Trisul Securities & Invt. Ltd.,Deevyaa Securities & Stock House Pvt. Ltd,50,524.0,26200.0,2025-07-20T12:50:09.122214
2025-07-20,96946,2025072003018423,ALICL,Sani Securities Company Ltd.,Deevyaa Securities & Stock House Pvt. Ltd,142,524.0,74408.0,2025-07-20T12:50:12.66692
2025-07-20,95295,2025072003018743,ALICL,Nepal Stock House (PVT) Ltd.,Online Securities Pvt. Ltd.,43,523.9,22527.7,2025-07-20T12:52:23.620264
2025-07-20,94772,2025072003018820,ALICL,Nepal Stock House (PVT) Ltd.,Nepal Investment And Securities Trading Private Limited,40,523.9,20956.0,2025-07-20T12:53:11.047614
2025-07-20,94507,2025072003018872,ALICL,Aryatara Investment & Securities,Deevyaa Securities & Stock House Pvt. Ltd,10,524.0,5240.0,2025-07-20T12:53:36.181654
2025-07-20,94183,2025072003018948,ALICL,Imperial Securities Company Pvt. Ltd.,Deevyaa Securities & Stock House Pvt. Ltd,500,524.0,262000.0,2025-07-20T12:54:01.964417
2025-07-20,93884,2025072003019030,ALICL,Sewa Securities Pvt. Ltd.,Deevyaa Securities & Stock House Pvt. Ltd,1000,524.0,524000.0,2025-07-20T12:54:26.817307
2025-07-20,93551,2025072003019082,ALICL,Sewa Securities Pvt. Ltd.,Deevyaa Securities & Stock House Pvt. Ltd,1000,524.0,524000.0,2025-07-20T12:54:52.101833
2025-07-20,93431,2025072003019097,ALICL,Primo Securities (PVT) Ltd.,Deevyaa Securities & Stock House Pvt. Ltd,100,524.0,52400.0,2025-07-20T12:55:00.065613
2025-07-20,92923,2025072003019211,ALICL,Aryatara Investment & Securities,Deevyaa Securities & Stock House Pvt. Ltd,429,524.0,224796.0,2025-07-20T12:55:44.675221
2025-07-20,92782,2025072003019239,ALICL,Creative Securities Pvt Ltd,Deevyaa Securities & Stock House Pvt. Ltd,17,524.0,8908.0,2025-07-20T12:55:54.09663
2025-07-20,92501,2025072003019310,ALICL,Sumeru Securities Pvt. Ltd.,Deevyaa Securities & Stock House Pvt. Ltd,1500,524.0,786000.0,2025-07-20T12:56:12.695899
2025-07-20,92264,2025072003019354,ALICL,Imperial Securities Company Pvt. Ltd.,Deevyaa Securities & Stock House Pvt. Ltd,57,524.0,29868.0,2025-07-20T12:56:32.137529
2025-07-20,92182,2025072003019378,ALICL,Arun Securities (PVT) Ltd.,Deevyaa Securities & Stock House Pvt. Ltd,50,524.0,26200.0,2025-07-20T12:56:37.947011
2025-07-20,90700,2025072003019720,ALICL,Premier Securities Company Ltd.,Deevyaa Securities & Stock House Pvt. Ltd,190,524.0,99560.0,2025-07-20T12:58:38.888252
2025-07-20,89703,2025072003019960,ALICL,Nepal Stock House (PVT) Ltd.,Thrive Brokerage House Pvt. Ltd,17,523.9,8906.3,2025-07-20T13:00:08.374712
2025-07-20,89702,2025072003019961,ALICL,Naasa Securities Co. Ltd.,Thrive Brokerage House Pvt. Ltd,125,523.6,65450.0,2025-07-20T13:00:08.375006
2025-07-20,89701,2025072003019962,ALICL,Cristal Kanchanjanga Securites Pvt. Ltd.,Thrive Brokerage House Pvt. Ltd,473,523.5,247615.5,2025-07-20T13:00:08.375208
2025-07-20,89446,2025072003020024,ALICL,Linch Stock Market Ltd.,Kumari Securities Private Limited,10,524.0,5240.0,2025-07-20T13:00:29.886944
2025-07-20,89008,2025072003020179,ALICL,Dynamic Money Managers Securities Pvt. Ltd.,Kumari Securities Private Limited,20,524.0,10480.0,2025-07-20T13:01:09.011948
2025-07-20,86551,2025072003020718,ALICL,Malla & Malla Stock Broking Company Pvt. Limited,Naasa Securities Co. Ltd.,100,524.9,52490.0,2025-07-20T13:04:41.163908
2025-07-20,85998,2025072003020851,ALICL,Linch Stock Market Ltd.,Naasa Securities Co. Ltd.,400,524.9,209960.0,2025-07-20T13:05:30.542398
2025-07-20,85575,2025072003020962,ALICL,Aryatara Investment & Securities,Investment Management Nepal Pvt. Ltd.,200,525.0,105000.0,2025-07-20T13:06:10.877162
2025-07-20,84608,2025072003021173,ALICL,Sani Securities Company Ltd.,Investment Management Nepal Pvt. Ltd.,200,525.0,105000.0,2025-07-20T13:07:38.707498
2025-07-20,84434,2025072003021190,ALICL,Premier Securities Company Ltd.,Investment Management Nepal Pvt. Ltd.,100,525.0,52500.0,2025-07-20T13:07:54.883839
2025-07-20,84433,2025072003021191,ALICL,Premier Securities Company Ltd.,Sewa Securities Pvt. Ltd.,50,525.0,26250.0,2025-07-20T13:07:54.884007
2025-07-20,84432,2025072003021192,ALICL,Premier Securities Company Ltd.,Sweta Securities Private Limited,200,525.0,105000.0,2025-07-20T13:07:54.884084
2025-07-20,84064,2025072003021272,ALICL,Premier Securities Company Ltd.,Oxford Securities Pvt. Ltd.,50,525.0,26250.0,2025-07-20T13:08:28.478763
2025-07-20,83376,2025072003021390,ALICL,Sharepro Securities Private Limited,Oxford Securities Pvt. Ltd.,250,525.0,131250.0,2025-07-20T13:09:31.242528
2025-07-20,83375,2025072003021391,ALICL,Sharepro Securities Private Limited,Agrawal Securities (PVT) Ltd.,250,525.0,131250.0,2025-07-20T13:09:31.242708
2025-07-20,83232,2025072003021411,ALICL,Sharepro Securities Private Limited,Agrawal Securities (PVT) Ltd.,500,525.0,262500.0,2025-07-20T13:09:44.288965
2025-07-20,83176,2025072003021439,ALICL,Cristal Kanchanjanga Securites Pvt. Ltd.,Trisul Securities & Invt. Ltd.,64,524.4,33561.6,2025-07-20T13:09:49.741109
2025-07-20,83175,2025072003021440,ALICL,Dynamic Money Managers Securities Pvt. Ltd.,Trisul Securities & Invt. Ltd.,36,524.0,18864.0,2025-07-20T13:09:49.741281
2025-07-20,82091,2025072003021691,ALICL,Malla & Malla Stock Broking Company Pvt. Limited,Creative Securities Pvt Ltd,100,524.0,52400.0,2025-07-20T13:11:25.297316
2025-07-20,82090,2025072003021692,ALICL,ABC Securities Private Limited,Creative Securities Pvt Ltd,140,524.0,73360.0,2025-07-20T13:11:25.297564
2025-07-20,81241,2025072003021846,ALICL,Neev Securities Pvt. Ltd.,Imperial Securities Company Pvt. Ltd.,5,514.0,2570.0,2025-07-20T13:12:49.043975
2025-07-20,81061,2025072003021905,ALICL,Neev Securities Pvt. Ltd.,Imperial Securities Company Pvt. Ltd.,7,515.0,3605.0,2025-07-20T13:13:02.138402
2025-07-20,80782,2025072003021971,ALICL,SHUBHAKAMANA SECURITIES PVT. LTD,Agrawal Securities (PVT) Ltd.,250,525.0,131250.0,2025-07-20T13:13:25.595172
2025-07-20,80781,2025072003021972,ALICL,SHUBHAKAMANA SECURITIES PVT. LTD,Aryatara Investment & Securities,100,525.0,52500.0,2025-07-20T13:13:25.595507
2025-07-20,80780,2025072003021973,ALICL,SHUBHAKAMANA SECURITIES PVT. LTD,Imperial Securities Company Pvt. Ltd.,190,525.0,99750.0,2025-07-20T13:13:25.595718
2025-07-20,80779,2025072003021974,ALICL,SHUBHAKAMANA SECURITIES PVT. LTD,Imperial Securities Company Pvt. Ltd.,900,525.9,473310.0,2025-07-20T13:13:25.595917
2025-07-20,80778,2025072003021975,ALICL,SHUBHAKAMANA SECURITIES PVT. LTD,Sri Hari Securities Pvt. Ltd.,20,526.0,10520.0,2025-07-20T13:13:25.59613
2025-07-20,80777,2025072003021976,ALICL,SHUBHAKAMANA SECURITIES PVT. LTD,Sri Hari Securities Pvt. Ltd.,20,526.0,10520.0,2025-07-20T13:13:25.596318
2025-07-20,80776,2025072003021977,ALICL,SHUBHAKAMANA SECURITIES PVT. LTD,Sri Hari Securities Pvt. Ltd.,20,526.0,10520.0,2025-07-20T13:13:25.596581
2025-07-20,80775,2025072003021978,ALICL,SHUBHAKAMANA SECURITIES PVT. LTD,South Asian Bulls Pvt. Ltd.,100,526.9,52690.0,2025-07-20T13:13:25.596867
2025-07-20,80774,2025072003021979,ALICL,SHUBHAKAMANA SECURITIES PVT. LTD,Sri Hari Securities Pvt. Ltd.,68,527.0,35836.0,2025-07-20T13:13:25.59715
2025-07-20,80773,2025072003021980,ALICL,SHUBHAKAMANA SECURITIES PVT. LTD,Himalayan Brokerage Company Limited,10,527.0,5270.0,2025-07-20T13:13:25.597437
2025-07-20,80772,2025072003021981,ALICL,SHUBHAKAMANA SECURITIES PVT. LTD,Nepal Stock House (PVT) Ltd.,200,527.0,105400.0,2025-07-20T13:13:25.597709
2025-07-20,80771,2025072003021982,ALICL,SHUBHAKAMANA SECURITIES PVT. LTD,Nepal Stock House (PVT) Ltd.,622,527.0,327794.0,2025-07-20T13:13:25.597984
2025-07-20,80490,2025072003022065,ALICL,Sewa Securities Pvt. Ltd.,ABC Securities Private Limited,200,524.1,104820.0,2025-07-20T13:13:48.744075
2025-07-20,80489,2025072003022066,ALICL,Kohinoor Investment & Securities Pvt. Ltd.,ABC Securities Private Limited,250,524.0,131000.0,2025-07-20T13:13:48.744252
2025-07-20,80131,2025072003022162,ALICL,Imperial Securities Company Pvt. Ltd.,ABC Securities Private Limited,50,524.0,26200.0,2025-07-20T13:14:13.936528
2025-07-20,77498,2025072003022831,ALICL,Sumeru Securities Pvt. Ltd.,Dynamic Money Managers Securities Pvt. Ltd.,50,524.0,26200.0,2025-07-20T13:17:53.459738
2025-07-20,77497,2025072003022832,ALICL,Midas Stock Broking Company Private Limited,Dynamic Money Managers Securities Pvt. Ltd.,130,524.0,68120.0,2025-07-20T13:17:53.459849
2025-07-20,77496,2025072003022833,ALICL,Imperial Securities Company Pvt. Ltd.,Dynamic Money Managers Securities Pvt. Ltd.,200,523.4,104680.0,2025-07-20T13:17:53.459929
2025-07-20,77495,2025072003022834,ALICL,Sumeru Securities Pvt. Ltd.,Dynamic Money Managers Securities Pvt. Ltd.,170,523.3,88961.0,2025-07-20T13:17:53.460004
2025-07-20,76980,2025072003023003,ALICL,Swarna Laxmi Securities Pvt. Ltd.,Dynamic Money Managers Securities Pvt. Ltd.,150,524.1,78615.0,2025-07-20T13:18:46.303632
2025-07-20,76343,2025072003023175,ALICL,Swarna Laxmi Securities Pvt. Ltd.,South Asian Bulls Pvt. Ltd.,50,524.1,26205.0,2025-07-20T13:19:45.183536
2025-07-20,75258,2025072003023397,ALICL,Sumeru Securities Pvt. Ltd.,Dynamic Money Managers Securities Pvt. Ltd.,38,523.3,19885.4,2025-07-20T13:21:31.285347
2025-07-20,75177,2025072003023409,ALICL,Sumeru Securities Pvt. Ltd.,Naasa Securities Co. Ltd.,92,523.3,48143.6,2025-07-20T13:21:36.654253
2025-07-20,75176,2025072003023410,ALICL,J.F. Securites (PVT) Ltd.,Naasa Securities Co. Ltd.,180,523.1,94158.0,2025-07-20T13:21:36.654404
2025-07-20,75175,2025072003023411,ALICL,Kumari Securities Private Limited,Naasa Securities Co. Ltd.,300,523.1,156930.0,2025-07-20T13:21:36.654472
2025-07-20,75174,2025072003023412,ALICL,Dipshikha Dhitopatra Karobar Co. Pvt Ltd.,Naasa Securities Co. Ltd.,550,523.0,287650.0,2025-07-20T13:21:36.654536
2025-07-20,75173,2025072003023413,ALICL,Indira securities pvt. ltd,Naasa Securities Co. Ltd.,678,523.0,354594.0,2025-07-20T13:21:36.654602
2025-07-20,74850,2025072003023500,ALICL,Indira securities pvt. ltd,Kumari Securities Private Limited,322,523.0,168406.0,2025-07-20T13:22:04.347798
2025-07-20,74849,2025072003023501,ALICL,Imperial Securities Company Pvt. Ltd.,Kumari Securities Private Limited,78,523.0,40794.0,2025-07-20T13:22:04.348129
2025-07-20,74743,2025072003023538,ALICL,Imperial Securities Company Pvt. Ltd.,Naasa Securities Co. Ltd.,70,523.0,36610.0,2025-07-20T13:22:16.359066
2025-07-20,74298,2025072003023688,ALICL,Imperial Securities Company Pvt. Ltd.,Naasa Securities Co. Ltd.,10,523.0,5230.0,2025-07-20T13:23:00.190284
2025-07-20,73577,2025072003023830,ALICL,Secured Securities Ltd.,Dynamic Money Managers Securities Pvt. Ltd.,19,525.0,9975.0,2025-07-20T13:24:25.884996
2025-07-20,70233,2025072003024572,ALICL,Linch Stock Market Ltd.,Oxford Securities Pvt. Ltd.,37,524.9,19421.3,2025-07-20T13:30:21.106449
2025-07-20,69681,2025072003024665,ALICL,Online Securities Pvt. Ltd.,Dynamic Money Managers Securities Pvt. Ltd.,81,523.2,42379.2,2025-07-20T13:31:25.548535
2025-07-20,68768,2025072003024827,ALICL,Kohinoor Investment & Securities Pvt. Ltd.,Oxford Securities Pvt. Ltd.,153,524.0,80172.0,2025-07-20T13:33:18.772104
2025-07-20,67580,2025072003025174,ALICL,Sani Securities Company Ltd.,Naasa Securities Co. Ltd.,200,525.0,105000.0,2025-07-20T13:35:55.05473
2025-07-20,67289,2025072003025230,ALICL,Deevyaa Securities & Stock House Pvt. Ltd,Naasa Securities Co. Ltd.,200,525.0,105000.0,2025-07-20T13:36:37.952325
2025-07-20,66074,2025072003025539,ALICL,Sumeru Securities Pvt. Ltd.,Naasa Securities Co. Ltd.,100,525.0,52500.0,2025-07-20T13:39:30.555605
2025-07-20,66073,2025072003025540,ALICL,Sumeru Securities Pvt. Ltd.,Aryatara Investment & Securities,150,525.0,78750.0,2025-07-20T13:39:30.555813
2025-07-20,65242,2025072003025863,ALICL,Online Securities Pvt. Ltd.,Aryatara Investment & Securities,19,526.0,9994.0,2025-07-20T13:41:02.927045
2025-07-20,65046,2025072003025904,ALICL,Sumeru Securities Pvt. Ltd.,Agrawal Securities (PVT) Ltd.,200,525.9,105180.0,2025-07-20T13:41:31.383076
2025-07-20,65045,2025072003025905,ALICL,Sumeru Securities Pvt. Ltd.,Aryatara Investment & Securities,26,526.0,13676.0,2025-07-20T13:41:31.383274
2025-07-20,65044,2025072003025906,ALICL,Sumeru Securities Pvt. Ltd.,Naasa Securities Co. Ltd.,74,526.0,38924.0,2025-07-20T13:41:31.383352
2025-07-20,64612,2025072003026009,ALICL,Sumeru Securities Pvt. Ltd.,Naasa Securities Co. Ltd.,40,526.0,21040.0,2025-07-20T13:42:26.468417
2025-07-20,63814,2025072003026188,ALICL,Primo Securities (PVT) Ltd.,Naasa Securities Co. Ltd.,386,526.0,203036.0,2025-07-20T13:44:03.674898
2025-07-20,63813,2025072003026189,ALICL,Primo Securities (PVT) Ltd.,Trishakti Securities Public Limited,50,526.9,26345.0,2025-07-20T13:44:03.675315
2025-07-20,63812,2025072003026190,ALICL,Primo Securities (PVT) Ltd.,Nepal Stock House (PVT) Ltd.,100,526.9,52690.0,2025-07-20T13:44:03.675707
2025-07-20,63811,2025072003026191,ALICL,Primo Securities (PVT) Ltd.,Nepal Stock House (PVT) Ltd.,313,527.0,164951.0,2025-07-20T13:44:03.676094
2025-07-20,63810,2025072003026192,ALICL,Primo Securities (PVT) Ltd.,Secured Securities Ltd.,10,527.0,5270.0,2025-07-20T13:44:03.676447
2025-07-20,63809,2025072003026193,ALICL,Primo Securities (PVT) Ltd.,Neev Securities Pvt. Ltd.,100,527.0,52700.0,2025-07-20T13:44:03.676773
2025-07-20,63808,2025072003026194,ALICL,Primo Securities (PVT) Ltd.,Malla & Malla Stock Broking Company Pvt. Limited,100,527.0,52700.0,2025-07-20T13:44:03.677092
2025-07-20,63807,2025072003026195,ALICL,Primo Securities (PVT) Ltd.,Sani Securities Company Ltd.,117,527.0,61659.0,2025-07-20T13:44:03.677404
2025-07-20,63806,2025072003026196,ALICL,Primo Securities (PVT) Ltd.,Agrawal Securities (PVT) Ltd.,1824,527.0,961248.0,2025-07-20T13:44:03.677708
2025-07-20,62879,2025072003026425,ALICL,Imperial Securities Company Pvt. Ltd.,Agrawal Securities (PVT) Ltd.,176,527.0,92752.0,2025-07-20T13:45:49.400548
2025-07-20,62701,2025072003026496,ALICL,Imperial Securities Company Pvt. Ltd.,Online Securities Pvt. Ltd.,71,527.0,37417.0,2025-07-20T13:46:10.217508
2025-07-20,62286,2025072003026574,ALICL,Imperial Securities Company Pvt. Ltd.,Nepal Investment And Securities Trading Private Limited,45,527.7,23746.5,2025-07-20T13:46:59.71604
2025-07-20,61800,2025072003026738,ALICL,Linch Stock Market Ltd.,Aryatara Investment & Securities,340,527.0,179180.0,2025-07-20T13:48:00.678936
2025-07-20,61749,2025072003026760,ALICL,Vision Securities Pvt. Ltd,Aryatara Investment & Securities,45,527.0,23715.0,2025-07-20T13:48:09.60989
2025-07-20,60536,2025072003027116,ALICL,Vision Securities Pvt. Ltd,Indira securities pvt. ltd,82,526.0,43132.0,2025-07-20T13:50:27.887977
2025-07-20,60535,2025072003027117,ALICL,Naasa Securities Co. Ltd.,Indira securities pvt. ltd,18,526.0,9468.0,2025-07-20T13:50:27.888153
2025-07-20,59727,2025072003027267,ALICL,Naasa Securities Co. Ltd.,Deevyaa Securities & Stock House Pvt. Ltd,99,526.0,52074.0,2025-07-20T13:52:00.794584
2025-07-20,59726,2025072003027268,ALICL,Capital Max Securities Ltd,Deevyaa Securities & Stock House Pvt. Ltd,101,526.0,53126.0,2025-07-20T13:52:00.794976
2025-07-20,58935,2025072003027407,ALICL,Nepal Investment And Securities Trading Private Limited,Sundhara Securities Limited,10,526.4,5264.0,2025-07-20T13:53:11.582109
2025-07-20,58912,2025072003027408,ALICL,Capital Max Securities Ltd,Cristal Kanchanjanga Securites Pvt. Ltd.,49,526.0,25774.0,2025-07-20T13:53:13.363719
2025-07-20,58777,2025072003027444,ALICL,Online Securities Pvt. Ltd.,Linch Stock Market Ltd.,50,525.0,26250.0,2025-07-20T13:53:30.172701
2025-07-20,58204,2025072003027596,ALICL,Sharepro Securities Private Limited,Naasa Securities Co. Ltd.,500,524.1,262050.0,2025-07-20T13:54:37.415177
2025-07-20,57380,2025072003027810,ALICL,Sewa Securities Pvt. Ltd.,Naasa Securities Co. Ltd.,100,524.1,52410.0,2025-07-20T13:56:13.35659
2025-07-20,57172,2025072003027863,ALICL,Kohinoor Investment & Securities Pvt. Ltd.,Sani Securities Company Ltd.,12,524.0,6288.0,2025-07-20T13:56:39.19544
2025-07-20,56786,2025072003027933,ALICL,Kohinoor Investment & Securities Pvt. Ltd.,MILKY WAY SHARE BROKER COMPANY LTD ,31,524.0,16244.0,2025-07-20T13:57:07.820122
2025-07-20,56785,2025072003027934,ALICL,Primo Securities (PVT) Ltd.,MILKY WAY SHARE BROKER COMPANY LTD ,800,524.0,419200.0,2025-07-20T13:57:07.820339
2025-07-20,56784,2025072003027935,ALICL,Capital Max Securities Ltd,MILKY WAY SHARE BROKER COMPANY LTD ,10,524.0,5240.0,2025-07-20T13:57:07.820417
2025-07-20,56670,2025072003027955,ALICL,SHUBHAKAMANA SECURITIES PVT. LTD,MILKY WAY SHARE BROKER COMPANY LTD ,159,524.0,83316.0,2025-07-20T13:57:16.516672
2025-07-20,56669,2025072003027956,ALICL,SHUBHAKAMANA SECURITIES PVT. LTD,Naasa Securities Co. Ltd.,60,524.1,31446.0,2025-07-20T13:57:16.516885
2025-07-20,56255,2025072003028026,ALICL,SHUBHAKAMANA SECURITIES PVT. LTD,Sundhara Securities Limited,528,525.0,277200.0,2025-07-20T13:57:55.808922
2025-07-20,55834,2025072003028098,ALICL,SHUBHAKAMANA SECURITIES PVT. LTD,Ashutosh Brokerage & Securities (PVT) Ltd.,1500,525.0,787500.0,2025-07-20T13:58:38.500366
2025-07-20,55182,2025072003028260,ALICL,Imperial Securities Company Pvt. Ltd.,Cristal Kanchanjanga Securites Pvt. Ltd.,451,526.0,237226.0,2025-07-20T13:59:59.780161
2025-07-20,54535,2025072003028381,ALICL,SHUBHAKAMANA SECURITIES PVT. LTD,Kumari Securities Private Limited,253,525.0,132825.0,2025-07-20T14:01:17.733678
2025-07-20,54379,2025072003028398,ALICL,Midas Stock Broking Company Private Limited,Kumari Securities Private Limited,10,525.0,5250.0,2025-07-20T14:01:32.561968
2025-07-20,53993,2025072003028462,ALICL,Linch Stock Market Ltd.,Kumari Securities Private Limited,100,525.0,52500.0,2025-07-20T14:02:18.81099
2025-07-20,52192,2025072003028812,ALICL,Vision Securities Pvt. Ltd,Kumari Securities Private Limited,30,525.0,15750.0,2025-07-20T14:05:12.912496
2025-07-20,49873,2025072003029325,ALICL,Opal Securities Investment (PVT) Ltd.,Kumari Securities Private Limited,107,525.0,56175.0,2025-07-20T14:08:47.222247
2025-07-20,49872,2025072003029326,ALICL,Opal Securities Investment (PVT) Ltd.,Kohinoor Investment & Securities Pvt. Ltd.,393,525.0,206325.0,2025-07-20T14:08:47.222563
2025-07-20,49859,2025072003029328,ALICL,Neev Securities Pvt. Ltd.,Trishakti Securities Public Limited,100,523.8,52380.0,2025-07-20T14:08:48.16477
2025-07-20,49858,2025072003029329,ALICL,K.B.L. Securities Limited ,Trishakti Securities Public Limited,200,523.7,104740.0,2025-07-20T14:08:48.165145
2025-07-20,49442,2025072003029482,ALICL,Opal Securities Investment (PVT) Ltd.,Bhrikuti Stock Broking Co. Pvt. Ltd.,100,525.0,52500.0,2025-07-20T14:09:24.477506
2025-07-20,49441,2025072003029483,ALICL,Opal Securities Investment (PVT) Ltd.,Primo Securities (PVT) Ltd.,400,525.5,210200.0,2025-07-20T14:09:24.477748
2025-07-20,48132,2025072003029818,ALICL,Imperial Securities Company Pvt. Ltd.,Imperial Securities Company Pvt. Ltd.,500,525.0,262500.0,2025-07-20T14:11:25.641443
2025-07-20,47213,2025072003029988,ALICL,K.B.L. Securities Limited ,Imperial Securities Company Pvt. Ltd.,100,523.7,52370.0,2025-07-20T14:12:42.776766
2025-07-20,47212,2025072003029989,ALICL,ABC Securities Private Limited,Imperial Securities Company Pvt. Ltd.,500,523.6,261800.0,2025-07-20T14:12:42.777127
2025-07-20,47211,2025072003029990,ALICL,Primo Securities (PVT) Ltd.,Imperial Securities Company Pvt. Ltd.,500,523.5,261750.0,2025-07-20T14:12:42.777352
2025-07-20,47210,2025072003029991,ALICL,Vision Securities Pvt. Ltd,Imperial Securities Company Pvt. Ltd.,59,523.5,30886.5,2025-07-20T14:12:42.777577
2025-07-20,47209,2025072003029992,ALICL,Linch Stock Market Ltd.,Imperial Securities Company Pvt. Ltd.,100,523.2,52320.0,2025-07-20T14:12:42.7778
2025-07-20,47208,2025072003029993,ALICL,Vision Securities Pvt. Ltd,Imperial Securities Company Pvt. Ltd.,50,523.2,26160.0,2025-07-20T14:12:42.778037
2025-07-20,47207,2025072003029994,ALICL,Sumeru Securities Pvt. Ltd.,Imperial Securities Company Pvt. Ltd.,200,523.1,104620.0,2025-07-20T14:12:42.778244
2025-07-20,47206,2025072003029995,ALICL,Naasa Securities Co. Ltd.,Imperial Securities Company Pvt. Ltd.,200,523.0,104600.0,2025-07-20T14:12:42.778438
2025-07-20,47205,2025072003029996,ALICL,Vision Securities Pvt. Ltd,Imperial Securities Company Pvt. Ltd.,10,523.0,5230.0,2025-07-20T14:12:42.778634
2025-07-20,47204,2025072003029997,ALICL,Online Securities Pvt. Ltd.,Imperial Securities Company Pvt. Ltd.,137,523.0,71651.0,2025-07-20T14:12:42.778834
2025-07-20,47203,2025072003029998,ALICL,Vision Securities Pvt. Ltd,Imperial Securities Company Pvt. Ltd.,20,523.0,10460.0,2025-07-20T14:12:42.779063
2025-07-20,47202,2025072003029999,ALICL,Imperial Securities Company Pvt. Ltd.,Imperial Securities Company Pvt. Ltd.,10,523.0,5230.0,2025-07-20T14:12:42.779265
2025-07-20,46797,2025072003030092,ALICL,ABC Securities Private Limited,Imperial Securities Company Pvt. Ltd.,500,523.0,261500.0,2025-07-20T14:13:28.50499
2025-07-20,46284,2025072003030187,ALICL,Sumeru Securities Pvt. Ltd.,Imperial Securities Company Pvt. Ltd.,500,523.0,261500.0,2025-07-20T14:14:09.977657
2025-07-20,45726,2025072003030299,ALICL,ABC Securities Private Limited,Imperial Securities Company Pvt. Ltd.,500,522.1,261050.0,2025-07-20T14:14:55.959391
2025-07-20,45472,2025072003030354,ALICL,Sewa Securities Pvt. Ltd.,Primo Securities (PVT) Ltd.,100,522.0,52200.0,2025-07-20T14:15:23.318159
2025-07-20,45353,2025072003030388,ALICL,Sewa Securities Pvt. Ltd.,Sani Securities Company Ltd.,900,522.0,469800.0,2025-07-20T14:15:36.198059
2025-07-20,45352,2025072003030389,ALICL,Sani Securities Company Ltd.,Sani Securities Company Ltd.,200,522.0,104400.0,2025-07-20T14:15:36.198427
2025-07-20,45351,2025072003030390,ALICL,Opal Securities Investment (PVT) Ltd.,Sani Securities Company Ltd.,100,522.0,52200.0,2025-07-20T14:15:36.198623
2025-07-20,44972,2025072003030487,ALICL,South Asian Bulls Pvt. Ltd.,Imperial Securities Company Pvt. Ltd.,115,523.0,60145.0,2025-07-20T14:16:17.266996
2025-07-20,44971,2025072003030488,ALICL,South Asian Bulls Pvt. Ltd.,Naasa Securities Co. Ltd.,200,523.0,104600.0,2025-07-20T14:16:17.267205
2025-07-20,44087,2025072003030715,ALICL,Linch Stock Market Ltd.,Nepal Stock House (PVT) Ltd.,83,525.0,43575.0,2025-07-20T14:18:05.348074
2025-07-20,43821,2025072003030760,ALICL,South Asian Bulls Pvt. Ltd.,Nepal Stock House (PVT) Ltd.,217,525.0,113925.0,2025-07-20T14:18:37.861143
2025-07-20,43820,2025072003030761,ALICL,South Asian Bulls Pvt. Ltd.,Bhrikuti Stock Broking Co. Pvt. Ltd.,50,525.0,26250.0,2025-07-20T14:18:37.861481
2025-07-20,40695,2025072003031488,ALICL,Trishakti Securities Public Limited,Deevyaa Securities & Stock House Pvt. Ltd,50,525.2,26260.0,2025-07-20T14:24:21.772903
2025-07-20,40006,2025072003031636,ALICL,Opal Securities Investment (PVT) Ltd.,Linch Stock Market Ltd.,55,525.5,28902.5,2025-07-20T14:25:26.690344
2025-07-20,39840,2025072003031657,ALICL,Thrive Brokerage House Pvt. Ltd,Linch Stock Market Ltd.,10,525.2,5252.0,2025-07-20T14:25:36.666055
2025-07-20,39118,2025072003031888,ALICL,Opal Securities Investment (PVT) Ltd.,Linch Stock Market Ltd.,200,525.2,105040.0,2025-07-20T14:26:35.298927
2025-07-20,37950,2025072003032226,ALICL,South Asian Bulls Pvt. Ltd.,Imperial Securities Company Pvt. Ltd.,50,525.0,26250.0,2025-07-20T14:27:40.300689
2025-07-20,37196,2025072003032337,ALICL,SHUBHAKAMANA SECURITIES PVT. LTD,Linch Stock Market Ltd.,135,525.2,70902.0,2025-07-20T14:28:41.56486
2025-07-20,37195,2025072003032338,ALICL,SHUBHAKAMANA SECURITIES PVT. LTD,Linch Stock Market Ltd.,60,526.8,31608.0,2025-07-20T14:28:41.565294
2025-07-20,37194,2025072003032339,ALICL,SHUBHAKAMANA SECURITIES PVT. LTD,Shree Krishna Securities Ltd.,295,526.9,155435.5,2025-07-20T14:28:41.565653
2025-07-20,37193,2025072003032340,ALICL,SHUBHAKAMANA SECURITIES PVT. LTD,Aryatara Investment & Securities,115,527.0,60605.0,2025-07-20T14:28:41.565964
2025-07-20,37192,2025072003032341,ALICL,SHUBHAKAMANA SECURITIES PVT. LTD,Online Securities Pvt. Ltd.,46,527.0,24242.0,2025-07-20T14:28:41.566311
2025-07-20,37191,2025072003032342,ALICL,SHUBHAKAMANA SECURITIES PVT. LTD,Online Securities Pvt. Ltd.,1001,527.0,527527.0,2025-07-20T14:28:41.56664
2025-07-20,37190,2025072003032343,ALICL,SHUBHAKAMANA SECURITIES PVT. LTD,Nepal Investment And Securities Trading Private Limited,155,527.7,81793.5,2025-07-20T14:28:41.566939
2025-07-20,37189,2025072003032344,ALICL,SHUBHAKAMANA SECURITIES PVT. LTD,Online Securities Pvt. Ltd.,500,527.9,263950.0,2025-07-20T14:28:41.567243
2025-07-20,37188,2025072003032345,ALICL,SHUBHAKAMANA SECURITIES PVT. LTD,Aryatara Investment & Securities,45,528.0,23760.0,2025-07-20T14:28:41.567573
2025-07-20,37187,2025072003032346,ALICL,SHUBHAKAMANA SECURITIES PVT. LTD,Naasa Securities Co. Ltd.,148,528.0,78144.0,2025-07-20T14:28:41.567896
2025-07-20,35382,2025072003032809,ALICL,Dynamic Money Managers Securities Pvt. Ltd.,Dipshikha Dhitopatra Karobar Co. Pvt Ltd.,75000,525.1,39382500.0,2025-07-20T14:30:54.162304
2025-07-20,34295,2025072003033038,ALICL,South Asian Bulls Pvt. Ltd.,Market Securities & Exchange (PVT) Ltd.,33,525.0,17325.0,2025-07-20T14:32:03.45665
2025-07-20,34294,2025072003033039,ALICL,Kalika Securities Pvt. Ltd.,Market Securities & Exchange (PVT) Ltd.,150,525.0,78750.0,2025-07-20T14:32:03.456985
2025-07-20,34293,2025072003033040,ALICL,South Asian Bulls Pvt. Ltd.,Market Securities & Exchange (PVT) Ltd.,50,525.0,26250.0,2025-07-20T14:32:03.457221
2025-07-20,34292,2025072003033041,ALICL,Dynamic Money Managers Securities Pvt. Ltd.,Market Securities & Exchange (PVT) Ltd.,17,525.0,8925.0,2025-07-20T14:32:03.457426
2025-07-20,33999,2025072003033121,ALICL,Dynamic Money Managers Securities Pvt. Ltd.,Oxford Securities Pvt. Ltd.,83,525.0,43575.0,2025-07-20T14:32:19.944526
2025-07-20,33998,2025072003033122,ALICL,Opal Securities Investment (PVT) Ltd.,Oxford Securities Pvt. Ltd.,117,525.0,61425.0,2025-07-20T14:32:19.944758
2025-07-20,33843,2025072003033153,ALICL,Opal Securities Investment (PVT) Ltd.,Kumari Securities Private Limited,35,525.0,18375.0,2025-07-20T14:32:32.93309
2025-07-20,33631,2025072003033220,ALICL,Opal Securities Investment (PVT) Ltd.,Online Securities Pvt. Ltd.,48,525.0,25200.0,2025-07-20T14:32:46.652649
2025-07-20,33630,2025072003033221,ALICL,Sani Securities Company Ltd.,Online Securities Pvt. Ltd.,15,525.0,7875.0,2025-07-20T14:32:46.652844
2025-07-20,33629,2025072003033222,ALICL,Primo Securities (PVT) Ltd.,Online Securities Pvt. Ltd.,37,525.0,19425.0,2025-07-20T14:32:46.652915
2025-07-20,33500,2025072003033234,ALICL,Primo Securities (PVT) Ltd.,Investment Management Nepal Pvt. Ltd.,23,525.0,12075.0,2025-07-20T14:32:51.244743
2025-07-20,33101,2025072003033369,ALICL,ABC Securities Private Limited,Sani Securities Company Ltd.,500,524.2,262100.0,2025-07-20T14:33:16.719683
2025-07-20,33100,2025072003033370,ALICL,Primo Securities (PVT) Ltd.,Sani Securities Company Ltd.,1150,524.1,602715.0,2025-07-20T14:33:16.719894
2025-07-20,32457,2025072003033490,ALICL,Kumari Securities Private Limited,Imperial Securities Company Pvt. Ltd.,170,524.2,89114.0,2025-07-20T14:34:03.836256
2025-07-20,32325,2025072003033527,ALICL,Kumari Securities Private Limited,Malla & Malla Stock Broking Company Pvt. Limited,100,524.2,52420.0,2025-07-20T14:34:16.17427
2025-07-20,32306,2025072003033531,ALICL,Kumari Securities Private Limited,SHUBHAKAMANA SECURITIES PVT. LTD,130,524.2,68146.0,2025-07-20T14:34:18.041991
2025-07-20,32305,2025072003033532,ALICL,Primo Securities (PVT) Ltd.,SHUBHAKAMANA SECURITIES PVT. LTD,93,524.1,48741.3,2025-07-20T14:34:18.042224
2025-07-20,31728,2025072003033670,ALICL,Premier Securities Company Ltd.,Investment Management Nepal Pvt. Ltd.,77,525.0,40425.0,2025-07-20T14:34:58.574181
2025-07-20,31552,2025072003033728,ALICL,Premier Securities Company Ltd.,Kumari Securities Private Limited,23,525.0,12075.0,2025-07-20T14:35:11.822912
2025-07-20,31096,2025072003033835,ALICL,Primo Securities (PVT) Ltd.,Kumari Securities Private Limited,400,524.1,209640.0,2025-07-20T14:35:39.415683
2025-07-20,30496,2025072003033968,ALICL,Primo Securities (PVT) Ltd.,SUN SECURITIES PVT LTD,1457,524.1,763613.7,2025-07-20T14:36:17.206985
2025-07-20,30495,2025072003033969,ALICL,SHUBHAKAMANA SECURITIES PVT. LTD,SUN SECURITIES PVT LTD,2043,524.0,1070532.0,2025-07-20T14:36:17.207232
2025-07-20,28609,2025072003034448,ALICL,SHUBHAKAMANA SECURITIES PVT. LTD,Linch Stock Market Ltd.,50,524.0,26200.0,2025-07-20T14:38:17.475232
2025-07-20,28222,2025072003034525,ALICL,SHUBHAKAMANA SECURITIES PVT. LTD,MILKY WAY SHARE BROKER COMPANY LTD ,407,524.0,213268.0,2025-07-20T14:38:45.081808
2025-07-20,28221,2025072003034526,ALICL,Opal Securities Investment (PVT) Ltd.,MILKY WAY SHARE BROKER COMPANY LTD ,54,523.0,28242.0,2025-07-20T14:38:45.082049
2025-07-20,28220,2025072003034527,ALICL,Sweta Securities Private Limited,MILKY WAY SHARE BROKER COMPANY LTD ,500,523.0,261500.0,2025-07-20T14:38:45.082128
2025-07-20,28219,2025072003034528,ALICL,Bhrikuti Stock Broking Co. Pvt. Ltd.,MILKY WAY SHARE BROKER COMPANY LTD ,50,522.5,26125.0,2025-07-20T14:38:45.082201
2025-07-20,28218,2025072003034529,ALICL,Kohinoor Investment & Securities Pvt. Ltd.,MILKY WAY SHARE BROKER COMPANY LTD ,20,522.1,10442.0,2025-07-20T14:38:45.08227
2025-07-20,28217,2025072003034530,ALICL,SHUBHAKAMANA SECURITIES PVT. LTD,MILKY WAY SHARE BROKER COMPANY LTD ,469,522.0,244818.0,2025-07-20T14:38:45.082351
2025-07-20,27346,2025072003034709,ALICL,SHUBHAKAMANA SECURITIES PVT. LTD,Thrive Brokerage House Pvt. Ltd,31,522.0,16182.0,2025-07-20T14:39:36.993919
2025-07-20,26245,2025072003034956,ALICL,Naasa Securities Co. Ltd.,Sani Securities Company Ltd.,10,521.2,5212.0,2025-07-20T14:40:37.600729
2025-07-20,25721,2025072003035088,ALICL,K.B.L. Securities Limited ,Oxford Securities Pvt. Ltd.,180,521.9,93942.0,2025-07-20T14:41:05.695054
2025-07-20,25720,2025072003035089,ALICL,K.B.L. Securities Limited ,Thrive Brokerage House Pvt. Ltd,65,522.0,33930.0,2025-07-20T14:41:05.695297
2025-07-20,25719,2025072003035090,ALICL,K.B.L. Securities Limited ,Asian Securities Private Ltd.,190,522.0,99180.0,2025-07-20T14:41:05.695368
2025-07-20,25718,2025072003035091,ALICL,K.B.L. Securities Limited ,Dakshinkali Investment & Securities Pvt. Ltd.,30,522.0,15660.0,2025-07-20T14:41:05.695438
2025-07-20,25458,2025072003035138,ALICL,Deevyaa Securities & Stock House Pvt. Ltd,ABC Securities Private Limited,200,524.0,104800.0,2025-07-20T14:41:25.39448
2025-07-20,25457,2025072003035139,ALICL,Deevyaa Securities & Stock House Pvt. Ltd,Kumari Securities Private Limited,77,525.0,40425.0,2025-07-20T14:41:25.394851
2025-07-20,25456,2025072003035140,ALICL,Deevyaa Securities & Stock House Pvt. Ltd,Naasa Securities Co. Ltd.,73,525.0,38325.0,2025-07-20T14:41:25.395093
2025-07-20,22616,2025072003035847,ALICL,Trishakti Securities Public Limited,Naasa Securities Co. Ltd.,10,525.0,5250.0,2025-07-20T14:44:05.958176
2025-07-20,22380,2025072003035899,ALICL,Deevyaa Securities & Stock House Pvt. Ltd,Naasa Securities Co. Ltd.,17,525.0,8925.0,2025-07-20T14:44:19.566523
2025-07-20,20877,2025072003036313,ALICL,K.B.L. Securities Limited ,Aryatara Investment & Securities,35,522.0,18270.0,2025-07-20T14:45:44.790836
2025-07-20,20876,2025072003036314,ALICL,Trisul Securities & Invt. Ltd.,Aryatara Investment & Securities,465,522.0,242730.0,2025-07-20T14:45:44.791034
2025-07-20,20575,2025072003036369,ALICL,Trisul Securities & Invt. Ltd.,Secured Securities Ltd.,35,522.0,18270.0,2025-07-20T14:45:58.047695
2025-07-20,18771,2025072003036758,ALICL,Aryatara Investment & Securities,Secured Securities Ltd.,65,522.0,33930.0,2025-07-20T14:47:30.673092
2025-07-20,18099,2025072003036931,ALICL,Ashutosh Brokerage & Securities (PVT) Ltd.,ABC Securities Private Limited,15,524.0,7860.0,2025-07-20T14:48:04.013397
2025-07-20,17913,2025072003036972,ALICL,Aryatara Investment & Securities,Aryatara Investment & Securities,35,523.0,18305.0,2025-07-20T14:48:14.821991
2025-07-20,17322,2025072003037119,ALICL,Thrive Brokerage House Pvt. Ltd,Vision Securities Pvt. Ltd,48,521.5,25032.0,2025-07-20T14:48:42.327597
2025-07-20,17321,2025072003037120,ALICL,Naasa Securities Co. Ltd.,Vision Securities Pvt. Ltd,80,521.2,41696.0,2025-07-20T14:48:42.327784
2025-07-20,17320,2025072003037121,ALICL,Naasa Securities Co. Ltd.,Vision Securities Pvt. Ltd,95,521.0,49495.0,2025-07-20T14:48:42.327861
2025-07-20,17319,2025072003037122,ALICL,Kohinoor Investment & Securities Pvt. Ltd.,Vision Securities Pvt. Ltd,250,521.0,130250.0,2025-07-20T14:48:42.327934
2025-07-20,17318,2025072003037123,ALICL,ABC Securities Private Limited,Vision Securities Pvt. Ltd,500,520.7,260350.0,2025-07-20T14:48:42.328004
2025-07-20,17317,2025072003037124,ALICL,Dynamic Money Managers Securities Pvt. Ltd.,Vision Securities Pvt. Ltd,700,520.3,364210.0,2025-07-20T14:48:42.328085
2025-07-20,17316,2025072003037125,ALICL,Naasa Securities Co. Ltd.,Vision Securities Pvt. Ltd,327,520.1,170072.7,2025-07-20T14:48:42.328157
2025-07-20,16430,2025072003037351,ALICL,Pragyan Securities (PVT) Ltd.,Naasa Securities Co. Ltd.,38,520.0,19760.0,2025-07-20T14:49:26.239677
2025-07-20,16429,2025072003037352,ALICL,Aryatara Investment & Securities,Naasa Securities Co. Ltd.,50,520.0,26000.0,2025-07-20T14:49:26.239852
2025-07-20,16428,2025072003037353,ALICL,Agrawal Securities (PVT) Ltd.,Naasa Securities Co. Ltd.,16,520.0,8320.0,2025-07-20T14:49:26.239928
2025-07-20,16195,2025072003037402,ALICL,Agrawal Securities (PVT) Ltd.,Investment Management Nepal Pvt. Ltd.,100,520.0,52000.0,2025-07-20T14:49:37.763793
2025-07-20,15876,2025072003037509,ALICL,Agrawal Securities (PVT) Ltd.,Vision Securities Pvt. Ltd,100,520.0,52000.0,2025-07-20T14:49:51.13252
2025-07-20,15739,2025072003037536,ALICL,Agrawal Securities (PVT) Ltd.,ABC Securities Private Limited,284,520.0,147680.0,2025-07-20T14:49:57.589942
2025-07-20,15738,2025072003037537,ALICL,Midas Stock Broking Company Private Limited,ABC Securities Private Limited,200,520.0,104000.0,2025-07-20T14:49:57.590131
2025-07-20,15210,2025072003037672,ALICL,Kumari Securities Private Limited,Cristal Kanchanjanga Securites Pvt. Ltd.,500,520.0,260000.0,2025-07-20T14:50:21.298223
2025-07-20,15209,2025072003037673,ALICL,Opal Securities Investment (PVT) Ltd.,Cristal Kanchanjanga Securites Pvt. Ltd.,200,520.0,104000.0,2025-07-20T14:50:21.298402
2025-07-20,15208,2025072003037674,ALICL,Linch Stock Market Ltd.,Cristal Kanchanjanga Securites Pvt. Ltd.,10,520.0,5200.0,2025-07-20T14:50:21.298474
2025-07-20,15207,2025072003037675,ALICL,Vision Securities Pvt. Ltd,Cristal Kanchanjanga Securites Pvt. Ltd.,50,520.0,26000.0,2025-07-20T14:50:21.298548
2025-07-20,15206,2025072003037676,ALICL,Aryatara Investment & Securities,Cristal Kanchanjanga Securites Pvt. Ltd.,50,520.0,26000.0,2025-07-20T14:50:21.29862
2025-07-20,15205,2025072003037677,ALICL,Aryatara Investment & Securities,Cristal Kanchanjanga Securites Pvt. Ltd.,500,520.0,260000.0,2025-07-20T14:50:21.298689
2025-07-20,15204,2025072003037678,ALICL,Investment Management Nepal Pvt. Ltd.,Cristal Kanchanjanga Securites Pvt. Ltd.,20,520.0,10400.0,2025-07-20T14:50:21.298758
2025-07-20,15203,2025072003037679,ALICL,Primo Securities (PVT) Ltd.,Cristal Kanchanjanga Securites Pvt. Ltd.,100,520.0,52000.0,2025-07-20T14:50:21.298829
2025-07-20,15202,2025072003037680,ALICL,Aryatara Investment & Securities,Cristal Kanchanjanga Securites Pvt. Ltd.,100,520.0,52000.0,2025-07-20T14:50:21.298899
2025-07-20,15107,2025072003037710,ALICL,Sani Securities Company Ltd.,Dipshikha Dhitopatra Karobar Co. Pvt Ltd.,500,519.0,259500.0,2025-07-20T14:50:26.861759
2025-07-20,14788,2025072003037776,ALICL,Sani Securities Company Ltd.,ABC Securities Private Limited,201,518.0,104118.0,2025-07-20T14:50:43.59931
2025-07-20,13693,2025072003038026,ALICL,K.B.L. Securities Limited ,Bhrikuti Stock Broking Co. Pvt. Ltd.,125,518.1,64762.5,2025-07-20T14:51:36.702325
2025-07-20,9896,2025072003038916,ALICL,Nepal Stock House (PVT) Ltd.,Vision Securities Pvt. Ltd,10,518.2,5182.0,2025-07-20T14:54:29.442675
2025-07-20,9895,2025072003038917,ALICL,Dynamic Money Managers Securities Pvt. Ltd.,Vision Securities Pvt. Ltd,50,518.2,25910.0,2025-07-20T14:54:29.442872
2025-07-20,9033,2025072003039151,ALICL,Market Securities & Exchange (PVT) Ltd.,Naasa Securities Co. Ltd.,10,519.0,5190.0,2025-07-20T14:55:05.688035
2025-07-20,8412,2025072003039284,ALICL,J.F. Securites (PVT) Ltd.,Deevyaa Securities & Stock House Pvt. Ltd,100,518.3,51830.0,2025-07-20T14:55:34.981155
2025-07-20,8411,2025072003039285,ALICL,Dynamic Money Managers Securities Pvt. Ltd.,Deevyaa Securities & Stock House Pvt. Ltd,450,518.2,233190.0,2025-07-20T14:55:34.981334
2025-07-20,8410,2025072003039286,ALICL,K.B.L. Securities Limited ,Deevyaa Securities & Stock House Pvt. Ltd,375,518.1,194287.5,2025-07-20T14:55:34.98141
2025-07-20,8409,2025072003039287,ALICL,Shree Krishna Securities Ltd.,Deevyaa Securities & Stock House Pvt. Ltd,55,518.0,28490.0,2025-07-20T14:55:34.981483
2025-07-20,8408,2025072003039288,ALICL,Sewa Securities Pvt. Ltd.,Deevyaa Securities & Stock House Pvt. Ltd,20,518.0,10360.0,2025-07-20T14:55:34.981563
2025-07-20,8327,2025072003039309,ALICL,Kalika Securities Pvt. Ltd.,Naasa Securities Co. Ltd.,90,519.0,46710.0,2025-07-20T14:55:38.742857
2025-07-20,8261,2025072003039326,ALICL,Sewa Securities Pvt. Ltd.,Dakshinkali Investment & Securities Pvt. Ltd.,700,518.0,362600.0,2025-07-20T14:55:42.548651
2025-07-20,8175,2025072003039350,ALICL,Sewa Securities Pvt. Ltd.,Creative Securities Pvt Ltd,280,518.0,145040.0,2025-07-20T14:55:44.74181
2025-07-20,8174,2025072003039351,ALICL,Opal Securities Investment (PVT) Ltd.,Creative Securities Pvt Ltd,200,518.0,103600.0,2025-07-20T14:55:44.741968
2025-07-20,7348,2025072003039445,ALICL,Kalika Securities Pvt. Ltd.,Creative Securities Pvt Ltd,20,518.0,10360.0,2025-07-20T14:56:20.598495
2025-07-20,6934,2025072003039569,ALICL,Agrawal Securities (PVT) Ltd.,Kumari Securities Private Limited,40,517.0,20680.0,2025-07-20T14:56:36.576115
2025-07-20,6933,2025072003039570,ALICL,Naasa Securities Co. Ltd.,Kumari Securities Private Limited,10,517.0,5170.0,2025-07-20T14:56:36.576278
2025-07-20,6932,2025072003039571,ALICL,Dynamic Money Managers Securities Pvt. Ltd.,Kumari Securities Private Limited,100,517.0,51700.0,2025-07-20T14:56:36.576349
2025-07-20,6931,2025072003039572,ALICL,Himalayan Brokerage Company Limited,Kumari Securities Private Limited,150,517.0,77550.0,2025-07-20T14:56:36.576415
2025-07-20,6879,2025072003039583,ALICL,Himalayan Brokerage Company Limited,Oxford Securities Pvt. Ltd.,200,517.0,103400.0,2025-07-20T14:56:38.284814
2025-07-20,6741,2025072003039608,ALICL,Primo Securities (PVT) Ltd.,Vision Securities Pvt. Ltd,500,517.0,258500.0,2025-07-20T14:56:43.093688
2025-07-20,6740,2025072003039609,ALICL,Vision Securities Pvt. Ltd,Vision Securities Pvt. Ltd,1000,517.0,517000.0,2025-07-20T14:56:43.093871
2025-07-20,6627,2025072003039630,ALICL,J.F. Securites (PVT) Ltd.,Vision Securities Pvt. Ltd,100,517.0,51700.0,2025-07-20T14:56:46.088815
2025-07-20,6089,2025072003039737,ALICL,Trisul Securities & Invt. Ltd.,Sri Hari Securities Pvt. Ltd.,800,516.0,412800.0,2025-07-20T14:57:05.088441
2025-07-20,5707,2025072003039837,ALICL,Premier Securities Company Ltd.,Vision Securities Pvt. Ltd,400,517.0,206800.0,2025-07-20T14:57:20.767209
2025-07-20,5062,2025072003040000,ALICL,Premier Securities Company Ltd.,Vision Securities Pvt. Ltd,600,517.0,310200.0,2025-07-20T14:57:47.142859
2025-07-20,5061,2025072003040001,ALICL,Sewa Securities Pvt. Ltd.,Vision Securities Pvt. Ltd,60,517.0,31020.0,2025-07-20T14:57:47.143006
2025-07-20,5060,2025072003040002,ALICL,Imperial Securities Company Pvt. Ltd.,Vision Securities Pvt. Ltd,400,517.0,206800.0,2025-07-20T14:57:47.143082
2025-07-20,5059,2025072003040003,ALICL,Trisul Securities & Invt. Ltd.,Vision Securities Pvt. Ltd,200,516.0,103200.0,2025-07-20T14:57:47.143151
2025-07-20,5058,2025072003040004,ALICL,Investment Management Nepal Pvt. Ltd.,Vision Securities Pvt. Ltd,25,516.0,12900.0,2025-07-20T14:57:47.14322
2025-07-20,5057,2025072003040005,ALICL,Bhrikuti Stock Broking Co. Pvt. Ltd.,Vision Securities Pvt. Ltd,250,515.0,128750.0,2025-07-20T14:57:47.143288
2025-07-20,5056,2025072003040006,ALICL,Primo Securities (PVT) Ltd.,Vision Securities Pvt. Ltd,200,515.0,103000.0,2025-07-20T14:57:47.143356
2025-07-20,5055,2025072003040007,ALICL,Sundhara Securities Limited,Vision Securities Pvt. Ltd,100,515.0,51500.0,2025-07-20T14:57:47.143422
2025-07-20,5054,2025072003040008,ALICL,Kumari Securities Private Limited,Vision Securities Pvt. Ltd,100,515.0,51500.0,2025-07-20T14:57:47.143495
2025-07-20,5053,2025072003040009,ALICL,Opal Securities Investment (PVT) Ltd.,Vision Securities Pvt. Ltd,65,515.0,33475.0,2025-07-20T14:57:47.14356
2025-07-20,4287,2025072003040170,ALICL,Opal Securities Investment (PVT) Ltd.,Oxford Securities Pvt. Ltd.,35,515.0,18025.0,2025-07-20T14:58:11.92886
2025-07-20,4286,2025072003040171,ALICL,Aryatara Investment & Securities,Oxford Securities Pvt. Ltd.,65,515.0,33475.0,2025-07-20T14:58:11.929018
2025-07-20,3533,2025072003040371,ALICL,Aryatara Investment & Securities,Nepal Investment And Securities Trading Private Limited,30,515.0,15450.0,2025-07-20T14:58:36.548522
2025-07-20,3368,2025072003040415,ALICL,Aryatara Investment & Securities,Sri Hari Securities Pvt. Ltd.,10,515.0,5150.0,2025-07-20T14:58:41.878597
2025-07-20,2854,2025072003040540,ALICL,Neev Securities Pvt. Ltd.,SHUBHAKAMANA SECURITIES PVT. LTD,200,515.1,103020.0,2025-07-20T14:58:58.605875
2025-07-20,2853,2025072003040541,ALICL,Aryatara Investment & Securities,SHUBHAKAMANA SECURITIES PVT. LTD,95,515.0,48925.0,2025-07-20T14:58:58.606043
2025-07-20,2852,2025072003040542,ALICL,Aryatara Investment & Securities,SHUBHAKAMANA SECURITIES PVT. LTD,100,515.0,51500.0,2025-07-20T14:58:58.606119
2025-07-20,2851,2025072003040543,ALICL,Midas Stock Broking Company Private Limited,SHUBHAKAMANA SECURITIES PVT. LTD,105,515.0,54075.0,2025-07-20T14:58:58.606181
2025-07-20,2609,2025072003040591,ALICL,Naasa Securities Co. Ltd.,Cristal Kanchanjanga Securites Pvt. Ltd.,336,520.0,174720.0,2025-07-20T14:59:06.397385
2025-07-20,2608,2025072003040592,ALICL,Naasa Securities Co. Ltd.,Primo Securities (PVT) Ltd.,100,520.0,52000.0,2025-07-20T14:59:06.397529
2025-07-20,959,2025072003040954,ALICL,Kalika Securities Pvt. Ltd.,Nepal Investment And Securities Trading Private Limited,10,515.3,5153.0,2025-07-20T14:59:43.163512
2025-07-20,223,2025072003041129,ALICL,Capital Hub P. Ltd,Dipshikha Dhitopatra Karobar Co. Pvt Ltd.,10,520.0,5200.0,2025-07-20T14:59:56.962893
