Date,S.N.,Contract ID,Symbol,Buyer Broker,Seller Broker,quantity,rate,amount,transaction_time
2025-07-20,178099,2025072003000039,CFCL,Kumari Securities Private Limited,Infinity Securities Limited,25,566.0,14150.0,2025-07-20T10:46:00.031915
2025-07-20,177815,2025072003000118,CFCL,Trisul Securities & Invt. Ltd.,SHUBHAKAMANA SECURITIES PVT. LTD,12,555.0,6660.0,2025-07-20T11:00:36.841261
2025-07-20,176057,2025072003000535,CFCL,Aryatara Investment & Securities,Miyo Securities Pvt Ltd,1000,560.0,560000.0,2025-07-20T11:03:22.034683
2025-07-20,175995,2025072003000544,CFCL,Sundhara Securities Limited,Miyo Securities Pvt Ltd,584,560.0,327040.0,2025-07-20T11:03:25.539614
2025-07-20,175994,2025072003000545,CFCL,Sundhara Securities Limited,Infinity Securities Limited,475,563.0,267425.0,2025-07-20T11:03:25.539655
2025-07-20,174109,2025072003000957,CFCL,Secured Securities Ltd.,Vision Securities Pvt. Ltd,500,570.0,285000.0,2025-07-20T11:05:45.890839
2025-07-20,172307,2025072003001364,CFCL,Sundhara Securities Limited,Trishakti Securities Public Limited,800,567.0,453600.0,2025-07-20T11:07:35.872669
2025-07-20,172072,2025072003001431,CFCL,Sundhara Securities Limited,Sweta Securities Private Limited,100,567.0,56700.0,2025-07-20T11:07:49.981182
2025-07-20,171630,2025072003001523,CFCL,Sundhara Securities Limited,Premier Securities Company Ltd.,100,567.0,56700.0,2025-07-20T11:08:20.689114
2025-07-20,171616,2025072003001524,CFCL,Sundhara Securities Limited,Vision Securities Pvt. Ltd,100,567.0,56700.0,2025-07-20T11:08:21.731073
2025-07-20,171266,2025072003001630,CFCL,SUN SECURITIES PVT LTD,Aryatara Investment & Securities,180,566.0,101880.0,2025-07-20T11:08:38.328215
2025-07-20,171265,2025072003001631,CFCL,Naasa Securities Co. Ltd.,Aryatara Investment & Securities,100,565.0,56500.0,2025-07-20T11:08:38.32827
2025-07-20,171264,2025072003001632,CFCL,Vision Securities Pvt. Ltd,Aryatara Investment & Securities,500,565.0,282500.0,2025-07-20T11:08:38.328299
2025-07-20,171263,2025072003001633,CFCL,Imperial Securities Company Pvt. Ltd.,Aryatara Investment & Securities,50,565.0,28250.0,2025-07-20T11:08:38.328329
2025-07-20,171262,2025072003001634,CFCL,Naasa Securities Co. Ltd.,Aryatara Investment & Securities,300,565.0,169500.0,2025-07-20T11:08:38.328368
2025-07-20,171261,2025072003001635,CFCL,Thrive Brokerage House Pvt. Ltd,Aryatara Investment & Securities,270,564.0,152280.0,2025-07-20T11:08:38.328396
2025-07-20,171085,2025072003001678,CFCL,Thrive Brokerage House Pvt. Ltd,Sri Hari Securities Pvt. Ltd.,20,564.0,11280.0,2025-07-20T11:08:48.215152
2025-07-20,170841,2025072003001743,CFCL,Thrive Brokerage House Pvt. Ltd,Aryatara Investment & Securities,210,564.0,118440.0,2025-07-20T11:09:00.679797
2025-07-20,170314,2025072003001859,CFCL,Sumeru Securities Pvt. Ltd.,Imperial Securities Company Pvt. Ltd.,281,563.1,158231.1,2025-07-20T11:09:36.708991
2025-07-20,169192,2025072003002151,CFCL,Nepal Investment And Securities Trading Private Limited,Aryatara Investment & Securities,20,564.0,11280.0,2025-07-20T11:10:53.634845
2025-07-20,168555,2025072003002280,CFCL,Nepal Investment And Securities Trading Private Limited,J.F. Securites (PVT) Ltd.,10,564.0,5640.0,2025-07-20T11:11:36.438504
2025-07-20,168554,2025072003002281,CFCL,Imperial Securities Company Pvt. Ltd.,J.F. Securites (PVT) Ltd.,175,563.0,98525.0,2025-07-20T11:11:36.438557
2025-07-20,168553,2025072003002282,CFCL,Kohinoor Investment & Securities Pvt. Ltd.,J.F. Securites (PVT) Ltd.,115,562.0,64630.0,2025-07-20T11:11:36.438589
2025-07-20,168082,2025072003002379,CFCL,Kohinoor Investment & Securities Pvt. Ltd.,SUN SECURITIES PVT LTD,50,562.0,28100.0,2025-07-20T11:12:09.046258
2025-07-20,167698,2025072003002494,CFCL,Kohinoor Investment & Securities Pvt. Ltd.,Himalayan Brokerage Company Limited,200,562.0,112400.0,2025-07-20T11:12:38.367241
2025-07-20,167679,2025072003002495,CFCL,Kohinoor Investment & Securities Pvt. Ltd.,Naasa Securities Co. Ltd.,135,562.0,75870.0,2025-07-20T11:12:39.690786
2025-07-20,167678,2025072003002496,CFCL,Sundhara Securities Limited,Naasa Securities Co. Ltd.,44,562.0,24728.0,2025-07-20T11:12:39.690847
2025-07-20,166604,2025072003002723,CFCL,Secured Securities Ltd.,Kohinoor Investment & Securities Pvt. Ltd.,90,564.0,50760.0,2025-07-20T11:13:55.84759
2025-07-20,166415,2025072003002779,CFCL,Sundhara Securities Limited,Dipshikha Dhitopatra Karobar Co. Pvt Ltd.,24,566.0,13584.0,2025-07-20T11:14:10.70003
2025-07-20,166367,2025072003002798,CFCL,Sundhara Securities Limited,Premier Securities Company Ltd.,50,566.0,28300.0,2025-07-20T11:14:15.623143
2025-07-20,166080,2025072003002864,CFCL,Sundhara Securities Limited,Himalayan Brokerage Company Limited,32,566.0,18112.0,2025-07-20T11:14:35.876577
2025-07-20,163735,2025072003003385,CFCL,Secured Securities Ltd.,Beni Securities Pvt.Ltd.,410,565.0,231650.0,2025-07-20T11:17:04.814892
2025-07-20,163362,2025072003003440,CFCL,Naasa Securities Co. Ltd.,Dipshikha Dhitopatra Karobar Co. Pvt Ltd.,37,559.0,20683.0,2025-07-20T11:17:29.372004
2025-07-20,163361,2025072003003441,CFCL,Dynamic Money Managers Securities Pvt. Ltd.,Dipshikha Dhitopatra Karobar Co. Pvt Ltd.,500,558.5,279250.0,2025-07-20T11:17:29.372049
2025-07-20,163360,2025072003003442,CFCL,Sweta Securities Private Limited,Dipshikha Dhitopatra Karobar Co. Pvt Ltd.,103,555.1,57175.3,2025-07-20T11:17:29.372076
2025-07-20,160541,2025072003004061,CFCL,Naasa Securities Co. Ltd.,Beni Securities Pvt.Ltd.,90,565.0,50850.0,2025-07-20T11:20:39.520278
2025-07-20,158086,2025072003004682,CFCL,Nepal Investment And Securities Trading Private Limited,Himalayan Brokerage Company Limited,18,566.0,10188.0,2025-07-20T11:23:17.389774
2025-07-20,156453,2025072003005094,CFCL,Naasa Securities Co. Ltd.,Asian Securities Private Ltd.,60,565.0,33900.0,2025-07-20T11:25:10.020085
2025-07-20,156452,2025072003005095,CFCL,Linch Stock Market Ltd.,Asian Securities Private Ltd.,90,563.0,50670.0,2025-07-20T11:25:10.020148
2025-07-20,155208,2025072003005361,CFCL,Asian Securities Private Ltd.,BHOLE GANESH SECURITIES LTD,200,563.1,112620.0,2025-07-20T11:26:38.730928
2025-07-20,155207,2025072003005362,CFCL,Linch Stock Market Ltd.,BHOLE GANESH SECURITIES LTD,10,563.0,5630.0,2025-07-20T11:26:38.731015
2025-07-20,155206,2025072003005363,CFCL,Asian Securities Private Ltd.,BHOLE GANESH SECURITIES LTD,290,563.0,163270.0,2025-07-20T11:26:38.731056
2025-07-20,153386,2025072003005819,CFCL,Asian Securities Private Ltd.,Linch Stock Market Ltd.,10,563.0,5630.0,2025-07-20T11:28:48.683016
2025-07-20,153385,2025072003005820,CFCL,Midas Stock Broking Company Private Limited,Linch Stock Market Ltd.,90,563.0,50670.0,2025-07-20T11:28:48.683201
2025-07-20,146871,2025072003007350,CFCL,K.B.L. Securities Limited ,Premier Securities Company Ltd.,20,567.0,11340.0,2025-07-20T11:36:43.485059
2025-07-20,146870,2025072003007351,CFCL,K.B.L. Securities Limited ,Agrawal Securities (PVT) Ltd.,100,568.0,56800.0,2025-07-20T11:36:43.4851
2025-07-20,146869,2025072003007352,CFCL,K.B.L. Securities Limited ,Linch Stock Market Ltd.,54,568.9,30720.6,2025-07-20T11:36:43.485126
2025-07-20,146868,2025072003007353,CFCL,K.B.L. Securities Limited ,Vision Securities Pvt. Ltd,500,569.0,284500.0,2025-07-20T11:36:43.485149
2025-07-20,146867,2025072003007354,CFCL,K.B.L. Securities Limited ,Vision Securities Pvt. Ltd,500,569.0,284500.0,2025-07-20T11:36:43.485179
2025-07-20,146866,2025072003007355,CFCL,K.B.L. Securities Limited ,Agrawal Securities (PVT) Ltd.,200,569.0,113800.0,2025-07-20T11:36:43.485218
2025-07-20,146865,2025072003007356,CFCL,K.B.L. Securities Limited ,Dipshikha Dhitopatra Karobar Co. Pvt Ltd.,25,569.8,14245.0,2025-07-20T11:36:43.485243
2025-07-20,146864,2025072003007357,CFCL,K.B.L. Securities Limited ,ABC Securities Private Limited,101,570.0,57570.0,2025-07-20T11:36:43.485268
2025-07-20,146700,2025072003007380,CFCL,K.B.L. Securities Limited ,ABC Securities Private Limited,399,570.0,227430.0,2025-07-20T11:36:55.529244
2025-07-20,146699,2025072003007381,CFCL,K.B.L. Securities Limited ,Neev Securities Pvt. Ltd.,600,570.0,342000.0,2025-07-20T11:36:55.529307
2025-07-20,146698,2025072003007382,CFCL,K.B.L. Securities Limited ,Naasa Securities Co. Ltd.,206,570.0,117420.0,2025-07-20T11:36:55.529331
2025-07-20,143857,2025072003007990,CFCL,Midas Stock Broking Company Private Limited,Aryatara Investment & Securities,20,570.0,11400.0,2025-07-20T11:40:31.642881
2025-07-20,143680,2025072003008024,CFCL,Online Securities Pvt. Ltd.,Aryatara Investment & Securities,50,570.0,28500.0,2025-07-20T11:40:46.227549
2025-07-20,141656,2025072003008509,CFCL,Asian Securities Private Ltd.,Linch Stock Market Ltd.,50,566.0,28300.0,2025-07-20T11:43:00.954081
2025-07-20,141386,2025072003008580,CFCL,Asian Securities Private Ltd.,Linch Stock Market Ltd.,50,565.0,28250.0,2025-07-20T11:43:16.18123
2025-07-20,139595,2025072003008992,CFCL,Asian Securities Private Ltd.,Sweta Securities Private Limited,50,565.0,28250.0,2025-07-20T11:45:14.452988
2025-07-20,138999,2025072003009103,CFCL,Secured Securities Ltd.,Primo Securities (PVT) Ltd.,6,562.0,3372.0,2025-07-20T11:45:48.616234
2025-07-20,135205,2025072003009964,CFCL,Sundhara Securities Limited,Himalayan Brokerage Company Limited,200,566.1,113220.0,2025-07-20T11:50:05.301992
2025-07-20,134455,2025072003010098,CFCL,Secured Securities Ltd.,ABC Securities Private Limited,40,566.0,22640.0,2025-07-20T11:51:07.791862
2025-07-20,134454,2025072003010099,CFCL,Nepal Stock House (PVT) Ltd.,ABC Securities Private Limited,500,566.0,283000.0,2025-07-20T11:51:07.791956
2025-07-20,134453,2025072003010100,CFCL,Aryatara Investment & Securities,ABC Securities Private Limited,160,566.0,90560.0,2025-07-20T11:51:07.791998
2025-07-20,133788,2025072003010263,CFCL,Aryatara Investment & Securities,Trisul Securities & Invt. Ltd.,30,566.0,16980.0,2025-07-20T11:52:03.41837
2025-07-20,133315,2025072003010376,CFCL,Aryatara Investment & Securities,Sani Securities Company Ltd.,160,566.0,90560.0,2025-07-20T11:52:47.542288
2025-07-20,133314,2025072003010377,CFCL,Imperial Securities Company Pvt. Ltd.,Sani Securities Company Ltd.,100,564.0,56400.0,2025-07-20T11:52:47.542487
2025-07-20,133313,2025072003010378,CFCL,Midas Stock Broking Company Private Limited,Sani Securities Company Ltd.,10,563.0,5630.0,2025-07-20T11:52:47.542613
2025-07-20,133312,2025072003010379,CFCL,Asian Securities Private Ltd.,Sani Securities Company Ltd.,100,563.0,56300.0,2025-07-20T11:52:47.54273
2025-07-20,133311,2025072003010380,CFCL,Investment Management Nepal Pvt. Ltd.,Sani Securities Company Ltd.,130,562.0,73060.0,2025-07-20T11:52:47.54286
2025-07-20,128500,2025072003011452,CFCL,Investment Management Nepal Pvt. Ltd.,Ashutosh Brokerage & Securities (PVT) Ltd.,200,562.0,112400.0,2025-07-20T12:00:32.552145
2025-07-20,125790,2025072003012080,CFCL,Malla & Malla Stock Broking Company Pvt. Limited,Nepal Stock House (PVT) Ltd.,151,563.0,85013.0,2025-07-20T12:05:08.786144
2025-07-20,125373,2025072003012208,CFCL,Investment Management Nepal Pvt. Ltd.,Nepal Stock House (PVT) Ltd.,99,562.0,55638.0,2025-07-20T12:05:46.609851
2025-07-20,124872,2025072003012307,CFCL,Premier Securities Company Ltd.,ABC Securities Private Limited,18,567.0,10206.0,2025-07-20T12:06:34.81037
2025-07-20,124871,2025072003012308,CFCL,Premier Securities Company Ltd.,Capital Max Securities Ltd,100,567.0,56700.0,2025-07-20T12:06:34.810491
2025-07-20,121392,2025072003013119,CFCL,Ashutosh Brokerage & Securities (PVT) Ltd.,Midas Stock Broking Company Private Limited,100,567.0,56700.0,2025-07-20T12:12:53.006036
2025-07-20,121391,2025072003013120,CFCL,Ashutosh Brokerage & Securities (PVT) Ltd.,Sundhara Securities Limited,60,568.0,34080.0,2025-07-20T12:12:53.006074
2025-07-20,121390,2025072003013121,CFCL,Ashutosh Brokerage & Securities (PVT) Ltd.,Sweta Securities Private Limited,90,568.0,51120.0,2025-07-20T12:12:53.0061
2025-07-20,120443,2025072003013345,CFCL,Sweta Securities Private Limited,Pragyan Securities (PVT) Ltd.,10,562.5,5625.0,2025-07-20T12:14:35.335417
2025-07-20,119451,2025072003013567,CFCL,K.B.L. Securities Limited ,Pragyan Securities (PVT) Ltd.,19,562.5,10687.5,2025-07-20T12:15:54.483946
2025-07-20,115096,2025072003014388,CFCL,Asian Securities Private Ltd.,Trishakti Securities Public Limited,350,564.0,197400.0,2025-07-20T12:22:30.353293
2025-07-20,114960,2025072003014409,CFCL,Asian Securities Private Ltd.,Trishakti Securities Public Limited,150,564.0,84600.0,2025-07-20T12:22:48.482585
2025-07-20,112901,2025072003014781,CFCL,Creative Securities Pvt Ltd,Asian Securities Private Ltd.,350,565.0,197750.0,2025-07-20T12:25:56.790462
2025-07-20,106694,2025072003016102,CFCL,Midas Stock Broking Company Private Limited,Sani Securities Company Ltd.,10,565.0,5650.0,2025-07-20T12:35:08.436493
2025-07-20,106693,2025072003016103,CFCL,Midas Stock Broking Company Private Limited,Midas Stock Broking Company Private Limited,138,565.0,77970.0,2025-07-20T12:35:08.436714
2025-07-20,106552,2025072003016135,CFCL,NIMB Stock Markets Limited,Investment Management Nepal Pvt. Ltd.,10,562.2,5622.0,2025-07-20T12:35:24.750105
2025-07-20,106551,2025072003016136,CFCL,Premier Securities Company Ltd.,Investment Management Nepal Pvt. Ltd.,10,562.1,5621.0,2025-07-20T12:35:24.750221
2025-07-20,106550,2025072003016137,CFCL,Investment Management Nepal Pvt. Ltd.,Investment Management Nepal Pvt. Ltd.,71,562.0,39902.0,2025-07-20T12:35:24.750276
2025-07-20,106549,2025072003016138,CFCL,Asian Securities Private Ltd.,Investment Management Nepal Pvt. Ltd.,70,562.0,39340.0,2025-07-20T12:35:24.750321
2025-07-20,105978,2025072003016286,CFCL,Nepal Stock House (PVT) Ltd.,Midas Stock Broking Company Private Limited,20,565.0,11300.0,2025-07-20T12:36:16.702011
2025-07-20,103833,2025072003016684,CFCL,Sani Securities Company Ltd.,Oxford Securities Pvt. Ltd.,238,562.1,133779.8,2025-07-20T12:39:55.003566
2025-07-20,102070,2025072003017094,CFCL,Market Securities & Exchange (PVT) Ltd.,Midas Stock Broking Company Private Limited,92,565.0,51980.0,2025-07-20T12:42:51.885907
2025-07-20,100294,2025072003017606,CFCL,Thrive Brokerage House Pvt. Ltd,Sweta Securities Private Limited,10,568.0,5680.0,2025-07-20T12:45:27.351165
2025-07-20,100293,2025072003017607,CFCL,Thrive Brokerage House Pvt. Ltd,Naasa Securities Co. Ltd.,250,568.0,142000.0,2025-07-20T12:45:27.351276
2025-07-20,99721,2025072003017732,CFCL,Thrive Brokerage House Pvt. Ltd,Sani Securities Company Ltd.,140,568.0,79520.0,2025-07-20T12:46:19.038445
2025-07-20,93069,2025072003019190,CFCL,Bhrikuti Stock Broking Co. Pvt. Ltd.,Premier Securities Company Ltd.,100,569.0,56900.0,2025-07-20T12:55:36.090241
2025-07-20,93068,2025072003019191,CFCL,Bhrikuti Stock Broking Co. Pvt. Ltd.,Creative Securities Pvt Ltd,10,569.0,5690.0,2025-07-20T12:55:36.090488
2025-07-20,93067,2025072003019192,CFCL,Bhrikuti Stock Broking Co. Pvt. Ltd.,Secured Securities Ltd.,50,569.0,28450.0,2025-07-20T12:55:36.090637
2025-07-20,93066,2025072003019193,CFCL,Bhrikuti Stock Broking Co. Pvt. Ltd.,Aryatara Investment & Securities,500,570.0,285000.0,2025-07-20T12:55:36.090785
2025-07-20,93065,2025072003019194,CFCL,Bhrikuti Stock Broking Co. Pvt. Ltd.,Dynamic Money Managers Securities Pvt. Ltd.,155,570.0,88350.0,2025-07-20T12:55:36.090917
2025-07-20,93064,2025072003019195,CFCL,Bhrikuti Stock Broking Co. Pvt. Ltd.,Naasa Securities Co. Ltd.,85,570.0,48450.0,2025-07-20T12:55:36.091061
2025-07-20,92152,2025072003019384,CFCL,Creative Securities Pvt Ltd,Naasa Securities Co. Ltd.,31,570.0,17670.0,2025-07-20T12:56:41.51922
2025-07-20,92151,2025072003019385,CFCL,Creative Securities Pvt Ltd,Sani Securities Company Ltd.,69,570.0,39330.0,2025-07-20T12:56:41.519466
2025-07-20,86805,2025072003020658,CFCL,Primo Securities (PVT) Ltd.,Himalayan Brokerage Company Limited,50,569.8,28490.0,2025-07-20T13:04:16.679674
2025-07-20,86554,2025072003020717,CFCL,Kalika Securities Pvt. Ltd.,Sani Securities Company Ltd.,100,569.7,56970.0,2025-07-20T13:04:40.949949
2025-07-20,84032,2025072003021280,CFCL,Aryatara Investment & Securities,Arun Securities (PVT) Ltd.,50,565.0,28250.0,2025-07-20T13:08:31.337997
2025-07-20,84031,2025072003021281,CFCL,Naasa Securities Co. Ltd.,Arun Securities (PVT) Ltd.,99,564.5,55885.5,2025-07-20T13:08:31.338133
2025-07-20,84030,2025072003021282,CFCL,Shree Krishna Securities Ltd.,Arun Securities (PVT) Ltd.,250,564.1,141025.0,2025-07-20T13:08:31.338205
2025-07-20,80575,2025072003022031,CFCL,Sani Securities Company Ltd.,Himalayan Brokerage Company Limited,25,564.0,14100.0,2025-07-20T13:13:43.192997
2025-07-20,80574,2025072003022032,CFCL,Naasa Securities Co. Ltd.,Himalayan Brokerage Company Limited,34,564.0,19176.0,2025-07-20T13:13:43.193272
2025-07-20,80573,2025072003022033,CFCL,Sumeru Securities Pvt. Ltd.,Himalayan Brokerage Company Limited,500,563.1,281550.0,2025-07-20T13:13:43.193426
2025-07-20,80572,2025072003022034,CFCL,Midas Stock Broking Company Private Limited,Himalayan Brokerage Company Limited,100,563.0,56300.0,2025-07-20T13:13:43.193592
2025-07-20,80571,2025072003022035,CFCL,Sani Securities Company Ltd.,Himalayan Brokerage Company Limited,262,562.1,147270.2,2025-07-20T13:13:43.193745
2025-07-20,80570,2025072003022036,CFCL,Asian Securities Private Ltd.,Himalayan Brokerage Company Limited,38,562.0,21356.0,2025-07-20T13:13:43.193892
2025-07-20,79764,2025072003022248,CFCL,Asian Securities Private Ltd.,Secured Securities Ltd.,192,562.0,107904.0,2025-07-20T13:14:39.359131
2025-07-20,79763,2025072003022249,CFCL,Vision Securities Pvt. Ltd,Secured Securities Ltd.,20,562.0,11240.0,2025-07-20T13:14:39.359246
2025-07-20,79762,2025072003022250,CFCL,Naasa Securities Co. Ltd.,Secured Securities Ltd.,51,562.0,28662.0,2025-07-20T13:14:39.359293
2025-07-20,79761,2025072003022251,CFCL,Ashutosh Brokerage & Securities (PVT) Ltd.,Secured Securities Ltd.,500,561.0,280500.0,2025-07-20T13:14:39.359345
2025-07-20,79760,2025072003022252,CFCL,Nagarik Stock Dealer ,Secured Securities Ltd.,776,560.3,434792.8,2025-07-20T13:14:39.359394
2025-07-20,79759,2025072003022253,CFCL,Premier Securities Company Ltd.,Secured Securities Ltd.,250,560.0,140000.0,2025-07-20T13:14:39.359444
2025-07-20,79758,2025072003022254,CFCL,Naasa Securities Co. Ltd.,Secured Securities Ltd.,200,560.0,112000.0,2025-07-20T13:14:39.35949
2025-07-20,79757,2025072003022255,CFCL,Sumeru Securities Pvt. Ltd.,Secured Securities Ltd.,90,560.0,50400.0,2025-07-20T13:14:39.359546
2025-07-20,79756,2025072003022256,CFCL,Naasa Securities Co. Ltd.,Secured Securities Ltd.,300,560.0,168000.0,2025-07-20T13:14:39.359594
2025-07-20,79755,2025072003022257,CFCL,Swarna Laxmi Securities Pvt. Ltd.,Secured Securities Ltd.,330,560.0,184800.0,2025-07-20T13:14:39.359662
2025-07-20,79754,2025072003022258,CFCL,Sri Hari Securities Pvt. Ltd.,Secured Securities Ltd.,300,560.0,168000.0,2025-07-20T13:14:39.359709
2025-07-20,79753,2025072003022259,CFCL,Siprabi Securities Pvt. Ltd.,Secured Securities Ltd.,800,557.0,445600.0,2025-07-20T13:14:39.359755
2025-07-20,79752,2025072003022260,CFCL,Linch Stock Market Ltd.,Secured Securities Ltd.,200,557.0,111400.0,2025-07-20T13:14:39.359803
2025-07-20,79751,2025072003022261,CFCL,Deevyaa Securities & Stock House Pvt. Ltd,Secured Securities Ltd.,300,556.0,166800.0,2025-07-20T13:14:39.359848
2025-07-20,79750,2025072003022262,CFCL,Sweta Securities Private Limited,Secured Securities Ltd.,327,555.1,181517.7,2025-07-20T13:14:39.359921
2025-07-20,79749,2025072003022263,CFCL,Trishakti Securities Public Limited,Secured Securities Ltd.,900,555.1,499590.0,2025-07-20T13:14:39.359971
2025-07-20,79748,2025072003022264,CFCL,Trishakti Securities Public Limited,Secured Securities Ltd.,100,555.1,55510.0,2025-07-20T13:14:39.360019
2025-07-20,79747,2025072003022265,CFCL,K.B.L. Securities Limited ,Secured Securities Ltd.,500,555.1,277550.0,2025-07-20T13:14:39.360074
2025-07-20,79746,2025072003022266,CFCL,Trisul Securities & Invt. Ltd.,Secured Securities Ltd.,188,555.0,104340.0,2025-07-20T13:14:39.360122
2025-07-20,79745,2025072003022267,CFCL,Trishakti Securities Public Limited,Secured Securities Ltd.,200,555.0,111000.0,2025-07-20T13:14:39.360168
2025-07-20,79744,2025072003022268,CFCL,Asian Securities Private Ltd.,Secured Securities Ltd.,50,555.0,27750.0,2025-07-20T13:14:39.360214
2025-07-20,79743,2025072003022269,CFCL,Trisul Securities & Invt. Ltd.,Secured Securities Ltd.,50,555.0,27750.0,2025-07-20T13:14:39.360258
2025-07-20,79742,2025072003022270,CFCL,Online Securities Pvt. Ltd.,Secured Securities Ltd.,50,554.0,27700.0,2025-07-20T13:14:39.360303
2025-07-20,79741,2025072003022271,CFCL,Online Securities Pvt. Ltd.,Secured Securities Ltd.,50,554.0,27700.0,2025-07-20T13:14:39.360345
2025-07-20,79740,2025072003022272,CFCL,Sumeru Securities Pvt. Ltd.,Secured Securities Ltd.,219,553.7,121260.3,2025-07-20T13:14:39.360403
2025-07-20,79739,2025072003022273,CFCL,Agrawal Securities (PVT) Ltd.,Secured Securities Ltd.,50,553.7,27685.0,2025-07-20T13:14:39.360448
2025-07-20,79738,2025072003022274,CFCL,Sri Hari Securities Pvt. Ltd.,Secured Securities Ltd.,50,553.0,27650.0,2025-07-20T13:14:39.360492
2025-07-20,79737,2025072003022275,CFCL,Sri Hari Securities Pvt. Ltd.,Secured Securities Ltd.,50,553.0,27650.0,2025-07-20T13:14:39.360533
2025-07-20,79736,2025072003022276,CFCL,Aryatara Investment & Securities,Secured Securities Ltd.,25,553.0,13825.0,2025-07-20T13:14:39.360578
2025-07-20,79735,2025072003022277,CFCL,Infinity Securities Limited,Secured Securities Ltd.,2072,553.0,1145816.0,2025-07-20T13:14:39.36062
2025-07-20,74804,2025072003023521,CFCL,Thrive Brokerage House Pvt. Ltd,Ashutosh Brokerage & Securities (PVT) Ltd.,112,556.0,62272.0,2025-07-20T13:22:08.468016
2025-07-20,74096,2025072003023733,CFCL,Aryatara Investment & Securities,Arun Securities (PVT) Ltd.,50,560.0,28000.0,2025-07-20T13:23:21.62735
2025-07-20,73771,2025072003023805,CFCL,Investment Management Nepal Pvt. Ltd.,Arun Securities (PVT) Ltd.,450,560.0,252000.0,2025-07-20T13:24:03.715698
2025-07-20,73770,2025072003023806,CFCL,Investment Management Nepal Pvt. Ltd.,SUN SECURITIES PVT LTD,300,560.0,168000.0,2025-07-20T13:24:03.715829
2025-07-20,71224,2025072003024354,CFCL,Aryatara Investment & Securities,Himalayan Brokerage Company Limited,50,557.0,27850.0,2025-07-20T13:28:34.557108
2025-07-20,71223,2025072003024355,CFCL,Thrive Brokerage House Pvt. Ltd,Himalayan Brokerage Company Limited,88,556.0,48928.0,2025-07-20T13:28:34.557233
2025-07-20,66246,2025072003025495,CFCL,Online Securities Pvt. Ltd.,Sumeru Securities Pvt. Ltd.,10,557.1,5571.0,2025-07-20T13:39:09.423604
2025-07-20,65667,2025072003025661,CFCL,Online Securities Pvt. Ltd.,Sundhara Securities Limited,190,556.1,105659.0,2025-07-20T13:40:17.399168
2025-07-20,65331,2025072003025833,CFCL,Premier Securities Company Ltd.,Sundhara Securities Limited,10,556.1,5561.0,2025-07-20T13:40:51.179727
2025-07-20,65021,2025072003025911,CFCL,Capital Max Securities Ltd,Sani Securities Company Ltd.,100,556.0,55600.0,2025-07-20T13:41:34.376942
2025-07-20,64688,2025072003025974,CFCL,Premier Securities Company Ltd.,Sani Securities Company Ltd.,100,559.0,55900.0,2025-07-20T13:42:16.437005
2025-07-20,62744,2025072003026471,CFCL,Online Securities Pvt. Ltd.,Sani Securities Company Ltd.,500,559.0,279500.0,2025-07-20T13:46:06.151583
2025-07-20,62293,2025072003026573,CFCL,Naasa Securities Co. Ltd.,N.M.B. SECURITIES LIMITED,5,549.0,2745.0,2025-07-20T13:46:58.664718
2025-07-20,60896,2025072003027042,CFCL,Online Securities Pvt. Ltd.,Kohinoor Investment & Securities Pvt. Ltd.,30,557.0,16710.0,2025-07-20T13:49:43.290664
2025-07-20,60815,2025072003027055,CFCL,Online Securities Pvt. Ltd.,Sundhara Securities Limited,20,557.0,11140.0,2025-07-20T13:49:54.07278
2025-07-20,60211,2025072003027186,CFCL,Imperial Securities Company Pvt. Ltd.,Kohinoor Investment & Securities Pvt. Ltd.,10,560.0,5600.0,2025-07-20T13:51:07.253411
2025-07-20,58677,2025072003027474,CFCL,Trishakti Securities Public Limited,Oxford Securities Pvt. Ltd.,35,556.1,19463.5,2025-07-20T13:53:43.0461
2025-07-20,58676,2025072003027475,CFCL,Online Securities Pvt. Ltd.,Oxford Securities Pvt. Ltd.,15,556.1,8341.5,2025-07-20T13:53:43.046255
2025-07-20,58517,2025072003027514,CFCL,Online Securities Pvt. Ltd.,Nepal Stock House (PVT) Ltd.,250,556.1,139025.0,2025-07-20T13:54:00.977349
2025-07-20,56629,2025072003027961,CFCL,Prabhu Stock Market Limited,Imperial Securities Company Pvt. Ltd.,15,556.2,8343.0,2025-07-20T13:57:22.677429
2025-07-20,52605,2025072003028750,CFCL,Aakashbhairab Securities Ltd.,Online Securities Pvt. Ltd.,50,556.5,27825.0,2025-07-20T14:04:32.469647
2025-07-20,51626,2025072003028938,CFCL,Dakshinkali Investment & Securities Pvt. Ltd.,Naasa Securities Co. Ltd.,50,556.6,27830.0,2025-07-20T14:06:08.645018
2025-07-20,51625,2025072003028939,CFCL,Aakashbhairab Securities Ltd.,Naasa Securities Co. Ltd.,40,556.5,22260.0,2025-07-20T14:06:08.645338
2025-07-20,51624,2025072003028940,CFCL,Prabhu Stock Market Limited,Naasa Securities Co. Ltd.,98,556.2,54507.6,2025-07-20T14:06:08.645495
2025-07-20,51623,2025072003028941,CFCL,Vision Securities Pvt. Ltd,Naasa Securities Co. Ltd.,99,556.2,55063.8,2025-07-20T14:06:08.64566
2025-07-20,51535,2025072003028986,CFCL,Vision Securities Pvt. Ltd,BHOLE GANESH SECURITIES LTD,62,556.2,34484.4,2025-07-20T14:06:15.862757
2025-07-20,51534,2025072003028987,CFCL,Naasa Securities Co. Ltd.,BHOLE GANESH SECURITIES LTD,500,556.0,278000.0,2025-07-20T14:06:15.862861
2025-07-20,51533,2025072003028988,CFCL,Bhrikuti Stock Broking Co. Pvt. Ltd.,BHOLE GANESH SECURITIES LTD,438,556.0,243528.0,2025-07-20T14:06:15.862917
2025-07-20,50857,2025072003029129,CFCL,Bhrikuti Stock Broking Co. Pvt. Ltd.,Vision Securities Pvt. Ltd,62,556.0,34472.0,2025-07-20T14:07:21.334889
2025-07-20,50856,2025072003029130,CFCL,Sani Securities Company Ltd.,Vision Securities Pvt. Ltd,10,556.0,5560.0,2025-07-20T14:07:21.335039
2025-07-20,50855,2025072003029131,CFCL,Sri Hari Securities Pvt. Ltd.,Vision Securities Pvt. Ltd,95,555.2,52744.0,2025-07-20T14:07:21.335124
2025-07-20,50854,2025072003029132,CFCL,Nepal Investment And Securities Trading Private Limited,Vision Securities Pvt. Ltd,200,555.2,111040.0,2025-07-20T14:07:21.335177
2025-07-20,50853,2025072003029133,CFCL,Naasa Securities Co. Ltd.,Vision Securities Pvt. Ltd,33,555.0,18315.0,2025-07-20T14:07:21.335235
2025-07-20,49972,2025072003029300,CFCL,Naasa Securities Co. Ltd.,Midas Stock Broking Company Private Limited,17,555.0,9435.0,2025-07-20T14:08:35.921009
2025-07-20,49970,2025072003029301,CFCL,Primo Securities (PVT) Ltd.,Midas Stock Broking Company Private Limited,200,555.0,111000.0,2025-07-20T14:08:35.921305
2025-07-20,49969,2025072003029302,CFCL,Thrive Brokerage House Pvt. Ltd,Midas Stock Broking Company Private Limited,20,555.0,11100.0,2025-07-20T14:08:35.921535
2025-07-20,49968,2025072003029303,CFCL,Premier Securities Company Ltd.,Midas Stock Broking Company Private Limited,20,555.0,11100.0,2025-07-20T14:08:35.921721
2025-07-20,49967,2025072003029304,CFCL,ABC Securities Private Limited,Midas Stock Broking Company Private Limited,20,555.0,11100.0,2025-07-20T14:08:35.921908
2025-07-20,49966,2025072003029305,CFCL,Sri Hari Securities Pvt. Ltd.,Midas Stock Broking Company Private Limited,123,555.0,68265.0,2025-07-20T14:08:35.922115
2025-07-20,49264,2025072003029556,CFCL,Investment Management Nepal Pvt. Ltd.,Market Securities & Exchange (PVT) Ltd.,496,556.0,275776.0,2025-07-20T14:09:41.448621
2025-07-20,41692,2025072003031247,CFCL,Sri Hari Securities Pvt. Ltd.,Imperial Securities Company Pvt. Ltd.,10,555.0,5550.0,2025-07-20T14:22:33.274947
2025-07-20,39676,2025072003031689,CFCL,Kohinoor Investment & Securities Pvt. Ltd.,Naasa Securities Co. Ltd.,40,556.0,22240.0,2025-07-20T14:25:47.98401
2025-07-20,35654,2025072003032751,CFCL,Neev Securities Pvt. Ltd.,MILKY WAY SHARE BROKER COMPANY LTD ,100,555.3,55530.0,2025-07-20T14:30:36.290597
2025-07-20,35653,2025072003032752,CFCL,Oxford Securities Pvt. Ltd.,MILKY WAY SHARE BROKER COMPANY LTD ,100,555.2,55520.0,2025-07-20T14:30:36.290874
2025-07-20,35244,2025072003032841,CFCL,Sri Hari Securities Pvt. Ltd.,Aakashbhairab Securities Ltd.,250,555.0,138750.0,2025-07-20T14:31:00.767166
2025-07-20,32915,2025072003033396,CFCL,Sri Hari Securities Pvt. Ltd.,Sweta Securities Private Limited,40,555.0,22200.0,2025-07-20T14:33:31.780894
2025-07-20,29688,2025072003034158,CFCL,Sri Hari Securities Pvt. Ltd.,Naasa Securities Co. Ltd.,24,555.0,13320.0,2025-07-20T14:37:07.473698
2025-07-20,29228,2025072003034254,CFCL,Sri Hari Securities Pvt. Ltd.,Vision Securities Pvt. Ltd,53,555.0,29415.0,2025-07-20T14:37:38.834165
2025-07-20,29227,2025072003034255,CFCL,Naasa Securities Co. Ltd.,Vision Securities Pvt. Ltd,10,555.0,5550.0,2025-07-20T14:37:38.834315
2025-07-20,29226,2025072003034256,CFCL,Midas Stock Broking Company Private Limited,Vision Securities Pvt. Ltd,100,554.0,55400.0,2025-07-20T14:37:38.834383
2025-07-20,29225,2025072003034257,CFCL,Primo Securities (PVT) Ltd.,Vision Securities Pvt. Ltd,287,554.0,158998.0,2025-07-20T14:37:38.834445
2025-07-20,27940,2025072003034582,CFCL,Nepal Investment And Securities Trading Private Limited,SUN SECURITIES PVT LTD,50,555.0,27750.0,2025-07-20T14:38:57.987252
2025-07-20,27939,2025072003034583,CFCL,Primo Securities (PVT) Ltd.,SUN SECURITIES PVT LTD,13,554.0,7202.0,2025-07-20T14:38:57.987405
2025-07-20,27938,2025072003034584,CFCL,Neev Securities Pvt. Ltd.,SUN SECURITIES PVT LTD,200,553.5,110700.0,2025-07-20T14:38:57.987472
2025-07-20,27937,2025072003034585,CFCL,Online Securities Pvt. Ltd.,SUN SECURITIES PVT LTD,235,553.3,130025.5,2025-07-20T14:38:57.987536
2025-07-20,27936,2025072003034586,CFCL,Linch Stock Market Ltd.,SUN SECURITIES PVT LTD,500,553.2,276600.0,2025-07-20T14:38:57.9876
2025-07-20,27194,2025072003034738,CFCL,Agrawal Securities (PVT) Ltd.,Deevyaa Securities & Stock House Pvt. Ltd,20,553.2,11064.0,2025-07-20T14:39:44.9677
2025-07-20,27193,2025072003034739,CFCL,Asian Securities Private Ltd.,Deevyaa Securities & Stock House Pvt. Ltd,200,553.0,110600.0,2025-07-20T14:39:44.967974
2025-07-20,27192,2025072003034740,CFCL,Sani Securities Company Ltd.,Deevyaa Securities & Stock House Pvt. Ltd,360,553.0,199080.0,2025-07-20T14:39:44.968159
2025-07-20,27191,2025072003034741,CFCL,Aryatara Investment & Securities,Deevyaa Securities & Stock House Pvt. Ltd,20,553.0,11060.0,2025-07-20T14:39:44.968325
2025-07-20,26392,2025072003034921,CFCL,Aryatara Investment & Securities,Imperial Securities Company Pvt. Ltd.,11,553.0,6083.0,2025-07-20T14:40:28.998591
2025-07-20,26083,2025072003034992,CFCL,Aryatara Investment & Securities,Oxford Securities Pvt. Ltd.,65,553.0,35945.0,2025-07-20T14:40:46.712611
2025-07-20,24987,2025072003035261,CFCL,Aryatara Investment & Securities,Linch Stock Market Ltd.,50,553.0,27650.0,2025-07-20T14:41:52.779381
2025-07-20,24581,2025072003035349,CFCL,Aryatara Investment & Securities,Malla & Malla Stock Broking Company Pvt. Limited,53,553.0,29309.0,2025-07-20T14:42:17.137272
2025-07-20,24277,2025072003035410,CFCL,Aryatara Investment & Securities,Sumeru Securities Pvt. Ltd.,27,553.0,14931.0,2025-07-20T14:42:33.52792
2025-07-20,24047,2025072003035465,CFCL,Aryatara Investment & Securities,Trisul Securities & Invt. Ltd.,10,553.0,5530.0,2025-07-20T14:42:42.704263
2025-07-20,22632,2025072003035839,CFCL,Nepal Investment And Securities Trading Private Limited,Nepal Investment And Securities Trading Private Limited,10,553.5,5535.0,2025-07-20T14:44:05.298446
2025-07-20,22387,2025072003035893,CFCL,Aryatara Investment & Securities,Ashutosh Brokerage & Securities (PVT) Ltd.,30,553.0,16590.0,2025-07-20T14:44:18.822794
2025-07-20,20820,2025072003036324,CFCL,Nepal Investment And Securities Trading Private Limited,Midas Stock Broking Company Private Limited,20,553.1,11062.0,2025-07-20T14:45:47.49461
2025-07-20,19088,2025072003036671,CFCL,Nepal Investment And Securities Trading Private Limited,Vision Securities Pvt. Ltd,40,553.1,22124.0,2025-07-20T14:47:14.945201
2025-07-20,19087,2025072003036672,CFCL,Aryatara Investment & Securities,Vision Securities Pvt. Ltd,234,553.0,129402.0,2025-07-20T14:47:14.94535
2025-07-20,19086,2025072003036673,CFCL,MILKY WAY SHARE BROKER COMPANY LTD ,Vision Securities Pvt. Ltd,50,553.0,27650.0,2025-07-20T14:47:14.945406
2025-07-20,19085,2025072003036674,CFCL,Naasa Securities Co. Ltd.,Vision Securities Pvt. Ltd,26,553.0,14378.0,2025-07-20T14:47:14.945462
2025-07-20,19034,2025072003036685,CFCL,Naasa Securities Co. Ltd.,Imperial Securities Company Pvt. Ltd.,74,553.0,40922.0,2025-07-20T14:47:17.285261
2025-07-20,19033,2025072003036686,CFCL,Nagarik Stock Dealer ,Imperial Securities Company Pvt. Ltd.,929,553.0,513737.0,2025-07-20T14:47:17.2854
2025-07-20,18736,2025072003036769,CFCL,Nagarik Stock Dealer ,Sumeru Securities Pvt. Ltd.,71,553.0,39263.0,2025-07-20T14:47:32.188827
2025-07-20,18735,2025072003036770,CFCL,Naasa Securities Co. Ltd.,Sumeru Securities Pvt. Ltd.,60,553.0,33180.0,2025-07-20T14:47:32.188999
2025-07-20,18734,2025072003036771,CFCL,Sani Securities Company Ltd.,Sumeru Securities Pvt. Ltd.,69,552.4,38115.6,2025-07-20T14:47:32.18908
2025-07-20,18054,2025072003036944,CFCL,Sani Securities Company Ltd.,Dipshikha Dhitopatra Karobar Co. Pvt Ltd.,81,552.4,44744.4,2025-07-20T14:48:05.668602
2025-07-20,18053,2025072003036945,CFCL,Linch Stock Market Ltd.,Dipshikha Dhitopatra Karobar Co. Pvt Ltd.,169,552.3,93338.7,2025-07-20T14:48:05.668645
2025-07-20,17993,2025072003036950,CFCL,Linch Stock Market Ltd.,Trisul Securities & Invt. Ltd.,185,552.3,102175.5,2025-07-20T14:48:09.304383
2025-07-20,17954,2025072003036954,CFCL,Linch Stock Market Ltd.,Asian Securities Private Ltd.,246,552.3,135865.8,2025-07-20T14:48:11.668715
2025-07-20,17445,2025072003037068,CFCL,SUN SECURITIES PVT LTD,Trishakti Securities Public Limited,200,552.2,110440.0,2025-07-20T14:48:37.58377
2025-07-20,17444,2025072003037069,CFCL,Aryatara Investment & Securities,Trishakti Securities Public Limited,178,552.0,98256.0,2025-07-20T14:48:37.583914
2025-07-20,17443,2025072003037070,CFCL,Dynamic Money Managers Securities Pvt. Ltd.,Trishakti Securities Public Limited,500,551.0,275500.0,2025-07-20T14:48:37.583974
2025-07-20,17442,2025072003037071,CFCL,Market Securities & Exchange (PVT) Ltd.,Trishakti Securities Public Limited,80,551.0,44080.0,2025-07-20T14:48:37.584034
2025-07-20,17441,2025072003037072,CFCL,Trishakti Securities Public Limited,Trishakti Securities Public Limited,50,550.1,27505.0,2025-07-20T14:48:37.584087
2025-07-20,17440,2025072003037073,CFCL,Dakshinkali Investment & Securities Pvt. Ltd.,Trishakti Securities Public Limited,50,550.1,27505.0,2025-07-20T14:48:37.584158
2025-07-20,17439,2025072003037074,CFCL,Vision Securities Pvt. Ltd,Trishakti Securities Public Limited,200,550.0,110000.0,2025-07-20T14:48:37.584227
2025-07-20,17438,2025072003037075,CFCL,Premier Securities Company Ltd.,Trishakti Securities Public Limited,20,550.0,11000.0,2025-07-20T14:48:37.584291
2025-07-20,17437,2025072003037076,CFCL,Aryatara Investment & Securities,Trishakti Securities Public Limited,100,550.0,55000.0,2025-07-20T14:48:37.584351
2025-07-20,17436,2025072003037077,CFCL,Nepal Stock House (PVT) Ltd.,Trishakti Securities Public Limited,20,550.0,11000.0,2025-07-20T14:48:37.584408
2025-07-20,17435,2025072003037078,CFCL,Primo Securities (PVT) Ltd.,Trishakti Securities Public Limited,200,550.0,110000.0,2025-07-20T14:48:37.584463
2025-07-20,17434,2025072003037079,CFCL,Vision Securities Pvt. Ltd,Trishakti Securities Public Limited,50,550.0,27500.0,2025-07-20T14:48:37.584532
2025-07-20,17433,2025072003037080,CFCL,Naasa Securities Co. Ltd.,Trishakti Securities Public Limited,150,550.0,82500.0,2025-07-20T14:48:37.584595
2025-07-20,17432,2025072003037081,CFCL,Sri Hari Securities Pvt. Ltd.,Trishakti Securities Public Limited,500,550.0,275000.0,2025-07-20T14:48:37.584649
2025-07-20,17431,2025072003037082,CFCL,Sani Securities Company Ltd.,Trishakti Securities Public Limited,55,550.0,30250.0,2025-07-20T14:48:37.584705
2025-07-20,17430,2025072003037083,CFCL,Creative Securities Pvt Ltd,Trishakti Securities Public Limited,30,550.0,16500.0,2025-07-20T14:48:37.584759
2025-07-20,17429,2025072003037084,CFCL,Aryatara Investment & Securities,Trishakti Securities Public Limited,208,550.0,114400.0,2025-07-20T14:48:37.584819
2025-07-20,17428,2025072003037085,CFCL,Kalika Securities Pvt. Ltd.,Trishakti Securities Public Limited,185,550.0,101750.0,2025-07-20T14:48:37.584878
2025-07-20,17427,2025072003037086,CFCL,Trisul Securities & Invt. Ltd.,Trishakti Securities Public Limited,100,550.0,55000.0,2025-07-20T14:48:37.584947
2025-07-20,17010,2025072003037197,CFCL,Agrawal Securities (PVT) Ltd.,Asian Securities Private Ltd.,200,549.0,109800.0,2025-07-20T14:48:59.122132
2025-07-20,16534,2025072003037333,CFCL,Dakshinkali Investment & Securities Pvt. Ltd.,Asian Securities Private Ltd.,54,549.0,29646.0,2025-07-20T14:49:21.997447
2025-07-20,16423,2025072003037356,CFCL,Sani Securities Company Ltd.,Trishakti Securities Public Limited,20,549.0,10980.0,2025-07-20T14:49:26.380211
2025-07-20,16422,2025072003037357,CFCL,Infinity Securities Limited,Trishakti Securities Public Limited,300,548.3,164490.0,2025-07-20T14:49:26.380319
2025-07-20,16421,2025072003037358,CFCL,K.B.L. Securities Limited ,Trishakti Securities Public Limited,341,548.2,186936.2,2025-07-20T14:49:26.380376
2025-07-20,16012,2025072003037467,CFCL,Ashutosh Brokerage & Securities (PVT) Ltd.,Aryatara Investment & Securities,15,555.0,8325.0,2025-07-20T14:49:46.879793
2025-07-20,14720,2025072003037802,CFCL,Shree Krishna Securities Ltd.,Sumeru Securities Pvt. Ltd.,200,553.0,110600.0,2025-07-20T14:50:47.00664
2025-07-20,10404,2025072003038808,CFCL,Vision Securities Pvt. Ltd,Imperial Securities Company Pvt. Ltd.,100,553.0,55300.0,2025-07-20T14:54:06.601827
2025-07-20,8146,2025072003039358,CFCL,Bhrikuti Stock Broking Co. Pvt. Ltd.,Midas Stock Broking Company Private Limited,100,551.0,55100.0,2025-07-20T14:55:46.009813
2025-07-20,8144,2025072003039359,CFCL,Nepal Investment And Securities Trading Private Limited,Midas Stock Broking Company Private Limited,10,550.0,5500.0,2025-07-20T14:55:46.009966
2025-07-20,8143,2025072003039360,CFCL,Kohinoor Investment & Securities Pvt. Ltd.,Midas Stock Broking Company Private Limited,10,550.0,5500.0,2025-07-20T14:55:46.01004
2025-07-20,8142,2025072003039361,CFCL,Aryatara Investment & Securities,Midas Stock Broking Company Private Limited,90,550.0,49500.0,2025-07-20T14:55:46.010087
2025-07-20,6163,2025072003039715,CFCL,Aryatara Investment & Securities,Aryatara Investment & Securities,85,550.0,46750.0,2025-07-20T14:57:02.888049
2025-07-20,4423,2025072003040151,CFCL,Aryatara Investment & Securities,Dipshikha Dhitopatra Karobar Co. Pvt Ltd.,175,550.0,96250.0,2025-07-20T14:58:06.938608
2025-07-20,4422,2025072003040152,CFCL,Aryatara Investment & Securities,Dipshikha Dhitopatra Karobar Co. Pvt Ltd.,200,550.0,110000.0,2025-07-20T14:58:06.938715
2025-07-20,3415,2025072003040388,CFCL,Primo Securities (PVT) Ltd.,Sundhara Securities Limited,50,553.0,27650.0,2025-07-20T14:58:40.670626
2025-07-20,2038,2025072003040716,CFCL,Sani Securities Company Ltd.,Sundhara Securities Limited,50,551.0,27550.0,2025-07-20T14:59:20.930431
2025-07-20,2037,2025072003040717,CFCL,Sani Securities Company Ltd.,Swarna Laxmi Securities Pvt. Ltd.,50,552.8,27640.0,2025-07-20T14:59:20.930551
2025-07-20,1488,2025072003040828,CFCL,Secured Securities Ltd.,Sri Hari Securities Pvt. Ltd.,100,550.0,55000.0,2025-07-20T14:59:32.612878
