Date,S.N.,Contract ID,Symbol,Buyer Broker,Seller Broker,volume,rate,amount,transaction_time
2025-07-20,176937,2025072005000208,CIT,KALASH STOCK MARKET PVT. LTD.,Primo Securities (PVT) Ltd.,100,2019.9,201990.0,2025-07-20T11:02:13.201805
2025-07-20,176100,2025072005000334,CIT,Siprabi Securities Pvt. Ltd.,Nepal Investment And Securities Trading Private Limited,10,2023.0,20230.0,2025-07-20T11:03:18.702551
2025-07-20,176099,2025072005000335,CIT,Siprabi Securities Pvt. Ltd.,Deevyaa Securities & Stock House Pvt. Ltd,31,2024.0,62744.0,2025-07-20T11:03:18.702611
2025-07-20,175429,2025072005000465,CIT,Dipshikha Dhitopatra Karobar Co. Pvt Ltd.,Deevyaa Securities & Stock House Pvt. Ltd,29,2024.0,58696.0,2025-07-20T11:04:11.765891
2025-07-20,174305,2025072005000720,CIT,Sweta Securities Private Limited,Nepal Investment And Securities Trading Private Limited,10,2025.0,20250.0,2025-07-20T11:05:30.107703
2025-07-20,174239,2025072005000746,CIT,Online Securities Pvt. Ltd.,Nepal Investment And Securities Trading Private Limited,30,2025.0,60750.0,2025-07-20T11:05:34.867254
2025-07-20,173551,2025072005000867,CIT,Oxford Securities Pvt. Ltd.,Vision Securities Pvt. Ltd,50,2025.0,101250.0,2025-07-20T11:06:17.892485
2025-07-20,172957,2025072005000979,CIT,Oxford Securities Pvt. Ltd.,Sewa Securities Pvt. Ltd.,40,2025.0,81000.0,2025-07-20T11:06:57.517957
2025-07-20,172558,2025072005001028,CIT,South Asian Bulls Pvt. Ltd.,Sewa Securities Pvt. Ltd.,25,2025.0,50625.0,2025-07-20T11:07:22.14687
2025-07-20,172432,2025072005001054,CIT,Dipshikha Dhitopatra Karobar Co. Pvt Ltd.,Dynamic Money Managers Securities Pvt. Ltd.,71,2024.0,143704.0,2025-07-20T11:07:28.370614
2025-07-20,171994,2025072005001137,CIT,Kumari Securities Private Limited,Nepal Investment And Securities Trading Private Limited,10,2021.0,20210.0,2025-07-20T11:07:55.446499
2025-07-20,171957,2025072005001143,CIT,Kumari Securities Private Limited,Aryatara Investment & Securities,32,2021.0,64672.0,2025-07-20T11:07:57.801831
2025-07-20,171836,2025072005001157,CIT,Cristal Kanchanjanga Securites Pvt. Ltd.,Dynamic Money Managers Securities Pvt. Ltd.,13,2024.0,26312.0,2025-07-20T11:08:05.145056
2025-07-20,171835,2025072005001158,CIT,Cristal Kanchanjanga Securites Pvt. Ltd.,Neev Securities Pvt. Ltd.,40,2025.0,81000.0,2025-07-20T11:08:05.145267
2025-07-20,171834,2025072005001159,CIT,Cristal Kanchanjanga Securites Pvt. Ltd.,Aryatara Investment & Securities,47,2025.0,95175.0,2025-07-20T11:08:05.145418
2025-07-20,171808,2025072005001163,CIT,Kumari Securities Private Limited,Dipshikha Dhitopatra Karobar Co. Pvt Ltd.,63,2021.0,127323.0,2025-07-20T11:08:08.289264
2025-07-20,171375,2025072005001238,CIT,Kumari Securities Private Limited,Online Securities Pvt. Ltd.,28,2021.0,56588.0,2025-07-20T11:08:33.576612
2025-07-20,170933,2025072005001284,CIT,Kumari Securities Private Limited,Online Securities Pvt. Ltd.,27,2021.0,54567.0,2025-07-20T11:08:55.909644
2025-07-20,170731,2025072005001306,CIT,Pragyan Securities (PVT) Ltd.,Online Securities Pvt. Ltd.,10,2020.0,20200.0,2025-07-20T11:09:08.359175
2025-07-20,170730,2025072005001307,CIT,Sweta Securities Private Limited,Online Securities Pvt. Ltd.,10,2020.0,20200.0,2025-07-20T11:09:08.359282
2025-07-20,170584,2025072005001331,CIT,Sani Securities Company Ltd.,Arun Securities (PVT) Ltd.,10,2024.0,20240.0,2025-07-20T11:09:17.443906
2025-07-20,170583,2025072005001332,CIT,Sani Securities Company Ltd.,Kumari Securities Private Limited,18,2024.0,36432.0,2025-07-20T11:09:17.444028
2025-07-20,170582,2025072005001333,CIT,Sani Securities Company Ltd.,Aryatara Investment & Securities,22,2025.0,44550.0,2025-07-20T11:09:17.444074
2025-07-20,170189,2025072005001372,CIT,Imperial Securities Company Pvt. Ltd.,Sri Hari Securities Pvt. Ltd.,50,2015.0,100750.0,2025-07-20T11:09:43.608979
2025-07-20,169371,2025072005001478,CIT,Imperial Securities Company Pvt. Ltd.,Deevyaa Securities & Stock House Pvt. Ltd,25,2015.0,50375.0,2025-07-20T11:10:39.277282
2025-07-20,169190,2025072005001517,CIT,Dipshikha Dhitopatra Karobar Co. Pvt Ltd.,Opal Securities Investment (PVT) Ltd.,45,2012.1,90544.5,2025-07-20T11:10:53.676189
2025-07-20,169118,2025072005001522,CIT,Dipshikha Dhitopatra Karobar Co. Pvt Ltd.,Deevyaa Securities & Stock House Pvt. Ltd,55,2012.1,110665.5,2025-07-20T11:10:59.364832
2025-07-20,168910,2025072005001553,CIT,Naasa Securities Co. Ltd.,Online Securities Pvt. Ltd.,50,2010.0,100500.0,2025-07-20T11:11:15.070588
2025-07-20,168909,2025072005001554,CIT,Sani Securities Company Ltd.,Online Securities Pvt. Ltd.,60,2010.0,120600.0,2025-07-20T11:11:15.070696
2025-07-20,168378,2025072005001643,CIT,Dipshikha Dhitopatra Karobar Co. Pvt Ltd.,Deevyaa Securities & Stock House Pvt. Ltd,25,2001.0,50025.0,2025-07-20T11:11:48.260173
2025-07-20,168360,2025072005001649,CIT,Dipshikha Dhitopatra Karobar Co. Pvt Ltd.,Imperial Securities Company Pvt. Ltd.,100,2000.0,200000.0,2025-07-20T11:11:49.705882
2025-07-20,168226,2025072005001677,CIT,Shree Krishna Securities Ltd.,Online Securities Pvt. Ltd.,49,2000.0,98000.0,2025-07-20T11:11:57.943064
2025-07-20,168019,2025072005001715,CIT,Sani Securities Company Ltd.,Deevyaa Securities & Stock House Pvt. Ltd,50,2000.0,100000.0,2025-07-20T11:12:14.710904
2025-07-20,168018,2025072005001716,CIT,Naasa Securities Co. Ltd.,Deevyaa Securities & Stock House Pvt. Ltd,10,2000.0,20000.0,2025-07-20T11:12:14.711065
2025-07-20,168017,2025072005001717,CIT,Sweta Securities Private Limited,Deevyaa Securities & Stock House Pvt. Ltd,10,2000.0,20000.0,2025-07-20T11:12:14.711107
2025-07-20,167210,2025072005001835,CIT,Vision Securities Pvt. Ltd,Deevyaa Securities & Stock House Pvt. Ltd,22,2000.0,44000.0,2025-07-20T11:13:11.414512
2025-07-20,166253,2025072005001968,CIT,Sweta Securities Private Limited,Sundhara Securities Limited,50,1997.0,99850.0,2025-07-20T11:14:23.765621
2025-07-20,166252,2025072005001969,CIT,Sani Securities Company Ltd.,Sundhara Securities Limited,29,1995.0,57855.0,2025-07-20T11:14:23.765717
2025-07-20,165747,2025072005002065,CIT,Investment Management Nepal Pvt. Ltd.,Sani Securities Company Ltd.,76,1997.1,151779.6,2025-07-20T11:15:01.920535
2025-07-20,165638,2025072005002091,CIT,Investment Management Nepal Pvt. Ltd.,Kohinoor Investment & Securities Pvt. Ltd.,10,1997.1,19971.0,2025-07-20T11:15:12.511966
2025-07-20,164900,2025072005002269,CIT,Sumeru Securities Pvt. Ltd.,Deevyaa Securities & Stock House Pvt. Ltd,25,2000.0,50000.0,2025-07-20T11:15:58.215919
2025-07-20,164350,2025072005002424,CIT,J.F. Securites (PVT) Ltd.,Deevyaa Securities & Stock House Pvt. Ltd,10,2000.0,20000.0,2025-07-20T11:16:28.968602
2025-07-20,164179,2025072005002452,CIT,Dakshinkali Investment & Securities Pvt. Ltd.,Deevyaa Securities & Stock House Pvt. Ltd,200,2000.0,400000.0,2025-07-20T11:16:36.713074
2025-07-20,164059,2025072005002488,CIT,Nagarik Stock Dealer ,Deevyaa Securities & Stock House Pvt. Ltd,13,2000.0,26000.0,2025-07-20T11:16:44.374538
2025-07-20,164003,2025072005002497,CIT,Agrawal Securities (PVT) Ltd.,Deevyaa Securities & Stock House Pvt. Ltd,50,2000.0,100000.0,2025-07-20T11:16:47.581612
2025-07-20,164002,2025072005002498,CIT,Shree Krishna Securities Ltd.,Deevyaa Securities & Stock House Pvt. Ltd,5,2000.0,10000.0,2025-07-20T11:16:47.581713
2025-07-20,163870,2025072005002535,CIT,Secured Securities Ltd.,Dakshinkali Investment & Securities Pvt. Ltd.,53,2000.0,106000.0,2025-07-20T11:16:57.081638
2025-07-20,163869,2025072005002536,CIT,Secured Securities Ltd.,Sani Securities Company Ltd.,60,2000.0,120000.0,2025-07-20T11:16:57.081785
2025-07-20,163247,2025072005002658,CIT,Kumari Securities Private Limited,Trishakti Securities Public Limited,50,2003.0,100150.0,2025-07-20T11:17:36.015817
2025-07-20,162896,2025072005002743,CIT,Sumeru Securities Pvt. Ltd.,Primo Securities (PVT) Ltd.,2,2010.0,4020.0,2025-07-20T11:17:57.115409
2025-07-20,162810,2025072005002752,CIT,Sumeru Securities Pvt. Ltd.,Dynamic Money Managers Securities Pvt. Ltd.,1,2024.0,2024.0,2025-07-20T11:18:03.170664
2025-07-20,161866,2025072005002971,CIT,Bhrikuti Stock Broking Co. Pvt. Ltd.,Neev Securities Pvt. Ltd.,34,2010.0,68340.0,2025-07-20T11:19:05.223213
2025-07-20,161865,2025072005002972,CIT,Bhrikuti Stock Broking Co. Pvt. Ltd.,Sweta Securities Private Limited,29,2010.0,58290.0,2025-07-20T11:19:05.223445
2025-07-20,161864,2025072005002973,CIT,Bhrikuti Stock Broking Co. Pvt. Ltd.,Trisul Securities & Invt. Ltd.,50,2016.0,100800.0,2025-07-20T11:19:05.223579
2025-07-20,161863,2025072005002974,CIT,Bhrikuti Stock Broking Co. Pvt. Ltd.,Dipshikha Dhitopatra Karobar Co. Pvt Ltd.,37,2020.0,74740.0,2025-07-20T11:19:05.223703
2025-07-20,161161,2025072005003141,CIT,Sani Securities Company Ltd.,Dipshikha Dhitopatra Karobar Co. Pvt Ltd.,12,2020.0,24240.0,2025-07-20T11:19:52.271495
2025-07-20,161037,2025072005003181,CIT,Agrawal Securities (PVT) Ltd.,Miyo Securities Pvt Ltd,20,2005.0,40100.0,2025-07-20T11:20:04.121126
2025-07-20,161036,2025072005003182,CIT,Sweta Securities Private Limited,Miyo Securities Pvt Ltd,10,2005.0,20050.0,2025-07-20T11:20:04.121182
2025-07-20,161035,2025072005003183,CIT,Linch Stock Market Ltd.,Miyo Securities Pvt Ltd,200,2004.0,400800.0,2025-07-20T11:20:04.121208
2025-07-20,161034,2025072005003184,CIT,Kumari Securities Private Limited,Miyo Securities Pvt Ltd,110,2003.0,220330.0,2025-07-20T11:20:04.121237
2025-07-20,161033,2025072005003185,CIT,Sani Securities Company Ltd.,Miyo Securities Pvt Ltd,50,2003.0,100150.0,2025-07-20T11:20:04.121259
2025-07-20,161032,2025072005003186,CIT,Bhrikuti Stock Broking Co. Pvt. Ltd.,Miyo Securities Pvt Ltd,1000,2003.0,2003000.0,2025-07-20T11:20:04.121282
2025-07-20,161031,2025072005003187,CIT,KALASH STOCK MARKET PVT. LTD.,Miyo Securities Pvt Ltd,100,2003.0,200300.0,2025-07-20T11:20:04.121304
2025-07-20,161030,2025072005003188,CIT,Sani Securities Company Ltd.,Miyo Securities Pvt Ltd,10,2000.0,20000.0,2025-07-20T11:20:04.121335
2025-07-20,160680,2025072005003256,CIT,Secured Securities Ltd.,Sumeru Securities Pvt. Ltd.,30,2020.0,60600.0,2025-07-20T11:20:30.337982
2025-07-20,160535,2025072005003303,CIT,Sumeru Securities Pvt. Ltd.,Aryatara Investment & Securities,10,2025.0,20250.0,2025-07-20T11:20:40.411585
2025-07-20,158691,2025072005003694,CIT,Linch Stock Market Ltd.,Miyo Securities Pvt Ltd,134,2001.0,268134.0,2025-07-20T11:22:36.629455
2025-07-20,158690,2025072005003695,CIT,Sani Securities Company Ltd.,Miyo Securities Pvt Ltd,42,2000.0,84000.0,2025-07-20T11:22:36.629506
2025-07-20,158689,2025072005003696,CIT,Kohinoor Investment & Securities Pvt. Ltd.,Miyo Securities Pvt Ltd,10,2000.0,20000.0,2025-07-20T11:22:36.629543
2025-07-20,158688,2025072005003697,CIT,Dakshinkali Investment & Securities Pvt. Ltd.,Miyo Securities Pvt Ltd,200,2000.0,400000.0,2025-07-20T11:22:36.629567
2025-07-20,158687,2025072005003698,CIT,Siprabi Securities Pvt. Ltd.,Miyo Securities Pvt Ltd,14,1998.1,27973.4,2025-07-20T11:22:36.62959
2025-07-20,158366,2025072005003759,CIT,Online Securities Pvt. Ltd.,Sundhara Securities Limited,25,2000.0,50000.0,2025-07-20T11:22:59.3908
2025-07-20,157696,2025072005003903,CIT,Naasa Securities Co. Ltd.,Aryatara Investment & Securities,10,2020.0,20200.0,2025-07-20T11:23:42.011012
2025-07-20,155944,2025072005004267,CIT,Thrive Brokerage House Pvt. Ltd,Aryatara Investment & Securities,13,2001.0,26013.0,2025-07-20T11:25:41.726472
2025-07-20,155943,2025072005004268,CIT,Siprabi Securities Pvt. Ltd.,Aryatara Investment & Securities,56,2000.2,112011.2,2025-07-20T11:25:41.726607
2025-07-20,155942,2025072005004269,CIT,Online Securities Pvt. Ltd.,Aryatara Investment & Securities,32,2000.1,64003.2,2025-07-20T11:25:41.726655
2025-07-20,155880,2025072005004276,CIT,Sani Securities Company Ltd.,Asian Securities Private Ltd.,10,2019.9,20199.0,2025-07-20T11:25:45.943976
2025-07-20,153271,2025072005004683,CIT,ABC Securities Private Limited,Imperial Securities Company Pvt. Ltd.,20,2019.0,40380.0,2025-07-20T11:28:56.583924
2025-07-20,151765,2025072005004995,CIT,Sumeru Securities Pvt. Ltd.,Online Securities Pvt. Ltd.,2,1981.2,3962.4,2025-07-20T11:30:49.001892
2025-07-20,150717,2025072005005225,CIT,Siprabi Securities Pvt. Ltd.,Imperial Securities Company Pvt. Ltd.,50,2019.0,100950.0,2025-07-20T11:32:08.148405
2025-07-20,149636,2025072005005489,CIT,Arun Securities (PVT) Ltd.,Imperial Securities Company Pvt. Ltd.,25,2019.0,50475.0,2025-07-20T11:33:23.042727
2025-07-20,149635,2025072005005490,CIT,Secured Securities Ltd.,Imperial Securities Company Pvt. Ltd.,5,2019.0,10095.0,2025-07-20T11:33:23.042867
2025-07-20,148905,2025072005005618,CIT,Sweta Securities Private Limited,Asian Securities Private Ltd.,10,2019.9,20199.0,2025-07-20T11:34:21.196007
2025-07-20,144745,2025072005006433,CIT,Aryatara Investment & Securities,Secured Securities Ltd.,30,2018.0,60540.0,2025-07-20T11:39:19.537987
2025-07-20,144744,2025072005006434,CIT,Aryatara Investment & Securities,Dipshikha Dhitopatra Karobar Co. Pvt Ltd.,64,2018.0,129152.0,2025-07-20T11:39:19.538191
2025-07-20,144080,2025072005006560,CIT,Dipshikha Dhitopatra Karobar Co. Pvt Ltd.,Naasa Securities Co. Ltd.,20,2012.0,40240.0,2025-07-20T11:40:15.056299
2025-07-20,143575,2025072005006632,CIT,Sri Hari Securities Pvt. Ltd.,Capital Max Securities Ltd,100,2011.0,201100.0,2025-07-20T11:40:55.422539
2025-07-20,143574,2025072005006633,CIT,Aryatara Investment & Securities,Capital Max Securities Ltd,12,2010.0,24120.0,2025-07-20T11:40:55.422692
2025-07-20,142754,2025072005006750,CIT,Malla & Malla Stock Broking Company Pvt. Limited,Miyo Securities Pvt Ltd,20,2012.0,40240.0,2025-07-20T11:41:52.437784
2025-07-20,142753,2025072005006751,CIT,Agrawal Securities (PVT) Ltd.,Miyo Securities Pvt Ltd,100,2010.0,201000.0,2025-07-20T11:41:52.437921
2025-07-20,142752,2025072005006752,CIT,Sewa Securities Pvt. Ltd.,Miyo Securities Pvt Ltd,10,2010.0,20100.0,2025-07-20T11:41:52.437991
2025-07-20,142751,2025072005006753,CIT,Pragyan Securities (PVT) Ltd.,Miyo Securities Pvt Ltd,30,2007.3,60219.0,2025-07-20T11:41:52.438066
2025-07-20,142750,2025072005006754,CIT,Imperial Securities Company Pvt. Ltd.,Miyo Securities Pvt Ltd,30,2007.2,60216.0,2025-07-20T11:41:52.438142
2025-07-20,142749,2025072005006755,CIT,J.F. Securites (PVT) Ltd.,Miyo Securities Pvt Ltd,10,2007.0,20070.0,2025-07-20T11:41:52.438221
2025-07-20,139727,2025072005007285,CIT,J.F. Securites (PVT) Ltd.,Secured Securities Ltd.,40,2015.0,80600.0,2025-07-20T11:45:05.620884
2025-07-20,139632,2025072005007320,CIT,Nabil Stock Dealer Ltd.,Miyo Securities Pvt Ltd,85,2011.0,170935.0,2025-07-20T11:45:13.0785
2025-07-20,139631,2025072005007321,CIT,Opal Securities Investment (PVT) Ltd.,Miyo Securities Pvt Ltd,15,2010.0,30150.0,2025-07-20T11:45:13.078562
2025-07-20,139630,2025072005007322,CIT,Primo Securities (PVT) Ltd.,Miyo Securities Pvt Ltd,150,2010.0,301500.0,2025-07-20T11:45:13.078588
2025-07-20,139629,2025072005007323,CIT,Pragyan Securities (PVT) Ltd.,Miyo Securities Pvt Ltd,20,2010.0,40200.0,2025-07-20T11:45:13.078613
2025-07-20,139628,2025072005007324,CIT,Dipshikha Dhitopatra Karobar Co. Pvt Ltd.,Miyo Securities Pvt Ltd,43,2010.0,86430.0,2025-07-20T11:45:13.078646
2025-07-20,139627,2025072005007325,CIT,Dipshikha Dhitopatra Karobar Co. Pvt Ltd.,Miyo Securities Pvt Ltd,20,2010.0,40200.0,2025-07-20T11:45:13.078669
2025-07-20,139626,2025072005007326,CIT,Primo Securities (PVT) Ltd.,Miyo Securities Pvt Ltd,150,2008.0,301200.0,2025-07-20T11:45:13.078694
2025-07-20,139625,2025072005007327,CIT,Vision Securities Pvt. Ltd,Miyo Securities Pvt Ltd,100,2008.0,200800.0,2025-07-20T11:45:13.078714
2025-07-20,139624,2025072005007328,CIT,Dynamic Money Managers Securities Pvt. Ltd.,Miyo Securities Pvt Ltd,10,2007.0,20070.0,2025-07-20T11:45:13.078739
2025-07-20,139623,2025072005007329,CIT,Trishakti Securities Public Limited,Miyo Securities Pvt Ltd,407,2007.0,816849.0,2025-07-20T11:45:13.078763
2025-07-20,138647,2025072005007540,CIT,Linch Stock Market Ltd.,Arun Securities (PVT) Ltd.,44,2010.0,88440.0,2025-07-20T11:46:10.035146
2025-07-20,138410,2025072005007584,CIT,Vision Securities Pvt. Ltd,Prabhu Stock Market Limited,100,2007.1,200710.0,2025-07-20T11:46:23.811685
2025-07-20,138397,2025072005007585,CIT,Imperial Securities Company Pvt. Ltd.,Ashutosh Brokerage & Securities (PVT) Ltd.,50,2007.0,100350.0,2025-07-20T11:46:24.754818
2025-07-20,138396,2025072005007586,CIT,Malla & Malla Stock Broking Company Pvt. Limited,Ashutosh Brokerage & Securities (PVT) Ltd.,30,2007.0,60210.0,2025-07-20T11:46:24.754852
2025-07-20,138395,2025072005007587,CIT,Linch Stock Market Ltd.,Ashutosh Brokerage & Securities (PVT) Ltd.,200,2006.3,401260.0,2025-07-20T11:46:24.754874
2025-07-20,138394,2025072005007588,CIT,Nagarik Stock Dealer ,Ashutosh Brokerage & Securities (PVT) Ltd.,182,2006.2,365128.4,2025-07-20T11:46:24.754906
2025-07-20,137965,2025072005007667,CIT,Dipshikha Dhitopatra Karobar Co. Pvt Ltd.,Arun Securities (PVT) Ltd.,10,2010.0,20100.0,2025-07-20T11:46:53.389267
2025-07-20,137542,2025072005007734,CIT,Kohinoor Investment & Securities Pvt. Ltd.,Miyo Securities Pvt Ltd,100,2006.7,200670.0,2025-07-20T11:47:21.503001
2025-07-20,137541,2025072005007735,CIT,Nagarik Stock Dealer ,Miyo Securities Pvt Ltd,118,2006.2,236731.6,2025-07-20T11:47:21.503104
2025-07-20,137540,2025072005007736,CIT,ABC Securities Private Limited,Miyo Securities Pvt Ltd,15,2005.0,30075.0,2025-07-20T11:47:21.503182
2025-07-20,137539,2025072005007737,CIT,Dynamic Money Managers Securities Pvt. Ltd.,Miyo Securities Pvt Ltd,10,2004.0,20040.0,2025-07-20T11:47:21.503251
2025-07-20,137538,2025072005007738,CIT,Bhrikuti Stock Broking Co. Pvt. Ltd.,Miyo Securities Pvt Ltd,100,2004.0,200400.0,2025-07-20T11:47:21.503305
2025-07-20,137537,2025072005007739,CIT,Bhrikuti Stock Broking Co. Pvt. Ltd.,Miyo Securities Pvt Ltd,100,2004.0,200400.0,2025-07-20T11:47:21.503379
2025-07-20,137536,2025072005007740,CIT,Dipshikha Dhitopatra Karobar Co. Pvt Ltd.,Miyo Securities Pvt Ltd,57,2003.4,114193.8,2025-07-20T11:47:21.503453
2025-07-20,136445,2025072005007952,CIT,Dipshikha Dhitopatra Karobar Co. Pvt Ltd.,Naasa Securities Co. Ltd.,43,2003.4,86146.2,2025-07-20T11:48:40.731827
2025-07-20,136276,2025072005007986,CIT,Deevyaa Securities & Stock House Pvt. Ltd,Naasa Securities Co. Ltd.,42,2002.0,84084.0,2025-07-20T11:48:55.000357
2025-07-20,136275,2025072005007987,CIT,Asian Securities Private Ltd.,Naasa Securities Co. Ltd.,32,2000.2,64006.4,2025-07-20T11:48:55.000536
2025-07-20,136274,2025072005007988,CIT,Online Securities Pvt. Ltd.,Naasa Securities Co. Ltd.,15,2000.1,30001.5,2025-07-20T11:48:55.000622
2025-07-20,136273,2025072005007989,CIT,Asian Securities Private Ltd.,Naasa Securities Co. Ltd.,50,2000.1,100005.0,2025-07-20T11:48:55.000689
2025-07-20,136129,2025072005008008,CIT,Asian Securities Private Ltd.,Miyo Securities Pvt Ltd,20,2000.1,40002.0,2025-07-20T11:49:06.916462
2025-07-20,135936,2025072005008030,CIT,Asian Securities Private Ltd.,Naasa Securities Co. Ltd.,17,2000.1,34001.7,2025-07-20T11:49:19.489424
2025-07-20,135765,2025072005008051,CIT,Asian Securities Private Ltd.,Siprabi Securities Pvt. Ltd.,13,2000.1,26001.3,2025-07-20T11:49:30.527631
2025-07-20,135764,2025072005008052,CIT,J.F. Securites (PVT) Ltd.,Siprabi Securities Pvt. Ltd.,10,2000.1,20001.0,2025-07-20T11:49:30.527804
2025-07-20,135763,2025072005008053,CIT,J.F. Securites (PVT) Ltd.,Siprabi Securities Pvt. Ltd.,10,2000.0,20000.0,2025-07-20T11:49:30.52787
2025-07-20,135762,2025072005008054,CIT,Dakshinkali Investment & Securities Pvt. Ltd.,Siprabi Securities Pvt. Ltd.,17,2000.0,34000.0,2025-07-20T11:49:30.527941
2025-07-20,135039,2025072005008147,CIT,Capital Hub P. Ltd,Secured Securities Ltd.,10,2000.2,20002.0,2025-07-20T11:50:16.458702
2025-07-20,135038,2025072005008148,CIT,South Asian Bulls Pvt. Ltd.,Secured Securities Ltd.,10,2000.2,20002.0,2025-07-20T11:50:16.458917
2025-07-20,135037,2025072005008149,CIT,Dakshinkali Investment & Securities Pvt. Ltd.,Secured Securities Ltd.,110,2000.0,220000.0,2025-07-20T11:50:16.458985
2025-07-20,134518,2025072005008227,CIT,Thrive Brokerage House Pvt. Ltd,Cristal Kanchanjanga Securites Pvt. Ltd.,100,2001.0,200100.0,2025-07-20T11:51:02.290804
2025-07-20,134517,2025072005008228,CIT,Dakshinkali Investment & Securities Pvt. Ltd.,Cristal Kanchanjanga Securites Pvt. Ltd.,73,2000.0,146000.0,2025-07-20T11:51:02.291113
2025-07-20,134516,2025072005008229,CIT,Global IME Securities Limited,Cristal Kanchanjanga Securites Pvt. Ltd.,19,2000.0,38000.0,2025-07-20T11:51:02.291398
2025-07-20,134215,2025072005008293,CIT,Capital Hub P. Ltd,Imperial Securities Company Pvt. Ltd.,23,2000.1,46002.3,2025-07-20T11:51:28.023267
2025-07-20,134214,2025072005008294,CIT,Global IME Securities Limited,Imperial Securities Company Pvt. Ltd.,31,2000.0,62000.0,2025-07-20T11:51:28.023615
2025-07-20,134213,2025072005008295,CIT,Swarna Laxmi Securities Pvt. Ltd.,Imperial Securities Company Pvt. Ltd.,46,2000.0,92000.0,2025-07-20T11:51:28.023803
2025-07-20,132393,2025072005008607,CIT,Aryatara Investment & Securities,ABC Securities Private Limited,3,2010.0,6030.0,2025-07-20T11:54:11.710277
2025-07-20,132315,2025072005008625,CIT,Ashutosh Brokerage & Securities (PVT) Ltd.,Vision Securities Pvt. Ltd,100,2000.2,200020.0,2025-07-20T11:54:17.293159
2025-07-20,132314,2025072005008626,CIT,Asian Securities Private Ltd.,Vision Securities Pvt. Ltd,500,2000.1,1000050.0,2025-07-20T11:54:17.29338
2025-07-20,132313,2025072005008627,CIT,Kohinoor Investment & Securities Pvt. Ltd.,Vision Securities Pvt. Ltd,10,2000.0,20000.0,2025-07-20T11:54:17.293489
2025-07-20,132312,2025072005008628,CIT,Nepal Investment And Securities Trading Private Limited,Vision Securities Pvt. Ltd,13,2000.0,26000.0,2025-07-20T11:54:17.293565
2025-07-20,132311,2025072005008629,CIT,Primo Securities (PVT) Ltd.,Vision Securities Pvt. Ltd,50,2000.0,100000.0,2025-07-20T11:54:17.293627
2025-07-20,132142,2025072005008659,CIT,Sumeru Securities Pvt. Ltd.,Vision Securities Pvt. Ltd,10,2000.0,20000.0,2025-07-20T11:54:34.088835
2025-07-20,131854,2025072005008716,CIT,Asian Securities Private Ltd.,Vision Securities Pvt. Ltd,10,2000.0,20000.0,2025-07-20T11:54:55.892408
2025-07-20,131796,2025072005008724,CIT,Opal Securities Investment (PVT) Ltd.,Vision Securities Pvt. Ltd,300,2000.0,600000.0,2025-07-20T11:55:03.57617
2025-07-20,131739,2025072005008745,CIT,Sewa Securities Pvt. Ltd.,Asian Securities Private Ltd.,26,1998.1,51950.6,2025-07-20T11:55:09.349241
2025-07-20,131088,2025072005008871,CIT,Imperial Securities Company Pvt. Ltd.,Asian Securities Private Ltd.,10,2004.0,20040.0,2025-07-20T11:56:20.11795
2025-07-20,130417,2025072005008973,CIT,Linch Stock Market Ltd.,Nepal Stock House (PVT) Ltd.,10,2004.0,20040.0,2025-07-20T11:57:17.138879
2025-07-20,130416,2025072005008974,CIT,Linch Stock Market Ltd.,J.F. Securites (PVT) Ltd.,10,2010.0,20100.0,2025-07-20T11:57:17.139086
2025-07-20,130150,2025072005009024,CIT,Malla & Malla Stock Broking Company Pvt. Limited,J.F. Securites (PVT) Ltd.,15,2010.0,30150.0,2025-07-20T11:57:47.622934
2025-07-20,128504,2025072005009269,CIT,Linch Stock Market Ltd.,Capital Max Securities Ltd,18,2001.1,36019.8,2025-07-20T12:00:31.569135
2025-07-20,128401,2025072005009288,CIT,Linch Stock Market Ltd.,Miyo Securities Pvt Ltd,182,2001.1,364200.2,2025-07-20T12:00:42.279567
2025-07-20,128400,2025072005009289,CIT,Online Securities Pvt. Ltd.,Miyo Securities Pvt Ltd,50,2001.1,100055.0,2025-07-20T12:00:42.27965
2025-07-20,128399,2025072005009290,CIT,Sweta Securities Private Limited,Miyo Securities Pvt Ltd,50,2000.1,100005.0,2025-07-20T12:00:42.279704
2025-07-20,128398,2025072005009291,CIT,Sani Securities Company Ltd.,Miyo Securities Pvt Ltd,20,2000.0,40000.0,2025-07-20T12:00:42.27973
2025-07-20,128397,2025072005009292,CIT,Naasa Securities Co. Ltd.,Miyo Securities Pvt Ltd,25,2000.0,50000.0,2025-07-20T12:00:42.279755
2025-07-20,128396,2025072005009293,CIT,Primo Securities (PVT) Ltd.,Miyo Securities Pvt Ltd,40,2000.0,80000.0,2025-07-20T12:00:42.279777
2025-07-20,128395,2025072005009294,CIT,Swarna Laxmi Securities Pvt. Ltd.,Miyo Securities Pvt Ltd,10,2000.0,20000.0,2025-07-20T12:00:42.279799
2025-07-20,128394,2025072005009295,CIT,Online Securities Pvt. Ltd.,Miyo Securities Pvt Ltd,23,2000.0,46000.0,2025-07-20T12:00:42.279821
2025-07-20,127170,2025072005009540,CIT,Sani Securities Company Ltd.,Secured Securities Ltd.,14,2011.0,28154.0,2025-07-20T12:02:48.203908
2025-07-20,126836,2025072005009600,CIT,Kohinoor Investment & Securities Pvt. Ltd.,Vision Securities Pvt. Ltd,7,2000.0,14000.0,2025-07-20T12:03:24.397745
2025-07-20,125948,2025072005009781,CIT,Sumeru Securities Pvt. Ltd.,Trademow Securities Private Limited,1,2000.5,2000.5,2025-07-20T12:04:51.255831
2025-07-20,123946,2025072005010137,CIT,Bhrikuti Stock Broking Co. Pvt. Ltd.,Creative Securities Pvt Ltd,10,2003.0,20030.0,2025-07-20T12:08:19.642004
2025-07-20,123248,2025072005010235,CIT,Secured Securities Ltd.,Creative Securities Pvt Ltd,11,2002.0,22022.0,2025-07-20T12:09:34.108084
2025-07-20,123056,2025072005010267,CIT,Linch Stock Market Ltd.,Premier Securities Company Ltd.,100,2010.0,201000.0,2025-07-20T12:09:52.903083
2025-07-20,122860,2025072005010295,CIT,Malla & Malla Stock Broking Company Pvt. Limited,Premier Securities Company Ltd.,85,2010.0,170850.0,2025-07-20T12:10:12.006539
2025-07-20,122233,2025072005010403,CIT,Imperial Securities Company Pvt. Ltd.,Miyo Securities Pvt Ltd,200,2003.0,400600.0,2025-07-20T12:11:23.324635
2025-07-20,122232,2025072005010404,CIT,Secured Securities Ltd.,Miyo Securities Pvt Ltd,189,2002.0,378378.0,2025-07-20T12:11:23.324781
2025-07-20,122231,2025072005010405,CIT,Online Securities Pvt. Ltd.,Miyo Securities Pvt Ltd,25,2002.0,50050.0,2025-07-20T12:11:23.324853
2025-07-20,122230,2025072005010406,CIT,Trisul Securities & Invt. Ltd.,Miyo Securities Pvt Ltd,86,2001.0,172086.0,2025-07-20T12:11:23.324928
2025-07-20,121758,2025072005010515,CIT,Trisul Securities & Invt. Ltd.,Aryatara Investment & Securities,14,2001.0,28014.0,2025-07-20T12:12:17.352065
2025-07-20,121757,2025072005010516,CIT,Sani Securities Company Ltd.,Aryatara Investment & Securities,10,2000.0,20000.0,2025-07-20T12:12:17.352549
2025-07-20,121166,2025072005010624,CIT,Sani Securities Company Ltd.,Sundhara Securities Limited,15,2000.0,30000.0,2025-07-20T12:13:19.962957
2025-07-20,121165,2025072005010625,CIT,Swarna Laxmi Securities Pvt. Ltd.,Sundhara Securities Limited,4,2000.0,8000.0,2025-07-20T12:13:19.963144
2025-07-20,120447,2025072005010760,CIT,Asian Securities Private Ltd.,ABC Securities Private Limited,30,2000.1,60003.0,2025-07-20T12:14:34.850206
2025-07-20,120446,2025072005010761,CIT,Primo Securities (PVT) Ltd.,ABC Securities Private Limited,10,2000.0,20000.0,2025-07-20T12:14:34.850398
2025-07-20,119797,2025072005010867,CIT,Agrawal Securities (PVT) Ltd.,K.B.L. Securities Limited ,10,2004.0,20040.0,2025-07-20T12:15:41.539214
2025-07-20,118889,2025072005010969,CIT,Sani Securities Company Ltd.,Oxford Securities Pvt. Ltd.,100,2005.0,200500.0,2025-07-20T12:16:52.82283
2025-07-20,118888,2025072005010970,CIT,Sani Securities Company Ltd.,Trisul Securities & Invt. Ltd.,20,2010.0,40200.0,2025-07-20T12:16:52.82304
2025-07-20,117616,2025072005011177,CIT,Online Securities Pvt. Ltd.,Online Securities Pvt. Ltd.,10,2011.0,20110.0,2025-07-20T12:18:54.178622
2025-07-20,116583,2025072005011370,CIT,Linch Stock Market Ltd.,Naasa Securities Co. Ltd.,5,2006.5,10032.5,2025-07-20T12:20:17.006233
2025-07-20,116462,2025072005011391,CIT,Linch Stock Market Ltd.,Creative Securities Pvt Ltd,1,2002.0,2002.0,2025-07-20T12:20:27.121296
2025-07-20,116354,2025072005011425,CIT,Linch Stock Market Ltd.,Arun Securities (PVT) Ltd.,1,1997.0,1997.0,2025-07-20T12:20:35.198641
2025-07-20,116211,2025072005011442,CIT,Sagarmatha Securities Private Limited,Arun Securities (PVT) Ltd.,46,2012.0,92552.0,2025-07-20T12:20:47.682884
2025-07-20,116210,2025072005011443,CIT,Sagarmatha Securities Private Limited,Aryatara Investment & Securities,34,2012.0,68408.0,2025-07-20T12:20:47.6831
2025-07-20,114795,2025072005011754,CIT,Sani Securities Company Ltd.,Malla & Malla Stock Broking Company Pvt. Limited,10,2012.0,20120.0,2025-07-20T12:23:02.666527
2025-07-20,114794,2025072005011755,CIT,Sani Securities Company Ltd.,Sani Securities Company Ltd.,10,2012.5,20125.0,2025-07-20T12:23:02.666768
2025-07-20,114400,2025072005011849,CIT,Sani Securities Company Ltd.,Nepal Stock House (PVT) Ltd.,10,2013.0,20130.0,2025-07-20T12:23:39.247932
2025-07-20,112636,2025072005012206,CIT,Secured Securities Ltd.,Trisul Securities & Invt. Ltd.,10,2011.0,20110.0,2025-07-20T12:26:20.529839
2025-07-20,111307,2025072005012430,CIT,Secured Securities Ltd.,Nepal Stock House (PVT) Ltd.,15,2012.0,30180.0,2025-07-20T12:27:54.98756
2025-07-20,111141,2025072005012457,CIT,Imperial Securities Company Pvt. Ltd.,Nepal Stock House (PVT) Ltd.,20,2012.0,40240.0,2025-07-20T12:28:08.796745
2025-07-20,111110,2025072005012464,CIT,Pragyan Securities (PVT) Ltd.,Vision Securities Pvt. Ltd,10,2015.0,20150.0,2025-07-20T12:28:11.672607
2025-07-20,111109,2025072005012465,CIT,Pragyan Securities (PVT) Ltd.,Miyo Securities Pvt Ltd,140,2015.0,282100.0,2025-07-20T12:28:11.672834
2025-07-20,111071,2025072005012473,CIT,Pragyan Securities (PVT) Ltd.,Miyo Securities Pvt Ltd,150,2015.0,302250.0,2025-07-20T12:28:15.310219
2025-07-20,110727,2025072005012547,CIT,Oxford Securities Pvt. Ltd.,Miyo Securities Pvt Ltd,10,2015.0,20150.0,2025-07-20T12:28:47.87107
2025-07-20,110726,2025072005012548,CIT,Oxford Securities Pvt. Ltd.,Naasa Securities Co. Ltd.,19,2015.0,38285.0,2025-07-20T12:28:47.871287
2025-07-20,110441,2025072005012595,CIT,Nepal Investment And Securities Trading Private Limited,Naasa Securities Co. Ltd.,15,2015.0,30225.0,2025-07-20T12:29:16.927888
2025-07-20,110058,2025072005012646,CIT,Imperial Securities Company Pvt. Ltd.,Dipshikha Dhitopatra Karobar Co. Pvt Ltd.,15,2012.0,30180.0,2025-07-20T12:29:50.515023
2025-07-20,108057,2025072005012926,CIT,Naasa Securities Co. Ltd.,Malla & Malla Stock Broking Company Pvt. Limited,10,2011.0,20110.0,2025-07-20T12:32:54.213046
2025-07-20,108056,2025072005012927,CIT,Naasa Securities Co. Ltd.,Malla & Malla Stock Broking Company Pvt. Limited,40,2010.0,80400.0,2025-07-20T12:32:54.213243
2025-07-20,108055,2025072005012928,CIT,Sani Securities Company Ltd.,Malla & Malla Stock Broking Company Pvt. Limited,100,2010.0,201000.0,2025-07-20T12:32:54.21333
2025-07-20,107172,2025072005013089,CIT,Sani Securities Company Ltd.,Malla & Malla Stock Broking Company Pvt. Limited,200,2010.0,402000.0,2025-07-20T12:34:21.656528
2025-07-20,107171,2025072005013090,CIT,Sani Securities Company Ltd.,Dipshikha Dhitopatra Karobar Co. Pvt Ltd.,85,2010.0,170850.0,2025-07-20T12:34:21.656767
2025-07-20,103279,2025072005013714,CIT,Linch Stock Market Ltd.,Premier Securities Company Ltd.,23,2010.0,46230.0,2025-07-20T12:40:52.166748
2025-07-20,102680,2025072005013772,CIT,Linch Stock Market Ltd.,Sewa Securities Pvt. Ltd.,2,1995.0,3990.0,2025-07-20T12:41:49.86163
2025-07-20,102291,2025072005013831,CIT,Naasa Securities Co. Ltd.,J.F. Securites (PVT) Ltd.,100,2013.9,201390.0,2025-07-20T12:42:33.788588
2025-07-20,102290,2025072005013832,CIT,Naasa Securities Co. Ltd.,Nepal Investment And Securities Trading Private Limited,50,2014.0,100700.0,2025-07-20T12:42:33.788649
2025-07-20,102289,2025072005013833,CIT,Naasa Securities Co. Ltd.,Linch Stock Market Ltd.,11,2015.0,22165.0,2025-07-20T12:42:33.788681
2025-07-20,102288,2025072005013834,CIT,Naasa Securities Co. Ltd.,ABC Securities Private Limited,200,2015.0,403000.0,2025-07-20T12:42:33.788717
2025-07-20,102287,2025072005013835,CIT,Naasa Securities Co. Ltd.,Himalayan Securities Limited,19,2016.0,38304.0,2025-07-20T12:42:33.78875
2025-07-20,102286,2025072005013836,CIT,Naasa Securities Co. Ltd.,Opal Securities Investment (PVT) Ltd.,20,2018.0,40360.0,2025-07-20T12:42:33.788782
2025-07-20,101333,2025072005014021,CIT,Capital Max Securities Ltd,Opal Securities Investment (PVT) Ltd.,20,2018.0,40360.0,2025-07-20T12:44:01.301059
2025-07-20,100598,2025072005014156,CIT,Naasa Securities Co. Ltd.,J.F. Securites (PVT) Ltd.,10,2015.0,20150.0,2025-07-20T12:45:10.136401
2025-07-20,100500,2025072005014161,CIT,Linch Stock Market Ltd.,Imperial Securities Company Pvt. Ltd.,7,2007.0,14049.0,2025-07-20T12:45:16.189535
2025-07-20,99369,2025072005014350,CIT,Online Securities Pvt. Ltd.,Naasa Securities Co. Ltd.,35,2018.0,70630.0,2025-07-20T12:46:52.65641
2025-07-20,99368,2025072005014351,CIT,Online Securities Pvt. Ltd.,Imperial Securities Company Pvt. Ltd.,10,2019.0,20190.0,2025-07-20T12:46:52.656658
2025-07-20,99367,2025072005014352,CIT,Online Securities Pvt. Ltd.,Dynamic Money Managers Securities Pvt. Ltd.,30,2019.0,60570.0,2025-07-20T12:46:52.65674
2025-07-20,99366,2025072005014353,CIT,Online Securities Pvt. Ltd.,Miyo Securities Pvt Ltd,75,2019.0,151425.0,2025-07-20T12:46:52.65684
2025-07-20,99025,2025072005014413,CIT,Trishakti Securities Public Limited,Miyo Securities Pvt Ltd,225,2019.0,454275.0,2025-07-20T12:47:23.205167
2025-07-20,99024,2025072005014414,CIT,Trishakti Securities Public Limited,Vision Securities Pvt. Ltd,191,2019.0,385629.0,2025-07-20T12:47:23.205591
2025-07-20,99023,2025072005014415,CIT,Trishakti Securities Public Limited,Sweta Securities Private Limited,14,2020.0,28280.0,2025-07-20T12:47:23.205821
2025-07-20,99022,2025072005014416,CIT,Trishakti Securities Public Limited,Opal Securities Investment (PVT) Ltd.,500,2020.0,1010000.0,2025-07-20T12:47:23.206049
2025-07-20,99021,2025072005014417,CIT,Trishakti Securities Public Limited,ABC Securities Private Limited,50,2020.0,101000.0,2025-07-20T12:47:23.2063
2025-07-20,99020,2025072005014418,CIT,Trishakti Securities Public Limited,Kumari Securities Private Limited,20,2020.0,40400.0,2025-07-20T12:47:23.206527
2025-07-20,97537,2025072005014705,CIT,Sani Securities Company Ltd.,Kumari Securities Private Limited,10,2020.0,20200.0,2025-07-20T12:49:23.896325
2025-07-20,94505,2025072005015428,CIT,Dynamic Money Managers Securities Pvt. Ltd.,Sewa Securities Pvt. Ltd.,11,2015.0,22165.0,2025-07-20T12:53:36.702997
2025-07-20,94437,2025072005015434,CIT,Asian Securities Private Ltd.,Kalika Securities Pvt. Ltd.,75,2011.5,150862.5,2025-07-20T12:53:42.754387
2025-07-20,93370,2025072005015638,CIT,Asian Securities Private Ltd.,Online Securities Pvt. Ltd.,10,2011.5,20115.0,2025-07-20T12:55:06.712566
2025-07-20,92977,2025072005015719,CIT,Asian Securities Private Ltd.,Linch Stock Market Ltd.,15,2011.5,30172.5,2025-07-20T12:55:42.389409
2025-07-20,92976,2025072005015720,CIT,Midas Stock Broking Company Private Limited,Linch Stock Market Ltd.,20,2011.0,40220.0,2025-07-20T12:55:42.389663
2025-07-20,92665,2025072005015809,CIT,Nepal Investment And Securities Trading Private Limited,Sewa Securities Pvt. Ltd.,22,2015.0,44330.0,2025-07-20T12:56:02.948288
2025-07-20,92485,2025072005015864,CIT,Nepal Investment And Securities Trading Private Limited,Kumari Securities Private Limited,86,2020.0,173720.0,2025-07-20T12:56:14.13685
2025-07-20,92484,2025072005015865,CIT,Nepal Investment And Securities Trading Private Limited,Kohinoor Investment & Securities Pvt. Ltd.,10,2020.0,20200.0,2025-07-20T12:56:14.13738
2025-07-20,92483,2025072005015866,CIT,Nepal Investment And Securities Trading Private Limited,Imperial Securities Company Pvt. Ltd.,30,2020.0,60600.0,2025-07-20T12:56:14.13765
2025-07-20,92482,2025072005015867,CIT,Nepal Investment And Securities Trading Private Limited,Primo Securities (PVT) Ltd.,52,2020.0,105040.0,2025-07-20T12:56:14.137903
2025-07-20,91832,2025072005015997,CIT,Aryatara Investment & Securities,Secured Securities Ltd.,10,2011.0,20110.0,2025-07-20T12:57:10.391618
2025-07-20,90945,2025072005016124,CIT,Himalayan Brokerage Company Limited,Primo Securities (PVT) Ltd.,100,2023.0,202300.0,2025-07-20T12:58:21.175999
2025-07-20,90944,2025072005016125,CIT,Himalayan Brokerage Company Limited,Malla & Malla Stock Broking Company Pvt. Limited,53,2023.0,107219.0,2025-07-20T12:58:21.176547
2025-07-20,90943,2025072005016126,CIT,Himalayan Brokerage Company Limited,Kumari Securities Private Limited,10,2023.0,20230.0,2025-07-20T12:58:21.176801
2025-07-20,90942,2025072005016127,CIT,Himalayan Brokerage Company Limited,Midas Stock Broking Company Private Limited,50,2024.0,101200.0,2025-07-20T12:58:21.177046
2025-07-20,90941,2025072005016128,CIT,Himalayan Brokerage Company Limited,J.F. Securites (PVT) Ltd.,54,2024.9,109344.6,2025-07-20T12:58:21.17729
2025-07-20,88412,2025072005016476,CIT,Naasa Securities Co. Ltd.,Online Securities Pvt. Ltd.,14,2020.0,28280.0,2025-07-20T13:01:55.918176
2025-07-20,88328,2025072005016497,CIT,Naasa Securities Co. Ltd.,J.F. Securites (PVT) Ltd.,10,2024.9,20249.0,2025-07-20T13:02:02.717097
2025-07-20,86004,2025072005016958,CIT,Sumeru Securities Pvt. Ltd.,Naasa Securities Co. Ltd.,1,1997.0,1997.0,2025-07-20T13:05:29.801631
2025-07-20,83971,2025072005017354,CIT,Capital Max Securities Ltd,ABC Securities Private Limited,30,2022.0,60660.0,2025-07-20T13:08:37.212608
2025-07-20,83451,2025072005017447,CIT,Naasa Securities Co. Ltd.,Siprabi Securities Pvt. Ltd.,14,2016.0,28224.0,2025-07-20T13:09:24.042186
2025-07-20,80239,2025072005017993,CIT,Sri Hari Securities Pvt. Ltd.,Miyo Securities Pvt Ltd,12,2016.2,24194.4,2025-07-20T13:14:05.821537
2025-07-20,80238,2025072005017994,CIT,Linch Stock Market Ltd.,Miyo Securities Pvt Ltd,100,2016.1,201610.0,2025-07-20T13:14:05.821583
2025-07-20,80237,2025072005017995,CIT,Pragyan Securities (PVT) Ltd.,Miyo Securities Pvt Ltd,200,2016.1,403220.0,2025-07-20T13:14:05.821609
2025-07-20,80236,2025072005017996,CIT,Naasa Securities Co. Ltd.,Miyo Securities Pvt Ltd,379,2016.0,764064.0,2025-07-20T13:14:05.821635
2025-07-20,80235,2025072005017997,CIT,Kalika Securities Pvt. Ltd.,Miyo Securities Pvt Ltd,10,2016.0,20160.0,2025-07-20T13:14:05.82166
2025-07-20,80234,2025072005017998,CIT,Dipshikha Dhitopatra Karobar Co. Pvt Ltd.,Miyo Securities Pvt Ltd,21,2015.0,42315.0,2025-07-20T13:14:05.821685
2025-07-20,80233,2025072005017999,CIT,Sani Securities Company Ltd.,Miyo Securities Pvt Ltd,35,2015.0,70525.0,2025-07-20T13:14:05.821709
2025-07-20,80232,2025072005018000,CIT,Midas Stock Broking Company Private Limited,Miyo Securities Pvt Ltd,43,2015.0,86645.0,2025-07-20T13:14:05.821734
2025-07-20,78732,2025072005018234,CIT,Dipshikha Dhitopatra Karobar Co. Pvt Ltd.,ABC Securities Private Limited,20,2016.5,40330.0,2025-07-20T13:16:04.678106
2025-07-20,76990,2025072005018495,CIT,Dipshikha Dhitopatra Karobar Co. Pvt Ltd.,Nepal Investment And Securities Trading Private Limited,11,2015.0,22165.0,2025-07-20T13:18:45.872124
2025-07-20,76901,2025072005018514,CIT,Imperial Securities Company Pvt. Ltd.,South Asian Bulls Pvt. Ltd.,20,2015.0,40300.0,2025-07-20T13:18:52.288082
2025-07-20,75931,2025072005018653,CIT,Naasa Securities Co. Ltd.,Miyo Securities Pvt Ltd,150,2012.0,301800.0,2025-07-20T13:20:25.404196
2025-07-20,75930,2025072005018654,CIT,Sumeru Securities Pvt. Ltd.,Miyo Securities Pvt Ltd,490,2011.2,985488.0,2025-07-20T13:20:25.404303
2025-07-20,75929,2025072005018655,CIT,Oxford Securities Pvt. Ltd.,Miyo Securities Pvt Ltd,82,2011.1,164910.2,2025-07-20T13:20:25.40446
2025-07-20,75928,2025072005018656,CIT,Aryatara Investment & Securities,Miyo Securities Pvt Ltd,35,2011.0,70385.0,2025-07-20T13:20:25.404558
2025-07-20,75927,2025072005018657,CIT,Dynamic Money Managers Securities Pvt. Ltd.,Miyo Securities Pvt Ltd,10,2011.0,20110.0,2025-07-20T13:20:25.404649
2025-07-20,75926,2025072005018658,CIT,Sumeru Securities Pvt. Ltd.,Miyo Securities Pvt Ltd,233,2011.0,468563.0,2025-07-20T13:20:25.40473
2025-07-20,75818,2025072005018716,CIT,Premier Securities Company Ltd.,South Asian Bulls Pvt. Ltd.,30,2015.0,60450.0,2025-07-20T13:20:32.325817
2025-07-20,75536,2025072005018740,CIT,Sumeru Securities Pvt. Ltd.,ABC Securities Private Limited,50,2011.0,100550.0,2025-07-20T13:20:58.84455
2025-07-20,75153,2025072005018802,CIT,South Asian Bulls Pvt. Ltd.,South Asian Bulls Pvt. Ltd.,33,2015.0,66495.0,2025-07-20T13:21:39.055906
2025-07-20,75072,2025072005018850,CIT,Sumeru Securities Pvt. Ltd.,Capital Max Securities Ltd,100,2011.0,201100.0,2025-07-20T13:21:44.300292
2025-07-20,74003,2025072005019014,CIT,Sumeru Securities Pvt. Ltd.,Asian Securities Private Ltd.,100,2011.0,201100.0,2025-07-20T13:23:32.712875
2025-07-20,73784,2025072005019052,CIT,Imperial Securities Company Pvt. Ltd.,Trisul Securities & Invt. Ltd.,10,2014.0,20140.0,2025-07-20T13:24:01.101091
2025-07-20,73579,2025072005019102,CIT,Imperial Securities Company Pvt. Ltd.,South Asian Bulls Pvt. Ltd.,17,2015.0,34255.0,2025-07-20T13:24:25.632987
2025-07-20,73094,2025072005019221,CIT,Imperial Securities Company Pvt. Ltd.,Vision Securities Pvt. Ltd,100,2020.9,202090.0,2025-07-20T13:25:18.48025
2025-07-20,73093,2025072005019222,CIT,Imperial Securities Company Pvt. Ltd.,Naasa Securities Co. Ltd.,21,2020.9,42438.9,2025-07-20T13:25:18.480537
2025-07-20,71895,2025072005019481,CIT,Imperial Securities Company Pvt. Ltd.,Secured Securities Ltd.,64,2022.0,129408.0,2025-07-20T13:27:29.136969
2025-07-20,71894,2025072005019482,CIT,Imperial Securities Company Pvt. Ltd.,Creative Securities Pvt Ltd,100,2022.0,202200.0,2025-07-20T13:27:29.137224
2025-07-20,71893,2025072005019483,CIT,Imperial Securities Company Pvt. Ltd.,Secured Securities Ltd.,36,2022.0,72792.0,2025-07-20T13:27:29.137323
2025-07-20,71343,2025072005019619,CIT,Imperial Securities Company Pvt. Ltd.,Secured Securities Ltd.,100,2022.0,202200.0,2025-07-20T13:28:20.499275
2025-07-20,70530,2025072005019814,CIT,Capital Max Securities Ltd,Dynamic Money Managers Securities Pvt. Ltd.,11,2021.0,22231.0,2025-07-20T13:29:49.026704
2025-07-20,70529,2025072005019815,CIT,Capital Max Securities Ltd,Market Securities & Exchange (PVT) Ltd.,10,2021.9,20219.0,2025-07-20T13:29:49.026812
2025-07-20,70528,2025072005019816,CIT,Capital Max Securities Ltd,Secured Securities Ltd.,29,2022.0,58638.0,2025-07-20T13:29:49.026891
2025-07-20,69661,2025072005020021,CIT,Imperial Securities Company Pvt. Ltd.,Secured Securities Ltd.,45,2022.0,90990.0,2025-07-20T13:31:29.312477
2025-07-20,69449,2025072005020083,CIT,Imperial Securities Company Pvt. Ltd.,Sani Securities Company Ltd.,11,2021.0,22231.0,2025-07-20T13:31:56.15317
2025-07-20,68487,2025072005020295,CIT,Deevyaa Securities & Stock House Pvt. Ltd,Sundhara Securities Limited,30,2021.0,60630.0,2025-07-20T13:33:58.37699
2025-07-20,68486,2025072005020296,CIT,Deevyaa Securities & Stock House Pvt. Ltd,Imperial Securities Company Pvt. Ltd.,10,2021.0,20210.0,2025-07-20T13:33:58.377492
2025-07-20,68485,2025072005020297,CIT,Deevyaa Securities & Stock House Pvt. Ltd,Imperial Securities Company Pvt. Ltd.,35,2022.0,70770.0,2025-07-20T13:33:58.377836
2025-07-20,68484,2025072005020298,CIT,Deevyaa Securities & Stock House Pvt. Ltd,Sri Hari Securities Pvt. Ltd.,425,2022.0,859350.0,2025-07-20T13:33:58.378118
2025-07-20,66709,2025072005020711,CIT,Dipshikha Dhitopatra Karobar Co. Pvt Ltd.,J.F. Securites (PVT) Ltd.,15,2015.0,30225.0,2025-07-20T13:38:03.87037
2025-07-20,65135,2025072005021000,CIT,Imperial Securities Company Pvt. Ltd.,Naasa Securities Co. Ltd.,5,2022.0,10110.0,2025-07-20T13:41:19.525522
2025-07-20,64932,2025072005021041,CIT,Naasa Securities Co. Ltd.,Imperial Securities Company Pvt. Ltd.,2,2000.0,4000.0,2025-07-20T13:41:46.274194
2025-07-20,64883,2025072005021045,CIT,Naasa Securities Co. Ltd.,Aryatara Investment & Securities,1,2000.0,2000.0,2025-07-20T13:41:52.048215
2025-07-20,64316,2025072005021157,CIT,Primo Securities (PVT) Ltd.,Miyo Securities Pvt Ltd,25,2016.0,50400.0,2025-07-20T13:43:05.097764
2025-07-20,64315,2025072005021158,CIT,Dipshikha Dhitopatra Karobar Co. Pvt Ltd.,Miyo Securities Pvt Ltd,15,2015.0,30225.0,2025-07-20T13:43:05.097866
2025-07-20,64314,2025072005021159,CIT,Sri Hari Securities Pvt. Ltd.,Miyo Securities Pvt Ltd,100,2015.0,201500.0,2025-07-20T13:43:05.097933
2025-07-20,64313,2025072005021160,CIT,Premier Securities Company Ltd.,Miyo Securities Pvt Ltd,20,2015.0,40300.0,2025-07-20T13:43:05.097996
2025-07-20,64312,2025072005021161,CIT,Asian Securities Private Ltd.,Miyo Securities Pvt Ltd,70,2015.0,141050.0,2025-07-20T13:43:05.098089
2025-07-20,64311,2025072005021162,CIT,Nepal Stock House (PVT) Ltd.,Miyo Securities Pvt Ltd,20,2012.0,40240.0,2025-07-20T13:43:05.098161
2025-07-20,64310,2025072005021163,CIT,Online Securities Pvt. Ltd.,Miyo Securities Pvt Ltd,10,2011.0,20110.0,2025-07-20T13:43:05.098265
2025-07-20,64309,2025072005021164,CIT,Sumeru Securities Pvt. Ltd.,Miyo Securities Pvt Ltd,50,2011.0,100550.0,2025-07-20T13:43:05.09837
2025-07-20,64308,2025072005021165,CIT,Aryatara Investment & Securities,Miyo Securities Pvt Ltd,100,2010.6,201060.0,2025-07-20T13:43:05.098435
2025-07-20,64307,2025072005021166,CIT,Opal Securities Investment (PVT) Ltd.,Miyo Securities Pvt Ltd,15,2010.5,30157.5,2025-07-20T13:43:05.0985
2025-07-20,64306,2025072005021167,CIT,Kohinoor Investment & Securities Pvt. Ltd.,Miyo Securities Pvt Ltd,67,2010.2,134683.4,2025-07-20T13:43:05.098566
2025-07-20,64230,2025072005021181,CIT,Imperial Securities Company Pvt. Ltd.,Naasa Securities Co. Ltd.,5,2020.0,10100.0,2025-07-20T13:43:15.50616
2025-07-20,64103,2025072005021209,CIT,Sri Hari Securities Pvt. Ltd.,Agrawal Securities (PVT) Ltd.,50,2015.1,100755.0,2025-07-20T13:43:29.554373
2025-07-20,63788,2025072005021255,CIT,Naasa Securities Co. Ltd.,Dipshikha Dhitopatra Karobar Co. Pvt Ltd.,7,2000.0,14000.0,2025-07-20T13:44:06.140276
2025-07-20,63640,2025072005021273,CIT,Naasa Securities Co. Ltd.,Linch Stock Market Ltd.,1,2000.0,2000.0,2025-07-20T13:44:24.350965
2025-07-20,59829,2025072005021919,CIT,Sani Securities Company Ltd.,Citizens Share Broker Limited,10,2018.0,20180.0,2025-07-20T13:51:50.474852
2025-07-20,58533,2025072005022183,CIT,J.F. Securites (PVT) Ltd.,Miyo Securities Pvt Ltd,20,2011.1,40222.0,2025-07-20T13:54:00.293264
2025-07-20,58532,2025072005022184,CIT,Sweta Securities Private Limited,Miyo Securities Pvt Ltd,30,2011.0,60330.0,2025-07-20T13:54:00.293399
2025-07-20,58531,2025072005022185,CIT,Sewa Securities Pvt. Ltd.,Miyo Securities Pvt Ltd,10,2011.0,20110.0,2025-07-20T13:54:00.29352
2025-07-20,58530,2025072005022186,CIT,Sri Hari Securities Pvt. Ltd.,Miyo Securities Pvt Ltd,50,2010.1,100505.0,2025-07-20T13:54:00.29362
2025-07-20,58529,2025072005022187,CIT,Vision Securities Pvt. Ltd,Miyo Securities Pvt Ltd,100,2010.0,201000.0,2025-07-20T13:54:00.293718
2025-07-20,58528,2025072005022188,CIT,Kohinoor Investment & Securities Pvt. Ltd.,Miyo Securities Pvt Ltd,49,2010.0,98490.0,2025-07-20T13:54:00.293773
2025-07-20,58527,2025072005022189,CIT,South Asian Bulls Pvt. Ltd.,Miyo Securities Pvt Ltd,200,2010.0,402000.0,2025-07-20T13:54:00.293825
2025-07-20,58526,2025072005022190,CIT,Kohinoor Investment & Securities Pvt. Ltd.,Miyo Securities Pvt Ltd,15,2010.0,30150.0,2025-07-20T13:54:00.293925
2025-07-20,58525,2025072005022191,CIT,Naasa Securities Co. Ltd.,Miyo Securities Pvt Ltd,10,2010.0,20100.0,2025-07-20T13:54:00.293984
2025-07-20,58524,2025072005022192,CIT,Aryatara Investment & Securities,Miyo Securities Pvt Ltd,16,2009.0,32144.0,2025-07-20T13:54:00.294075
2025-07-20,57536,2025072005022405,CIT,Aryatara Investment & Securities,Siprabi Securities Pvt. Ltd.,58,2009.0,116522.0,2025-07-20T13:55:54.237777
2025-07-20,55884,2025072005022718,CIT,Sumeru Securities Pvt. Ltd.,Sani Securities Company Ltd.,10,2011.0,20110.0,2025-07-20T13:58:33.033274
2025-07-20,55882,2025072005022719,CIT,Sani Securities Company Ltd.,SHUBHAKAMANA SECURITIES PVT. LTD,10,2019.0,20190.0,2025-07-20T13:58:33.039071
2025-07-20,54889,2025072005022936,CIT,Cristal Kanchanjanga Securites Pvt. Ltd.,SHUBHAKAMANA SECURITIES PVT. LTD,15,2019.0,30285.0,2025-07-20T14:00:31.759167
2025-07-20,54888,2025072005022937,CIT,Cristal Kanchanjanga Securites Pvt. Ltd.,Nepal Investment And Securities Trading Private Limited,10,2019.9,20199.0,2025-07-20T14:00:31.759642
2025-07-20,54887,2025072005022938,CIT,Cristal Kanchanjanga Securites Pvt. Ltd.,Dipshikha Dhitopatra Karobar Co. Pvt Ltd.,75,2020.0,151500.0,2025-07-20T14:00:31.759911
2025-07-20,54391,2025072005023018,CIT,Naasa Securities Co. Ltd.,Dipshikha Dhitopatra Karobar Co. Pvt Ltd.,24,2020.0,48480.0,2025-07-20T14:01:29.799104
2025-07-20,54139,2025072005023080,CIT,Aryatara Investment & Securities,Miyo Securities Pvt Ltd,26,2009.0,52234.0,2025-07-20T14:02:00.953508
2025-07-20,54138,2025072005023081,CIT,Kumari Securities Private Limited,Miyo Securities Pvt Ltd,20,2006.0,40120.0,2025-07-20T14:02:00.953552
2025-07-20,54137,2025072005023082,CIT,Sani Securities Company Ltd.,Miyo Securities Pvt Ltd,15,2006.0,30090.0,2025-07-20T14:02:00.953577
2025-07-20,54136,2025072005023083,CIT,Sani Securities Company Ltd.,Miyo Securities Pvt Ltd,27,2006.0,54162.0,2025-07-20T14:02:00.9536
2025-07-20,54135,2025072005023084,CIT,Imperial Securities Company Pvt. Ltd.,Miyo Securities Pvt Ltd,50,2005.0,100250.0,2025-07-20T14:02:00.953662
2025-07-20,54134,2025072005023085,CIT,Opal Securities Investment (PVT) Ltd.,Miyo Securities Pvt Ltd,200,2005.0,401000.0,2025-07-20T14:02:00.953686
2025-07-20,54133,2025072005023086,CIT,Himalayan Brokerage Company Limited,Miyo Securities Pvt Ltd,50,2004.1,100205.0,2025-07-20T14:02:00.953709
2025-07-20,54132,2025072005023087,CIT,Trishakti Securities Public Limited,Miyo Securities Pvt Ltd,60,2004.1,120246.0,2025-07-20T14:02:00.953734
2025-07-20,54131,2025072005023088,CIT,Vision Securities Pvt. Ltd,Miyo Securities Pvt Ltd,52,2004.0,104208.0,2025-07-20T14:02:00.953755
2025-07-20,53257,2025072005023246,CIT,Vision Securities Pvt. Ltd,Cristal Kanchanjanga Securites Pvt. Ltd.,59,2004.0,118236.0,2025-07-20T14:03:32.020752
2025-07-20,49356,2025072005023846,CIT,Naasa Securities Co. Ltd.,Online Securities Pvt. Ltd.,30,2005.1,60153.0,2025-07-20T14:09:31.122306
2025-07-20,49355,2025072005023847,CIT,Sani Securities Company Ltd.,Online Securities Pvt. Ltd.,20,2005.0,40100.0,2025-07-20T14:09:31.122783
2025-07-20,49294,2025072005023860,CIT,Sani Securities Company Ltd.,Arun Securities (PVT) Ltd.,10,2005.0,20050.0,2025-07-20T14:09:37.899255
2025-07-20,47718,2025072005024109,CIT,Imperial Securities Company Pvt. Ltd.,Online Securities Pvt. Ltd.,50,2006.1,100305.0,2025-07-20T14:12:03.465015
2025-07-20,47717,2025072005024110,CIT,Trisul Securities & Invt. Ltd.,Online Securities Pvt. Ltd.,50,2006.0,100300.0,2025-07-20T14:12:03.465292
2025-07-20,46851,2025072005024268,CIT,Trisul Securities & Invt. Ltd.,Online Securities Pvt. Ltd.,37,2006.0,74222.0,2025-07-20T14:13:21.249964
2025-07-20,46805,2025072005024273,CIT,Trisul Securities & Invt. Ltd.,Primo Securities (PVT) Ltd.,13,2006.0,26078.0,2025-07-20T14:13:27.483864
2025-07-20,46612,2025072005024330,CIT,Sani Securities Company Ltd.,Sundhara Securities Limited,15,2005.0,30075.0,2025-07-20T14:13:47.012518
2025-07-20,46409,2025072005024355,CIT,Imperial Securities Company Pvt. Ltd.,Primo Securities (PVT) Ltd.,47,2005.0,94235.0,2025-07-20T14:14:01.704434
2025-07-20,46367,2025072005024382,CIT,Primo Securities (PVT) Ltd.,Kumari Securities Private Limited,63,2013.0,126819.0,2025-07-20T14:14:04.723059
2025-07-20,46366,2025072005024383,CIT,Primo Securities (PVT) Ltd.,Premier Securities Company Ltd.,40,2014.0,80560.0,2025-07-20T14:14:04.723524
2025-07-20,46365,2025072005024384,CIT,Primo Securities (PVT) Ltd.,Agrawal Securities (PVT) Ltd.,137,2019.0,276603.0,2025-07-20T14:14:04.723809
2025-07-20,45639,2025072005024526,CIT,Shree Krishna Securities Ltd.,Agrawal Securities (PVT) Ltd.,10,2019.0,20190.0,2025-07-20T14:15:02.635476
2025-07-20,45638,2025072005024527,CIT,Shree Krishna Securities Ltd.,Dipshikha Dhitopatra Karobar Co. Pvt Ltd.,10,2019.0,20190.0,2025-07-20T14:15:02.635847
2025-07-20,44394,2025072005024764,CIT,Nepal Investment And Securities Trading Private Limited,Linch Stock Market Ltd.,130,2018.0,262340.0,2025-07-20T14:17:26.592469
2025-07-20,42477,2025072005025130,CIT,Trisul Securities & Invt. Ltd.,Naasa Securities Co. Ltd.,1,2000.0,2000.0,2025-07-20T14:21:12.22098
2025-07-20,41836,2025072005025245,CIT,Nepal Investment And Securities Trading Private Limited,Kumari Securities Private Limited,50,2015.0,100750.0,2025-07-20T14:22:16.417683
2025-07-20,41553,2025072005025289,CIT,South Asian Bulls Pvt. Ltd.,Online Securities Pvt. Ltd.,100,2011.0,201100.0,2025-07-20T14:22:51.028754
2025-07-20,40797,2025072005025436,CIT,Trishakti Securities Public Limited,Malla & Malla Stock Broking Company Pvt. Limited,100,2018.0,201800.0,2025-07-20T14:24:14.104085
2025-07-20,38826,2025072005025744,CIT,Nepal Investment And Securities Trading Private Limited,J.F. Securites (PVT) Ltd.,20,2015.0,40300.0,2025-07-20T14:26:53.862354
2025-07-20,38825,2025072005025745,CIT,Naasa Securities Co. Ltd.,J.F. Securites (PVT) Ltd.,16,2015.0,32240.0,2025-07-20T14:26:53.862842
2025-07-20,38377,2025072005025818,CIT,Naasa Securities Co. Ltd.,Aryatara Investment & Securities,21,2015.0,42315.0,2025-07-20T14:27:16.860711
2025-07-20,38260,2025072005025842,CIT,Naasa Securities Co. Ltd.,NIMB Stock Markets Limited,100,2015.0,201500.0,2025-07-20T14:27:23.974851
2025-07-20,37947,2025072005025892,CIT,Naasa Securities Co. Ltd.,Malla & Malla Stock Broking Company Pvt. Limited,83,2015.0,167245.0,2025-07-20T14:27:40.753493
2025-07-20,37810,2025072005025926,CIT,Naasa Securities Co. Ltd.,Miyo Securities Pvt Ltd,780,2015.0,1571700.0,2025-07-20T14:27:52.313164
2025-07-20,37809,2025072005025927,CIT,Naasa Securities Co. Ltd.,Miyo Securities Pvt Ltd,10,2015.0,20150.0,2025-07-20T14:27:52.313286
2025-07-20,37607,2025072005025959,CIT,Midas Stock Broking Company Private Limited,Agrawal Securities (PVT) Ltd.,99,2015.0,199485.0,2025-07-20T14:28:12.840305
2025-07-20,37606,2025072005025960,CIT,Sweta Securities Private Limited,Agrawal Securities (PVT) Ltd.,30,2006.7,60201.0,2025-07-20T14:28:12.840384
2025-07-20,37605,2025072005025961,CIT,Kalika Securities Pvt. Ltd.,Agrawal Securities (PVT) Ltd.,21,2006.1,42128.1,2025-07-20T14:28:12.84041
2025-07-20,37604,2025072005025962,CIT,Sani Securities Company Ltd.,Agrawal Securities (PVT) Ltd.,25,2006.0,50150.0,2025-07-20T14:28:12.84044
2025-07-20,37603,2025072005025963,CIT,Oxford Securities Pvt. Ltd.,Agrawal Securities (PVT) Ltd.,213,2006.0,427278.0,2025-07-20T14:28:12.840471
2025-07-20,37166,2025072005026025,CIT,Midas Stock Broking Company Private Limited,Agrawal Securities (PVT) Ltd.,17,2011.0,34187.0,2025-07-20T14:28:42.806491
2025-07-20,35554,2025072005026323,CIT,Midas Stock Broking Company Private Limited,Miyo Securities Pvt Ltd,13,2011.0,26143.0,2025-07-20T14:30:43.960881
2025-07-20,35553,2025072005026324,CIT,Naasa Securities Co. Ltd.,Miyo Securities Pvt Ltd,200,2005.0,401000.0,2025-07-20T14:30:43.960923
2025-07-20,35552,2025072005026325,CIT,Naasa Securities Co. Ltd.,Miyo Securities Pvt Ltd,200,2005.0,401000.0,2025-07-20T14:30:43.960951
2025-07-20,35551,2025072005026326,CIT,Linch Stock Market Ltd.,Miyo Securities Pvt Ltd,237,2005.0,475185.0,2025-07-20T14:30:43.960974
2025-07-20,33834,2025072005026618,CIT,Vision Securities Pvt. Ltd,Shree Krishna Securities Ltd.,25,2004.0,50100.0,2025-07-20T14:32:33.649514
2025-07-20,33120,2025072005026737,CIT,Nepal Investment And Securities Trading Private Limited,Imperial Securities Company Pvt. Ltd.,12,2005.0,24060.0,2025-07-20T14:33:15.420656
2025-07-20,31167,2025072005027059,CIT,Sewa Securities Pvt. Ltd.,Capital Max Securities Ltd,10,2005.1,20051.0,2025-07-20T14:35:35.524646
2025-07-20,31166,2025072005027060,CIT,Linch Stock Market Ltd.,Capital Max Securities Ltd,90,2005.1,180459.0,2025-07-20T14:35:35.524905
2025-07-20,28564,2025072005027492,CIT,Linch Stock Market Ltd.,Thrive Brokerage House Pvt. Ltd,10,2005.1,20051.0,2025-07-20T14:38:20.420166
2025-07-20,28380,2025072005027525,CIT,Nepal Investment And Securities Trading Private Limited,Kohinoor Investment & Securities Pvt. Ltd.,88,2005.0,176440.0,2025-07-20T14:38:33.550977
2025-07-20,28379,2025072005027526,CIT,Sani Securities Company Ltd.,Kohinoor Investment & Securities Pvt. Ltd.,50,2005.0,100250.0,2025-07-20T14:38:33.551216
2025-07-20,28378,2025072005027527,CIT,Vision Securities Pvt. Ltd,Kohinoor Investment & Securities Pvt. Ltd.,64,2004.0,128256.0,2025-07-20T14:38:33.55132
2025-07-20,28377,2025072005027528,CIT,Cristal Kanchanjanga Securites Pvt. Ltd.,Kohinoor Investment & Securities Pvt. Ltd.,50,2004.0,100200.0,2025-07-20T14:38:33.551417
2025-07-20,28376,2025072005027529,CIT,Nepal Stock House (PVT) Ltd.,Kohinoor Investment & Securities Pvt. Ltd.,10,2002.0,20020.0,2025-07-20T14:38:33.551528
2025-07-20,28375,2025072005027530,CIT,Kumari Securities Private Limited,Kohinoor Investment & Securities Pvt. Ltd.,38,2002.0,76076.0,2025-07-20T14:38:33.551624
2025-07-20,27880,2025072005027601,CIT,Oxford Securities Pvt. Ltd.,Primo Securities (PVT) Ltd.,47,2004.0,94188.0,2025-07-20T14:39:02.321933
2025-07-20,27850,2025072005027606,CIT,Oxford Securities Pvt. Ltd.,Sewa Securities Pvt. Ltd.,78,2004.0,156312.0,2025-07-20T14:39:05.458025
2025-07-20,27423,2025072005027691,CIT,Oxford Securities Pvt. Ltd.,Trisul Securities & Invt. Ltd.,30,2004.0,60120.0,2025-07-20T14:39:31.905231
2025-07-20,25446,2025072005028111,CIT,Sundhara Securities Limited,Miyo Securities Pvt Ltd,20,2005.0,40100.0,2025-07-20T14:41:25.630976
2025-07-20,25445,2025072005028112,CIT,Naasa Securities Co. Ltd.,Miyo Securities Pvt Ltd,1680,2005.0,3368400.0,2025-07-20T14:41:25.631053
2025-07-20,24223,2025072005028336,CIT,Oxford Securities Pvt. Ltd.,Himalayan Brokerage Company Limited,94,2005.1,188479.4,2025-07-20T14:42:36.227906
2025-07-20,24222,2025072005028337,CIT,Naasa Securities Co. Ltd.,Himalayan Brokerage Company Limited,85,2005.0,170425.0,2025-07-20T14:42:36.228183
2025-07-20,23058,2025072005028529,CIT,Naasa Securities Co. Ltd.,Miyo Securities Pvt Ltd,2735,2005.0,5483675.0,2025-07-20T14:43:38.243893
2025-07-20,23057,2025072005028530,CIT,Online Securities Pvt. Ltd.,Miyo Securities Pvt Ltd,25,2005.0,50125.0,2025-07-20T14:43:38.243985
2025-07-20,21723,2025072005028766,CIT,Oxford Securities Pvt. Ltd.,INDEX SECURITIES LIMITED,249,2002.1,498522.9,2025-07-20T14:45:00.392869
2025-07-20,21722,2025072005028767,CIT,Kumari Securities Private Limited,INDEX SECURITIES LIMITED,62,2002.0,124124.0,2025-07-20T14:45:00.392909
2025-07-20,21721,2025072005028768,CIT,Imperial Securities Company Pvt. Ltd.,INDEX SECURITIES LIMITED,10,2001.0,20010.0,2025-07-20T14:45:00.392935
2025-07-20,21720,2025072005028769,CIT,Online Securities Pvt. Ltd.,INDEX SECURITIES LIMITED,10,2000.0,20000.0,2025-07-20T14:45:00.392973
2025-07-20,21719,2025072005028770,CIT,Kohinoor Investment & Securities Pvt. Ltd.,INDEX SECURITIES LIMITED,235,2000.0,470000.0,2025-07-20T14:45:00.393003
2025-07-20,21718,2025072005028771,CIT,KALASH STOCK MARKET PVT. LTD.,INDEX SECURITIES LIMITED,100,2000.0,200000.0,2025-07-20T14:45:00.393024
2025-07-20,21717,2025072005028772,CIT,Naasa Securities Co. Ltd.,INDEX SECURITIES LIMITED,50,2000.0,100000.0,2025-07-20T14:45:00.393047
2025-07-20,21716,2025072005028773,CIT,Sumeru Securities Pvt. Ltd.,INDEX SECURITIES LIMITED,10,2000.0,20000.0,2025-07-20T14:45:00.393069
2025-07-20,21715,2025072005028774,CIT,Sani Securities Company Ltd.,INDEX SECURITIES LIMITED,100,2000.0,200000.0,2025-07-20T14:45:00.393091
2025-07-20,21714,2025072005028775,CIT,Sani Securities Company Ltd.,INDEX SECURITIES LIMITED,25,2000.0,50000.0,2025-07-20T14:45:00.393113
2025-07-20,21713,2025072005028776,CIT,Dynamic Money Managers Securities Pvt. Ltd.,INDEX SECURITIES LIMITED,10,2000.0,20000.0,2025-07-20T14:45:00.393136
2025-07-20,21712,2025072005028777,CIT,Opal Securities Investment (PVT) Ltd.,INDEX SECURITIES LIMITED,15,2000.0,30000.0,2025-07-20T14:45:00.393157
2025-07-20,21711,2025072005028778,CIT,Bhrikuti Stock Broking Co. Pvt. Ltd.,INDEX SECURITIES LIMITED,10,2000.0,20000.0,2025-07-20T14:45:00.39318
2025-07-20,21710,2025072005028779,CIT,Dynamic Money Managers Securities Pvt. Ltd.,INDEX SECURITIES LIMITED,50,2000.0,100000.0,2025-07-20T14:45:00.393203
2025-07-20,21709,2025072005028780,CIT,Oxford Securities Pvt. Ltd.,INDEX SECURITIES LIMITED,249,2000.0,498000.0,2025-07-20T14:45:00.393224
2025-07-20,21708,2025072005028781,CIT,Pragyan Securities (PVT) Ltd.,INDEX SECURITIES LIMITED,115,2000.0,230000.0,2025-07-20T14:45:00.393245
2025-07-20,20389,2025072005028976,CIT,Pragyan Securities (PVT) Ltd.,Imperial Securities Company Pvt. Ltd.,10,2000.0,20000.0,2025-07-20T14:46:08.212512
2025-07-20,19777,2025072005029083,CIT,Pragyan Securities (PVT) Ltd.,Imperial Securities Company Pvt. Ltd.,50,2000.0,100000.0,2025-07-20T14:46:38.164593
2025-07-20,18059,2025072005029354,CIT,Vision Securities Pvt. Ltd,Dynamic Money Managers Securities Pvt. Ltd.,100,2004.0,200400.0,2025-07-20T14:48:05.597168
2025-07-20,18015,2025072005029367,CIT,Pragyan Securities (PVT) Ltd.,Sundhara Securities Limited,18,2000.0,36000.0,2025-07-20T14:48:08.135598
2025-07-20,17295,2025072005029536,CIT,South Asian Bulls Pvt. Ltd.,Bhrikuti Stock Broking Co. Pvt. Ltd.,25,2001.0,50025.0,2025-07-20T14:48:44.128873
2025-07-20,16859,2025072005029602,CIT,Vision Securities Pvt. Ltd,Naasa Securities Co. Ltd.,5,2020.0,10100.0,2025-07-20T14:49:03.969094
2025-07-20,16797,2025072005029620,CIT,Pragyan Securities (PVT) Ltd.,Ashutosh Brokerage & Securities (PVT) Ltd.,25,2000.0,50000.0,2025-07-20T14:49:07.026039
2025-07-20,16444,2025072005029688,CIT,Imperial Securities Company Pvt. Ltd.,Naasa Securities Co. Ltd.,3,2005.0,6015.0,2025-07-20T14:49:25.034423
2025-07-20,16248,2025072005029720,CIT,Pragyan Securities (PVT) Ltd.,Bhrikuti Stock Broking Co. Pvt. Ltd.,107,2000.0,214000.0,2025-07-20T14:49:34.371652
2025-07-20,16016,2025072005029742,CIT,Nagarik Stock Dealer ,Creative Securities Pvt Ltd,50,2005.0,100250.0,2025-07-20T14:49:46.868222
2025-07-20,16015,2025072005029743,CIT,Nagarik Stock Dealer ,Sewa Securities Pvt. Ltd.,50,2005.0,100250.0,2025-07-20T14:49:46.868467
2025-07-20,15042,2025072005029903,CIT,Nagarik Stock Dealer ,Deevyaa Securities & Stock House Pvt. Ltd,97,2009.0,194873.0,2025-07-20T14:50:29.387438
2025-07-20,14074,2025072005030061,CIT,Oxford Securities Pvt. Ltd.,Aryatara Investment & Securities,11,2000.1,22001.1,2025-07-20T14:51:18.619185
2025-07-20,13195,2025072005030221,CIT,Pragyan Securities (PVT) Ltd.,Dynamic Money Managers Securities Pvt. Ltd.,30,2000.0,60000.0,2025-07-20T14:51:57.310309
2025-07-20,13023,2025072005030250,CIT,Pragyan Securities (PVT) Ltd.,Thrive Brokerage House Pvt. Ltd,35,2000.0,70000.0,2025-07-20T14:52:05.037987
2025-07-20,12802,2025072005030286,CIT,Pragyan Securities (PVT) Ltd.,Sumeru Securities Pvt. Ltd.,21,2000.0,42000.0,2025-07-20T14:52:16.326828
2025-07-20,12732,2025072005030296,CIT,Naasa Securities Co. Ltd.,Dipshikha Dhitopatra Karobar Co. Pvt Ltd.,8,1965.0,15720.0,2025-07-20T14:52:20.599057
2025-07-20,12693,2025072005030301,CIT,Pragyan Securities (PVT) Ltd.,Trishakti Securities Public Limited,11,2000.0,22000.0,2025-07-20T14:52:22.595055
2025-07-20,12681,2025072005030307,CIT,Pragyan Securities (PVT) Ltd.,Aryatara Investment & Securities,12,2000.0,24000.0,2025-07-20T14:52:23.288608
2025-07-20,12603,2025072005030316,CIT,Pragyan Securities (PVT) Ltd.,Market Securities & Exchange (PVT) Ltd.,10,2000.0,20000.0,2025-07-20T14:52:25.953714
2025-07-20,11604,2025072005030513,CIT,Pragyan Securities (PVT) Ltd.,Dakshinkali Investment & Securities Pvt. Ltd.,56,2000.0,112000.0,2025-07-20T14:53:11.493417
2025-07-20,11603,2025072005030514,CIT,Linch Stock Market Ltd.,Dakshinkali Investment & Securities Pvt. Ltd.,95,2000.0,190000.0,2025-07-20T14:53:11.493643
2025-07-20,11602,2025072005030515,CIT,Linch Stock Market Ltd.,Agrawal Securities (PVT) Ltd.,11,2000.0,22000.0,2025-07-20T14:53:11.628274
2025-07-20,10658,2025072005030682,CIT,Linch Stock Market Ltd.,Trishakti Securities Public Limited,94,2000.0,188000.0,2025-07-20T14:53:54.086495
2025-07-20,10657,2025072005030683,CIT,Vision Securities Pvt. Ltd,Trishakti Securities Public Limited,79,2000.0,158000.0,2025-07-20T14:53:54.086532
2025-07-20,10442,2025072005030717,CIT,Vision Securities Pvt. Ltd,Sani Securities Company Ltd.,21,2000.0,42000.0,2025-07-20T14:54:05.042978
2025-07-20,10441,2025072005030718,CIT,Swarna Laxmi Securities Pvt. Ltd.,Sani Securities Company Ltd.,20,2000.0,40000.0,2025-07-20T14:54:05.043225
2025-07-20,10276,2025072005030758,CIT,Agrawal Securities (PVT) Ltd.,Sewa Securities Pvt. Ltd.,20,2000.0,40000.0,2025-07-20T14:54:11.980593
2025-07-20,10275,2025072005030759,CIT,Trishakti Securities Public Limited,Sewa Securities Pvt. Ltd.,10,2000.0,20000.0,2025-07-20T14:54:11.980869
2025-07-20,10274,2025072005030760,CIT,Sewa Securities Pvt. Ltd.,Sewa Securities Pvt. Ltd.,10,2000.0,20000.0,2025-07-20T14:54:11.98097
2025-07-20,9945,2025072005030812,CIT,Secured Securities Ltd.,Sewa Securities Pvt. Ltd.,15,2000.0,30000.0,2025-07-20T14:54:27.684799
2025-07-20,9226,2025072005030900,CIT,Kumari Securities Private Limited,Kumari Securities Private Limited,20,2000.0,40000.0,2025-07-20T14:54:57.927432
2025-07-20,9225,2025072005030901,CIT,Primo Securities (PVT) Ltd.,Kumari Securities Private Limited,45,2000.0,90000.0,2025-07-20T14:54:57.928036
2025-07-20,8908,2025072005030960,CIT,Kumari Securities Private Limited,Kumari Securities Private Limited,135,2000.0,270000.0,2025-07-20T14:55:11.039501
2025-07-20,8865,2025072005030970,CIT,Kumari Securities Private Limited,Naasa Securities Co. Ltd.,15,2000.0,30000.0,2025-07-20T14:55:13.578535
2025-07-20,8750,2025072005030984,CIT,Nepal Investment And Securities Trading Private Limited,Naasa Securities Co. Ltd.,85,2000.0,170000.0,2025-07-20T14:55:18.731668
2025-07-20,8546,2025072005031024,CIT,Nepal Investment And Securities Trading Private Limited,J.F. Securites (PVT) Ltd.,10,2000.0,20000.0,2025-07-20T14:55:29.226548
2025-07-20,8545,2025072005031025,CIT,Nepal Investment And Securities Trading Private Limited,Secured Securities Ltd.,5,2000.0,10000.0,2025-07-20T14:55:29.226862
2025-07-20,8504,2025072005031038,CIT,Sundhara Securities Limited,Online Securities Pvt. Ltd.,20,2000.0,40000.0,2025-07-20T14:55:30.994407
2025-07-20,8503,2025072005031039,CIT,Malla & Malla Stock Broking Company Pvt. Limited,Online Securities Pvt. Ltd.,21,1999.0,41979.0,2025-07-20T14:55:30.994867
2025-07-20,8502,2025072005031040,CIT,Online Securities Pvt. Ltd.,Online Securities Pvt. Ltd.,10,1998.0,19980.0,2025-07-20T14:55:30.995153
2025-07-20,8501,2025072005031041,CIT,Kumari Securities Private Limited,Online Securities Pvt. Ltd.,50,1998.0,99900.0,2025-07-20T14:55:30.995446
2025-07-20,8500,2025072005031042,CIT,Imperial Securities Company Pvt. Ltd.,Online Securities Pvt. Ltd.,10,1998.0,19980.0,2025-07-20T14:55:30.995707
2025-07-20,8499,2025072005031043,CIT,Aryatara Investment & Securities,Online Securities Pvt. Ltd.,36,1997.2,71899.2,2025-07-20T14:55:30.995987
2025-07-20,7138,2025072005031261,CIT,South Asian Bulls Pvt. Ltd.,Imperial Securities Company Pvt. Ltd.,10,2000.0,20000.0,2025-07-20T14:56:28.343464
2025-07-20,7137,2025072005031262,CIT,Imperial Securities Company Pvt. Ltd.,Imperial Securities Company Pvt. Ltd.,40,1998.0,79920.0,2025-07-20T14:56:28.343697
2025-07-20,4965,2025072005031647,CIT,Imperial Securities Company Pvt. Ltd.,Oxford Securities Pvt. Ltd.,55,1998.0,109890.0,2025-07-20T14:57:49.645982
2025-07-20,4921,2025072005031657,CIT,Imperial Securities Company Pvt. Ltd.,Naasa Securities Co. Ltd.,50,1998.0,99900.0,2025-07-20T14:57:51.100711
2025-07-20,3901,2025072005031801,CIT,Imperial Securities Company Pvt. Ltd.,Sewa Securities Pvt. Ltd.,49,2000.0,98000.0,2025-07-20T14:58:24.917298
2025-07-20,3674,2025072005031830,CIT,Swarna Laxmi Securities Pvt. Ltd.,Creative Securities Pvt Ltd,10,1998.0,19980.0,2025-07-20T14:58:32.680207
2025-07-20,3673,2025072005031831,CIT,Deevyaa Securities & Stock House Pvt. Ltd,Creative Securities Pvt Ltd,20,1998.0,39960.0,2025-07-20T14:58:32.680433
