Date,S.N.,Contract ID,Symbol,Buyer Broker,Seller Broker,quantity,rate,amount,transaction_time
2025-07-20,178023,2025072003000052,KSBBL,Trisul Securities & Invt. Ltd.,SUN SECURITIES PVT LTD,200,520.0,104000.0,2025-07-20T10:46:00.056499
2025-07-20,177901,2025072003000086,KSBBL,Trisul Securities & Invt. Ltd.,Capital Max Securities Ltd,200,530.0,106000.0,2025-07-20T11:00:18.685958
2025-07-20,177900,2025072003000087,KSBBL,Nepal Investment And Securities Trading Private Limited,Capital Max Securities Ltd,200,530.0,106000.0,2025-07-20T11:00:18.686095
2025-07-20,177820,2025072003000114,KSBBL,Imperial Securities Company Pvt. Ltd.,Sri Hari Securities Pvt. Ltd.,250,529.0,132250.0,2025-07-20T11:00:35.155838
2025-07-20,177817,2025072003000117,KSBBL,Midas Stock Broking Company Private Limited,Sri Hari Securities Pvt. Ltd.,10,529.0,5290.0,2025-07-20T11:00:36.573786
2025-07-20,177718,2025072003000139,KSBBL,Cristal Kanchanjanga Securites Pvt. Ltd.,Capital Max Securities Ltd,30,528.9,15867.0,2025-07-20T11:00:50.656194
2025-07-20,177603,2025072003000169,KSBBL,Asian Securities Private Ltd.,Opal Securities Investment (PVT) Ltd.,200,528.8,105760.0,2025-07-20T11:01:06.77667
2025-07-20,177218,2025072003000257,KSBBL,Dakshinkali Investment & Securities Pvt. Ltd.,Sri Hari Securities Pvt. Ltd.,20,526.0,10520.0,2025-07-20T11:01:46.184032
2025-07-20,177217,2025072003000258,KSBBL,J.F. Securites (PVT) Ltd.,Sri Hari Securities Pvt. Ltd.,100,526.0,52600.0,2025-07-20T11:01:46.184078
2025-07-20,177216,2025072003000259,KSBBL,Aryatara Investment & Securities,Sri Hari Securities Pvt. Ltd.,10,525.0,5250.0,2025-07-20T11:01:46.184119
2025-07-20,177215,2025072003000260,KSBBL,Opal Securities Investment (PVT) Ltd.,Sri Hari Securities Pvt. Ltd.,250,525.0,131250.0,2025-07-20T11:01:46.184143
2025-07-20,176709,2025072003000379,KSBBL,Online Securities Pvt. Ltd.,Dakshinkali Investment & Securities Pvt. Ltd.,150,524.0,78600.0,2025-07-20T11:02:30.302202
2025-07-20,176702,2025072003000382,KSBBL,Dynamic Money Managers Securities Pvt. Ltd.,Dakshinkali Investment & Securities Pvt. Ltd.,9850,524.0,5161400.0,2025-07-20T11:02:31.047236
2025-07-20,176630,2025072003000402,KSBBL,Dynamic Money Managers Securities Pvt. Ltd.,Capital Max Securities Ltd,150,524.0,78600.0,2025-07-20T11:02:37.314587
2025-07-20,176294,2025072003000491,KSBBL,Aryatara Investment & Securities,Thrive Brokerage House Pvt. Ltd,10,521.0,5210.0,2025-07-20T11:03:04.961633
2025-07-20,176003,2025072003000540,KSBBL,J.F. Securites (PVT) Ltd.,Midas Stock Broking Company Private Limited,25,521.1,13027.5,2025-07-20T11:03:25.194247
2025-07-20,176002,2025072003000541,KSBBL,Aryatara Investment & Securities,Midas Stock Broking Company Private Limited,40,521.0,20840.0,2025-07-20T11:03:25.194312
2025-07-20,175825,2025072003000582,KSBBL,Ashutosh Brokerage & Securities (PVT) Ltd.,Sumeru Securities Pvt. Ltd.,500,520.5,260250.0,2025-07-20T11:03:41.036892
2025-07-20,175824,2025072003000583,KSBBL,Ashutosh Brokerage & Securities (PVT) Ltd.,Sumeru Securities Pvt. Ltd.,500,520.5,260250.0,2025-07-20T11:03:41.037073
2025-07-20,175814,2025072003000585,KSBBL,Naasa Securities Co. Ltd.,Sani Securities Company Ltd.,250,520.0,130000.0,2025-07-20T11:03:42.203271
2025-07-20,175813,2025072003000586,KSBBL,Sipla Securities Private Limited,Sani Securities Company Ltd.,3000,520.0,1560000.0,2025-07-20T11:03:42.203332
2025-07-20,175812,2025072003000587,KSBBL,Nepal Stock House (PVT) Ltd.,Sani Securities Company Ltd.,25,520.0,13000.0,2025-07-20T11:03:42.203364
2025-07-20,175811,2025072003000588,KSBBL,Dipshikha Dhitopatra Karobar Co. Pvt Ltd.,Sani Securities Company Ltd.,500,520.0,260000.0,2025-07-20T11:03:42.203394
2025-07-20,175810,2025072003000589,KSBBL,Agrawal Securities (PVT) Ltd.,Sani Securities Company Ltd.,150,520.0,78000.0,2025-07-20T11:03:42.203422
2025-07-20,175809,2025072003000590,KSBBL,Siprabi Securities Pvt. Ltd.,Sani Securities Company Ltd.,600,520.0,312000.0,2025-07-20T11:03:42.203467
2025-07-20,175808,2025072003000591,KSBBL,Miyo Securities Pvt Ltd,Sani Securities Company Ltd.,200,520.0,104000.0,2025-07-20T11:03:42.203497
2025-07-20,175692,2025072003000611,KSBBL,Cristal Kanchanjanga Securites Pvt. Ltd.,Sani Securities Company Ltd.,20,520.0,10400.0,2025-07-20T11:03:51.851751
2025-07-20,175666,2025072003000614,KSBBL,Neev Securities Pvt. Ltd.,Miyo Securities Pvt Ltd,500,518.3,259150.0,2025-07-20T11:03:55.32964
2025-07-20,175665,2025072003000615,KSBBL,Kohinoor Investment & Securities Pvt. Ltd.,Miyo Securities Pvt Ltd,5000,517.5,2587500.0,2025-07-20T11:03:55.329696
2025-07-20,175631,2025072003000622,KSBBL,Trisul Securities & Invt. Ltd.,Sani Securities Company Ltd.,500,520.0,260000.0,2025-07-20T11:03:57.900758
2025-07-20,175599,2025072003000628,KSBBL,Thrive Brokerage House Pvt. Ltd,Sani Securities Company Ltd.,200,520.0,104000.0,2025-07-20T11:04:01.219371
2025-07-20,175343,2025072003000690,KSBBL,Citizens Share Broker Limited,Sani Securities Company Ltd.,500,520.0,260000.0,2025-07-20T11:04:17.788732
2025-07-20,175258,2025072003000696,KSBBL,Cristal Kanchanjanga Securites Pvt. Ltd.,Sani Securities Company Ltd.,20,520.0,10400.0,2025-07-20T11:04:24.040801
2025-07-20,175171,2025072003000718,KSBBL,Investment Management Nepal Pvt. Ltd.,Sani Securities Company Ltd.,35,520.0,18200.0,2025-07-20T11:04:32.098017
2025-07-20,175170,2025072003000719,KSBBL,Investment Management Nepal Pvt. Ltd.,Midas Stock Broking Company Private Limited,335,521.0,174535.0,2025-07-20T11:04:32.098083
2025-07-20,175169,2025072003000720,KSBBL,Investment Management Nepal Pvt. Ltd.,Bhrikuti Stock Broking Co. Pvt. Ltd.,40,521.0,20840.0,2025-07-20T11:04:32.098117
2025-07-20,174286,2025072003000922,KSBBL,Aakashbhairab Securities Ltd.,Sani Securities Company Ltd.,20,521.1,10422.0,2025-07-20T11:05:31.560447
2025-07-20,174285,2025072003000923,KSBBL,Investment Management Nepal Pvt. Ltd.,Sani Securities Company Ltd.,80,521.0,41680.0,2025-07-20T11:05:31.560517
2025-07-20,173508,2025072003001084,KSBBL,Primo Securities (PVT) Ltd.,Capital Max Securities Ltd,200,524.7,104940.0,2025-07-20T11:06:19.968423
2025-07-20,173101,2025072003001162,KSBBL,Nepal Stock House (PVT) Ltd.,Naasa Securities Co. Ltd.,25,522.0,13050.0,2025-07-20T11:06:49.319575
2025-07-20,173100,2025072003001163,KSBBL,Sani Securities Company Ltd.,Naasa Securities Co. Ltd.,15,521.8,7827.0,2025-07-20T11:06:49.319614
2025-07-20,173099,2025072003001164,KSBBL,Trisul Securities & Invt. Ltd.,Naasa Securities Co. Ltd.,50,521.7,26085.0,2025-07-20T11:06:49.319642
2025-07-20,173098,2025072003001165,KSBBL,Imperial Securities Company Pvt. Ltd.,Naasa Securities Co. Ltd.,200,521.6,104320.0,2025-07-20T11:06:49.31967
2025-07-20,173097,2025072003001166,KSBBL,Investment Management Nepal Pvt. Ltd.,Naasa Securities Co. Ltd.,10,521.0,5210.0,2025-07-20T11:06:49.319698
2025-07-20,173096,2025072003001167,KSBBL,Nepal Stock House (PVT) Ltd.,Naasa Securities Co. Ltd.,140,521.0,72940.0,2025-07-20T11:06:49.319727
2025-07-20,173095,2025072003001168,KSBBL,Sundhara Securities Limited,Naasa Securities Co. Ltd.,90,521.0,46890.0,2025-07-20T11:06:49.319753
2025-07-20,172822,2025072003001236,KSBBL,Imperial Securities Company Pvt. Ltd.,Infinity Securities Limited,70,521.8,36526.0,2025-07-20T11:07:05.613706
2025-07-20,172821,2025072003001237,KSBBL,Sundhara Securities Limited,Infinity Securities Limited,10,521.0,5210.0,2025-07-20T11:07:05.613829
2025-07-20,172820,2025072003001238,KSBBL,Opal Securities Investment (PVT) Ltd.,Infinity Securities Limited,70,521.0,36470.0,2025-07-20T11:07:05.613872
2025-07-20,172819,2025072003001239,KSBBL,Investment Management Nepal Pvt. Ltd.,Infinity Securities Limited,50,520.6,26030.0,2025-07-20T11:07:05.613908
2025-07-20,172520,2025072003001317,KSBBL,Investment Management Nepal Pvt. Ltd.,Opal Securities Investment (PVT) Ltd.,300,520.6,156180.0,2025-07-20T11:07:24.170043
2025-07-20,171767,2025072003001497,KSBBL,Siprabi Securities Pvt. Ltd.,Naasa Securities Co. Ltd.,50,521.0,26050.0,2025-07-20T11:08:11.361705
2025-07-20,171766,2025072003001498,KSBBL,Investment Management Nepal Pvt. Ltd.,Naasa Securities Co. Ltd.,150,520.6,78090.0,2025-07-20T11:08:11.361788
2025-07-20,171583,2025072003001528,KSBBL,Naasa Securities Co. Ltd.,Naasa Securities Co. Ltd.,20,520.6,10412.0,2025-07-20T11:08:24.237084
2025-07-20,170918,2025072003001725,KSBBL,Dynamic Money Managers Securities Pvt. Ltd.,Dakshinkali Investment & Securities Pvt. Ltd.,10000,520.0,5200000.0,2025-07-20T11:08:56.663921
2025-07-20,170858,2025072003001739,KSBBL,Trisul Securities & Invt. Ltd.,Naasa Securities Co. Ltd.,280,520.6,145768.0,2025-07-20T11:08:59.891015
2025-07-20,170857,2025072003001740,KSBBL,Trisul Securities & Invt. Ltd.,Dipshikha Dhitopatra Karobar Co. Pvt Ltd.,200,520.6,104120.0,2025-07-20T11:08:59.891235
2025-07-20,170701,2025072003001777,KSBBL,Trisul Securities & Invt. Ltd.,Siprabi Securities Pvt. Ltd.,20,521.0,10420.0,2025-07-20T11:09:09.510049
2025-07-20,170244,2025072003001876,KSBBL,K.B.L. Securities Limited ,Siprabi Securities Pvt. Ltd.,10,521.0,5210.0,2025-07-20T11:09:40.633059
2025-07-20,169876,2025072003001968,KSBBL,K.B.L. Securities Limited ,Miyo Securities Pvt Ltd,150,521.0,78150.0,2025-07-20T11:10:03.542769
2025-07-20,169875,2025072003001969,KSBBL,Aryatara Investment & Securities,Miyo Securities Pvt Ltd,200,520.0,104000.0,2025-07-20T11:10:03.542811
2025-07-20,169874,2025072003001970,KSBBL,Sani Securities Company Ltd.,Miyo Securities Pvt Ltd,20,520.0,10400.0,2025-07-20T11:10:03.542841
2025-07-20,169873,2025072003001971,KSBBL,Linch Stock Market Ltd.,Miyo Securities Pvt Ltd,1000,519.0,519000.0,2025-07-20T11:10:03.542876
2025-07-20,169872,2025072003001972,KSBBL,Naasa Securities Co. Ltd.,Miyo Securities Pvt Ltd,20,519.0,10380.0,2025-07-20T11:10:03.542906
2025-07-20,169871,2025072003001973,KSBBL,Arun Securities (PVT) Ltd.,Miyo Securities Pvt Ltd,110,519.0,57090.0,2025-07-20T11:10:03.542929
2025-07-20,169793,2025072003001997,KSBBL,ABC Securities Private Limited,Trishakti Securities Public Limited,100,521.0,52100.0,2025-07-20T11:10:09.126566
2025-07-20,169622,2025072003002048,KSBBL,Vision Securities Pvt. Ltd,Trisul Securities & Invt. Ltd.,300,520.0,156000.0,2025-07-20T11:10:18.898253
2025-07-20,169594,2025072003002051,KSBBL,SUN SECURITIES PVT LTD,Trishakti Securities Public Limited,100,521.0,52100.0,2025-07-20T11:10:20.685639
2025-07-20,169586,2025072003002054,KSBBL,SUN SECURITIES PVT LTD,Infinity Securities Limited,122,521.1,63574.2,2025-07-20T11:10:22.031162
2025-07-20,169445,2025072003002097,KSBBL,Linch Stock Market Ltd.,Infinity Securities Limited,78,521.0,40638.0,2025-07-20T11:10:31.48479
2025-07-20,169444,2025072003002098,KSBBL,Linch Stock Market Ltd.,Sweta Securities Private Limited,174,522.0,90828.0,2025-07-20T11:10:31.484975
2025-07-20,169443,2025072003002099,KSBBL,Linch Stock Market Ltd.,Aryatara Investment & Securities,157,523.0,82111.0,2025-07-20T11:10:31.485121
2025-07-20,169442,2025072003002100,KSBBL,Linch Stock Market Ltd.,Nepal Stock House (PVT) Ltd.,94,523.0,49162.0,2025-07-20T11:10:31.485249
2025-07-20,169441,2025072003002101,KSBBL,Linch Stock Market Ltd.,MILKY WAY SHARE BROKER COMPANY LTD ,497,523.0,259931.0,2025-07-20T11:10:31.485363
2025-07-20,168943,2025072003002210,KSBBL,Imperial Securities Company Pvt. Ltd.,Sri Hari Securities Pvt. Ltd.,500,520.1,260050.0,2025-07-20T11:11:12.669662
2025-07-20,168745,2025072003002240,KSBBL,Primo Securities (PVT) Ltd.,J.F. Securites (PVT) Ltd.,100,519.5,51950.0,2025-07-20T11:11:22.031413
2025-07-20,168744,2025072003002241,KSBBL,Sani Securities Company Ltd.,J.F. Securites (PVT) Ltd.,50,519.0,25950.0,2025-07-20T11:11:22.031455
2025-07-20,168743,2025072003002242,KSBBL,Sanima Securities Limited,J.F. Securites (PVT) Ltd.,100,519.0,51900.0,2025-07-20T11:11:22.031479
2025-07-20,168731,2025072003002244,KSBBL,Sanima Securities Limited,Aryatara Investment & Securities,100,519.0,51900.0,2025-07-20T11:11:23.233681
2025-07-20,168512,2025072003002285,KSBBL,Agrawal Securities (PVT) Ltd.,Citizens Share Broker Limited,188,520.0,97760.0,2025-07-20T11:11:39.334873
2025-07-20,168509,2025072003002286,KSBBL,Agrawal Securities (PVT) Ltd.,Bhrikuti Stock Broking Co. Pvt. Ltd.,12,520.0,6240.0,2025-07-20T11:11:39.451072
2025-07-20,168508,2025072003002287,KSBBL,Sanima Securities Limited,Bhrikuti Stock Broking Co. Pvt. Ltd.,788,519.0,408972.0,2025-07-20T11:11:39.451156
2025-07-20,168379,2025072003002312,KSBBL,Sanima Securities Limited,Deevyaa Securities & Stock House Pvt. Ltd,12,519.0,6228.0,2025-07-20T11:11:48.256719
2025-07-20,168185,2025072003002346,KSBBL,Imperial Securities Company Pvt. Ltd.,Imperial Securities Company Pvt. Ltd.,200,518.5,103700.0,2025-07-20T11:12:01.954542
2025-07-20,168184,2025072003002347,KSBBL,Imperial Securities Company Pvt. Ltd.,Imperial Securities Company Pvt. Ltd.,50,518.4,25920.0,2025-07-20T11:12:01.954729
2025-07-20,168183,2025072003002348,KSBBL,Aryatara Investment & Securities,Imperial Securities Company Pvt. Ltd.,200,518.4,103680.0,2025-07-20T11:12:01.954853
2025-07-20,168182,2025072003002349,KSBBL,Global IME Securities Limited,Imperial Securities Company Pvt. Ltd.,1000,518.3,518300.0,2025-07-20T11:12:01.954976
2025-07-20,168181,2025072003002350,KSBBL,Sani Securities Company Ltd.,Imperial Securities Company Pvt. Ltd.,100,518.0,51800.0,2025-07-20T11:12:01.955146
2025-07-20,168180,2025072003002351,KSBBL,Sanima Securities Limited,Imperial Securities Company Pvt. Ltd.,450,518.0,233100.0,2025-07-20T11:12:01.955271
2025-07-20,168093,2025072003002375,KSBBL,Sanima Securities Limited,Aryatara Investment & Securities,398,518.0,206164.0,2025-07-20T11:12:07.858347
2025-07-20,167989,2025072003002408,KSBBL,Premier Securities Company Ltd.,Deevyaa Securities & Stock House Pvt. Ltd,20,519.0,10380.0,2025-07-20T11:12:16.238986
2025-07-20,167863,2025072003002451,KSBBL,Trishakti Securities Public Limited,Online Securities Pvt. Ltd.,50,520.0,26000.0,2025-07-20T11:12:26.14531
2025-07-20,167669,2025072003002497,KSBBL,Bhrikuti Stock Broking Co. Pvt. Ltd.,Midas Stock Broking Company Private Limited,50,520.0,26000.0,2025-07-20T11:12:40.271084
2025-07-20,167656,2025072003002498,KSBBL,Aakashbhairab Securities Ltd.,Midas Stock Broking Company Private Limited,153,520.0,79560.0,2025-07-20T11:12:40.647711
2025-07-20,167639,2025072003002501,KSBBL,Aakashbhairab Securities Ltd.,South Asian Bulls Pvt. Ltd.,347,520.0,180440.0,2025-07-20T11:12:41.177821
2025-07-20,167638,2025072003002502,KSBBL,Premier Securities Company Ltd.,South Asian Bulls Pvt. Ltd.,153,519.0,79407.0,2025-07-20T11:12:41.177913
2025-07-20,167602,2025072003002518,KSBBL,Sani Securities Company Ltd.,Sri Hari Securities Pvt. Ltd.,500,520.1,260050.0,2025-07-20T11:12:44.413631
2025-07-20,167549,2025072003002539,KSBBL,Premier Securities Company Ltd.,Nepal Investment And Securities Trading Private Limited,100,519.0,51900.0,2025-07-20T11:12:46.872238
2025-07-20,166950,2025072003002652,KSBBL,Premier Securities Company Ltd.,Sri Hari Securities Pvt. Ltd.,112,519.0,58128.0,2025-07-20T11:13:27.854364
2025-07-20,166878,2025072003002665,KSBBL,Aryatara Investment & Securities,Sri Hari Securities Pvt. Ltd.,500,519.0,259500.0,2025-07-20T11:13:33.621717
2025-07-20,166811,2025072003002684,KSBBL,Sanima Securities Limited,Sri Hari Securities Pvt. Ltd.,152,518.0,78736.0,2025-07-20T11:13:39.982805
2025-07-20,166810,2025072003002685,KSBBL,Vision Securities Pvt. Ltd,Sri Hari Securities Pvt. Ltd.,100,518.0,51800.0,2025-07-20T11:13:39.982902
2025-07-20,166809,2025072003002686,KSBBL,Kohinoor Investment & Securities Pvt. Ltd.,Sri Hari Securities Pvt. Ltd.,100,517.5,51750.0,2025-07-20T11:13:39.982954
2025-07-20,166808,2025072003002687,KSBBL,Imperial Securities Company Pvt. Ltd.,Sri Hari Securities Pvt. Ltd.,196,517.5,101430.0,2025-07-20T11:13:39.982999
2025-07-20,166143,2025072003002855,KSBBL,Secured Securities Ltd.,Premier Securities Company Ltd.,39,519.0,20241.0,2025-07-20T11:14:32.606499
2025-07-20,166064,2025072003002869,KSBBL,Investment Management Nepal Pvt. Ltd.,Sani Securities Company Ltd.,94,518.0,48692.0,2025-07-20T11:14:38.386857
2025-07-20,165781,2025072003002926,KSBBL,Ashutosh Brokerage & Securities (PVT) Ltd.,Siprabi Securities Pvt. Ltd.,50,517.6,25880.0,2025-07-20T11:14:59.951269
2025-07-20,165780,2025072003002927,KSBBL,Bhrikuti Stock Broking Co. Pvt. Ltd.,Siprabi Securities Pvt. Ltd.,50,517.5,25875.0,2025-07-20T11:14:59.95143
2025-07-20,165779,2025072003002928,KSBBL,Aryatara Investment & Securities,Siprabi Securities Pvt. Ltd.,500,517.5,258750.0,2025-07-20T11:14:59.951497
2025-07-20,165778,2025072003002929,KSBBL,Vision Securities Pvt. Ltd,Siprabi Securities Pvt. Ltd.,100,517.4,51740.0,2025-07-20T11:14:59.951563
2025-07-20,165777,2025072003002930,KSBBL,Himalayan Brokerage Company Limited,Siprabi Securities Pvt. Ltd.,500,517.4,258700.0,2025-07-20T11:14:59.951613
2025-07-20,165776,2025072003002931,KSBBL,Imperial Securities Company Pvt. Ltd.,Siprabi Securities Pvt. Ltd.,800,517.3,413840.0,2025-07-20T11:14:59.951654
2025-07-20,165602,2025072003002973,KSBBL,Sanima Securities Limited,Premier Securities Company Ltd.,214,519.0,111066.0,2025-07-20T11:15:14.938605
2025-07-20,165601,2025072003002974,KSBBL,Sanima Securities Limited,Oxford Securities Pvt. Ltd.,216,519.0,112104.0,2025-07-20T11:15:14.938736
2025-07-20,165543,2025072003002980,KSBBL,Sanima Securities Limited,Sri Hari Securities Pvt. Ltd.,570,519.0,295830.0,2025-07-20T11:15:20.349358
2025-07-20,165542,2025072003002981,KSBBL,Dipshikha Dhitopatra Karobar Co. Pvt Ltd.,Sri Hari Securities Pvt. Ltd.,500,518.0,259000.0,2025-07-20T11:15:20.349463
2025-07-20,165541,2025072003002982,KSBBL,Trisul Securities & Invt. Ltd.,Sri Hari Securities Pvt. Ltd.,673,518.0,348614.0,2025-07-20T11:15:20.349522
2025-07-20,165284,2025072003003016,KSBBL,Trisul Securities & Invt. Ltd.,Dynamic Money Managers Securities Pvt. Ltd.,2327,518.0,1205386.0,2025-07-20T11:15:33.93041
2025-07-20,165236,2025072003003026,KSBBL,Creative Securities Pvt Ltd,Dynamic Money Managers Securities Pvt. Ltd.,673,518.0,348614.0,2025-07-20T11:15:38.201453
2025-07-20,165235,2025072003003027,KSBBL,Creative Securities Pvt Ltd,Nabil Stock Dealer Ltd.,266,519.0,138054.0,2025-07-20T11:15:38.201552
2025-07-20,165215,2025072003003029,KSBBL,Creative Securities Pvt Ltd,Naasa Securities Co. Ltd.,18,519.0,9342.0,2025-07-20T11:15:39.159918
2025-07-20,164734,2025072003003140,KSBBL,Himalayan Securities Limited,Sri Hari Securities Pvt. Ltd.,500,520.0,260000.0,2025-07-20T11:16:07.946102
2025-07-20,164722,2025072003003143,KSBBL,Vision Securities Pvt. Ltd,Vision Securities Pvt. Ltd,207,520.0,107640.0,2025-07-20T11:16:08.364494
2025-07-20,164721,2025072003003144,KSBBL,Vision Securities Pvt. Ltd,Bhrikuti Stock Broking Co. Pvt. Ltd.,93,521.0,48453.0,2025-07-20T11:16:08.364624
2025-07-20,164575,2025072003003183,KSBBL,Ashutosh Brokerage & Securities (PVT) Ltd.,Siprabi Securities Pvt. Ltd.,92,520.0,47840.0,2025-07-20T11:16:16.791393
2025-07-20,164253,2025072003003242,KSBBL,Sweta Securities Private Limited,Bhrikuti Stock Broking Co. Pvt. Ltd.,57,521.0,29697.0,2025-07-20T11:16:34.938816
2025-07-20,164252,2025072003003243,KSBBL,Sweta Securities Private Limited,Oxford Securities Pvt. Ltd.,67,521.0,34907.0,2025-07-20T11:16:34.938922
2025-07-20,164251,2025072003003244,KSBBL,Sweta Securities Private Limited,Property Wiard Limited,76,522.0,39672.0,2025-07-20T11:16:34.938974
2025-07-20,164020,2025072003003332,KSBBL,Ashutosh Brokerage & Securities (PVT) Ltd.,Kohinoor Investment & Securities Pvt. Ltd.,100,520.0,52000.0,2025-07-20T11:16:46.62102
2025-07-20,163962,2025072003003345,KSBBL,Asian Securities Private Ltd.,Sumeru Securities Pvt. Ltd.,100,520.9,52090.0,2025-07-20T11:16:51.262942
2025-07-20,163685,2025072003003394,KSBBL,Vision Securities Pvt. Ltd,Property Wiard Limited,100,522.0,52200.0,2025-07-20T11:17:08.594357
2025-07-20,163525,2025072003003412,KSBBL,Sewa Securities Pvt. Ltd.,Bhrikuti Stock Broking Co. Pvt. Ltd.,50,520.1,26005.0,2025-07-20T11:17:20.201939
2025-07-20,163428,2025072003003429,KSBBL,Naasa Securities Co. Ltd.,Miyo Securities Pvt Ltd,1000,520.1,520100.0,2025-07-20T11:17:26.573362
2025-07-20,163427,2025072003003430,KSBBL,Nabil Stock Dealer Ltd.,Miyo Securities Pvt Ltd,100,520.1,52010.0,2025-07-20T11:17:26.573399
2025-07-20,163426,2025072003003431,KSBBL,Ashutosh Brokerage & Securities (PVT) Ltd.,Miyo Securities Pvt Ltd,308,520.0,160160.0,2025-07-20T11:17:26.573427
2025-07-20,163425,2025072003003432,KSBBL,INDEX SECURITIES LIMITED,Miyo Securities Pvt Ltd,3000,520.0,1560000.0,2025-07-20T11:17:26.573453
2025-07-20,163424,2025072003003433,KSBBL,Creative Securities Pvt Ltd,Miyo Securities Pvt Ltd,43,519.0,22317.0,2025-07-20T11:17:26.573485
2025-07-20,163423,2025072003003434,KSBBL,Imperial Securities Company Pvt. Ltd.,Miyo Securities Pvt Ltd,10,519.0,5190.0,2025-07-20T11:17:26.573504
2025-07-20,163422,2025072003003435,KSBBL,Cristal Kanchanjanga Securites Pvt. Ltd.,Miyo Securities Pvt Ltd,3000,519.0,1557000.0,2025-07-20T11:17:26.573527
2025-07-20,163421,2025072003003436,KSBBL,Secured Securities Ltd.,Miyo Securities Pvt Ltd,39,518.2,20209.8,2025-07-20T11:17:26.57355
2025-07-20,163215,2025072003003488,KSBBL,Aryatara Investment & Securities,Dakshinkali Investment & Securities Pvt. Ltd.,50,521.0,26050.0,2025-07-20T11:17:38.158532
2025-07-20,163214,2025072003003489,KSBBL,Malla & Malla Stock Broking Company Pvt. Limited,Dakshinkali Investment & Securities Pvt. Ltd.,50,521.0,26050.0,2025-07-20T11:17:38.158653
2025-07-20,163213,2025072003003490,KSBBL,Bhrikuti Stock Broking Co. Pvt. Ltd.,Dakshinkali Investment & Securities Pvt. Ltd.,200,521.0,104200.0,2025-07-20T11:17:38.158716
2025-07-20,163161,2025072003003494,KSBBL,Secured Securities Ltd.,Dakshinkali Investment & Securities Pvt. Ltd.,500,521.0,260500.0,2025-07-20T11:17:39.783932
2025-07-20,162943,2025072003003546,KSBBL,Vision Securities Pvt. Ltd,Dakshinkali Investment & Securities Pvt. Ltd.,100,521.0,52100.0,2025-07-20T11:17:54.384197
2025-07-20,162911,2025072003003552,KSBBL,Vision Securities Pvt. Ltd,Dakshinkali Investment & Securities Pvt. Ltd.,1100,521.0,573100.0,2025-07-20T11:17:56.405157
2025-07-20,162638,2025072003003620,KSBBL,Vision Securities Pvt. Ltd,Miyo Securities Pvt Ltd,100,521.0,52100.0,2025-07-20T11:18:12.744483
2025-07-20,162637,2025072003003621,KSBBL,Dipshikha Dhitopatra Karobar Co. Pvt Ltd.,Miyo Securities Pvt Ltd,1000,521.0,521000.0,2025-07-20T11:18:12.744546
2025-07-20,162007,2025072003003754,KSBBL,Midas Stock Broking Company Private Limited,Property Wiard Limited,60,522.0,31320.0,2025-07-20T11:18:54.769321
2025-07-20,161899,2025072003003788,KSBBL,Capital Hub P. Ltd,Property Wiard Limited,264,522.0,137808.0,2025-07-20T11:19:03.078804
2025-07-20,161760,2025072003003826,KSBBL,Aryatara Investment & Securities,Sagarmatha Securities Private Limited,50,522.9,26145.0,2025-07-20T11:19:11.384753
2025-07-20,161408,2025072003003920,KSBBL,Capital Hub P. Ltd,Dakshinkali Investment & Securities Pvt. Ltd.,736,522.0,384192.0,2025-07-20T11:19:32.244569
2025-07-20,161310,2025072003003936,KSBBL,Sani Securities Company Ltd.,Dakshinkali Investment & Securities Pvt. Ltd.,20,522.0,10440.0,2025-07-20T11:19:38.801975
2025-07-20,161279,2025072003003942,KSBBL,Sweta Securities Private Limited,Dakshinkali Investment & Securities Pvt. Ltd.,190,522.0,99180.0,2025-07-20T11:19:41.324525
2025-07-20,161244,2025072003003946,KSBBL,Cristal Kanchanjanga Securites Pvt. Ltd.,Dakshinkali Investment & Securities Pvt. Ltd.,1000,522.0,522000.0,2025-07-20T11:19:44.143282
2025-07-20,161134,2025072003003965,KSBBL,Ashutosh Brokerage & Securities (PVT) Ltd.,Dakshinkali Investment & Securities Pvt. Ltd.,54,522.0,28188.0,2025-07-20T11:19:53.537099
2025-07-20,160836,2025072003004001,KSBBL,Ashutosh Brokerage & Securities (PVT) Ltd.,Online Securities Pvt. Ltd.,10,522.0,5220.0,2025-07-20T11:20:17.041489
2025-07-20,160821,2025072003004004,KSBBL,Thrive Brokerage House Pvt. Ltd,Nepal Stock House (PVT) Ltd.,200,523.0,104600.0,2025-07-20T11:20:18.52522
2025-07-20,160820,2025072003004005,KSBBL,Thrive Brokerage House Pvt. Ltd,Sagarmatha Securities Private Limited,101,524.0,52924.0,2025-07-20T11:20:18.525334
2025-07-20,160819,2025072003004006,KSBBL,Thrive Brokerage House Pvt. Ltd,ABC Securities Private Limited,50,524.0,26200.0,2025-07-20T11:20:18.525382
2025-07-20,160818,2025072003004007,KSBBL,Thrive Brokerage House Pvt. Ltd,Midas Stock Broking Company Private Limited,449,524.0,235276.0,2025-07-20T11:20:18.525428
2025-07-20,160504,2025072003004078,KSBBL,Linch Stock Market Ltd.,Midas Stock Broking Company Private Limited,51,524.0,26724.0,2025-07-20T11:20:42.056793
2025-07-20,160503,2025072003004079,KSBBL,Linch Stock Market Ltd.,Arun Securities (PVT) Ltd.,336,524.0,176064.0,2025-07-20T11:20:42.056906
2025-07-20,160502,2025072003004080,KSBBL,Linch Stock Market Ltd.,Capital Max Securities Ltd,113,524.7,59291.1,2025-07-20T11:20:42.056965
2025-07-20,160383,2025072003004106,KSBBL,Sundhara Securities Limited,Asian Securities Private Ltd.,200,523.0,104600.0,2025-07-20T11:20:46.891393
2025-07-20,160286,2025072003004134,KSBBL,Linch Stock Market Ltd.,Dakshinkali Investment & Securities Pvt. Ltd.,500,524.0,262000.0,2025-07-20T11:20:53.231689
2025-07-20,160087,2025072003004176,KSBBL,Dynamic Money Managers Securities Pvt. Ltd.,Dakshinkali Investment & Securities Pvt. Ltd.,500,524.0,262000.0,2025-07-20T11:21:07.711501
2025-07-20,159950,2025072003004204,KSBBL,Aryatara Investment & Securities,Dakshinkali Investment & Securities Pvt. Ltd.,870,524.0,455880.0,2025-07-20T11:21:15.088873
2025-07-20,159891,2025072003004223,KSBBL,Sundhara Securities Limited,Nepal Stock House (PVT) Ltd.,100,523.0,52300.0,2025-07-20T11:21:18.17311
2025-07-20,159515,2025072003004311,KSBBL,Capital Hub P. Ltd,Capital Max Securities Ltd,107,523.9,56057.3,2025-07-20T11:21:40.212906
2025-07-20,159514,2025072003004312,KSBBL,Capital Hub P. Ltd,Dakshinkali Investment & Securities Pvt. Ltd.,130,524.0,68120.0,2025-07-20T11:21:40.213021
2025-07-20,159513,2025072003004313,KSBBL,Capital Hub P. Ltd,Primo Securities (PVT) Ltd.,200,524.7,104940.0,2025-07-20T11:21:40.213084
2025-07-20,159512,2025072003004314,KSBBL,Capital Hub P. Ltd,Dynamic Money Managers Securities Pvt. Ltd.,1000,524.9,524900.0,2025-07-20T11:21:40.213134
2025-07-20,159511,2025072003004315,KSBBL,Capital Hub P. Ltd,Kohinoor Investment & Securities Pvt. Ltd.,500,525.0,262500.0,2025-07-20T11:21:40.213185
2025-07-20,159510,2025072003004316,KSBBL,Capital Hub P. Ltd,Opal Securities Investment (PVT) Ltd.,50,525.0,26250.0,2025-07-20T11:21:40.213232
2025-07-20,159509,2025072003004317,KSBBL,Capital Hub P. Ltd,Nepal Stock House (PVT) Ltd.,200,525.0,105000.0,2025-07-20T11:21:40.213286
2025-07-20,159508,2025072003004318,KSBBL,Capital Hub P. Ltd,Malla & Malla Stock Broking Company Pvt. Limited,200,525.0,105000.0,2025-07-20T11:21:40.213332
2025-07-20,159507,2025072003004319,KSBBL,Capital Hub P. Ltd,Aryatara Investment & Securities,70,525.0,36750.0,2025-07-20T11:21:40.213393
2025-07-20,159506,2025072003004320,KSBBL,Capital Hub P. Ltd,Naasa Securities Co. Ltd.,1115,525.0,585375.0,2025-07-20T11:21:40.213439
2025-07-20,159505,2025072003004321,KSBBL,Capital Hub P. Ltd,MILKY WAY SHARE BROKER COMPANY LTD ,503,525.0,264075.0,2025-07-20T11:21:40.213485
2025-07-20,159479,2025072003004325,KSBBL,Capital Hub P. Ltd,Nepal Stock House (PVT) Ltd.,14,525.0,7350.0,2025-07-20T11:21:42.768418
2025-07-20,158972,2025072003004460,KSBBL,MILKY WAY SHARE BROKER COMPANY LTD ,Dipshikha Dhitopatra Karobar Co. Pvt Ltd.,55,527.0,28985.0,2025-07-20T11:22:17.827319
2025-07-20,158971,2025072003004461,KSBBL,MILKY WAY SHARE BROKER COMPANY LTD ,Miyo Securities Pvt Ltd,1000,527.0,527000.0,2025-07-20T11:22:17.827446
2025-07-20,158970,2025072003004462,KSBBL,MILKY WAY SHARE BROKER COMPANY LTD ,Online Securities Pvt. Ltd.,18,527.0,9486.0,2025-07-20T11:22:17.82751
2025-07-20,158969,2025072003004463,KSBBL,MILKY WAY SHARE BROKER COMPANY LTD ,Dakshinkali Investment & Securities Pvt. Ltd.,927,528.0,489456.0,2025-07-20T11:22:17.827561
2025-07-20,158732,2025072003004502,KSBBL,Capital Hub P. Ltd,Imperial Securities Company Pvt. Ltd.,200,525.0,105000.0,2025-07-20T11:22:33.56888
2025-07-20,158462,2025072003004569,KSBBL,Nepal Investment And Securities Trading Private Limited,Sani Securities Company Ltd.,1000,527.0,527000.0,2025-07-20T11:22:51.827873
2025-07-20,158404,2025072003004582,KSBBL,Imperial Securities Company Pvt. Ltd.,Sani Securities Company Ltd.,1000,527.0,527000.0,2025-07-20T11:22:57.062814
2025-07-20,158335,2025072003004608,KSBBL,Imperial Securities Company Pvt. Ltd.,Garima Securities Limited,35,527.0,18445.0,2025-07-20T11:23:01.308317
2025-07-20,158128,2025072003004666,KSBBL,Imperial Securities Company Pvt. Ltd.,ABC Securities Private Limited,500,527.0,263500.0,2025-07-20T11:23:15.034707
2025-07-20,157700,2025072003004754,KSBBL,Imperial Securities Company Pvt. Ltd.,Sanima Securities Limited,465,527.0,245055.0,2025-07-20T11:23:41.933563
2025-07-20,157493,2025072003004820,KSBBL,Nepal Stock House (PVT) Ltd.,Blue Chip Securities Ltd,25,526.0,13150.0,2025-07-20T11:23:56.076931
2025-07-20,157492,2025072003004821,KSBBL,Dipshikha Dhitopatra Karobar Co. Pvt Ltd.,Blue Chip Securities Ltd,100,526.0,52600.0,2025-07-20T11:23:56.077055
2025-07-20,157491,2025072003004822,KSBBL,Capital Hub P. Ltd,Blue Chip Securities Ltd,575,525.0,301875.0,2025-07-20T11:23:56.07711
2025-07-20,157475,2025072003004826,KSBBL,Ashutosh Brokerage & Securities (PVT) Ltd.,Sanima Securities Limited,500,527.0,263500.0,2025-07-20T11:23:57.709916
2025-07-20,157457,2025072003004830,KSBBL,Aryatara Investment & Securities,Sanima Securities Limited,35,527.0,18445.0,2025-07-20T11:23:59.245324
2025-07-20,157167,2025072003004908,KSBBL,Naasa Securities Co. Ltd.,Dakshinkali Investment & Securities Pvt. Ltd.,73,528.0,38544.0,2025-07-20T11:24:18.284408
2025-07-20,157166,2025072003004909,KSBBL,Naasa Securities Co. Ltd.,Naasa Securities Co. Ltd.,699,528.0,369072.0,2025-07-20T11:24:18.284524
2025-07-20,157165,2025072003004910,KSBBL,Naasa Securities Co. Ltd.,Dipshikha Dhitopatra Karobar Co. Pvt Ltd.,51,528.0,26928.0,2025-07-20T11:24:18.284589
2025-07-20,157164,2025072003004911,KSBBL,Naasa Securities Co. Ltd.,Online Securities Pvt. Ltd.,70,528.0,36960.0,2025-07-20T11:24:18.284642
2025-07-20,157163,2025072003004912,KSBBL,Naasa Securities Co. Ltd.,Sani Securities Company Ltd.,53,528.0,27984.0,2025-07-20T11:24:18.284691
2025-07-20,157162,2025072003004913,KSBBL,Naasa Securities Co. Ltd.,Online Securities Pvt. Ltd.,10,528.0,5280.0,2025-07-20T11:24:18.28474
2025-07-20,157161,2025072003004914,KSBBL,Naasa Securities Co. Ltd.,Oxford Securities Pvt. Ltd.,58,529.0,30682.0,2025-07-20T11:24:18.28479
2025-07-20,157160,2025072003004915,KSBBL,Naasa Securities Co. Ltd.,South Asian Bulls Pvt. Ltd.,30,529.0,15870.0,2025-07-20T11:24:18.284836
2025-07-20,157159,2025072003004916,KSBBL,Naasa Securities Co. Ltd.,Sweta Securities Private Limited,669,529.0,353901.0,2025-07-20T11:24:18.284882
2025-07-20,157158,2025072003004917,KSBBL,Naasa Securities Co. Ltd.,Trishakti Securities Public Limited,802,530.0,425060.0,2025-07-20T11:24:18.284929
2025-07-20,157157,2025072003004918,KSBBL,Naasa Securities Co. Ltd.,Trishakti Securities Public Limited,600,530.0,318000.0,2025-07-20T11:24:18.284984
2025-07-20,157156,2025072003004919,KSBBL,Naasa Securities Co. Ltd.,Kohinoor Investment & Securities Pvt. Ltd.,185,530.0,98050.0,2025-07-20T11:24:18.285048
2025-07-20,157155,2025072003004920,KSBBL,Naasa Securities Co. Ltd.,Nepal Stock House (PVT) Ltd.,1838,530.0,974140.0,2025-07-20T11:24:18.285109
2025-07-20,157154,2025072003004921,KSBBL,Naasa Securities Co. Ltd.,Sumeru Securities Pvt. Ltd.,30,530.0,15900.0,2025-07-20T11:24:18.285166
2025-07-20,157153,2025072003004922,KSBBL,Naasa Securities Co. Ltd.,Nepal Stock House (PVT) Ltd.,50,530.0,26500.0,2025-07-20T11:24:18.285214
2025-07-20,157152,2025072003004923,KSBBL,Naasa Securities Co. Ltd.,Naasa Securities Co. Ltd.,250,530.0,132500.0,2025-07-20T11:24:18.28527
2025-07-20,157151,2025072003004924,KSBBL,Naasa Securities Co. Ltd.,Midas Stock Broking Company Private Limited,500,530.0,265000.0,2025-07-20T11:24:18.285316
2025-07-20,157150,2025072003004925,KSBBL,Naasa Securities Co. Ltd.,Dynamic Money Managers Securities Pvt. Ltd.,535,530.6,283871.0,2025-07-20T11:24:18.285369
2025-07-20,157149,2025072003004926,KSBBL,Naasa Securities Co. Ltd.,Dipshikha Dhitopatra Karobar Co. Pvt Ltd.,2200,531.0,1168200.0,2025-07-20T11:24:18.285425
2025-07-20,157148,2025072003004927,KSBBL,Naasa Securities Co. Ltd.,Sweta Securities Private Limited,500,531.0,265500.0,2025-07-20T11:24:18.285483
2025-07-20,157147,2025072003004928,KSBBL,Naasa Securities Co. Ltd.,ABC Securities Private Limited,100,531.0,53100.0,2025-07-20T11:24:18.285539
2025-07-20,157146,2025072003004929,KSBBL,Naasa Securities Co. Ltd.,J.F. Securites (PVT) Ltd.,95,531.0,50445.0,2025-07-20T11:24:18.285596
2025-07-20,157145,2025072003004930,KSBBL,Naasa Securities Co. Ltd.,Asian Securities Private Ltd.,602,531.0,319662.0,2025-07-20T11:24:18.285649
2025-07-20,157144,2025072003004931,KSBBL,Aryatara Investment & Securities,Sri Hari Securities Pvt. Ltd.,921,527.0,485367.0,2025-07-20T11:24:18.370723
2025-07-20,157088,2025072003004955,KSBBL,INDEX SECURITIES LIMITED,Sri Hari Securities Pvt. Ltd.,10,527.0,5270.0,2025-07-20T11:24:21.765512
2025-07-20,157052,2025072003004970,KSBBL,Naasa Securities Co. Ltd.,Sri Hari Securities Pvt. Ltd.,4069,527.0,2144363.0,2025-07-20T11:24:24.033192
2025-07-20,156855,2025072003005007,KSBBL,INDEX SECURITIES LIMITED,Dakshinkali Investment & Securities Pvt. Ltd.,10,530.0,5300.0,2025-07-20T11:24:37.827924
2025-07-20,156808,2025072003005016,KSBBL,Aakashbhairab Securities Ltd.,Dakshinkali Investment & Securities Pvt. Ltd.,200,530.0,106000.0,2025-07-20T11:24:41.278285
2025-07-20,156417,2025072003005099,KSBBL,Naasa Securities Co. Ltd.,Dakshinkali Investment & Securities Pvt. Ltd.,10,530.0,5300.0,2025-07-20T11:25:11.361839
2025-07-20,156225,2025072003005139,KSBBL,Sani Securities Company Ltd.,Dakshinkali Investment & Securities Pvt. Ltd.,200,530.0,106000.0,2025-07-20T11:25:22.290845
2025-07-20,156152,2025072003005152,KSBBL,Vision Securities Pvt. Ltd,Sani Securities Company Ltd.,100,529.0,52900.0,2025-07-20T11:25:26.6955
2025-07-20,156151,2025072003005153,KSBBL,Vision Securities Pvt. Ltd,Dakshinkali Investment & Securities Pvt. Ltd.,580,530.0,307400.0,2025-07-20T11:25:26.69564
2025-07-20,156150,2025072003005154,KSBBL,Vision Securities Pvt. Ltd,Sanima Securities Limited,1000,530.0,530000.0,2025-07-20T11:25:26.695686
2025-07-20,156149,2025072003005155,KSBBL,Vision Securities Pvt. Ltd,Asian Securities Private Ltd.,398,531.0,211338.0,2025-07-20T11:25:26.695732
2025-07-20,156148,2025072003005156,KSBBL,Vision Securities Pvt. Ltd,Aakashbhairab Securities Ltd.,1500,531.4,797100.0,2025-07-20T11:25:26.695778
2025-07-20,155980,2025072003005184,KSBBL,Vision Securities Pvt. Ltd,Dipshikha Dhitopatra Karobar Co. Pvt Ltd.,421,533.0,224393.0,2025-07-20T11:25:38.365346
2025-07-20,155879,2025072003005203,KSBBL,Sri Hari Securities Pvt. Ltd.,Dipshikha Dhitopatra Karobar Co. Pvt Ltd.,89,534.4,47561.6,2025-07-20T11:25:45.968936
2025-07-20,155878,2025072003005204,KSBBL,Sri Hari Securities Pvt. Ltd.,Malla & Malla Stock Broking Company Pvt. Limited,100,535.0,53500.0,2025-07-20T11:25:45.968988
2025-07-20,155877,2025072003005205,KSBBL,Sri Hari Securities Pvt. Ltd.,Naasa Securities Co. Ltd.,311,535.0,166385.0,2025-07-20T11:25:45.969017
2025-07-20,154999,2025072003005406,KSBBL,Vision Securities Pvt. Ltd,Neev Securities Pvt. Ltd.,150,533.0,79950.0,2025-07-20T11:26:55.914646
2025-07-20,154998,2025072003005407,KSBBL,Vision Securities Pvt. Ltd,Sagarmatha Securities Private Limited,200,533.0,106600.0,2025-07-20T11:26:55.914859
2025-07-20,154997,2025072003005408,KSBBL,Vision Securities Pvt. Ltd,Dakshinkali Investment & Securities Pvt. Ltd.,2000,533.9,1067800.0,2025-07-20T11:26:55.915021
2025-07-20,154996,2025072003005409,KSBBL,Vision Securities Pvt. Ltd,Nepal Stock House (PVT) Ltd.,1012,533.9,540306.8,2025-07-20T11:26:55.915188
2025-07-20,154995,2025072003005410,KSBBL,Vision Securities Pvt. Ltd,Dakshinkali Investment & Securities Pvt. Ltd.,1000,534.0,534000.0,2025-07-20T11:26:55.915345
2025-07-20,154994,2025072003005411,KSBBL,Vision Securities Pvt. Ltd,KALASH STOCK MARKET PVT. LTD.,873,534.0,466182.0,2025-07-20T11:26:55.915543
2025-07-20,154993,2025072003005412,KSBBL,Vision Securities Pvt. Ltd,Imperial Securities Company Pvt. Ltd.,500,534.9,267450.0,2025-07-20T11:26:55.915713
2025-07-20,154992,2025072003005413,KSBBL,Vision Securities Pvt. Ltd,Sri Hari Securities Pvt. Ltd.,265,535.0,141775.0,2025-07-20T11:26:55.9159
2025-07-20,154623,2025072003005480,KSBBL,Dipshikha Dhitopatra Karobar Co. Pvt Ltd.,Cristal Kanchanjanga Securites Pvt. Ltd.,10,530.1,5301.0,2025-07-20T11:27:21.757946
2025-07-20,154527,2025072003005503,KSBBL,Vision Securities Pvt. Ltd,J.F. Securites (PVT) Ltd.,200,532.0,106400.0,2025-07-20T11:27:30.223085
2025-07-20,154526,2025072003005504,KSBBL,Vision Securities Pvt. Ltd,Dipshikha Dhitopatra Karobar Co. Pvt Ltd.,19,534.9,10163.1,2025-07-20T11:27:30.2232
2025-07-20,154525,2025072003005505,KSBBL,Vision Securities Pvt. Ltd,Sri Hari Securities Pvt. Ltd.,2097,535.0,1121895.0,2025-07-20T11:27:30.223251
2025-07-20,154524,2025072003005506,KSBBL,Vision Securities Pvt. Ltd,Creative Securities Pvt Ltd,500,535.0,267500.0,2025-07-20T11:27:30.223299
2025-07-20,154523,2025072003005507,KSBBL,Vision Securities Pvt. Ltd,Online Securities Pvt. Ltd.,50,535.0,26750.0,2025-07-20T11:27:30.223345
2025-07-20,154522,2025072003005508,KSBBL,Vision Securities Pvt. Ltd,Property Wiard Limited,2634,535.5,1410507.0,2025-07-20T11:27:30.223391
2025-07-20,154364,2025072003005551,KSBBL,Dipshikha Dhitopatra Karobar Co. Pvt Ltd.,Miyo Securities Pvt Ltd,90,530.1,47709.0,2025-07-20T11:27:39.636763
2025-07-20,154363,2025072003005552,KSBBL,Naasa Securities Co. Ltd.,Miyo Securities Pvt Ltd,1000,530.1,530100.0,2025-07-20T11:27:39.636808
2025-07-20,154362,2025072003005553,KSBBL,Naasa Securities Co. Ltd.,Miyo Securities Pvt Ltd,29,530.0,15370.0,2025-07-20T11:27:39.636834
2025-07-20,154361,2025072003005554,KSBBL,Shree Krishna Securities Ltd.,Miyo Securities Pvt Ltd,5000,530.0,2650000.0,2025-07-20T11:27:39.636886
2025-07-20,154360,2025072003005555,KSBBL,Nepal Stock House (PVT) Ltd.,Miyo Securities Pvt Ltd,525,528.0,277200.0,2025-07-20T11:27:39.636912
2025-07-20,154359,2025072003005556,KSBBL,Malla & Malla Stock Broking Company Pvt. Limited,Miyo Securities Pvt Ltd,1356,528.0,715968.0,2025-07-20T11:27:39.636938
2025-07-20,154031,2025072003005619,KSBBL,Thrive Brokerage House Pvt. Ltd,Naasa Securities Co. Ltd.,200,531.0,106200.0,2025-07-20T11:28:04.356193
2025-07-20,154030,2025072003005620,KSBBL,Thrive Brokerage House Pvt. Ltd,Naasa Securities Co. Ltd.,500,531.0,265500.0,2025-07-20T11:28:04.356332
2025-07-20,153712,2025072003005732,KSBBL,Sani Securities Company Ltd.,Dakshinkali Investment & Securities Pvt. Ltd.,500,530.5,265250.0,2025-07-20T11:28:25.259804
2025-07-20,153218,2025072003005858,KSBBL,Malla & Malla Stock Broking Company Pvt. Limited,Sri Hari Securities Pvt. Ltd.,644,528.0,340032.0,2025-07-20T11:29:01.311321
2025-07-20,153217,2025072003005859,KSBBL,Naasa Securities Co. Ltd.,Sri Hari Securities Pvt. Ltd.,1000,527.1,527100.0,2025-07-20T11:29:01.311464
2025-07-20,153216,2025072003005860,KSBBL,Naasa Securities Co. Ltd.,Sri Hari Securities Pvt. Ltd.,10,527.0,5270.0,2025-07-20T11:29:01.311524
2025-07-20,153215,2025072003005861,KSBBL,Elite Stock House Limited,Sri Hari Securities Pvt. Ltd.,100,527.0,52700.0,2025-07-20T11:29:01.311578
2025-07-20,153214,2025072003005862,KSBBL,Naasa Securities Co. Ltd.,Sri Hari Securities Pvt. Ltd.,10000,527.0,5270000.0,2025-07-20T11:29:01.311631
2025-07-20,153213,2025072003005863,KSBBL,Oxford Securities Pvt. Ltd.,Sri Hari Securities Pvt. Ltd.,246,527.0,129642.0,2025-07-20T11:29:01.311682
2025-07-20,153093,2025072003005905,KSBBL,Imperial Securities Company Pvt. Ltd.,Dakshinkali Investment & Securities Pvt. Ltd.,100,530.0,53000.0,2025-07-20T11:29:10.880019
2025-07-20,152644,2025072003006009,KSBBL,Infinity Securities Limited,Trisul Securities & Invt. Ltd.,100,529.8,52980.0,2025-07-20T11:29:37.840062
2025-07-20,152643,2025072003006010,KSBBL,Infinity Securities Limited,Dakshinkali Investment & Securities Pvt. Ltd.,654,530.0,346620.0,2025-07-20T11:29:37.840183
2025-07-20,152634,2025072003006015,KSBBL,J.F. Securites (PVT) Ltd.,Online Securities Pvt. Ltd.,900,527.0,474300.0,2025-07-20T11:29:38.97946
2025-07-20,152633,2025072003006016,KSBBL,Vision Securities Pvt. Ltd,Online Securities Pvt. Ltd.,100,527.0,52700.0,2025-07-20T11:29:38.979689
2025-07-20,152536,2025072003006037,KSBBL,Opal Securities Investment (PVT) Ltd.,Bhrikuti Stock Broking Co. Pvt. Ltd.,94,529.0,49726.0,2025-07-20T11:29:45.740736
2025-07-20,152182,2025072003006146,KSBBL,Cristal Kanchanjanga Securites Pvt. Ltd.,Bhrikuti Stock Broking Co. Pvt. Ltd.,10,529.0,5290.0,2025-07-20T11:30:14.026869
2025-07-20,152040,2025072003006179,KSBBL,Agrawal Securities (PVT) Ltd.,Bhrikuti Stock Broking Co. Pvt. Ltd.,50,529.0,26450.0,2025-07-20T11:30:26.860058
2025-07-20,151925,2025072003006206,KSBBL,Ashutosh Brokerage & Securities (PVT) Ltd.,Bhrikuti Stock Broking Co. Pvt. Ltd.,46,529.0,24334.0,2025-07-20T11:30:36.191585
2025-07-20,151924,2025072003006207,KSBBL,Ashutosh Brokerage & Securities (PVT) Ltd.,Dakshinkali Investment & Securities Pvt. Ltd.,454,530.0,240620.0,2025-07-20T11:30:36.19171
2025-07-20,151714,2025072003006271,KSBBL,ABC Securities Private Limited,ABC Securities Private Limited,1000,526.1,526100.0,2025-07-20T11:30:53.855796
2025-07-20,151713,2025072003006272,KSBBL,Vision Securities Pvt. Ltd,ABC Securities Private Limited,500,526.0,263000.0,2025-07-20T11:30:53.855938
2025-07-20,151547,2025072003006307,KSBBL,Vision Securities Pvt. Ltd,Nepal Stock House (PVT) Ltd.,200,526.0,105200.0,2025-07-20T11:31:09.63347
2025-07-20,150989,2025072003006436,KSBBL,Opal Securities Investment (PVT) Ltd.,Dakshinkali Investment & Securities Pvt. Ltd.,10,528.9,5289.0,2025-07-20T11:31:50.684906
2025-07-20,150672,2025072003006504,KSBBL,Linch Stock Market Ltd.,Neev Securities Pvt. Ltd.,100,528.0,52800.0,2025-07-20T11:32:11.223005
2025-07-20,150489,2025072003006545,KSBBL,Aryatara Investment & Securities,Dipshikha Dhitopatra Karobar Co. Pvt Ltd.,20,528.7,10574.0,2025-07-20T11:32:23.938812
2025-07-20,150341,2025072003006578,KSBBL,Online Securities Pvt. Ltd.,Dipshikha Dhitopatra Karobar Co. Pvt Ltd.,30,528.7,15861.0,2025-07-20T11:32:33.35437
2025-07-20,150302,2025072003006586,KSBBL,Sani Securities Company Ltd.,Sanima Securities Limited,200,527.1,105420.0,2025-07-20T11:32:35.567489
2025-07-20,150301,2025072003006587,KSBBL,Naasa Securities Co. Ltd.,Sanima Securities Limited,800,527.1,421680.0,2025-07-20T11:32:35.567757
2025-07-20,150170,2025072003006628,KSBBL,MILKY WAY SHARE BROKER COMPANY LTD ,Dakshinkali Investment & Securities Pvt. Ltd.,500,528.9,264450.0,2025-07-20T11:32:43.959706
2025-07-20,150158,2025072003006630,KSBBL,Agrawal Securities (PVT) Ltd.,Dakshinkali Investment & Securities Pvt. Ltd.,200,528.9,105780.0,2025-07-20T11:32:44.888329
2025-07-20,150101,2025072003006640,KSBBL,Deevyaa Securities & Stock House Pvt. Ltd,Opal Securities Investment (PVT) Ltd.,46,527.2,24251.2,2025-07-20T11:32:48.024014
2025-07-20,149800,2025072003006698,KSBBL,Sani Securities Company Ltd.,Dakshinkali Investment & Securities Pvt. Ltd.,100,527.3,52730.0,2025-07-20T11:33:09.513282
2025-07-20,149799,2025072003006699,KSBBL,Deevyaa Securities & Stock House Pvt. Ltd,Dakshinkali Investment & Securities Pvt. Ltd.,504,527.2,265708.8,2025-07-20T11:33:09.513426
2025-07-20,149798,2025072003006700,KSBBL,Aryatara Investment & Securities,Dakshinkali Investment & Securities Pvt. Ltd.,500,527.2,263600.0,2025-07-20T11:33:09.513481
2025-07-20,149797,2025072003006701,KSBBL,Naasa Securities Co. Ltd.,Dakshinkali Investment & Securities Pvt. Ltd.,200,527.1,105420.0,2025-07-20T11:33:09.513538
2025-07-20,149796,2025072003006702,KSBBL,Vision Securities Pvt. Ltd,Dakshinkali Investment & Securities Pvt. Ltd.,2000,527.0,1054000.0,2025-07-20T11:33:09.51359
2025-07-20,149795,2025072003006703,KSBBL,Deevyaa Securities & Stock House Pvt. Ltd,Dakshinkali Investment & Securities Pvt. Ltd.,9696,527.0,5109792.0,2025-07-20T11:33:09.513641
2025-07-20,149772,2025072003006709,KSBBL,Deevyaa Securities & Stock House Pvt. Ltd,Sri Hari Securities Pvt. Ltd.,304,527.0,160208.0,2025-07-20T11:33:11.6224
2025-07-20,149771,2025072003006710,KSBBL,Vision Securities Pvt. Ltd,Sri Hari Securities Pvt. Ltd.,300,526.0,157800.0,2025-07-20T11:33:11.622522
2025-07-20,149770,2025072003006711,KSBBL,Infinity Securities Limited,Sri Hari Securities Pvt. Ltd.,426,526.0,224076.0,2025-07-20T11:33:11.622578
2025-07-20,149769,2025072003006712,KSBBL,Online Securities Pvt. Ltd.,Sri Hari Securities Pvt. Ltd.,1500,525.1,787650.0,2025-07-20T11:33:11.622629
2025-07-20,149768,2025072003006713,KSBBL,Capital Hub P. Ltd,Sri Hari Securities Pvt. Ltd.,136,525.0,71400.0,2025-07-20T11:33:11.62268
2025-07-20,149767,2025072003006714,KSBBL,Online Securities Pvt. Ltd.,Sri Hari Securities Pvt. Ltd.,221,525.0,116025.0,2025-07-20T11:33:11.622732
2025-07-20,149766,2025072003006715,KSBBL,Imperial Securities Company Pvt. Ltd.,Sri Hari Securities Pvt. Ltd.,1200,525.0,630000.0,2025-07-20T11:33:11.622791
2025-07-20,149760,2025072003006721,KSBBL,MILKY WAY SHARE BROKER COMPANY LTD ,Sri Hari Securities Pvt. Ltd.,200,525.0,105000.0,2025-07-20T11:33:12.057524
2025-07-20,149479,2025072003006748,KSBBL,Cristal Kanchanjanga Securites Pvt. Ltd.,Sri Hari Securities Pvt. Ltd.,20,527.0,10540.0,2025-07-20T11:33:38.382969
2025-07-20,149478,2025072003006749,KSBBL,Midas Stock Broking Company Private Limited,Sri Hari Securities Pvt. Ltd.,50,525.0,26250.0,2025-07-20T11:33:38.383108
2025-07-20,149477,2025072003006750,KSBBL,Naasa Securities Co. Ltd.,Sri Hari Securities Pvt. Ltd.,2000,525.0,1050000.0,2025-07-20T11:33:38.383162
2025-07-20,149476,2025072003006751,KSBBL,Sri Hari Securities Pvt. Ltd.,Sri Hari Securities Pvt. Ltd.,60,525.0,31500.0,2025-07-20T11:33:38.383212
2025-07-20,149475,2025072003006752,KSBBL,Vision Securities Pvt. Ltd,Sri Hari Securities Pvt. Ltd.,1583,524.4,830125.2,2025-07-20T11:33:38.383264
2025-07-20,148917,2025072003006880,KSBBL,Vision Securities Pvt. Ltd,Sani Securities Company Ltd.,500,524.5,262250.0,2025-07-20T11:34:19.821878
2025-07-20,148678,2025072003006947,KSBBL,Sani Securities Company Ltd.,Deevyaa Securities & Stock House Pvt. Ltd,300,528.0,158400.0,2025-07-20T11:34:37.636917
2025-07-20,148655,2025072003006955,KSBBL,Sani Securities Company Ltd.,Sanima Securities Limited,200,528.0,105600.0,2025-07-20T11:34:39.921856
2025-07-20,147510,2025072003007208,KSBBL,Sani Securities Company Ltd.,Premier Securities Company Ltd.,50,525.1,26255.0,2025-07-20T11:35:53.407658
2025-07-20,147509,2025072003007209,KSBBL,Naasa Securities Co. Ltd.,Premier Securities Company Ltd.,57,525.0,29925.0,2025-07-20T11:35:53.40789
2025-07-20,147401,2025072003007237,KSBBL,Naasa Securities Co. Ltd.,Property Wiard Limited,27,525.0,14175.0,2025-07-20T11:35:59.696573
2025-07-20,146329,2025072003007460,KSBBL,Naasa Securities Co. Ltd.,Naasa Securities Co. Ltd.,13,526.1,6839.3,2025-07-20T11:37:22.719272
2025-07-20,146145,2025072003007497,KSBBL,Naasa Securities Co. Ltd.,Opal Securities Investment (PVT) Ltd.,80,526.1,42088.0,2025-07-20T11:37:34.359899
2025-07-20,146139,2025072003007500,KSBBL,Naasa Securities Co. Ltd.,Sri Hari Securities Pvt. Ltd.,1500,526.1,789150.0,2025-07-20T11:37:35.652008
2025-07-20,146092,2025072003007512,KSBBL,Naasa Securities Co. Ltd.,Sani Securities Company Ltd.,407,526.1,214122.7,2025-07-20T11:37:39.044256
2025-07-20,146091,2025072003007513,KSBBL,Secured Securities Ltd.,Sani Securities Company Ltd.,93,526.0,48918.0,2025-07-20T11:37:39.044399
2025-07-20,146024,2025072003007527,KSBBL,Secured Securities Ltd.,Blue Chip Securities Ltd,407,526.0,214082.0,2025-07-20T11:37:44.276633
2025-07-20,145800,2025072003007567,KSBBL,Elite Stock House Limited,Vision Securities Pvt. Ltd,70,525.1,36757.0,2025-07-20T11:37:56.533441
2025-07-20,145421,2025072003007638,KSBBL,Aryatara Investment & Securities,Dipshikha Dhitopatra Karobar Co. Pvt Ltd.,30,525.5,15765.0,2025-07-20T11:38:28.490899
2025-07-20,145380,2025072003007644,KSBBL,Aryatara Investment & Securities,Online Securities Pvt. Ltd.,70,525.5,36785.0,2025-07-20T11:38:31.374615
2025-07-20,144929,2025072003007750,KSBBL,KALASH STOCK MARKET PVT. LTD.,Dakshinkali Investment & Securities Pvt. Ltd.,100,525.2,52520.0,2025-07-20T11:39:10.173882
2025-07-20,144928,2025072003007751,KSBBL,Elite Stock House Limited,Dakshinkali Investment & Securities Pvt. Ltd.,30,525.1,15753.0,2025-07-20T11:39:10.174096
2025-07-20,144927,2025072003007752,KSBBL,Naasa Securities Co. Ltd.,Dakshinkali Investment & Securities Pvt. Ltd.,916,525.0,480900.0,2025-07-20T11:39:10.174193
2025-07-20,144926,2025072003007753,KSBBL,Nepal Investment And Securities Trading Private Limited,Dakshinkali Investment & Securities Pvt. Ltd.,100,525.0,52500.0,2025-07-20T11:39:10.174258
2025-07-20,144925,2025072003007754,KSBBL,Trishakti Securities Public Limited,Dakshinkali Investment & Securities Pvt. Ltd.,50,525.0,26250.0,2025-07-20T11:39:10.174321
2025-07-20,144924,2025072003007755,KSBBL,Cristal Kanchanjanga Securites Pvt. Ltd.,Dakshinkali Investment & Securities Pvt. Ltd.,10,525.0,5250.0,2025-07-20T11:39:10.174379
2025-07-20,144923,2025072003007756,KSBBL,Kumari Securities Private Limited,Dakshinkali Investment & Securities Pvt. Ltd.,900,525.0,472500.0,2025-07-20T11:39:10.17445
2025-07-20,144922,2025072003007757,KSBBL,Kumari Securities Private Limited,Dakshinkali Investment & Securities Pvt. Ltd.,250,525.0,131250.0,2025-07-20T11:39:10.17454
2025-07-20,144262,2025072003007901,KSBBL,Deevyaa Securities & Stock House Pvt. Ltd,Sagarmatha Securities Private Limited,100,524.6,52460.0,2025-07-20T11:39:59.038817
2025-07-20,144261,2025072003007902,KSBBL,Vision Securities Pvt. Ltd,Sagarmatha Securities Private Limited,100,524.5,52450.0,2025-07-20T11:39:59.038957
2025-07-20,144241,2025072003007908,KSBBL,Vision Securities Pvt. Ltd,Kohinoor Investment & Securities Pvt. Ltd.,150,524.5,78675.0,2025-07-20T11:40:02.30374
2025-07-20,144052,2025072003007935,KSBBL,Vision Securities Pvt. Ltd,Sri Hari Securities Pvt. Ltd.,240,524.5,125880.0,2025-07-20T11:40:16.687279
2025-07-20,144051,2025072003007936,KSBBL,Dipshikha Dhitopatra Karobar Co. Pvt Ltd.,Sri Hari Securities Pvt. Ltd.,200,524.5,104900.0,2025-07-20T11:40:16.68744
2025-07-20,144050,2025072003007937,KSBBL,Vision Securities Pvt. Ltd,Sri Hari Securities Pvt. Ltd.,1417,524.4,743074.8,2025-07-20T11:40:16.687508
2025-07-20,144049,2025072003007938,KSBBL,Dipshikha Dhitopatra Karobar Co. Pvt Ltd.,Sri Hari Securities Pvt. Ltd.,30,524.3,15729.0,2025-07-20T11:40:16.68757
2025-07-20,144048,2025072003007939,KSBBL,Imperial Securities Company Pvt. Ltd.,Sri Hari Securities Pvt. Ltd.,1000,524.0,524000.0,2025-07-20T11:40:16.68763
2025-07-20,144047,2025072003007940,KSBBL,Cristal Kanchanjanga Securites Pvt. Ltd.,Sri Hari Securities Pvt. Ltd.,10,524.0,5240.0,2025-07-20T11:40:16.68769
2025-07-20,144046,2025072003007941,KSBBL,Agrawal Securities (PVT) Ltd.,Sri Hari Securities Pvt. Ltd.,250,524.0,131000.0,2025-07-20T11:40:16.687747
2025-07-20,143676,2025072003008026,KSBBL,Cristal Kanchanjanga Securites Pvt. Ltd.,Sani Securities Company Ltd.,6,518.0,3108.0,2025-07-20T11:40:46.304294
2025-07-20,143613,2025072003008037,KSBBL,Vision Securities Pvt. Ltd,Sri Hari Securities Pvt. Ltd.,1853,524.0,970972.0,2025-07-20T11:40:51.851971
2025-07-20,143172,2025072003008135,KSBBL,Vision Securities Pvt. Ltd,Malla & Malla Stock Broking Company Pvt. Limited,147,524.0,77028.0,2025-07-20T11:41:20.163258
2025-07-20,142980,2025072003008173,KSBBL,Sri Hari Securities Pvt. Ltd.,SUN SECURITIES PVT LTD,40,523.0,20920.0,2025-07-20T11:41:34.452743
2025-07-20,142979,2025072003008174,KSBBL,Imperial Securities Company Pvt. Ltd.,SUN SECURITIES PVT LTD,62,522.5,32395.0,2025-07-20T11:41:34.452893
2025-07-20,142910,2025072003008197,KSBBL,Vision Securities Pvt. Ltd,Dakshinkali Investment & Securities Pvt. Ltd.,2644,525.0,1388100.0,2025-07-20T11:41:40.487655
2025-07-20,142909,2025072003008198,KSBBL,Vision Securities Pvt. Ltd,Neev Securities Pvt. Ltd.,40,525.0,21000.0,2025-07-20T11:41:40.487697
2025-07-20,142908,2025072003008199,KSBBL,Vision Securities Pvt. Ltd,Online Securities Pvt. Ltd.,16,525.9,8414.4,2025-07-20T11:41:40.487723
2025-07-20,142835,2025072003008220,KSBBL,Cristal Kanchanjanga Securites Pvt. Ltd.,Linch Stock Market Ltd.,40,523.0,20920.0,2025-07-20T11:41:45.982259
2025-07-20,142218,2025072003008388,KSBBL,KALASH STOCK MARKET PVT. LTD.,Deevyaa Securities & Stock House Pvt. Ltd,30,525.0,15750.0,2025-07-20T11:42:28.565353
2025-07-20,141999,2025072003008424,KSBBL,Asian Securities Private Ltd.,Kumari Securities Private Limited,200,523.1,104620.0,2025-07-20T11:42:42.440201
2025-07-20,141817,2025072003008465,KSBBL,Cristal Kanchanjanga Securites Pvt. Ltd.,Malla & Malla Stock Broking Company Pvt. Limited,220,523.0,115060.0,2025-07-20T11:42:52.190573
2025-07-20,141721,2025072003008492,KSBBL,Cristal Kanchanjanga Securites Pvt. Ltd.,Ashutosh Brokerage & Securities (PVT) Ltd.,120,523.0,62760.0,2025-07-20T11:42:58.397881
2025-07-20,141720,2025072003008493,KSBBL,Nepal Investment And Securities Trading Private Limited,Ashutosh Brokerage & Securities (PVT) Ltd.,100,523.0,52300.0,2025-07-20T11:42:58.397943
2025-07-20,141719,2025072003008494,KSBBL,Imperial Securities Company Pvt. Ltd.,Ashutosh Brokerage & Securities (PVT) Ltd.,38,522.5,19855.0,2025-07-20T11:42:58.397985
2025-07-20,141718,2025072003008495,KSBBL,Vision Securities Pvt. Ltd,Ashutosh Brokerage & Securities (PVT) Ltd.,1990,522.4,1039576.0,2025-07-20T11:42:58.398039
2025-07-20,141717,2025072003008496,KSBBL,Himalayan Brokerage Company Limited,Ashutosh Brokerage & Securities (PVT) Ltd.,100,522.2,52220.0,2025-07-20T11:42:58.398077
2025-07-20,141716,2025072003008497,KSBBL,Nepal Stock House (PVT) Ltd.,Ashutosh Brokerage & Securities (PVT) Ltd.,300,522.1,156630.0,2025-07-20T11:42:58.398098
2025-07-20,141715,2025072003008498,KSBBL,South Asian Bulls Pvt. Ltd.,Ashutosh Brokerage & Securities (PVT) Ltd.,200,522.0,104400.0,2025-07-20T11:42:58.398119
2025-07-20,141714,2025072003008499,KSBBL,Naasa Securities Co. Ltd.,Ashutosh Brokerage & Securities (PVT) Ltd.,1442,522.0,752724.0,2025-07-20T11:42:58.398146
2025-07-20,141402,2025072003008572,KSBBL,Naasa Securities Co. Ltd.,Investment Management Nepal Pvt. Ltd.,100,522.0,52200.0,2025-07-20T11:43:15.11695
2025-07-20,141384,2025072003008581,KSBBL,Naasa Securities Co. Ltd.,Asian Securities Private Ltd.,100,522.0,52200.0,2025-07-20T11:43:16.671705
2025-07-20,141274,2025072003008604,KSBBL,Oxford Securities Pvt. Ltd.,Deevyaa Securities & Stock House Pvt. Ltd,270,525.0,141750.0,2025-07-20T11:43:23.456036
2025-07-20,141273,2025072003008605,KSBBL,Oxford Securities Pvt. Ltd.,Market Securities & Exchange (PVT) Ltd.,30,525.0,15750.0,2025-07-20T11:43:23.456184
2025-07-20,141126,2025072003008634,KSBBL,Dakshinkali Investment & Securities Pvt. Ltd.,Sani Securities Company Ltd.,10,522.1,5221.0,2025-07-20T11:43:32.691425
2025-07-20,141125,2025072003008635,KSBBL,Naasa Securities Co. Ltd.,Sani Securities Company Ltd.,358,522.0,186876.0,2025-07-20T11:43:32.691726
2025-07-20,141124,2025072003008636,KSBBL,Capital Hub P. Ltd,Sani Securities Company Ltd.,250,522.0,130500.0,2025-07-20T11:43:32.691901
2025-07-20,141123,2025072003008637,KSBBL,Trishakti Securities Public Limited,Sani Securities Company Ltd.,50,522.0,26100.0,2025-07-20T11:43:32.692099
2025-07-20,141122,2025072003008638,KSBBL,Imperial Securities Company Pvt. Ltd.,Sani Securities Company Ltd.,990,522.0,516780.0,2025-07-20T11:43:32.692267
2025-07-20,140775,2025072003008705,KSBBL,Imperial Securities Company Pvt. Ltd.,ABC Securities Private Limited,10,522.0,5220.0,2025-07-20T11:43:53.513582
2025-07-20,140774,2025072003008706,KSBBL,Imperial Securities Company Pvt. Ltd.,ABC Securities Private Limited,10,522.0,5220.0,2025-07-20T11:43:53.51377
2025-07-20,140656,2025072003008721,KSBBL,Nepal Investment And Securities Trading Private Limited,ABC Securities Private Limited,100,522.0,52200.0,2025-07-20T11:43:59.654417
2025-07-20,140592,2025072003008742,KSBBL,Cristal Kanchanjanga Securites Pvt. Ltd.,ABC Securities Private Limited,20,522.0,10440.0,2025-07-20T11:44:03.517297
2025-07-20,140506,2025072003008765,KSBBL,Naasa Securities Co. Ltd.,Sri Hari Securities Pvt. Ltd.,50,521.0,26050.0,2025-07-20T11:44:09.478918
2025-07-20,140505,2025072003008766,KSBBL,Naasa Securities Co. Ltd.,Sri Hari Securities Pvt. Ltd.,10,521.0,5210.0,2025-07-20T11:44:09.479127
2025-07-20,140504,2025072003008767,KSBBL,Agrawal Securities (PVT) Ltd.,Sri Hari Securities Pvt. Ltd.,300,520.1,156030.0,2025-07-20T11:44:09.479198
2025-07-20,140503,2025072003008768,KSBBL,Kalika Securities Pvt. Ltd.,Sri Hari Securities Pvt. Ltd.,60,520.0,31200.0,2025-07-20T11:44:09.479262
2025-07-20,140502,2025072003008769,KSBBL,J.F. Securites (PVT) Ltd.,Sri Hari Securities Pvt. Ltd.,500,520.0,260000.0,2025-07-20T11:44:09.479321
2025-07-20,140501,2025072003008770,KSBBL,INDEX SECURITIES LIMITED,Sri Hari Securities Pvt. Ltd.,4080,520.0,2121600.0,2025-07-20T11:44:09.479381
2025-07-20,140490,2025072003008775,KSBBL,INDEX SECURITIES LIMITED,Trishakti Securities Public Limited,500,520.0,260000.0,2025-07-20T11:44:10.158717
2025-07-20,140406,2025072003008791,KSBBL,Himalayan Brokerage Company Limited,ABC Securities Private Limited,100,522.0,52200.0,2025-07-20T11:44:15.051752
2025-07-20,140352,2025072003008804,KSBBL,Sipla Securities Private Limited,ABC Securities Private Limited,50,522.0,26100.0,2025-07-20T11:44:18.320609
2025-07-20,139771,2025072003008957,KSBBL,Sundhara Securities Limited,ABC Securities Private Limited,10,522.0,5220.0,2025-07-20T11:45:02.874189
2025-07-20,139661,2025072003008986,KSBBL,Sundhara Securities Limited,APPLE SECURITIES PRIVATE LIMITED,14,522.0,7308.0,2025-07-20T11:45:12.005573
2025-07-20,139660,2025072003008987,KSBBL,Naasa Securities Co. Ltd.,APPLE SECURITIES PRIVATE LIMITED,35,521.0,18235.0,2025-07-20T11:45:12.005731
2025-07-20,138985,2025072003009106,KSBBL,Nepal Stock House (PVT) Ltd.,Thrive Brokerage House Pvt. Ltd,25,522.0,13050.0,2025-07-20T11:45:49.393251
2025-07-20,138984,2025072003009107,KSBBL,Bhrikuti Stock Broking Co. Pvt. Ltd.,Thrive Brokerage House Pvt. Ltd,475,521.1,247522.5,2025-07-20T11:45:49.393426
2025-07-20,138413,2025072003009211,KSBBL,Naasa Securities Co. Ltd.,Vision Securities Pvt. Ltd,50,522.0,26100.0,2025-07-20T11:46:23.724158
2025-07-20,138232,2025072003009252,KSBBL,Vision Securities Pvt. Ltd,Trishakti Securities Public Limited,107,522.5,55907.5,2025-07-20T11:46:36.881813
2025-07-20,138094,2025072003009273,KSBBL,Naasa Securities Co. Ltd.,Naasa Securities Co. Ltd.,650,522.0,339300.0,2025-07-20T11:46:44.904768
2025-07-20,138093,2025072003009274,KSBBL,Bhrikuti Stock Broking Co. Pvt. Ltd.,Naasa Securities Co. Ltd.,25,521.1,13027.5,2025-07-20T11:46:44.904918
2025-07-20,138092,2025072003009275,KSBBL,Naasa Securities Co. Ltd.,Naasa Securities Co. Ltd.,4325,521.0,2253325.0,2025-07-20T11:46:44.904991
2025-07-20,137815,2025072003009341,KSBBL,Aryatara Investment & Securities,Market Securities & Exchange (PVT) Ltd.,320,522.0,167040.0,2025-07-20T11:47:03.728624
2025-07-20,137692,2025072003009375,KSBBL,Aryatara Investment & Securities,Opal Securities Investment (PVT) Ltd.,40,522.5,20900.0,2025-07-20T11:47:11.946868
2025-07-20,137570,2025072003009405,KSBBL,Aryatara Investment & Securities,Vision Securities Pvt. Ltd,40,522.5,20900.0,2025-07-20T11:47:19.527437
2025-07-20,137485,2025072003009413,KSBBL,Vision Securities Pvt. Ltd,South Asian Bulls Pvt. Ltd.,270,521.1,140697.0,2025-07-20T11:47:24.902458
2025-07-20,137484,2025072003009414,KSBBL,Naasa Securities Co. Ltd.,South Asian Bulls Pvt. Ltd.,230,521.0,119830.0,2025-07-20T11:47:24.902639
2025-07-20,136694,2025072003009642,KSBBL,Naasa Securities Co. Ltd.,Sani Securities Company Ltd.,134,521.0,69814.0,2025-07-20T11:48:21.886253
2025-07-20,136689,2025072003009644,KSBBL,Naasa Securities Co. Ltd.,Sundhara Securities Limited,100,521.0,52100.0,2025-07-20T11:48:22.156111
2025-07-20,136680,2025072003009645,KSBBL,Sani Securities Company Ltd.,Trishakti Securities Public Limited,175,522.5,91437.5,2025-07-20T11:48:22.898532
2025-07-20,136583,2025072003009677,KSBBL,Thrive Brokerage House Pvt. Ltd,Blue Chip Securities Ltd,50,521.1,26055.0,2025-07-20T11:48:31.305845
2025-07-20,136582,2025072003009678,KSBBL,Naasa Securities Co. Ltd.,Blue Chip Securities Ltd,176,521.0,91696.0,2025-07-20T11:48:31.306037
2025-07-20,136581,2025072003009679,KSBBL,Aryatara Investment & Securities,Blue Chip Securities Ltd,500,521.0,260500.0,2025-07-20T11:48:31.30611
2025-07-20,136580,2025072003009680,KSBBL,Naasa Securities Co. Ltd.,Blue Chip Securities Ltd,867,520.1,450926.7,2025-07-20T11:48:31.30618
2025-07-20,136224,2025072003009753,KSBBL,Naasa Securities Co. Ltd.,Blue Chip Securities Ltd,133,520.1,69173.3,2025-07-20T11:49:00.395886
2025-07-20,136223,2025072003009754,KSBBL,KALASH STOCK MARKET PVT. LTD.,Blue Chip Securities Ltd,100,520.1,52010.0,2025-07-20T11:49:00.396206
2025-07-20,136222,2025072003009755,KSBBL,Sewa Securities Pvt. Ltd.,Blue Chip Securities Ltd,50,520.0,26000.0,2025-07-20T11:49:00.396442
2025-07-20,136221,2025072003009756,KSBBL,Creative Securities Pvt Ltd,Blue Chip Securities Ltd,100,520.0,52000.0,2025-07-20T11:49:00.396651
2025-07-20,136220,2025072003009757,KSBBL,Stoxkarts Securities Limited,Blue Chip Securities Ltd,100,520.0,52000.0,2025-07-20T11:49:00.39684
2025-07-20,136219,2025072003009758,KSBBL,Oxford Securities Pvt. Ltd.,Blue Chip Securities Ltd,98,520.0,50960.0,2025-07-20T11:49:00.397056
2025-07-20,136218,2025072003009759,KSBBL,Sundhara Securities Limited,Blue Chip Securities Ltd,100,520.0,52000.0,2025-07-20T11:49:00.39727
2025-07-20,136217,2025072003009760,KSBBL,Trisul Securities & Invt. Ltd.,Blue Chip Securities Ltd,500,520.0,260000.0,2025-07-20T11:49:00.397462
2025-07-20,136216,2025072003009761,KSBBL,Primo Securities (PVT) Ltd.,Blue Chip Securities Ltd,250,520.0,130000.0,2025-07-20T11:49:00.397655
2025-07-20,136215,2025072003009762,KSBBL,Oxford Securities Pvt. Ltd.,Blue Chip Securities Ltd,200,520.0,104000.0,2025-07-20T11:49:00.397843
2025-07-20,136214,2025072003009763,KSBBL,Himalayan Brokerage Company Limited,Blue Chip Securities Ltd,50,520.0,26000.0,2025-07-20T11:49:00.398065
2025-07-20,136213,2025072003009764,KSBBL,Nepal Investment And Securities Trading Private Limited,Blue Chip Securities Ltd,100,520.0,52000.0,2025-07-20T11:49:00.398262
2025-07-20,136212,2025072003009765,KSBBL,Secured Securities Ltd.,Blue Chip Securities Ltd,50,520.0,26000.0,2025-07-20T11:49:00.398454
2025-07-20,136211,2025072003009766,KSBBL,Naasa Securities Co. Ltd.,Blue Chip Securities Ltd,169,520.0,87880.0,2025-07-20T11:49:00.398646
2025-07-20,135910,2025072003009832,KSBBL,Dipshikha Dhitopatra Karobar Co. Pvt Ltd.,Capital Max Securities Ltd,50,520.1,26005.0,2025-07-20T11:49:21.274341
2025-07-20,135909,2025072003009833,KSBBL,Naasa Securities Co. Ltd.,Capital Max Securities Ltd,2831,520.0,1472120.0,2025-07-20T11:49:21.274523
2025-07-20,135908,2025072003009834,KSBBL,Imperial Securities Company Pvt. Ltd.,Capital Max Securities Ltd,50,520.0,26000.0,2025-07-20T11:49:21.274588
2025-07-20,135907,2025072003009835,KSBBL,Imperial Securities Company Pvt. Ltd.,Capital Max Securities Ltd,10,520.0,5200.0,2025-07-20T11:49:21.274655
2025-07-20,135776,2025072003009864,KSBBL,Cristal Kanchanjanga Securites Pvt. Ltd.,Capital Max Securities Ltd,20,520.0,10400.0,2025-07-20T11:49:29.58277
2025-07-20,135423,2025072003009928,KSBBL,Vision Securities Pvt. Ltd,Sharepro Securities Private Limited,990,519.3,514107.0,2025-07-20T11:49:51.789876
2025-07-20,135422,2025072003009929,KSBBL,Vision Securities Pvt. Ltd,Sharepro Securities Private Limited,10,519.2,5192.0,2025-07-20T11:49:51.790062
2025-07-20,135420,2025072003009930,KSBBL,Aryatara Investment & Securities,Capital Max Securities Ltd,39,520.0,20280.0,2025-07-20T11:49:52.120558
2025-07-20,135419,2025072003009931,KSBBL,Aryatara Investment & Securities,Opal Securities Investment (PVT) Ltd.,161,520.0,83720.0,2025-07-20T11:49:52.120746
2025-07-20,134753,2025072003010042,KSBBL,Sani Securities Company Ltd.,Opal Securities Investment (PVT) Ltd.,200,520.0,104000.0,2025-07-20T11:50:40.252109
2025-07-20,134560,2025072003010086,KSBBL,Thrive Brokerage House Pvt. Ltd,Naasa Securities Co. Ltd.,60,519.4,31164.0,2025-07-20T11:50:58.371123
2025-07-20,134559,2025072003010087,KSBBL,INDEX SECURITIES LIMITED,Naasa Securities Co. Ltd.,40,519.4,20776.0,2025-07-20T11:50:58.371299
2025-07-20,134437,2025072003010104,KSBBL,Sharepro Securities Private Limited,Opal Securities Investment (PVT) Ltd.,639,520.0,332280.0,2025-07-20T11:51:09.458087
2025-07-20,134436,2025072003010105,KSBBL,Sharepro Securities Private Limited,Trishakti Securities Public Limited,361,520.0,187720.0,2025-07-20T11:51:09.458288
2025-07-20,134357,2025072003010130,KSBBL,Online Securities Pvt. Ltd.,Trishakti Securities Public Limited,464,520.0,241280.0,2025-07-20T11:51:15.299629
2025-07-20,134356,2025072003010131,KSBBL,Online Securities Pvt. Ltd.,Naasa Securities Co. Ltd.,150,520.0,78000.0,2025-07-20T11:51:15.299814
2025-07-20,134355,2025072003010132,KSBBL,Online Securities Pvt. Ltd.,Oxford Securities Pvt. Ltd.,510,520.0,265200.0,2025-07-20T11:51:15.299885
2025-07-20,134253,2025072003010157,KSBBL,Online Securities Pvt. Ltd.,Dakshinkali Investment & Securities Pvt. Ltd.,3876,520.0,2015520.0,2025-07-20T11:51:23.906088
2025-07-20,133823,2025072003010254,KSBBL,INDEX SECURITIES LIMITED,Siprabi Securities Pvt. Ltd.,200,519.4,103880.0,2025-07-20T11:52:00.038248
2025-07-20,133670,2025072003010294,KSBBL,Sani Securities Company Ltd.,Dakshinkali Investment & Securities Pvt. Ltd.,190,520.0,98800.0,2025-07-20T11:52:12.748612
2025-07-20,133521,2025072003010332,KSBBL,Sri Hari Securities Pvt. Ltd.,Dakshinkali Investment & Securities Pvt. Ltd.,30,520.0,15600.0,2025-07-20T11:52:26.60992
2025-07-20,133163,2025072003010430,KSBBL,Secured Securities Ltd.,Dakshinkali Investment & Securities Pvt. Ltd.,761,520.0,395720.0,2025-07-20T11:53:01.84211
2025-07-20,133043,2025072003010454,KSBBL,Oxford Securities Pvt. Ltd.,Dakshinkali Investment & Securities Pvt. Ltd.,20,520.0,10400.0,2025-07-20T11:53:12.402044
2025-07-20,132618,2025072003010535,KSBBL,Imperial Securities Company Pvt. Ltd.,Dakshinkali Investment & Securities Pvt. Ltd.,123,520.0,63960.0,2025-07-20T11:53:49.349662
2025-07-20,131578,2025072003010765,KSBBL,Kumari Securities Private Limited,Sri Hari Securities Pvt. Ltd.,200,521.0,104200.0,2025-07-20T11:55:27.98821
2025-07-20,131577,2025072003010766,KSBBL,Capital Max Securities Ltd,Sri Hari Securities Pvt. Ltd.,100,521.0,52100.0,2025-07-20T11:55:27.988433
2025-07-20,131576,2025072003010767,KSBBL,Kohinoor Investment & Securities Pvt. Ltd.,Sri Hari Securities Pvt. Ltd.,500,520.3,260150.0,2025-07-20T11:55:27.988518
2025-07-20,131575,2025072003010768,KSBBL,SUN SECURITIES PVT LTD,Sri Hari Securities Pvt. Ltd.,500,520.3,260150.0,2025-07-20T11:55:27.988592
2025-07-20,131574,2025072003010769,KSBBL,Shree Krishna Securities Ltd.,Sri Hari Securities Pvt. Ltd.,1000,520.2,520200.0,2025-07-20T11:55:27.988671
2025-07-20,131573,2025072003010770,KSBBL,MILKY WAY SHARE BROKER COMPANY LTD ,Sri Hari Securities Pvt. Ltd.,100,520.1,52010.0,2025-07-20T11:55:27.988755
2025-07-20,131572,2025072003010771,KSBBL,Asian Securities Private Ltd.,Sri Hari Securities Pvt. Ltd.,1000,520.1,520100.0,2025-07-20T11:55:27.988838
2025-07-20,131571,2025072003010772,KSBBL,Imperial Securities Company Pvt. Ltd.,Sri Hari Securities Pvt. Ltd.,877,520.0,456040.0,2025-07-20T11:55:27.988912
2025-07-20,131570,2025072003010773,KSBBL,Creative Securities Pvt Ltd,Sri Hari Securities Pvt. Ltd.,500,520.0,260000.0,2025-07-20T11:55:27.988985
2025-07-20,131569,2025072003010774,KSBBL,Himalayan Brokerage Company Limited,Sri Hari Securities Pvt. Ltd.,100,520.0,52000.0,2025-07-20T11:55:27.989079
2025-07-20,131568,2025072003010775,KSBBL,Neev Securities Pvt. Ltd.,Sri Hari Securities Pvt. Ltd.,300,520.0,156000.0,2025-07-20T11:55:27.989158
2025-07-20,131567,2025072003010776,KSBBL,Capital Max Securities Ltd,Sri Hari Securities Pvt. Ltd.,100,520.0,52000.0,2025-07-20T11:55:27.989236
2025-07-20,131566,2025072003010777,KSBBL,Nepal Investment And Securities Trading Private Limited,Sri Hari Securities Pvt. Ltd.,200,520.0,104000.0,2025-07-20T11:55:27.989307
2025-07-20,131565,2025072003010778,KSBBL,Naasa Securities Co. Ltd.,Sri Hari Securities Pvt. Ltd.,2000,520.0,1040000.0,2025-07-20T11:55:27.989379
2025-07-20,131215,2025072003010831,KSBBL,Dipshikha Dhitopatra Karobar Co. Pvt Ltd.,Sri Hari Securities Pvt. Ltd.,4975,521.9,2596452.5,2025-07-20T11:56:07.081701
2025-07-20,130906,2025072003010953,KSBBL,Dipshikha Dhitopatra Karobar Co. Pvt Ltd.,Nepal Stock House (PVT) Ltd.,25,521.9,13047.5,2025-07-20T11:56:30.861965
2025-07-20,130419,2025072003011041,KSBBL,Deevyaa Securities & Stock House Pvt. Ltd,Nepal Stock House (PVT) Ltd.,175,521.9,91332.5,2025-07-20T11:57:16.843646
2025-07-20,129960,2025072003011138,KSBBL,Pragyan Securities (PVT) Ltd.,Vision Securities Pvt. Ltd,110,521.9,57409.0,2025-07-20T11:58:07.322286
2025-07-20,129729,2025072003011207,KSBBL,Dipshikha Dhitopatra Karobar Co. Pvt Ltd.,Online Securities Pvt. Ltd.,58,522.0,30276.0,2025-07-20T11:58:34.002636
2025-07-20,129728,2025072003011208,KSBBL,Dipshikha Dhitopatra Karobar Co. Pvt Ltd.,Oxford Securities Pvt. Ltd.,600,522.0,313200.0,2025-07-20T11:58:34.00297
2025-07-20,129496,2025072003011240,KSBBL,Dipshikha Dhitopatra Karobar Co. Pvt Ltd.,Dipshikha Dhitopatra Karobar Co. Pvt Ltd.,70,522.0,36540.0,2025-07-20T11:59:00.392587
2025-07-20,129157,2025072003011308,KSBBL,Vision Securities Pvt. Ltd,Sanima Securities Limited,145,524.0,75980.0,2025-07-20T11:59:34.426569
2025-07-20,129156,2025072003011309,KSBBL,Vision Securities Pvt. Ltd,Malla & Malla Stock Broking Company Pvt. Limited,30,524.0,15720.0,2025-07-20T11:59:34.426982
2025-07-20,129136,2025072003011316,KSBBL,Vision Securities Pvt. Ltd,Imperial Securities Company Pvt. Ltd.,13,524.0,6812.0,2025-07-20T11:59:36.280761
2025-07-20,129135,2025072003011317,KSBBL,Sani Securities Company Ltd.,Imperial Securities Company Pvt. Ltd.,100,522.1,52210.0,2025-07-20T11:59:36.280964
2025-07-20,129134,2025072003011318,KSBBL,Dipshikha Dhitopatra Karobar Co. Pvt Ltd.,Imperial Securities Company Pvt. Ltd.,272,522.0,141984.0,2025-07-20T11:59:36.281064
2025-07-20,129133,2025072003011319,KSBBL,Himalayan Securities Limited,Imperial Securities Company Pvt. Ltd.,200,522.0,104400.0,2025-07-20T11:59:36.28114
2025-07-20,129132,2025072003011320,KSBBL,Nepal Stock House (PVT) Ltd.,Imperial Securities Company Pvt. Ltd.,658,522.0,343476.0,2025-07-20T11:59:36.281224
2025-07-20,129131,2025072003011321,KSBBL,Himalayan Securities Limited,Imperial Securities Company Pvt. Ltd.,100,522.0,52200.0,2025-07-20T11:59:36.281297
2025-07-20,129130,2025072003011322,KSBBL,Miyo Securities Pvt Ltd,Imperial Securities Company Pvt. Ltd.,45,522.0,23490.0,2025-07-20T11:59:36.281369
2025-07-20,129090,2025072003011331,KSBBL,Cristal Kanchanjanga Securites Pvt. Ltd.,Imperial Securities Company Pvt. Ltd.,612,522.0,319464.0,2025-07-20T11:59:41.297538
2025-07-20,128666,2025072003011410,KSBBL,Kohinoor Investment & Securities Pvt. Ltd.,Trisul Securities & Invt. Ltd.,20,524.0,10480.0,2025-07-20T12:00:18.156007
2025-07-20,128511,2025072003011451,KSBBL,Dakshinkali Investment & Securities Pvt. Ltd.,Premier Securities Company Ltd.,10,524.0,5240.0,2025-07-20T12:00:30.889346
2025-07-20,127933,2025072003011550,KSBBL,Cristal Kanchanjanga Securites Pvt. Ltd.,Neev Securities Pvt. Ltd.,250,522.1,130525.0,2025-07-20T12:01:24.113709
2025-07-20,127932,2025072003011551,KSBBL,Cristal Kanchanjanga Securites Pvt. Ltd.,Neev Securities Pvt. Ltd.,888,522.0,463536.0,2025-07-20T12:01:24.113919
2025-07-20,127931,2025072003011552,KSBBL,Sani Securities Company Ltd.,Neev Securities Pvt. Ltd.,40,522.0,20880.0,2025-07-20T12:01:24.114
2025-07-20,127463,2025072003011670,KSBBL,Imperial Securities Company Pvt. Ltd.,Sweta Securities Private Limited,203,523.0,106169.0,2025-07-20T12:02:17.031618
2025-07-20,126566,2025072003011891,KSBBL,Citizens Share Broker Limited,Premier Securities Company Ltd.,10,524.0,5240.0,2025-07-20T12:03:51.741576
2025-07-20,126565,2025072003011892,KSBBL,Citizens Share Broker Limited,Linch Stock Market Ltd.,100,524.0,52400.0,2025-07-20T12:03:51.741619
2025-07-20,126564,2025072003011893,KSBBL,Citizens Share Broker Limited,Neev Securities Pvt. Ltd.,822,524.0,430728.0,2025-07-20T12:03:51.741648
2025-07-20,126563,2025072003011894,KSBBL,Citizens Share Broker Limited,Midas Stock Broking Company Private Limited,568,524.0,297632.0,2025-07-20T12:03:51.741681
2025-07-20,126424,2025072003011951,KSBBL,Sweta Securities Private Limited,Midas Stock Broking Company Private Limited,432,524.0,226368.0,2025-07-20T12:04:07.290144
2025-07-20,126423,2025072003011952,KSBBL,Sweta Securities Private Limited,Online Securities Pvt. Ltd.,68,524.0,35632.0,2025-07-20T12:04:07.290362
2025-07-20,126131,2025072003012000,KSBBL,Imperial Securities Company Pvt. Ltd.,Bhrikuti Stock Broking Co. Pvt. Ltd.,152,523.0,79496.0,2025-07-20T12:04:34.816349
2025-07-20,126130,2025072003012001,KSBBL,Trisul Securities & Invt. Ltd.,Bhrikuti Stock Broking Co. Pvt. Ltd.,98,523.0,51254.0,2025-07-20T12:04:34.816846
2025-07-20,126025,2025072003012029,KSBBL,Trisul Securities & Invt. Ltd.,Agrawal Securities (PVT) Ltd.,52,523.0,27196.0,2025-07-20T12:04:45.848503
2025-07-20,125901,2025072003012059,KSBBL,Siprabi Securities Pvt. Ltd.,Aryatara Investment & Securities,500,522.1,261050.0,2025-07-20T12:04:56.221992
2025-07-20,125852,2025072003012069,KSBBL,Imperial Securities Company Pvt. Ltd.,Asian Securities Private Ltd.,100,522.0,52200.0,2025-07-20T12:05:00.377328
2025-07-20,125771,2025072003012083,KSBBL,Imperial Securities Company Pvt. Ltd.,Kohinoor Investment & Securities Pvt. Ltd.,900,522.0,469800.0,2025-07-20T12:05:10.387066
2025-07-20,125725,2025072003012103,KSBBL,Kohinoor Investment & Securities Pvt. Ltd.,Kohinoor Investment & Securities Pvt. Ltd.,20,522.0,10440.0,2025-07-20T12:05:15.417322
2025-07-20,125485,2025072003012169,KSBBL,Kohinoor Investment & Securities Pvt. Ltd.,Kohinoor Investment & Securities Pvt. Ltd.,80,522.0,41760.0,2025-07-20T12:05:37.258387
2025-07-20,125484,2025072003012170,KSBBL,Kohinoor Investment & Securities Pvt. Ltd.,Naasa Securities Co. Ltd.,220,522.0,114840.0,2025-07-20T12:05:37.258603
2025-07-20,125463,2025072003012176,KSBBL,Cristal Kanchanjanga Securites Pvt. Ltd.,Aryatara Investment & Securities,50,521.9,26095.0,2025-07-20T12:05:38.854461
2025-07-20,125462,2025072003012177,KSBBL,Kohinoor Investment & Securities Pvt. Ltd.,Aryatara Investment & Securities,100,521.9,52190.0,2025-07-20T12:05:38.854674
2025-07-20,125247,2025072003012230,KSBBL,Capital Max Securities Ltd,Nepal Stock House (PVT) Ltd.,100,521.0,52100.0,2025-07-20T12:05:56.283468
2025-07-20,125081,2025072003012265,KSBBL,Trisul Securities & Invt. Ltd.,Nepal Stock House (PVT) Ltd.,100,521.0,52100.0,2025-07-20T12:06:10.108648
2025-07-20,124930,2025072003012296,KSBBL,ABC Securities Private Limited,Nepal Stock House (PVT) Ltd.,40,521.0,20840.0,2025-07-20T12:06:27.063579
2025-07-20,124889,2025072003012303,KSBBL,Opal Securities Investment (PVT) Ltd.,Nepal Stock House (PVT) Ltd.,10,521.0,5210.0,2025-07-20T12:06:33.911332
2025-07-20,124888,2025072003012304,KSBBL,Opal Securities Investment (PVT) Ltd.,Agrawal Securities (PVT) Ltd.,200,521.0,104200.0,2025-07-20T12:06:33.911566
2025-07-20,124887,2025072003012305,KSBBL,Opal Securities Investment (PVT) Ltd.,Aryatara Investment & Securities,29,521.9,15135.1,2025-07-20T12:06:33.911666
2025-07-20,124799,2025072003012323,KSBBL,Sani Securities Company Ltd.,Aryatara Investment & Securities,121,521.9,63149.9,2025-07-20T12:06:43.296378
2025-07-20,124798,2025072003012324,KSBBL,Sani Securities Company Ltd.,Naasa Securities Co. Ltd.,148,521.9,77241.2,2025-07-20T12:06:43.296616
2025-07-20,124797,2025072003012325,KSBBL,Sani Securities Company Ltd.,Naasa Securities Co. Ltd.,496,522.0,258912.0,2025-07-20T12:06:43.296696
2025-07-20,124628,2025072003012361,KSBBL,Cristal Kanchanjanga Securites Pvt. Ltd.,Naasa Securities Co. Ltd.,1000,522.0,522000.0,2025-07-20T12:07:02.121386
2025-07-20,124561,2025072003012374,KSBBL,Vision Securities Pvt. Ltd,Naasa Securities Co. Ltd.,1284,522.0,670248.0,2025-07-20T12:07:08.717221
2025-07-20,124176,2025072003012482,KSBBL,Vision Securities Pvt. Ltd,Nepal Investment And Securities Trading Private Limited,100,522.0,52200.0,2025-07-20T12:07:54.510662
2025-07-20,123804,2025072003012599,KSBBL,Ashutosh Brokerage & Securities (PVT) Ltd.,Agrawal Securities (PVT) Ltd.,248,523.0,129704.0,2025-07-20T12:08:32.460902
2025-07-20,123803,2025072003012600,KSBBL,Ashutosh Brokerage & Securities (PVT) Ltd.,Nepal Stock House (PVT) Ltd.,200,523.0,104600.0,2025-07-20T12:08:32.46115
2025-07-20,123802,2025072003012601,KSBBL,Ashutosh Brokerage & Securities (PVT) Ltd.,Vision Securities Pvt. Ltd,15,523.0,7845.0,2025-07-20T12:08:32.461241
2025-07-20,123801,2025072003012602,KSBBL,Ashutosh Brokerage & Securities (PVT) Ltd.,Naasa Securities Co. Ltd.,37,523.0,19351.0,2025-07-20T12:08:32.461327
2025-07-20,123758,2025072003012616,KSBBL,Nepal Stock House (PVT) Ltd.,Naasa Securities Co. Ltd.,63,523.0,32949.0,2025-07-20T12:08:42.725887
2025-07-20,123757,2025072003012617,KSBBL,Nepal Stock House (PVT) Ltd.,Aryatara Investment & Securities,500,523.0,261500.0,2025-07-20T12:08:42.726126
2025-07-20,123707,2025072003012632,KSBBL,Nepal Stock House (PVT) Ltd.,Deevyaa Securities & Stock House Pvt. Ltd,200,523.0,104600.0,2025-07-20T12:08:48.096612
2025-07-20,123628,2025072003012652,KSBBL,Nepal Stock House (PVT) Ltd.,Sewa Securities Pvt. Ltd.,15,523.0,7845.0,2025-07-20T12:08:56.61458
2025-07-20,123564,2025072003012671,KSBBL,Dakshinkali Investment & Securities Pvt. Ltd.,Naasa Securities Co. Ltd.,314,523.8,164473.2,2025-07-20T12:09:06.872768
2025-07-20,123563,2025072003012672,KSBBL,Dakshinkali Investment & Securities Pvt. Ltd.,Dakshinkali Investment & Securities Pvt. Ltd.,3000,523.9,1571700.0,2025-07-20T12:09:06.873039
2025-07-20,123562,2025072003012673,KSBBL,Dakshinkali Investment & Securities Pvt. Ltd.,Online Securities Pvt. Ltd.,1686,524.0,883464.0,2025-07-20T12:09:06.873161
2025-07-20,123257,2025072003012743,KSBBL,Nepal Stock House (PVT) Ltd.,SUN SECURITIES PVT LTD,285,523.0,149055.0,2025-07-20T12:09:32.44517
2025-07-20,123088,2025072003012765,KSBBL,Vision Securities Pvt. Ltd,Nepal Stock House (PVT) Ltd.,300,522.0,156600.0,2025-07-20T12:09:50.614721
2025-07-20,122936,2025072003012791,KSBBL,Vision Securities Pvt. Ltd,SUN SECURITIES PVT LTD,215,522.0,112230.0,2025-07-20T12:10:02.562555
2025-07-20,122892,2025072003012799,KSBBL,Dakshinkali Investment & Securities Pvt. Ltd.,Dakshinkali Investment & Securities Pvt. Ltd.,2000,523.9,1047800.0,2025-07-20T12:10:08.550444
2025-07-20,122891,2025072003012800,KSBBL,Dakshinkali Investment & Securities Pvt. Ltd.,Online Securities Pvt. Ltd.,276,524.0,144624.0,2025-07-20T12:10:08.550702
2025-07-20,122734,2025072003012832,KSBBL,MILKY WAY SHARE BROKER COMPANY LTD ,Aakashbhairab Securities Ltd.,1000,524.5,524500.0,2025-07-20T12:10:24.540762
2025-07-20,122716,2025072003012836,KSBBL,Shree Krishna Securities Ltd.,Aakashbhairab Securities Ltd.,995,524.5,521877.5,2025-07-20T12:10:26.816759
2025-07-20,122591,2025072003012861,KSBBL,Dipshikha Dhitopatra Karobar Co. Pvt Ltd.,Online Securities Pvt. Ltd.,535,525.0,280875.0,2025-07-20T12:10:39.437573
2025-07-20,122590,2025072003012862,KSBBL,Dipshikha Dhitopatra Karobar Co. Pvt Ltd.,Aryatara Investment & Securities,500,525.0,262500.0,2025-07-20T12:10:39.437779
2025-07-20,122589,2025072003012863,KSBBL,Dipshikha Dhitopatra Karobar Co. Pvt Ltd.,Naasa Securities Co. Ltd.,14,525.0,7350.0,2025-07-20T12:10:39.437867
2025-07-20,122588,2025072003012864,KSBBL,Dipshikha Dhitopatra Karobar Co. Pvt Ltd.,Bhrikuti Stock Broking Co. Pvt. Ltd.,111,525.0,58275.0,2025-07-20T12:10:39.437952
2025-07-20,122425,2025072003012903,KSBBL,Dipshikha Dhitopatra Karobar Co. Pvt Ltd.,ABC Securities Private Limited,840,525.0,441000.0,2025-07-20T12:10:58.152147
2025-07-20,122424,2025072003012904,KSBBL,Sani Securities Company Ltd.,ABC Securities Private Limited,100,525.0,52500.0,2025-07-20T12:10:58.152375
2025-07-20,122423,2025072003012905,KSBBL,Ashutosh Brokerage & Securities (PVT) Ltd.,ABC Securities Private Limited,336,525.0,176400.0,2025-07-20T12:10:58.152459
2025-07-20,122422,2025072003012906,KSBBL,Primo Securities (PVT) Ltd.,ABC Securities Private Limited,224,525.0,117600.0,2025-07-20T12:10:58.152539
2025-07-20,122351,2025072003012932,KSBBL,Primo Securities (PVT) Ltd.,Nepal Stock House (PVT) Ltd.,100,525.0,52500.0,2025-07-20T12:11:09.945317
2025-07-20,122123,2025072003012968,KSBBL,Primo Securities (PVT) Ltd.,Nepal Stock House (PVT) Ltd.,50,525.0,26250.0,2025-07-20T12:11:38.149194
2025-07-20,121910,2025072003013009,KSBBL,Primo Securities (PVT) Ltd.,Aryatara Investment & Securities,126,525.0,66150.0,2025-07-20T12:11:57.920146
2025-07-20,121909,2025072003013010,KSBBL,Capital Max Securities Ltd,Aryatara Investment & Securities,30,525.0,15750.0,2025-07-20T12:11:57.920187
2025-07-20,121908,2025072003013011,KSBBL,Dipshikha Dhitopatra Karobar Co. Pvt Ltd.,Aryatara Investment & Securities,44,525.0,23100.0,2025-07-20T12:11:57.920214
2025-07-20,121828,2025072003013023,KSBBL,Opal Securities Investment (PVT) Ltd.,Neev Securities Pvt. Ltd.,50,525.8,26290.0,2025-07-20T12:12:05.116143
2025-07-20,121827,2025072003013024,KSBBL,Opal Securities Investment (PVT) Ltd.,Online Securities Pvt. Ltd.,149,525.9,78359.1,2025-07-20T12:12:05.116563
2025-07-20,121826,2025072003013025,KSBBL,Opal Securities Investment (PVT) Ltd.,Aryatara Investment & Securities,301,526.0,158326.0,2025-07-20T12:12:05.116832
2025-07-20,121688,2025072003013039,KSBBL,Dipshikha Dhitopatra Karobar Co. Pvt Ltd.,Aryatara Investment & Securities,100,525.0,52500.0,2025-07-20T12:12:25.449805
2025-07-20,121664,2025072003013045,KSBBL,Dipshikha Dhitopatra Karobar Co. Pvt Ltd.,Dakshinkali Investment & Securities Pvt. Ltd.,856,525.0,449400.0,2025-07-20T12:12:28.623242
2025-07-20,121663,2025072003013046,KSBBL,Kohinoor Investment & Securities Pvt. Ltd.,Dakshinkali Investment & Securities Pvt. Ltd.,250,525.0,131250.0,2025-07-20T12:12:28.623464
2025-07-20,121662,2025072003013047,KSBBL,Imperial Securities Company Pvt. Ltd.,Dakshinkali Investment & Securities Pvt. Ltd.,300,525.0,157500.0,2025-07-20T12:12:28.623548
2025-07-20,121560,2025072003013068,KSBBL,Kalika Securities Pvt. Ltd.,Dakshinkali Investment & Securities Pvt. Ltd.,100,525.0,52500.0,2025-07-20T12:12:38.634179
2025-07-20,121382,2025072003013122,KSBBL,Dakshinkali Investment & Securities Pvt. Ltd.,Neev Securities Pvt. Ltd.,2724,524.0,1427376.0,2025-07-20T12:12:54.551529
2025-07-20,121381,2025072003013123,KSBBL,Sundhara Securities Limited,Neev Securities Pvt. Ltd.,26,524.0,13624.0,2025-07-20T12:12:54.551846
2025-07-20,120830,2025072003013268,KSBBL,Sani Securities Company Ltd.,Dakshinkali Investment & Securities Pvt. Ltd.,494,525.0,259350.0,2025-07-20T12:13:55.98235
2025-07-20,120829,2025072003013269,KSBBL,Sani Securities Company Ltd.,Nepal Investment And Securities Trading Private Limited,506,525.0,265650.0,2025-07-20T12:13:55.982627
2025-07-20,120211,2025072003013387,KSBBL,Sundhara Securities Limited,Aryatara Investment & Securities,100,524.0,52400.0,2025-07-20T12:14:59.560549
2025-07-20,119986,2025072003013449,KSBBL,Sundhara Securities Limited,Aryatara Investment & Securities,100,524.0,52400.0,2025-07-20T12:15:20.923322
2025-07-20,119462,2025072003013560,KSBBL,Sundhara Securities Limited,Indira securities pvt. ltd,200,524.0,104800.0,2025-07-20T12:15:53.731328
2025-07-20,119162,2025072003013610,KSBBL,Premier Securities Company Ltd.,Nepal Investment And Securities Trading Private Limited,30,525.0,15750.0,2025-07-20T12:16:24.929222
2025-07-20,118949,2025072003013641,KSBBL,Naasa Securities Co. Ltd.,Nepal Investment And Securities Trading Private Limited,464,525.0,243600.0,2025-07-20T12:16:48.920432
2025-07-20,118948,2025072003013642,KSBBL,Naasa Securities Co. Ltd.,SUN SECURITIES PVT LTD,500,525.0,262500.0,2025-07-20T12:16:48.920874
2025-07-20,118947,2025072003013643,KSBBL,Naasa Securities Co. Ltd.,ABC Securities Private Limited,500,525.8,262900.0,2025-07-20T12:16:48.921347
2025-07-20,118946,2025072003013644,KSBBL,Naasa Securities Co. Ltd.,ABC Securities Private Limited,500,525.8,262900.0,2025-07-20T12:16:48.921786
2025-07-20,118429,2025072003013710,KSBBL,Naasa Securities Co. Ltd.,Aryatara Investment & Securities,36,525.8,18928.8,2025-07-20T12:17:43.92931
2025-07-20,118428,2025072003013711,KSBBL,Naasa Securities Co. Ltd.,Aryatara Investment & Securities,164,525.0,86100.0,2025-07-20T12:17:43.929362
2025-07-20,118321,2025072003013736,KSBBL,Imperial Securities Company Pvt. Ltd.,ABC Securities Private Limited,10,525.9,5259.0,2025-07-20T12:18:00.898445
2025-07-20,118282,2025072003013744,KSBBL,Naasa Securities Co. Ltd.,Dakshinkali Investment & Securities Pvt. Ltd.,236,525.0,123900.0,2025-07-20T12:18:05.020289
2025-07-20,118059,2025072003013775,KSBBL,Sundhara Securities Limited,Dakshinkali Investment & Securities Pvt. Ltd.,74,525.0,38850.0,2025-07-20T12:18:24.802825
2025-07-20,117692,2025072003013830,KSBBL,Imperial Securities Company Pvt. Ltd.,Dakshinkali Investment & Securities Pvt. Ltd.,10,525.0,5250.0,2025-07-20T12:18:51.052253
2025-07-20,116921,2025072003013962,KSBBL,Midas Stock Broking Company Private Limited,Dakshinkali Investment & Securities Pvt. Ltd.,82,525.0,43050.0,2025-07-20T12:19:48.242119
2025-07-20,116875,2025072003013966,KSBBL,Dynamic Money Managers Securities Pvt. Ltd.,Dakshinkali Investment & Securities Pvt. Ltd.,1000,524.1,524100.0,2025-07-20T12:19:51.02034
2025-07-20,116874,2025072003013967,KSBBL,Dakshinkali Investment & Securities Pvt. Ltd.,Dakshinkali Investment & Securities Pvt. Ltd.,5000,524.0,2620000.0,2025-07-20T12:19:51.020601
2025-07-20,116347,2025072003014051,KSBBL,ABC Securities Private Limited,Dakshinkali Investment & Securities Pvt. Ltd.,500,525.0,262500.0,2025-07-20T12:20:36.130565
2025-07-20,115383,2025072003014290,KSBBL,Sani Securities Company Ltd.,Primo Securities (PVT) Ltd.,160,524.9,83984.0,2025-07-20T12:22:07.397868
2025-07-20,115382,2025072003014291,KSBBL,Sani Securities Company Ltd.,Dakshinkali Investment & Securities Pvt. Ltd.,340,525.0,178500.0,2025-07-20T12:22:07.398224
2025-07-20,115275,2025072003014319,KSBBL,Capital Max Securities Ltd,Dakshinkali Investment & Securities Pvt. Ltd.,500,525.0,262500.0,2025-07-20T12:22:17.794987
2025-07-20,114956,2025072003014410,KSBBL,Nepal Investment And Securities Trading Private Limited,Dakshinkali Investment & Securities Pvt. Ltd.,80,525.0,42000.0,2025-07-20T12:22:48.751318
2025-07-20,114911,2025072003014418,KSBBL,Linch Stock Market Ltd.,Aryatara Investment & Securities,160,524.9,83984.0,2025-07-20T12:22:51.172923
2025-07-20,114910,2025072003014419,KSBBL,Sundhara Securities Limited,Aryatara Investment & Securities,40,524.0,20960.0,2025-07-20T12:22:51.17297
2025-07-20,114815,2025072003014444,KSBBL,Sundhara Securities Limited,Aryatara Investment & Securities,150,524.0,78600.0,2025-07-20T12:22:59.334307
2025-07-20,114814,2025072003014445,KSBBL,Aryatara Investment & Securities,Aryatara Investment & Securities,50,524.0,26200.0,2025-07-20T12:22:59.334357
2025-07-20,114800,2025072003014447,KSBBL,Imperial Securities Company Pvt. Ltd.,Dakshinkali Investment & Securities Pvt. Ltd.,178,525.0,93450.0,2025-07-20T12:23:00.887681
2025-07-20,114799,2025072003014448,KSBBL,Imperial Securities Company Pvt. Ltd.,Arun Securities (PVT) Ltd.,26,525.0,13650.0,2025-07-20T12:23:00.887965
2025-07-20,114704,2025072003014475,KSBBL,Aryatara Investment & Securities,Aryatara Investment & Securities,50,524.0,26200.0,2025-07-20T12:23:09.463104
2025-07-20,114703,2025072003014476,KSBBL,Siprabi Securities Pvt. Ltd.,Aryatara Investment & Securities,10,524.0,5240.0,2025-07-20T12:23:09.463174
2025-07-20,114702,2025072003014477,KSBBL,Trishakti Securities Public Limited,Aryatara Investment & Securities,10,524.0,5240.0,2025-07-20T12:23:09.463216
2025-07-20,114701,2025072003014478,KSBBL,Neev Securities Pvt. Ltd.,Aryatara Investment & Securities,130,524.0,68120.0,2025-07-20T12:23:09.463251
2025-07-20,114574,2025072003014493,KSBBL,Neev Securities Pvt. Ltd.,Siprabi Securities Pvt. Ltd.,1000,524.9,524900.0,2025-07-20T12:23:21.387184
2025-07-20,114322,2025072003014536,KSBBL,Imperial Securities Company Pvt. Ltd.,Opal Securities Investment (PVT) Ltd.,31,524.5,16259.5,2025-07-20T12:23:46.969005
2025-07-20,114321,2025072003014537,KSBBL,Neev Securities Pvt. Ltd.,Opal Securities Investment (PVT) Ltd.,870,524.0,455880.0,2025-07-20T12:23:46.969249
2025-07-20,113596,2025072003014671,KSBBL,Asian Securities Private Ltd.,Opal Securities Investment (PVT) Ltd.,99,524.0,51876.0,2025-07-20T12:24:51.250719
2025-07-20,113595,2025072003014672,KSBBL,Asian Securities Private Ltd.,Kalika Securities Pvt. Ltd.,101,524.0,52924.0,2025-07-20T12:24:51.251036
2025-07-20,112669,2025072003014836,KSBBL,Sumeru Securities Pvt. Ltd.,Capital Max Securities Ltd,500,522.1,261050.0,2025-07-20T12:26:18.970454
2025-07-20,112668,2025072003014837,KSBBL,Vision Securities Pvt. Ltd,Capital Max Securities Ltd,101,522.0,52722.0,2025-07-20T12:26:18.971069
2025-07-20,112667,2025072003014838,KSBBL,Imperial Securities Company Pvt. Ltd.,Capital Max Securities Ltd,200,522.0,104400.0,2025-07-20T12:26:18.971509
2025-07-20,112666,2025072003014839,KSBBL,Shree Krishna Securities Ltd.,Capital Max Securities Ltd,260,522.0,135720.0,2025-07-20T12:26:18.971939
2025-07-20,112665,2025072003014840,KSBBL,Investment Management Nepal Pvt. Ltd.,Capital Max Securities Ltd,500,522.0,261000.0,2025-07-20T12:26:18.972359
2025-07-20,112664,2025072003014841,KSBBL,MILKY WAY SHARE BROKER COMPANY LTD ,Capital Max Securities Ltd,1000,522.0,522000.0,2025-07-20T12:26:18.972793
2025-07-20,112663,2025072003014842,KSBBL,Siprabi Securities Pvt. Ltd.,Capital Max Securities Ltd,100,521.1,52110.0,2025-07-20T12:26:18.973226
2025-07-20,112662,2025072003014843,KSBBL,Dakshinkali Investment & Securities Pvt. Ltd.,Capital Max Securities Ltd,250,521.0,130250.0,2025-07-20T12:26:18.973636
2025-07-20,112661,2025072003014844,KSBBL,Dynamic Money Managers Securities Pvt. Ltd.,Capital Max Securities Ltd,1087,521.0,566327.0,2025-07-20T12:26:18.974043
2025-07-20,112257,2025072003014911,KSBBL,Imperial Securities Company Pvt. Ltd.,Arun Securities (PVT) Ltd.,10,523.0,5230.0,2025-07-20T12:26:47.965479
2025-07-20,112256,2025072003014912,KSBBL,Sumeru Securities Pvt. Ltd.,Arun Securities (PVT) Ltd.,200,522.0,104400.0,2025-07-20T12:26:47.965744
2025-07-20,111288,2025072003015072,KSBBL,Secured Securities Ltd.,Arun Securities (PVT) Ltd.,11,522.0,5742.0,2025-07-20T12:27:56.197417
2025-07-20,111261,2025072003015073,KSBBL,Secured Securities Ltd.,Asian Securities Private Ltd.,400,522.0,208800.0,2025-07-20T12:27:57.998246
2025-07-20,111252,2025072003015074,KSBBL,Secured Securities Ltd.,Capital Max Securities Ltd,89,522.0,46458.0,2025-07-20T12:27:58.508952
2025-07-20,111251,2025072003015075,KSBBL,Dynamic Money Managers Securities Pvt. Ltd.,Capital Max Securities Ltd,213,521.0,110973.0,2025-07-20T12:27:58.509005
2025-07-20,111250,2025072003015076,KSBBL,Sajilo Broker Limited,Capital Max Securities Ltd,100,521.0,52100.0,2025-07-20T12:27:58.50905
2025-07-20,111249,2025072003015077,KSBBL,J.F. Securites (PVT) Ltd.,Capital Max Securities Ltd,95,521.0,49495.0,2025-07-20T12:27:58.509079
2025-07-20,111248,2025072003015078,KSBBL,Imperial Securities Company Pvt. Ltd.,Capital Max Securities Ltd,100,520.8,52080.0,2025-07-20T12:27:58.509103
2025-07-20,111247,2025072003015079,KSBBL,Agrawal Securities (PVT) Ltd.,Capital Max Securities Ltd,50,520.6,26030.0,2025-07-20T12:27:58.509128
2025-07-20,111246,2025072003015080,KSBBL,Sharepro Securities Private Limited,Capital Max Securities Ltd,200,520.5,104100.0,2025-07-20T12:27:58.509157
2025-07-20,111245,2025072003015081,KSBBL,Vision Securities Pvt. Ltd,Capital Max Securities Ltd,153,520.4,79621.2,2025-07-20T12:27:58.509182
2025-07-20,110828,2025072003015139,KSBBL,Imperial Securities Company Pvt. Ltd.,Capital Max Securities Ltd,200,522.0,104400.0,2025-07-20T12:28:36.686453
2025-07-20,110827,2025072003015140,KSBBL,Vision Securities Pvt. Ltd,Capital Max Securities Ltd,600,520.4,312240.0,2025-07-20T12:28:36.686516
2025-07-20,109538,2025072003015412,KSBBL,Himalayan Brokerage Company Limited,Sharepro Securities Private Limited,30,521.0,15630.0,2025-07-20T12:30:47.598486
2025-07-20,109051,2025072003015558,KSBBL,Creative Securities Pvt Ltd,Imperial Securities Company Pvt. Ltd.,37,521.1,19280.7,2025-07-20T12:31:32.670392
2025-07-20,108740,2025072003015633,KSBBL,Blue Chip Securities Ltd,MILKY WAY SHARE BROKER COMPANY LTD ,1899,523.0,993177.0,2025-07-20T12:31:57.474634
2025-07-20,108299,2025072003015750,KSBBL,Creative Securities Pvt Ltd,Sani Securities Company Ltd.,13,521.1,6774.3,2025-07-20T12:32:34.759183
2025-07-20,108298,2025072003015751,KSBBL,Agrawal Securities (PVT) Ltd.,Sani Securities Company Ltd.,1000,521.1,521100.0,2025-07-20T12:32:34.759451
2025-07-20,108297,2025072003015752,KSBBL,Nepal Stock House (PVT) Ltd.,Sani Securities Company Ltd.,200,521.1,104220.0,2025-07-20T12:32:34.759557
2025-07-20,108296,2025072003015753,KSBBL,Himalayan Brokerage Company Limited,Sani Securities Company Ltd.,70,521.0,36470.0,2025-07-20T12:32:34.759669
2025-07-20,108295,2025072003015754,KSBBL,Opal Securities Investment (PVT) Ltd.,Sani Securities Company Ltd.,200,521.0,104200.0,2025-07-20T12:32:34.759768
2025-07-20,108294,2025072003015755,KSBBL,Siprabi Securities Pvt. Ltd.,Sani Securities Company Ltd.,30,521.0,15630.0,2025-07-20T12:32:34.759869
2025-07-20,108293,2025072003015756,KSBBL,Vision Securities Pvt. Ltd,Sani Securities Company Ltd.,20,521.0,10420.0,2025-07-20T12:32:34.75997
2025-07-20,108292,2025072003015757,KSBBL,Online Securities Pvt. Ltd.,Sani Securities Company Ltd.,1000,521.0,521000.0,2025-07-20T12:32:34.760083
2025-07-20,108291,2025072003015758,KSBBL,Imperial Securities Company Pvt. Ltd.,Sani Securities Company Ltd.,100,520.5,52050.0,2025-07-20T12:32:34.760185
2025-07-20,108290,2025072003015759,KSBBL,Vision Securities Pvt. Ltd,Sani Securities Company Ltd.,437,520.4,227414.8,2025-07-20T12:32:34.760282
2025-07-20,108289,2025072003015760,KSBBL,Dynamic Money Managers Securities Pvt. Ltd.,Sani Securities Company Ltd.,300,520.4,156120.0,2025-07-20T12:32:34.76038
2025-07-20,108288,2025072003015761,KSBBL,MILKY WAY SHARE BROKER COMPANY LTD ,Sani Securities Company Ltd.,120,520.1,62412.0,2025-07-20T12:32:34.760483
2025-07-20,108287,2025072003015762,KSBBL,Online Securities Pvt. Ltd.,Sani Securities Company Ltd.,780,520.1,405678.0,2025-07-20T12:32:34.760581
2025-07-20,108286,2025072003015763,KSBBL,Aryatara Investment & Securities,Sani Securities Company Ltd.,200,520.1,104020.0,2025-07-20T12:32:34.760679
2025-07-20,108285,2025072003015764,KSBBL,Sani Securities Company Ltd.,Sani Securities Company Ltd.,1000,520.1,520100.0,2025-07-20T12:32:34.760775
2025-07-20,108284,2025072003015765,KSBBL,Sani Securities Company Ltd.,Sani Securities Company Ltd.,200,520.0,104000.0,2025-07-20T12:32:34.760867
2025-07-20,108283,2025072003015766,KSBBL,Primo Securities (PVT) Ltd.,Sani Securities Company Ltd.,100,520.0,52000.0,2025-07-20T12:32:34.760958
2025-07-20,108282,2025072003015767,KSBBL,Cristal Kanchanjanga Securites Pvt. Ltd.,Sani Securities Company Ltd.,50,520.0,26000.0,2025-07-20T12:32:34.761054
2025-07-20,108281,2025072003015768,KSBBL,Naasa Securities Co. Ltd.,Sani Securities Company Ltd.,10,520.0,5200.0,2025-07-20T12:32:34.761149
2025-07-20,108280,2025072003015769,KSBBL,Dynamic Money Managers Securities Pvt. Ltd.,Sani Securities Company Ltd.,500,520.0,260000.0,2025-07-20T12:32:34.761249
2025-07-20,108279,2025072003015770,KSBBL,Cristal Kanchanjanga Securites Pvt. Ltd.,Sani Securities Company Ltd.,200,520.0,104000.0,2025-07-20T12:32:34.761351
2025-07-20,108278,2025072003015771,KSBBL,Trisul Securities & Invt. Ltd.,Sani Securities Company Ltd.,500,520.0,260000.0,2025-07-20T12:32:34.761444
2025-07-20,108277,2025072003015772,KSBBL,Infinity Securities Limited,Sani Securities Company Ltd.,35,520.0,18200.0,2025-07-20T12:32:34.761538
2025-07-20,108276,2025072003015773,KSBBL,Nepal Stock House (PVT) Ltd.,Sani Securities Company Ltd.,25,520.0,13000.0,2025-07-20T12:32:34.761633
2025-07-20,108275,2025072003015774,KSBBL,MILKY WAY SHARE BROKER COMPANY LTD ,Sani Securities Company Ltd.,60,520.0,31200.0,2025-07-20T12:32:34.761734
2025-07-20,108274,2025072003015775,KSBBL,Trishakti Securities Public Limited,Sani Securities Company Ltd.,250,520.0,130000.0,2025-07-20T12:32:34.761828
2025-07-20,108273,2025072003015776,KSBBL,Ashutosh Brokerage & Securities (PVT) Ltd.,Sani Securities Company Ltd.,194,520.0,100880.0,2025-07-20T12:32:34.761921
2025-07-20,108272,2025072003015777,KSBBL,Capital Hub P. Ltd,Sani Securities Company Ltd.,500,520.0,260000.0,2025-07-20T12:32:34.762032
2025-07-20,108271,2025072003015778,KSBBL,Nepal Stock House (PVT) Ltd.,Sani Securities Company Ltd.,200,520.0,104000.0,2025-07-20T12:32:34.762122
2025-07-20,108270,2025072003015779,KSBBL,Nepal Investment And Securities Trading Private Limited,Sani Securities Company Ltd.,100,520.0,52000.0,2025-07-20T12:32:34.762214
2025-07-20,108269,2025072003015780,KSBBL,Sweta Securities Private Limited,Sani Securities Company Ltd.,386,520.0,200720.0,2025-07-20T12:32:34.762304
2025-07-20,108206,2025072003015788,KSBBL,Linch Stock Market Ltd.,Sani Securities Company Ltd.,300,520.0,156000.0,2025-07-20T12:32:42.128234
2025-07-20,108124,2025072003015804,KSBBL,Agrawal Securities (PVT) Ltd.,Sani Securities Company Ltd.,10,520.0,5200.0,2025-07-20T12:32:49.673163
2025-07-20,108069,2025072003015814,KSBBL,Nagarik Stock Dealer ,Sani Securities Company Ltd.,700,520.0,364000.0,2025-07-20T12:32:53.003801
2025-07-20,108044,2025072003015818,KSBBL,Agrawal Securities (PVT) Ltd.,Sani Securities Company Ltd.,210,520.0,109200.0,2025-07-20T12:32:55.730843
2025-07-20,107472,2025072003015917,KSBBL,Agrawal Securities (PVT) Ltd.,Imperial Securities Company Pvt. Ltd.,223,523.0,116629.0,2025-07-20T12:33:54.921766
2025-07-20,107462,2025072003015918,KSBBL,Agrawal Securities (PVT) Ltd.,Primo Securities (PVT) Ltd.,67,523.0,35041.0,2025-07-20T12:33:55.58236
2025-07-20,107195,2025072003016000,KSBBL,Vision Securities Pvt. Ltd,Primo Securities (PVT) Ltd.,50,523.0,26150.0,2025-07-20T12:34:19.207205
2025-07-20,106034,2025072003016263,KSBBL,Dakshinkali Investment & Securities Pvt. Ltd.,Primo Securities (PVT) Ltd.,173,523.0,90479.0,2025-07-20T12:36:13.337593
2025-07-20,106033,2025072003016264,KSBBL,Dakshinkali Investment & Securities Pvt. Ltd.,Naasa Securities Co. Ltd.,1100,523.0,575300.0,2025-07-20T12:36:13.338111
2025-07-20,106032,2025072003016265,KSBBL,Dakshinkali Investment & Securities Pvt. Ltd.,Aakashbhairab Securities Ltd.,1000,523.9,523900.0,2025-07-20T12:36:13.338424
2025-07-20,106031,2025072003016266,KSBBL,Dakshinkali Investment & Securities Pvt. Ltd.,Kalika Securities Pvt. Ltd.,399,524.0,209076.0,2025-07-20T12:36:13.338727
2025-07-20,106030,2025072003016267,KSBBL,Dakshinkali Investment & Securities Pvt. Ltd.,Investment Management Nepal Pvt. Ltd.,200,524.0,104800.0,2025-07-20T12:36:13.339037
2025-07-20,106029,2025072003016268,KSBBL,Dakshinkali Investment & Securities Pvt. Ltd.,Aryatara Investment & Securities,500,524.0,262000.0,2025-07-20T12:36:13.339323
2025-07-20,106028,2025072003016269,KSBBL,Dakshinkali Investment & Securities Pvt. Ltd.,Sani Securities Company Ltd.,90,524.0,47160.0,2025-07-20T12:36:13.339603
2025-07-20,106027,2025072003016270,KSBBL,Dakshinkali Investment & Securities Pvt. Ltd.,Vision Securities Pvt. Ltd,20,524.0,10480.0,2025-07-20T12:36:13.339885
2025-07-20,105568,2025072003016362,KSBBL,Dakshinkali Investment & Securities Pvt. Ltd.,Primo Securities (PVT) Ltd.,28,524.0,14672.0,2025-07-20T12:36:56.811162
2025-07-20,105550,2025072003016363,KSBBL,Dakshinkali Investment & Securities Pvt. Ltd.,Dakshinkali Investment & Securities Pvt. Ltd.,1490,524.0,780760.0,2025-07-20T12:36:59.776891
2025-07-20,104175,2025072003016631,KSBBL,Shree Krishna Securities Ltd.,Sagarmatha Securities Private Limited,150,523.9,78585.0,2025-07-20T12:39:20.572585
