Date,S.N.,Contract ID,Symbol,Buyer Broker,Seller Broker,quantity,rate,amount,transaction_time
2025-07-20,178139,2025072003000017,NFS,Beni Securities Pvt.Ltd.,Capital Max Securities Ltd,10,768.0,7680.0,2025-07-20T10:46:00.021614
2025-07-20,177879,2025072003000095,NFS,Shree Krishna Securities Ltd.,Sri Hari Securities Pvt. Ltd.,200,755.0,151000.0,2025-07-20T11:00:26.816479
2025-07-20,177878,2025072003000096,NFS,Sani Securities Company Ltd.,Sri Hari Securities Pvt. Ltd.,100,755.0,75500.0,2025-07-20T11:00:26.816523
2025-07-20,177877,2025072003000097,NFS,Kohinoor Investment & Securities Pvt. Ltd.,Sri Hari Securities Pvt. Ltd.,101,754.0,76154.0,2025-07-20T11:00:26.816577
2025-07-20,177506,2025072003000192,NFS,Kohinoor Investment & Securities Pvt. Ltd.,Kohinoor Investment & Securities Pvt. Ltd.,29,754.0,21866.0,2025-07-20T11:01:17.247084
2025-07-20,177326,2025072003000231,NFS,Investment Management Nepal Pvt. Ltd.,Kohinoor Investment & Securities Pvt. Ltd.,354,754.0,266916.0,2025-07-20T11:01:33.654438
2025-07-20,177065,2025072003000292,NFS,INDEX SECURITIES LIMITED,Kohinoor Investment & Securities Pvt. Ltd.,10,767.9,7679.0,2025-07-20T11:01:59.013008
2025-07-20,175641,2025072003000619,NFS,Midas Stock Broking Company Private Limited,Linch Stock Market Ltd.,10,767.0,7670.0,2025-07-20T11:03:57.367094
2025-07-20,174728,2025072003000809,NFS,Siprabi Securities Pvt. Ltd.,ABC Securities Private Limited,10,765.5,7655.0,2025-07-20T11:05:04.134231
2025-07-20,174210,2025072003000936,NFS,Sipla Securities Private Limited,Imperial Securities Company Pvt. Ltd.,10,764.0,7640.0,2025-07-20T11:05:38.883807
2025-07-20,173223,2025072003001128,NFS,INDEX SECURITIES LIMITED,Imperial Securities Company Pvt. Ltd.,10,764.0,7640.0,2025-07-20T11:06:39.731903
2025-07-20,173222,2025072003001129,NFS,INDEX SECURITIES LIMITED,ABC Securities Private Limited,10,765.5,7655.0,2025-07-20T11:06:39.731937
2025-07-20,171748,2025072003001504,NFS,Dipshikha Dhitopatra Karobar Co. Pvt Ltd.,Imperial Securities Company Pvt. Ltd.,10,764.0,7640.0,2025-07-20T11:08:12.338123
2025-07-20,171747,2025072003001505,NFS,Dipshikha Dhitopatra Karobar Co. Pvt Ltd.,Capital Max Securities Ltd,30,764.9,22947.0,2025-07-20T11:08:12.338216
2025-07-20,169780,2025072003002001,NFS,Sundhara Securities Limited,Vision Securities Pvt. Ltd,100,760.0,76000.0,2025-07-20T11:10:09.998122
2025-07-20,169751,2025072003002022,NFS,Sundhara Securities Limited,Capital Max Securities Ltd,100,760.0,76000.0,2025-07-20T11:10:11.157811
2025-07-20,169534,2025072003002065,NFS,Naasa Securities Co. Ltd.,BHOLE GANESH SECURITIES LTD,15,756.0,11340.0,2025-07-20T11:10:25.665673
2025-07-20,169133,2025072003002172,NFS,Midas Stock Broking Company Private Limited,Online Securities Pvt. Ltd.,20,755.0,15100.0,2025-07-20T11:10:58.405323
2025-07-20,169132,2025072003002173,NFS,Capital Max Securities Ltd,Online Securities Pvt. Ltd.,50,754.0,37700.0,2025-07-20T11:10:58.405416
2025-07-20,169131,2025072003002174,NFS,Trishakti Securities Public Limited,Online Securities Pvt. Ltd.,430,754.0,324220.0,2025-07-20T11:10:58.405467
2025-07-20,169130,2025072003002175,NFS,Global IME Securities Limited,Online Securities Pvt. Ltd.,29,754.0,21866.0,2025-07-20T11:10:58.405509
2025-07-20,169114,2025072003002177,NFS,Global IME Securities Limited,Kalika Securities Pvt. Ltd.,475,754.0,358150.0,2025-07-20T11:10:59.751994
2025-07-20,168407,2025072003002309,NFS,Global IME Securities Limited,Online Securities Pvt. Ltd.,100,754.0,75400.0,2025-07-20T11:11:45.664319
2025-07-20,168260,2025072003002333,NFS,Global IME Securities Limited,Miyo Securities Pvt Ltd,46,754.0,34684.0,2025-07-20T11:11:55.778365
2025-07-20,167831,2025072003002457,NFS,Aryatara Investment & Securities,Sundhara Securities Limited,50,753.5,37675.0,2025-07-20T11:12:28.959148
2025-07-20,167830,2025072003002458,NFS,Naasa Securities Co. Ltd.,Sundhara Securities Limited,100,753.5,75350.0,2025-07-20T11:12:28.959363
2025-07-20,167713,2025072003002481,NFS,ABC Securities Private Limited,Naasa Securities Co. Ltd.,20,753.2,15064.0,2025-07-20T11:12:37.605517
2025-07-20,167712,2025072003002482,NFS,Online Securities Pvt. Ltd.,Naasa Securities Co. Ltd.,10,753.2,7532.0,2025-07-20T11:12:37.605626
2025-07-20,167711,2025072003002483,NFS,Aryatara Investment & Securities,Naasa Securities Co. Ltd.,50,753.1,37655.0,2025-07-20T11:12:37.605688
2025-07-20,167710,2025072003002484,NFS,Beni Securities Pvt.Ltd.,Naasa Securities Co. Ltd.,10,753.0,7530.0,2025-07-20T11:12:37.605734
2025-07-20,167709,2025072003002485,NFS,Citizens Share Broker Limited,Naasa Securities Co. Ltd.,410,753.0,308730.0,2025-07-20T11:12:37.60578
2025-07-20,167563,2025072003002530,NFS,Citizens Share Broker Limited,Sewa Securities Pvt. Ltd.,500,753.0,376500.0,2025-07-20T11:12:45.787522
2025-07-20,167485,2025072003002550,NFS,Citizens Share Broker Limited,Imperial Securities Company Pvt. Ltd.,90,753.0,67770.0,2025-07-20T11:12:51.197581
2025-07-20,167329,2025072003002579,NFS,Citizens Share Broker Limited,Imperial Securities Company Pvt. Ltd.,10,753.0,7530.0,2025-07-20T11:13:01.327691
2025-07-20,167328,2025072003002580,NFS,Citizens Share Broker Limited,Nepal Stock House (PVT) Ltd.,100,753.2,75320.0,2025-07-20T11:13:01.327785
2025-07-20,167327,2025072003002581,NFS,Citizens Share Broker Limited,Sundhara Securities Limited,550,753.5,414425.0,2025-07-20T11:13:01.327827
2025-07-20,167326,2025072003002582,NFS,Citizens Share Broker Limited,Pragyan Securities (PVT) Ltd.,50,753.5,37675.0,2025-07-20T11:13:01.327875
2025-07-20,167325,2025072003002583,NFS,Citizens Share Broker Limited,Miyo Securities Pvt Ltd,54,753.5,40689.0,2025-07-20T11:13:01.32792
2025-07-20,167304,2025072003002592,NFS,Citizens Share Broker Limited,Nepal Investment And Securities Trading Private Limited,100,753.5,75350.0,2025-07-20T11:13:03.097694
2025-07-20,167221,2025072003002610,NFS,Citizens Share Broker Limited,Kumari Securities Private Limited,50,753.5,37675.0,2025-07-20T11:13:09.254122
2025-07-20,167185,2025072003002621,NFS,Citizens Share Broker Limited,Dynamic Money Managers Securities Pvt. Ltd.,86,753.5,64801.0,2025-07-20T11:13:14.083587
2025-07-20,167015,2025072003002636,NFS,Sweta Securities Private Limited,Malla & Malla Stock Broking Company Pvt. Limited,50,751.7,37585.0,2025-07-20T11:13:21.231654
2025-07-20,167014,2025072003002637,NFS,Sri Hari Securities Pvt. Ltd.,Malla & Malla Stock Broking Company Pvt. Limited,20,750.0,15000.0,2025-07-20T11:13:21.231759
2025-07-20,167013,2025072003002638,NFS,Deevyaa Securities & Stock House Pvt. Ltd,Malla & Malla Stock Broking Company Pvt. Limited,200,750.0,150000.0,2025-07-20T11:13:21.231811
2025-07-20,167012,2025072003002639,NFS,Vision Securities Pvt. Ltd,Malla & Malla Stock Broking Company Pvt. Limited,10,750.0,7500.0,2025-07-20T11:13:21.231853
2025-07-20,166980,2025072003002645,NFS,Aakashbhairab Securities Ltd.,Malla & Malla Stock Broking Company Pvt. Limited,10,750.0,7500.0,2025-07-20T11:13:24.765687
2025-07-20,166868,2025072003002670,NFS,Dynamic Money Managers Securities Pvt. Ltd.,Oxford Securities Pvt. Ltd.,36,740.0,26640.0,2025-07-20T11:13:34.534832
2025-07-20,166168,2025072003002846,NFS,Naasa Securities Co. Ltd.,Vision Securities Pvt. Ltd,44,746.0,32824.0,2025-07-20T11:14:30.536596
2025-07-20,165732,2025072003002940,NFS,Naasa Securities Co. Ltd.,Agrawal Securities (PVT) Ltd.,10,746.5,7465.0,2025-07-20T11:15:03.077536
2025-07-20,164731,2025072003003142,NFS,Kohinoor Investment & Securities Pvt. Ltd.,Oxford Securities Pvt. Ltd.,13,746.0,9698.0,2025-07-20T11:16:08.153319
2025-07-20,164226,2025072003003247,NFS,Kohinoor Investment & Securities Pvt. Ltd.,Investment Management Nepal Pvt. Ltd.,100,748.9,74890.0,2025-07-20T11:16:36.519485
2025-07-20,163889,2025072003003356,NFS,Online Securities Pvt. Ltd.,Malla & Malla Stock Broking Company Pvt. Limited,16,750.0,12000.0,2025-07-20T11:16:55.337473
2025-07-20,163888,2025072003003357,NFS,Online Securities Pvt. Ltd.,Siprabi Securities Pvt. Ltd.,100,750.0,75000.0,2025-07-20T11:16:55.3376
2025-07-20,163887,2025072003003358,NFS,Online Securities Pvt. Ltd.,Investment Management Nepal Pvt. Ltd.,100,750.0,75000.0,2025-07-20T11:16:55.337653
2025-07-20,163886,2025072003003359,NFS,Online Securities Pvt. Ltd.,Dipshikha Dhitopatra Karobar Co. Pvt Ltd.,84,750.0,63000.0,2025-07-20T11:16:55.3377
2025-07-20,163616,2025072003003404,NFS,J.F. Securites (PVT) Ltd.,Dipshikha Dhitopatra Karobar Co. Pvt Ltd.,15,750.0,11250.0,2025-07-20T11:17:14.163406
2025-07-20,163113,2025072003003502,NFS,J.F. Securites (PVT) Ltd.,Oxford Securities Pvt. Ltd.,13,750.0,9750.0,2025-07-20T11:17:43.056605
2025-07-20,162758,2025072003003596,NFS,Bhrikuti Stock Broking Co. Pvt. Ltd.,Vision Securities Pvt. Ltd,35,752.5,26337.5,2025-07-20T11:18:06.070337
2025-07-20,162348,2025072003003678,NFS,Aryatara Investment & Securities,Vision Securities Pvt. Ltd,10,752.5,7525.0,2025-07-20T11:18:28.069782
2025-07-20,162303,2025072003003687,NFS,Naasa Securities Co. Ltd.,Vision Securities Pvt. Ltd,45,752.5,33862.5,2025-07-20T11:18:31.477302
2025-07-20,161058,2025072003003974,NFS,Online Securities Pvt. Ltd.,Ashutosh Brokerage & Securities (PVT) Ltd.,15,754.0,11310.0,2025-07-20T11:20:00.612365
2025-07-20,160693,2025072003004034,NFS,Dipshikha Dhitopatra Karobar Co. Pvt Ltd.,Ashutosh Brokerage & Securities (PVT) Ltd.,19,754.0,14326.0,2025-07-20T11:20:28.933289
2025-07-20,160329,2025072003004113,NFS,Online Securities Pvt. Ltd.,Ashutosh Brokerage & Securities (PVT) Ltd.,96,754.0,72384.0,2025-07-20T11:20:50.429953
2025-07-20,160328,2025072003004114,NFS,Online Securities Pvt. Ltd.,Nepal Investment And Securities Trading Private Limited,30,754.0,22620.0,2025-07-20T11:20:50.430109
2025-07-20,160327,2025072003004115,NFS,Online Securities Pvt. Ltd.,Dipshikha Dhitopatra Karobar Co. Pvt Ltd.,47,754.0,35438.0,2025-07-20T11:20:50.430174
2025-07-20,160326,2025072003004116,NFS,Online Securities Pvt. Ltd.,Online Securities Pvt. Ltd.,30,756.0,22680.0,2025-07-20T11:20:50.430227
2025-07-20,160325,2025072003004117,NFS,Online Securities Pvt. Ltd.,Nepal Investment And Securities Trading Private Limited,400,756.9,302760.0,2025-07-20T11:20:50.430283
2025-07-20,160324,2025072003004118,NFS,Online Securities Pvt. Ltd.,Aryatara Investment & Securities,97,757.0,73429.0,2025-07-20T11:20:50.430336
2025-07-20,159221,2025072003004397,NFS,Naasa Securities Co. Ltd.,Aryatara Investment & Securities,50,757.0,37850.0,2025-07-20T11:22:00.910416
2025-07-20,158432,2025072003004574,NFS,Naasa Securities Co. Ltd.,Aryatara Investment & Securities,50,757.0,37850.0,2025-07-20T11:22:54.559266
2025-07-20,156918,2025072003004990,NFS,SHUBHAKAMANA SECURITIES PVT. LTD,Dipshikha Dhitopatra Karobar Co. Pvt Ltd.,900,755.1,679590.0,2025-07-20T11:24:32.774033
2025-07-20,156900,2025072003004998,NFS,Midas Stock Broking Company Private Limited,Dakshinkali Investment & Securities Pvt. Ltd.,10,759.9,7599.0,2025-07-20T11:24:34.557548
2025-07-20,156337,2025072003005114,NFS,Aryatara Investment & Securities,Linch Stock Market Ltd.,50,755.1,37755.0,2025-07-20T11:25:16.670262
2025-07-20,156161,2025072003005150,NFS,Aryatara Investment & Securities,Kumari Securities Private Limited,50,755.1,37755.0,2025-07-20T11:25:25.824347
2025-07-20,156160,2025072003005151,NFS,Naasa Securities Co. Ltd.,Kumari Securities Private Limited,20,755.0,15100.0,2025-07-20T11:25:25.824476
2025-07-20,155381,2025072003005325,NFS,Dipshikha Dhitopatra Karobar Co. Pvt Ltd.,Sweta Securities Private Limited,60,755.0,45300.0,2025-07-20T11:26:27.44543
2025-07-20,155334,2025072003005334,NFS,Naasa Securities Co. Ltd.,Sweta Securities Private Limited,150,755.0,113250.0,2025-07-20T11:26:30.834044
2025-07-20,155144,2025072003005368,NFS,Naasa Securities Co. Ltd.,Naasa Securities Co. Ltd.,450,755.0,339750.0,2025-07-20T11:26:42.025326
2025-07-20,155009,2025072003005396,NFS,Aryatara Investment & Securities,BHOLE GANESH SECURITIES LTD,50,753.0,37650.0,2025-07-20T11:26:55.777991
2025-07-20,155008,2025072003005397,NFS,Online Securities Pvt. Ltd.,BHOLE GANESH SECURITIES LTD,30,752.6,22578.0,2025-07-20T11:26:55.778247
2025-07-20,155007,2025072003005398,NFS,Vision Securities Pvt. Ltd,BHOLE GANESH SECURITIES LTD,20,752.6,15052.0,2025-07-20T11:26:55.778401
2025-07-20,155006,2025072003005399,NFS,Naasa Securities Co. Ltd.,BHOLE GANESH SECURITIES LTD,10,752.5,7525.0,2025-07-20T11:26:55.778553
2025-07-20,155005,2025072003005400,NFS,Sani Securities Company Ltd.,BHOLE GANESH SECURITIES LTD,150,751.0,112650.0,2025-07-20T11:26:55.778718
2025-07-20,155004,2025072003005401,NFS,J.F. Securites (PVT) Ltd.,BHOLE GANESH SECURITIES LTD,72,750.0,54000.0,2025-07-20T11:26:55.77888
2025-07-20,155003,2025072003005402,NFS,J.F. Securites (PVT) Ltd.,BHOLE GANESH SECURITIES LTD,10,750.0,7500.0,2025-07-20T11:26:55.779042
2025-07-20,155002,2025072003005403,NFS,Aryatara Investment & Securities,BHOLE GANESH SECURITIES LTD,400,750.0,300000.0,2025-07-20T11:26:55.779189
2025-07-20,154560,2025072003005500,NFS,Investment Management Nepal Pvt. Ltd.,BHOLE GANESH SECURITIES LTD,258,750.0,193500.0,2025-07-20T11:27:27.590002
2025-07-20,154021,2025072003005621,NFS,Sani Securities Company Ltd.,Dipshikha Dhitopatra Karobar Co. Pvt Ltd.,10,750.0,7500.0,2025-07-20T11:28:05.20299
2025-07-20,154020,2025072003005622,NFS,Imperial Securities Company Pvt. Ltd.,Dipshikha Dhitopatra Karobar Co. Pvt Ltd.,100,746.1,74610.0,2025-07-20T11:28:05.203105
2025-07-20,154019,2025072003005623,NFS,Naasa Securities Co. Ltd.,Dipshikha Dhitopatra Karobar Co. Pvt Ltd.,10,746.0,7460.0,2025-07-20T11:28:05.203198
2025-07-20,154018,2025072003005624,NFS,Investment Management Nepal Pvt. Ltd.,Dipshikha Dhitopatra Karobar Co. Pvt Ltd.,500,746.0,373000.0,2025-07-20T11:28:05.20329
2025-07-20,154017,2025072003005625,NFS,Aryatara Investment & Securities,Dipshikha Dhitopatra Karobar Co. Pvt Ltd.,100,746.0,74600.0,2025-07-20T11:28:05.203415
2025-07-20,154016,2025072003005626,NFS,Dynamic Money Managers Securities Pvt. Ltd.,Dipshikha Dhitopatra Karobar Co. Pvt Ltd.,280,745.7,208796.0,2025-07-20T11:28:05.203483
2025-07-20,153587,2025072003005768,NFS,Beni Securities Pvt.Ltd.,Primo Securities (PVT) Ltd.,10,754.3,7543.0,2025-07-20T11:28:34.886333
2025-07-20,153397,2025072003005813,NFS,Dynamic Money Managers Securities Pvt. Ltd.,Kumari Securities Private Limited,100,750.0,75000.0,2025-07-20T11:28:47.326096
2025-07-20,153357,2025072003005825,NFS,Vision Securities Pvt. Ltd,Kumari Securities Private Limited,100,750.0,75000.0,2025-07-20T11:28:50.010826
2025-07-20,153280,2025072003005849,NFS,Investment Management Nepal Pvt. Ltd.,Kumari Securities Private Limited,230,750.0,172500.0,2025-07-20T11:28:55.947886
2025-07-20,153155,2025072003005883,NFS,Beni Securities Pvt.Ltd.,Primo Securities (PVT) Ltd.,20,754.3,15086.0,2025-07-20T11:29:05.974897
2025-07-20,153154,2025072003005884,NFS,Beni Securities Pvt.Ltd.,Naasa Securities Co. Ltd.,50,755.0,37750.0,2025-07-20T11:29:05.974953
2025-07-20,153153,2025072003005885,NFS,Beni Securities Pvt.Ltd.,Dynamic Money Managers Securities Pvt. Ltd.,64,758.8,48563.2,2025-07-20T11:29:05.974994
2025-07-20,153152,2025072003005886,NFS,Beni Securities Pvt.Ltd.,Himalayan Brokerage Company Limited,166,758.9,125977.4,2025-07-20T11:29:05.975017
2025-07-20,152908,2025072003005950,NFS,Beni Securities Pvt.Ltd.,Himalayan Brokerage Company Limited,64,758.9,48569.6,2025-07-20T11:29:21.026198
2025-07-20,152907,2025072003005951,NFS,Beni Securities Pvt.Ltd.,Dakshinkali Investment & Securities Pvt. Ltd.,40,759.9,30396.0,2025-07-20T11:29:21.026242
2025-07-20,152906,2025072003005952,NFS,Beni Securities Pvt.Ltd.,Cristal Kanchanjanga Securites Pvt. Ltd.,10,760.0,7600.0,2025-07-20T11:29:21.026271
2025-07-20,151922,2025072003006208,NFS,Imperial Securities Company Pvt. Ltd.,Online Securities Pvt. Ltd.,10,760.0,7600.0,2025-07-20T11:30:36.478053
2025-07-20,150138,2025072003006633,NFS,J.F. Securites (PVT) Ltd.,Naasa Securities Co. Ltd.,116,759.0,88044.0,2025-07-20T11:32:46.641563
2025-07-20,150137,2025072003006634,NFS,J.F. Securites (PVT) Ltd.,Imperial Securities Company Pvt. Ltd.,10,759.0,7590.0,2025-07-20T11:32:46.641703
2025-07-20,150136,2025072003006635,NFS,J.F. Securites (PVT) Ltd.,Sumeru Securities Pvt. Ltd.,20,759.9,15198.0,2025-07-20T11:32:46.641761
2025-07-20,150135,2025072003006636,NFS,J.F. Securites (PVT) Ltd.,Online Securities Pvt. Ltd.,30,760.0,22800.0,2025-07-20T11:32:46.641817
2025-07-20,150134,2025072003006637,NFS,J.F. Securites (PVT) Ltd.,Dipshikha Dhitopatra Karobar Co. Pvt Ltd.,24,760.0,18240.0,2025-07-20T11:32:46.641874
2025-07-20,149145,2025072003006807,NFS,Linch Stock Market Ltd.,Nepal Stock House (PVT) Ltd.,100,755.0,75500.0,2025-07-20T11:34:02.411288
2025-07-20,148931,2025072003006878,NFS,Vision Securities Pvt. Ltd,Nepal Stock House (PVT) Ltd.,10,759.0,7590.0,2025-07-20T11:34:17.758115
2025-07-20,148561,2025072003006977,NFS,Capital Max Securities Ltd,Nepal Stock House (PVT) Ltd.,20,759.0,15180.0,2025-07-20T11:34:46.298929
2025-07-20,148101,2025072003007061,NFS,Sani Securities Company Ltd.,Nepal Stock House (PVT) Ltd.,10,759.0,7590.0,2025-07-20T11:35:16.597745
2025-07-20,147501,2025072003007215,NFS,Naasa Securities Co. Ltd.,Nepal Stock House (PVT) Ltd.,50,759.0,37950.0,2025-07-20T11:35:53.670884
2025-07-20,143307,2025072003008106,NFS,Indira securities pvt. ltd,Imperial Securities Company Pvt. Ltd.,15,754.5,11317.5,2025-07-20T11:41:13.673756
2025-07-20,142946,2025072003008187,NFS,Vision Securities Pvt. Ltd,Deevyaa Securities & Stock House Pvt. Ltd,100,757.0,75700.0,2025-07-20T11:41:37.451803
2025-07-20,142636,2025072003008282,NFS,Vision Securities Pvt. Ltd,Opal Securities Investment (PVT) Ltd.,90,757.0,68130.0,2025-07-20T11:42:00.762995
2025-07-20,141127,2025072003008633,NFS,Vision Securities Pvt. Ltd,Nepal Stock House (PVT) Ltd.,100,754.5,75450.0,2025-07-20T11:43:32.579795
2025-07-20,140315,2025072003008809,NFS,Vision Securities Pvt. Ltd,Naasa Securities Co. Ltd.,10,754.5,7545.0,2025-07-20T11:44:21.9294
2025-07-20,139005,2025072003009100,NFS,Siprabi Securities Pvt. Ltd.,Linch Stock Market Ltd.,168,755.0,126840.0,2025-07-20T11:45:48.380088
2025-07-20,138894,2025072003009124,NFS,Siprabi Securities Pvt. Ltd.,Naasa Securities Co. Ltd.,20,755.0,15100.0,2025-07-20T11:45:56.531872
2025-07-20,138846,2025072003009132,NFS,Siprabi Securities Pvt. Ltd.,Aryatara Investment & Securities,12,755.0,9060.0,2025-07-20T11:45:58.746534
2025-07-20,138713,2025072003009151,NFS,Primo Securities (PVT) Ltd.,Aryatara Investment & Securities,18,755.0,13590.0,2025-07-20T11:46:05.807267
2025-07-20,138438,2025072003009202,NFS,Midas Stock Broking Company Private Limited,J.F. Securites (PVT) Ltd.,233,758.0,176614.0,2025-07-20T11:46:22.090651
2025-07-20,137469,2025072003009419,NFS,Midas Stock Broking Company Private Limited,Aryatara Investment & Securities,17,758.0,12886.0,2025-07-20T11:47:26.23407
2025-07-20,137468,2025072003009420,NFS,Opal Securities Investment (PVT) Ltd.,Aryatara Investment & Securities,30,758.0,22740.0,2025-07-20T11:47:26.234264
2025-07-20,136978,2025072003009556,NFS,Primo Securities (PVT) Ltd.,South Asian Bulls Pvt. Ltd.,82,755.0,61910.0,2025-07-20T11:48:02.37098
2025-07-20,136977,2025072003009557,NFS,Online Securities Pvt. Ltd.,South Asian Bulls Pvt. Ltd.,50,755.0,37750.0,2025-07-20T11:48:02.371194
2025-07-20,136624,2025072003009657,NFS,Imperial Securities Company Pvt. Ltd.,Aryatara Investment & Securities,50,754.0,37700.0,2025-07-20T11:48:28.628773
2025-07-20,136400,2025072003009714,NFS,Online Securities Pvt. Ltd.,Kohinoor Investment & Securities Pvt. Ltd.,250,753.0,188250.0,2025-07-20T11:48:46.180979
2025-07-20,136399,2025072003009715,NFS,Pragyan Securities (PVT) Ltd.,Kohinoor Investment & Securities Pvt. Ltd.,27,753.0,20331.0,2025-07-20T11:48:46.181178
2025-07-20,136398,2025072003009716,NFS,Online Securities Pvt. Ltd.,Kohinoor Investment & Securities Pvt. Ltd.,100,752.0,75200.0,2025-07-20T11:48:46.181253
2025-07-20,136397,2025072003009717,NFS,Nepal Investment And Securities Trading Private Limited,Kohinoor Investment & Securities Pvt. Ltd.,100,752.0,75200.0,2025-07-20T11:48:46.181328
2025-07-20,136396,2025072003009718,NFS,Sewa Securities Pvt. Ltd.,Kohinoor Investment & Securities Pvt. Ltd.,200,752.0,150400.0,2025-07-20T11:48:46.181416
2025-07-20,136395,2025072003009719,NFS,Naasa Securities Co. Ltd.,Kohinoor Investment & Securities Pvt. Ltd.,100,751.1,75110.0,2025-07-20T11:48:46.181522
2025-07-20,136394,2025072003009720,NFS,Aakashbhairab Securities Ltd.,Kohinoor Investment & Securities Pvt. Ltd.,23,751.0,17273.0,2025-07-20T11:48:46.181618
2025-07-20,136225,2025072003009752,NFS,Sri Hari Securities Pvt. Ltd.,Aryatara Investment & Securities,40,753.0,30120.0,2025-07-20T11:49:00.391172
2025-07-20,135667,2025072003009877,NFS,Aakashbhairab Securities Ltd.,Aryatara Investment & Securities,63,751.0,47313.0,2025-07-20T11:49:37.886659
2025-07-20,135516,2025072003009901,NFS,Aakashbhairab Securities Ltd.,Capital Max Securities Ltd,14,751.0,10514.0,2025-07-20T11:49:44.428785
2025-07-20,135315,2025072003009944,NFS,Kalika Securities Pvt. Ltd.,Naasa Securities Co. Ltd.,15,753.0,11295.0,2025-07-20T11:49:57.230881
2025-07-20,135314,2025072003009945,NFS,Kalika Securities Pvt. Ltd.,Cristal Kanchanjanga Securites Pvt. Ltd.,10,753.9,7539.0,2025-07-20T11:49:57.231215
2025-07-20,135313,2025072003009946,NFS,Kalika Securities Pvt. Ltd.,Dipshikha Dhitopatra Karobar Co. Pvt Ltd.,100,757.0,75700.0,2025-07-20T11:49:57.231408
2025-07-20,135001,2025072003009991,NFS,Kalika Securities Pvt. Ltd.,Agrawal Securities (PVT) Ltd.,50,757.0,37850.0,2025-07-20T11:50:19.719289
2025-07-20,134950,2025072003009996,NFS,Kalika Securities Pvt. Ltd.,Naasa Securities Co. Ltd.,10,757.0,7570.0,2025-07-20T11:50:24.7825
2025-07-20,134853,2025072003010017,NFS,Kalika Securities Pvt. Ltd.,Sewa Securities Pvt. Ltd.,315,757.0,238455.0,2025-07-20T11:50:30.528143
2025-07-20,134117,2025072003010188,NFS,Naasa Securities Co. Ltd.,ABC Securities Private Limited,208,750.4,156083.2,2025-07-20T11:51:37.06088
2025-07-20,134116,2025072003010189,NFS,Kohinoor Investment & Securities Pvt. Ltd.,ABC Securities Private Limited,100,750.3,75030.0,2025-07-20T11:51:37.060928
2025-07-20,134115,2025072003010190,NFS,Vision Securities Pvt. Ltd,ABC Securities Private Limited,30,750.1,22503.0,2025-07-20T11:51:37.060954
2025-07-20,134114,2025072003010191,NFS,Aryatara Investment & Securities,ABC Securities Private Limited,100,750.1,75010.0,2025-07-20T11:51:37.060978
2025-07-20,134113,2025072003010192,NFS,J.F. Securites (PVT) Ltd.,ABC Securities Private Limited,62,750.0,46500.0,2025-07-20T11:51:37.061007
2025-07-20,132667,2025072003010527,NFS,Beni Securities Pvt.Ltd.,South Asian Bulls Pvt. Ltd.,20,756.9,15138.0,2025-07-20T11:53:44.827723
2025-07-20,132666,2025072003010528,NFS,Beni Securities Pvt.Ltd.,Sewa Securities Pvt. Ltd.,10,757.0,7570.0,2025-07-20T11:53:44.827861
2025-07-20,129940,2025072003011144,NFS,Sani Securities Company Ltd.,Naasa Securities Co. Ltd.,10,755.0,7550.0,2025-07-20T11:58:09.912788
2025-07-20,129467,2025072003011243,NFS,Beni Securities Pvt.Ltd.,Swarna Laxmi Securities Pvt. Ltd.,10,757.0,7570.0,2025-07-20T11:59:03.726955
2025-07-20,128632,2025072003011417,NFS,Premier Securities Company Ltd.,Online Securities Pvt. Ltd.,10,754.0,7540.0,2025-07-20T12:00:21.160949
2025-07-20,128516,2025072003011449,NFS,Premier Securities Company Ltd.,Creative Securities Pvt Ltd,30,754.0,22620.0,2025-07-20T12:00:30.140613
2025-07-20,127366,2025072003011689,NFS,Dipshikha Dhitopatra Karobar Co. Pvt Ltd.,SUN SECURITIES PVT LTD,19,754.0,14326.0,2025-07-20T12:02:29.555186
2025-07-20,127365,2025072003011690,NFS,Opal Securities Investment (PVT) Ltd.,SUN SECURITIES PVT LTD,300,754.0,226200.0,2025-07-20T12:02:29.555411
2025-07-20,127125,2025072003011750,NFS,Naasa Securities Co. Ltd.,Nepal Stock House (PVT) Ltd.,500,753.0,376500.0,2025-07-20T12:02:51.854602
2025-07-20,127053,2025072003011770,NFS,Online Securities Pvt. Ltd.,Nepal Stock House (PVT) Ltd.,10,753.0,7530.0,2025-07-20T12:02:59.743518
2025-07-20,127052,2025072003011771,NFS,Online Securities Pvt. Ltd.,SUN SECURITIES PVT LTD,40,754.0,30160.0,2025-07-20T12:02:59.743726
2025-07-20,126331,2025072003011978,NFS,Naasa Securities Co. Ltd.,SUN SECURITIES PVT LTD,133,754.0,100282.0,2025-07-20T12:04:12.726505
2025-07-20,126102,2025072003012011,NFS,Cristal Kanchanjanga Securites Pvt. Ltd.,Online Securities Pvt. Ltd.,71,754.0,53534.0,2025-07-20T12:04:37.166444
2025-07-20,125598,2025072003012144,NFS,Online Securities Pvt. Ltd.,Aryatara Investment & Securities,10,754.0,7540.0,2025-07-20T12:05:27.679178
2025-07-20,125139,2025072003012250,NFS,Online Securities Pvt. Ltd.,Naasa Securities Co. Ltd.,10,754.0,7540.0,2025-07-20T12:06:05.04254
2025-07-20,124262,2025072003012453,NFS,Cristal Kanchanjanga Securites Pvt. Ltd.,Vision Securities Pvt. Ltd,12,755.0,9060.0,2025-07-20T12:07:48.407574
2025-07-20,123889,2025072003012582,NFS,Cristal Kanchanjanga Securites Pvt. Ltd.,Aryatara Investment & Securities,10,755.0,7550.0,2025-07-20T12:08:24.578046
2025-07-20,123473,2025072003012695,NFS,Cristal Kanchanjanga Securites Pvt. Ltd.,Oxford Securities Pvt. Ltd.,100,755.0,75500.0,2025-07-20T12:09:16.883976
2025-07-20,123415,2025072003012704,NFS,Trishakti Securities Public Limited,Bhrikuti Stock Broking Co. Pvt. Ltd.,200,756.2,151240.0,2025-07-20T12:09:21.021363
2025-07-20,123414,2025072003012705,NFS,Trishakti Securities Public Limited,Swarna Laxmi Securities Pvt. Ltd.,300,757.0,227100.0,2025-07-20T12:09:21.021597
2025-07-20,123255,2025072003012744,NFS,Cristal Kanchanjanga Securites Pvt. Ltd.,Dakshinkali Investment & Securities Pvt. Ltd.,78,755.0,58890.0,2025-07-20T12:09:33.230196
2025-07-20,122912,2025072003012795,NFS,Deevyaa Securities & Stock House Pvt. Ltd,Dakshinkali Investment & Securities Pvt. Ltd.,10,755.0,7550.0,2025-07-20T12:10:06.081209
2025-07-20,122491,2025072003012890,NFS,Sani Securities Company Ltd.,Dakshinkali Investment & Securities Pvt. Ltd.,50,755.0,37750.0,2025-07-20T12:10:50.357836
2025-07-20,122205,2025072003012955,NFS,Online Securities Pvt. Ltd.,Dakshinkali Investment & Securities Pvt. Ltd.,10,755.0,7550.0,2025-07-20T12:11:27.502491
2025-07-20,122038,2025072003012988,NFS,Sani Securities Company Ltd.,Dakshinkali Investment & Securities Pvt. Ltd.,40,755.0,30200.0,2025-07-20T12:11:44.544271
2025-07-20,122002,2025072003012997,NFS,Online Securities Pvt. Ltd.,Dakshinkali Investment & Securities Pvt. Ltd.,100,755.0,75500.0,2025-07-20T12:11:49.860845
2025-07-20,121880,2025072003013015,NFS,Trisul Securities & Invt. Ltd.,Dakshinkali Investment & Securities Pvt. Ltd.,500,755.0,377500.0,2025-07-20T12:12:00.362861
2025-07-20,121832,2025072003013022,NFS,S.P.S.A. Securities Limited,Dakshinkali Investment & Securities Pvt. Ltd.,100,755.0,75500.0,2025-07-20T12:12:04.115357
2025-07-20,121026,2025072003013224,NFS,Imperial Securities Company Pvt. Ltd.,Dakshinkali Investment & Securities Pvt. Ltd.,50,755.0,37750.0,2025-07-20T12:13:34.121497
2025-07-20,120836,2025072003013267,NFS,Online Securities Pvt. Ltd.,Dakshinkali Investment & Securities Pvt. Ltd.,20,755.0,15100.0,2025-07-20T12:13:55.510122
2025-07-20,120758,2025072003013288,NFS,Beni Securities Pvt.Ltd.,Dakshinkali Investment & Securities Pvt. Ltd.,42,755.0,31710.0,2025-07-20T12:14:07.122627
2025-07-20,120757,2025072003013289,NFS,Beni Securities Pvt.Ltd.,Swarna Laxmi Securities Pvt. Ltd.,10,757.0,7570.0,2025-07-20T12:14:07.12267
2025-07-20,119959,2025072003013458,NFS,Sani Securities Company Ltd.,Sani Securities Company Ltd.,100,755.0,75500.0,2025-07-20T12:15:23.022095
2025-07-20,118394,2025072003013719,NFS,Online Securities Pvt. Ltd.,Pragyan Securities (PVT) Ltd.,20,754.0,15080.0,2025-07-20T12:17:49.666244
2025-07-20,118393,2025072003013720,NFS,Malla & Malla Stock Broking Company Pvt. Limited,Pragyan Securities (PVT) Ltd.,50,754.0,37700.0,2025-07-20T12:17:49.666509
2025-07-20,117453,2025072003013883,NFS,Kumari Securities Private Limited,Swarna Laxmi Securities Pvt. Ltd.,80,757.0,60560.0,2025-07-20T12:19:13.048006
2025-07-20,117452,2025072003013884,NFS,Kumari Securities Private Limited,Sumeru Securities Pvt. Ltd.,100,757.0,75700.0,2025-07-20T12:19:13.048276
2025-07-20,116669,2025072003013992,NFS,Beni Securities Pvt.Ltd.,Nepal Investment And Securities Trading Private Limited,10,758.9,7589.0,2025-07-20T12:20:12.05618
2025-07-20,116120,2025072003014094,NFS,Kumari Securities Private Limited,Pragyan Securities (PVT) Ltd.,20,757.0,15140.0,2025-07-20T12:20:54.515051
2025-07-20,116014,2025072003014127,NFS,Kumari Securities Private Limited,Online Securities Pvt. Ltd.,20,758.0,15160.0,2025-07-20T12:21:03.516067
2025-07-20,115576,2025072003014253,NFS,Kumari Securities Private Limited,ABC Securities Private Limited,10,755.0,7550.0,2025-07-20T12:21:47.682745
2025-07-20,115530,2025072003014264,NFS,Malla & Malla Stock Broking Company Pvt. Limited,ABC Securities Private Limited,20,755.0,15100.0,2025-07-20T12:21:53.024428
2025-07-20,115476,2025072003014275,NFS,Malla & Malla Stock Broking Company Pvt. Limited,Shree Krishna Securities Ltd.,30,755.0,22650.0,2025-07-20T12:21:59.773189
2025-07-20,115180,2025072003014334,NFS,J.F. Securites (PVT) Ltd.,Shree Krishna Securities Ltd.,50,755.0,37750.0,2025-07-20T12:22:27.123259
2025-07-20,114921,2025072003014413,NFS,Sani Securities Company Ltd.,Shree Krishna Securities Ltd.,20,755.0,15100.0,2025-07-20T12:22:50.397597
2025-07-20,114719,2025072003014474,NFS,Neev Securities Pvt. Ltd.,Naasa Securities Co. Ltd.,7,740.0,5180.0,2025-07-20T12:23:08.252288
2025-07-20,114365,2025072003014526,NFS,Neev Securities Pvt. Ltd.,Thrive Brokerage House Pvt. Ltd,2,740.0,1480.0,2025-07-20T12:23:41.52988
2025-07-20,113909,2025072003014610,NFS,Beni Securities Pvt.Ltd.,Linch Stock Market Ltd.,10,757.0,7570.0,2025-07-20T12:24:20.910227
2025-07-20,113568,2025072003014676,NFS,Kohinoor Investment & Securities Pvt. Ltd.,Linch Stock Market Ltd.,90,757.0,68130.0,2025-07-20T12:24:54.622898
2025-07-20,113567,2025072003014677,NFS,Kohinoor Investment & Securities Pvt. Ltd.,Online Securities Pvt. Ltd.,30,758.0,22740.0,2025-07-20T12:24:54.623172
2025-07-20,113566,2025072003014678,NFS,Kohinoor Investment & Securities Pvt. Ltd.,Nepal Investment And Securities Trading Private Limited,11,758.9,8347.9,2025-07-20T12:24:54.623266
2025-07-20,112479,2025072003014857,NFS,Kumari Securities Private Limited,Pragyan Securities (PVT) Ltd.,10,757.0,7570.0,2025-07-20T12:26:32.530642
2025-07-20,110675,2025072003015174,NFS,Sumeru Securities Pvt. Ltd.,Deevyaa Securities & Stock House Pvt. Ltd,50,757.0,37850.0,2025-07-20T12:28:52.876543
2025-07-20,110423,2025072003015219,NFS,Sumeru Securities Pvt. Ltd.,Dakshinkali Investment & Securities Pvt. Ltd.,100,757.0,75700.0,2025-07-20T12:29:17.934876
2025-07-20,109616,2025072003015395,NFS,Naasa Securities Co. Ltd.,Opal Securities Investment (PVT) Ltd.,50,756.0,37800.0,2025-07-20T12:30:38.207932
2025-07-20,109471,2025072003015437,NFS,Naasa Securities Co. Ltd.,Opal Securities Investment (PVT) Ltd.,10,756.0,7560.0,2025-07-20T12:30:55.662897
2025-07-20,109304,2025072003015479,NFS,Naasa Securities Co. Ltd.,Opal Securities Investment (PVT) Ltd.,20,756.0,15120.0,2025-07-20T12:31:10.999883
2025-07-20,108948,2025072003015577,NFS,Neev Securities Pvt. Ltd.,SUN SECURITIES PVT LTD,8,754.0,6032.0,2025-07-20T12:31:43.18173
2025-07-20,108704,2025072003015640,NFS,Neev Securities Pvt. Ltd.,KALASH STOCK MARKET PVT. LTD.,3,754.0,2262.0,2025-07-20T12:32:02.426703
2025-07-20,108552,2025072003015702,NFS,Neev Securities Pvt. Ltd.,Imperial Securities Company Pvt. Ltd.,1,754.0,754.0,2025-07-20T12:32:13.516405
2025-07-20,108012,2025072003015822,NFS,Naasa Securities Co. Ltd.,Dakshinkali Investment & Securities Pvt. Ltd.,100,757.0,75700.0,2025-07-20T12:32:58.275219
2025-07-20,108011,2025072003015823,NFS,Naasa Securities Co. Ltd.,Dipshikha Dhitopatra Karobar Co. Pvt Ltd.,300,757.0,227100.0,2025-07-20T12:32:58.275448
2025-07-20,108010,2025072003015824,NFS,Naasa Securities Co. Ltd.,Imperial Securities Company Pvt. Ltd.,89,757.0,67373.0,2025-07-20T12:32:58.275559
2025-07-20,107954,2025072003015833,NFS,J.F. Securites (PVT) Ltd.,Elite Stock House Limited,70,756.0,52920.0,2025-07-20T12:33:05.983349
2025-07-20,107262,2025072003015991,NFS,J.F. Securites (PVT) Ltd.,Himalayan Securities Limited,20,756.0,15120.0,2025-07-20T12:34:12.23727
2025-07-20,107261,2025072003015992,NFS,Sundhara Securities Limited,Imperial Securities Company Pvt. Ltd.,61,757.0,46177.0,2025-07-20T12:34:12.237664
2025-07-20,107260,2025072003015993,NFS,Sundhara Securities Limited,Vision Securities Pvt. Ltd,39,758.0,29562.0,2025-07-20T12:34:12.23778
2025-07-20,106089,2025072003016250,NFS,J.F. Securites (PVT) Ltd.,Pragyan Securities (PVT) Ltd.,10,756.0,7560.0,2025-07-20T12:36:06.414264
2025-07-20,106088,2025072003016251,NFS,S.P.S.A. Securities Limited,Pragyan Securities (PVT) Ltd.,100,756.0,75600.0,2025-07-20T12:36:06.414493
2025-07-20,105586,2025072003016356,NFS,Nepal Stock House (PVT) Ltd.,Pragyan Securities (PVT) Ltd.,50,755.0,37750.0,2025-07-20T12:36:55.090741
2025-07-20,105518,2025072003016366,NFS,Beni Securities Pvt.Ltd.,Vision Securities Pvt. Ltd,10,758.0,7580.0,2025-07-20T12:37:03.309721
2025-07-20,104408,2025072003016580,NFS,Online Securities Pvt. Ltd.,Market Securities & Exchange (PVT) Ltd.,40,758.0,30320.0,2025-07-20T12:38:55.533142
2025-07-20,104407,2025072003016581,NFS,Online Securities Pvt. Ltd.,Nepal Investment And Securities Trading Private Limited,79,758.0,59882.0,2025-07-20T12:38:55.533406
2025-07-20,104256,2025072003016614,NFS,Beni Securities Pvt.Ltd.,Aryatara Investment & Securities,10,759.0,7590.0,2025-07-20T12:39:12.646143
2025-07-20,104214,2025072003016623,NFS,Sani Securities Company Ltd.,Pragyan Securities (PVT) Ltd.,60,756.1,45366.0,2025-07-20T12:39:15.278513
2025-07-20,103880,2025072003016677,NFS,Trademow Securities Private Limited,Aryatara Investment & Securities,34,759.0,25806.0,2025-07-20T12:39:51.033534
2025-07-20,103879,2025072003016678,NFS,Trademow Securities Private Limited,Nepal Stock House (PVT) Ltd.,290,759.9,220371.0,2025-07-20T12:39:51.033681
2025-07-20,103878,2025072003016679,NFS,Trademow Securities Private Limited,Dipshikha Dhitopatra Karobar Co. Pvt Ltd.,77,760.0,58520.0,2025-07-20T12:39:51.033798
2025-07-20,103877,2025072003016680,NFS,Trademow Securities Private Limited,Cristal Kanchanjanga Securites Pvt. Ltd.,70,760.0,53200.0,2025-07-20T12:39:51.033901
2025-07-20,103876,2025072003016681,NFS,Trademow Securities Private Limited,Aryatara Investment & Securities,29,760.0,22040.0,2025-07-20T12:39:51.034
2025-07-20,103653,2025072003016729,NFS,Sani Securities Company Ltd.,Dipshikha Dhitopatra Karobar Co. Pvt Ltd.,10,756.2,7562.0,2025-07-20T12:40:16.855159
2025-07-20,103633,2025072003016740,NFS,Sani Securities Company Ltd.,Online Securities Pvt. Ltd.,125,756.2,94525.0,2025-07-20T12:40:17.947654
2025-07-20,103380,2025072003016806,NFS,Sani Securities Company Ltd.,South Asian Bulls Pvt. Ltd.,100,756.2,75620.0,2025-07-20T12:40:44.017657
2025-07-20,102932,2025072003016862,NFS,Online Securities Pvt. Ltd.,Sri Hari Securities Pvt. Ltd.,50,757.0,37850.0,2025-07-20T12:41:25.187436
2025-07-20,102915,2025072003016868,NFS,Sani Securities Company Ltd.,Oxford Securities Pvt. Ltd.,215,756.2,162583.0,2025-07-20T12:41:28.032114
2025-07-20,102914,2025072003016869,NFS,Oxford Securities Pvt. Ltd.,Oxford Securities Pvt. Ltd.,50,756.1,37805.0,2025-07-20T12:41:28.03269
2025-07-20,102913,2025072003016870,NFS,Agrawal Securities (PVT) Ltd.,Oxford Securities Pvt. Ltd.,35,756.0,26460.0,2025-07-20T12:41:28.032988
2025-07-20,101781,2025072003017155,NFS,Beni Securities Pvt.Ltd.,Aryatara Investment & Securities,10,760.0,7600.0,2025-07-20T12:43:22.337424
2025-07-20,101608,2025072003017207,NFS,Dipshikha Dhitopatra Karobar Co. Pvt Ltd.,Aryatara Investment & Securities,116,760.0,88160.0,2025-07-20T12:43:38.628353
2025-07-20,101607,2025072003017208,NFS,Dipshikha Dhitopatra Karobar Co. Pvt Ltd.,Capital Max Securities Ltd,20,760.0,15200.0,2025-07-20T12:43:38.628576
2025-07-20,101606,2025072003017209,NFS,Dipshikha Dhitopatra Karobar Co. Pvt Ltd.,Naasa Securities Co. Ltd.,40,760.0,30400.0,2025-07-20T12:43:38.628667
2025-07-20,101605,2025072003017210,NFS,Dipshikha Dhitopatra Karobar Co. Pvt Ltd.,J.F. Securites (PVT) Ltd.,100,760.0,76000.0,2025-07-20T12:43:38.628758
2025-07-20,101604,2025072003017211,NFS,Dipshikha Dhitopatra Karobar Co. Pvt Ltd.,ABC Securities Private Limited,10,760.0,7600.0,2025-07-20T12:43:38.628841
2025-07-20,101603,2025072003017212,NFS,Dipshikha Dhitopatra Karobar Co. Pvt Ltd.,Kohinoor Investment & Securities Pvt. Ltd.,270,760.0,205200.0,2025-07-20T12:43:38.628944
2025-07-20,101602,2025072003017213,NFS,Dipshikha Dhitopatra Karobar Co. Pvt Ltd.,Kalika Securities Pvt. Ltd.,28,760.0,21280.0,2025-07-20T12:43:38.629055
2025-07-20,101601,2025072003017214,NFS,Dipshikha Dhitopatra Karobar Co. Pvt Ltd.,Nepal Stock House (PVT) Ltd.,50,760.0,38000.0,2025-07-20T12:43:38.629137
2025-07-20,101600,2025072003017215,NFS,Dipshikha Dhitopatra Karobar Co. Pvt Ltd.,Imperial Securities Company Pvt. Ltd.,166,760.0,126160.0,2025-07-20T12:43:38.629217
2025-07-20,101189,2025072003017289,NFS,Beni Securities Pvt.Ltd.,Imperial Securities Company Pvt. Ltd.,89,760.0,67640.0,2025-07-20T12:44:15.48851
2025-07-20,101188,2025072003017290,NFS,Beni Securities Pvt.Ltd.,Trishakti Securities Public Limited,11,761.0,8371.0,2025-07-20T12:44:15.488557
2025-07-20,99048,2025072003017879,NFS,Neev Securities Pvt. Ltd.,Aryatara Investment & Securities,3,757.0,2271.0,2025-07-20T12:47:20.257532
2025-07-20,98752,2025072003017984,NFS,Shree Krishna Securities Ltd.,Cristal Kanchanjanga Securites Pvt. Ltd.,40,760.9,30436.0,2025-07-20T12:47:40.672716
2025-07-20,98751,2025072003017985,NFS,Shree Krishna Securities Ltd.,Trishakti Securities Public Limited,39,761.0,29679.0,2025-07-20T12:47:40.672938
2025-07-20,98750,2025072003017986,NFS,Shree Krishna Securities Ltd.,Vision Securities Pvt. Ltd,241,761.0,183401.0,2025-07-20T12:47:40.673118
2025-07-20,98716,2025072003018009,NFS,Neev Securities Pvt. Ltd.,Oxford Securities Pvt. Ltd.,1,757.0,757.0,2025-07-20T12:47:42.463889
2025-07-20,97989,2025072003018138,NFS,Investment Management Nepal Pvt. Ltd.,Vision Securities Pvt. Ltd,50,761.0,38050.0,2025-07-20T12:48:48.383444
2025-07-20,97118,2025072003018363,NFS,Naasa Securities Co. Ltd.,Imperial Securities Company Pvt. Ltd.,15,760.9,11413.5,2025-07-20T12:49:55.002207
2025-07-20,97070,2025072003018380,NFS,Neev Securities Pvt. Ltd.,Oxford Securities Pvt. Ltd.,2,757.0,1514.0,2025-07-20T12:50:01.466523
2025-07-20,96984,2025072003018401,NFS,Neev Securities Pvt. Ltd.,Oxford Securities Pvt. Ltd.,3,757.0,2271.0,2025-07-20T12:50:09.50875
2025-07-20,96379,2025072003018496,NFS,Agrawal Securities (PVT) Ltd.,Naasa Securities Co. Ltd.,12,756.0,9072.0,2025-07-20T12:50:50.210299
2025-07-20,96316,2025072003018512,NFS,Agrawal Securities (PVT) Ltd.,Nepal Stock House (PVT) Ltd.,20,756.0,15120.0,2025-07-20T12:50:53.485093
2025-07-20,95993,2025072003018545,NFS,Agrawal Securities (PVT) Ltd.,Aryatara Investment & Securities,20,756.0,15120.0,2025-07-20T12:51:17.293004
2025-07-20,95737,2025072003018632,NFS,Agrawal Securities (PVT) Ltd.,Kalika Securities Pvt. Ltd.,113,756.0,85428.0,2025-07-20T12:51:39.029499
2025-07-20,95736,2025072003018633,NFS,Online Securities Pvt. Ltd.,Kalika Securities Pvt. Ltd.,35,755.2,26432.0,2025-07-20T12:51:39.029742
2025-07-20,95735,2025072003018634,NFS,Online Securities Pvt. Ltd.,Kalika Securities Pvt. Ltd.,84,755.2,63436.8,2025-07-20T12:51:39.029827
2025-07-20,95733,2025072003018635,NFS,Arun Securities (PVT) Ltd.,Kalika Securities Pvt. Ltd.,100,755.1,75510.0,2025-07-20T12:51:39.029914
2025-07-20,95732,2025072003018636,NFS,Trisul Securities & Invt. Ltd.,Kalika Securities Pvt. Ltd.,100,755.0,75500.0,2025-07-20T12:51:39.030015
2025-07-20,95731,2025072003018637,NFS,Naasa Securities Co. Ltd.,Kalika Securities Pvt. Ltd.,68,755.0,51340.0,2025-07-20T12:51:39.030136
2025-07-20,95050,2025072003018777,NFS,Naasa Securities Co. Ltd.,Kohinoor Investment & Securities Pvt. Ltd.,20,755.0,15100.0,2025-07-20T12:52:49.096488
2025-07-20,94945,2025072003018803,NFS,Beni Securities Pvt.Ltd.,Dynamic Money Managers Securities Pvt. Ltd.,10,760.0,7600.0,2025-07-20T12:52:57.877697
2025-07-20,93282,2025072003019127,NFS,Secured Securities Ltd.,Kalika Securities Pvt. Ltd.,50,755.1,37755.0,2025-07-20T12:55:14.366101
2025-07-20,93281,2025072003019128,NFS,Secured Securities Ltd.,Kalika Securities Pvt. Ltd.,20,755.1,15102.0,2025-07-20T12:55:14.366316
2025-07-20,93280,2025072003019129,NFS,Naasa Securities Co. Ltd.,Kalika Securities Pvt. Ltd.,112,755.0,84560.0,2025-07-20T12:55:14.366408
2025-07-20,93279,2025072003019130,NFS,Market Securities & Exchange (PVT) Ltd.,Kalika Securities Pvt. Ltd.,24,755.0,18120.0,2025-07-20T12:55:14.366497
2025-07-20,93278,2025072003019131,NFS,Premier Securities Company Ltd.,Kalika Securities Pvt. Ltd.,10,754.0,7540.0,2025-07-20T12:55:14.366585
2025-07-20,93277,2025072003019132,NFS,Malla & Malla Stock Broking Company Pvt. Limited,Kalika Securities Pvt. Ltd.,50,754.0,37700.0,2025-07-20T12:55:14.366672
2025-07-20,93276,2025072003019133,NFS,Vision Securities Pvt. Ltd,Kalika Securities Pvt. Ltd.,35,754.0,26390.0,2025-07-20T12:55:14.366756
2025-07-20,93275,2025072003019134,NFS,Aryatara Investment & Securities,Kalika Securities Pvt. Ltd.,50,752.7,37635.0,2025-07-20T12:55:14.366841
2025-07-20,93274,2025072003019135,NFS,Aryatara Investment & Securities,Kalika Securities Pvt. Ltd.,49,752.6,36877.4,2025-07-20T12:55:14.366928
2025-07-20,92813,2025072003019232,NFS,Aryatara Investment & Securities,Naasa Securities Co. Ltd.,51,752.6,38382.6,2025-07-20T12:55:50.817628
2025-07-20,92812,2025072003019233,NFS,Kohinoor Investment & Securities Pvt. Ltd.,Naasa Securities Co. Ltd.,459,752.5,345397.5,2025-07-20T12:55:50.818107
2025-07-20,92521,2025072003019307,NFS,Beni Securities Pvt.Ltd.,Dynamic Money Managers Securities Pvt. Ltd.,10,760.0,7600.0,2025-07-20T12:56:10.375734
2025-07-20,88461,2025072003020342,NFS,Vision Securities Pvt. Ltd,Sri Hari Securities Pvt. Ltd.,100,755.0,75500.0,2025-07-20T13:01:51.486859
2025-07-20,86777,2025072003020661,NFS,Sani Securities Company Ltd.,Imperial Securities Company Pvt. Ltd.,40,755.2,30208.0,2025-07-20T13:04:18.967947
2025-07-20,86761,2025072003020665,NFS,INDEX SECURITIES LIMITED,Imperial Securities Company Pvt. Ltd.,10,759.8,7598.0,2025-07-20T13:04:20.494782
2025-07-20,86606,2025072003020704,NFS,Sipla Securities Private Limited,Imperial Securities Company Pvt. Ltd.,10,759.8,7598.0,2025-07-20T13:04:35.645135
2025-07-20,86230,2025072003020813,NFS,Midas Stock Broking Company Private Limited,Siprabi Securities Pvt. Ltd.,50,758.0,37900.0,2025-07-20T13:05:13.13145
2025-07-20,85706,2025072003020930,NFS,Sani Securities Company Ltd.,Imperial Securities Company Pvt. Ltd.,30,759.8,22794.0,2025-07-20T13:05:56.854916
2025-07-20,85705,2025072003020931,NFS,Sani Securities Company Ltd.,Dakshinkali Investment & Securities Pvt. Ltd.,100,760.0,76000.0,2025-07-20T13:05:56.855177
2025-07-20,85704,2025072003020932,NFS,Sani Securities Company Ltd.,Midas Stock Broking Company Private Limited,120,760.0,91200.0,2025-07-20T13:05:56.855274
2025-07-20,85592,2025072003020956,NFS,Midas Stock Broking Company Private Limited,Vision Securities Pvt. Ltd,60,758.0,45480.0,2025-07-20T13:06:09.235632
2025-07-20,85406,2025072003021010,NFS,Beni Securities Pvt.Ltd.,Midas Stock Broking Company Private Limited,10,760.0,7600.0,2025-07-20T13:06:29.081729
2025-07-20,84716,2025072003021149,NFS,Linch Stock Market Ltd.,Sani Securities Company Ltd.,40,756.0,30240.0,2025-07-20T13:07:29.510221
2025-07-20,84651,2025072003021163,NFS,Linch Stock Market Ltd.,Dipshikha Dhitopatra Karobar Co. Pvt Ltd.,50,756.0,37800.0,2025-07-20T13:07:36.140846
2025-07-20,83605,2025072003021351,NFS,INDEX SECURITIES LIMITED,Dynamic Money Managers Securities Pvt. Ltd.,10,758.0,7580.0,2025-07-20T13:09:10.409493
2025-07-20,83516,2025072003021370,NFS,Linch Stock Market Ltd.,Vision Securities Pvt. Ltd,40,756.0,30240.0,2025-07-20T13:09:17.555731
2025-07-20,82085,2025072003021696,NFS,Beni Securities Pvt.Ltd.,Imperial Securities Company Pvt. Ltd.,10,757.9,7579.0,2025-07-20T13:11:25.875458
2025-07-20,81191,2025072003021867,NFS,Linch Stock Market Ltd.,Swarna Laxmi Securities Pvt. Ltd.,100,757.5,75750.0,2025-07-20T13:12:51.488876
2025-07-20,81132,2025072003021887,NFS,Linch Stock Market Ltd.,Asian Securities Private Ltd.,150,757.5,113625.0,2025-07-20T13:12:55.468445
2025-07-20,80924,2025072003021939,NFS,Imperial Securities Company Pvt. Ltd.,Swarna Laxmi Securities Pvt. Ltd.,20,757.0,15140.0,2025-07-20T13:13:14.615793
2025-07-20,80402,2025072003022093,NFS,Linch Stock Market Ltd.,South Asian Bulls Pvt. Ltd.,70,756.0,52920.0,2025-07-20T13:13:55.055223
2025-07-20,79878,2025072003022233,NFS,INDEX SECURITIES LIMITED,Asian Securities Private Ltd.,10,757.5,7575.0,2025-07-20T13:14:29.481141
2025-07-20,79726,2025072003022278,NFS,Sani Securities Company Ltd.,South Asian Bulls Pvt. Ltd.,21,755.2,15859.2,2025-07-20T13:14:39.880553
2025-07-20,79664,2025072003022287,NFS,Premier Securities Company Ltd.,Asian Securities Private Ltd.,40,757.5,30300.0,2025-07-20T13:14:44.472944
2025-07-20,79663,2025072003022288,NFS,Premier Securities Company Ltd.,Sri Hari Securities Pvt. Ltd.,10,757.8,7578.0,2025-07-20T13:14:44.47343
2025-07-20,79662,2025072003022289,NFS,Premier Securities Company Ltd.,Imperial Securities Company Pvt. Ltd.,40,757.9,30316.0,2025-07-20T13:14:44.473727
2025-07-20,79661,2025072003022290,NFS,Premier Securities Company Ltd.,Dynamic Money Managers Securities Pvt. Ltd.,290,758.0,219820.0,2025-07-20T13:14:44.474001
2025-07-20,79660,2025072003022291,NFS,Premier Securities Company Ltd.,Midas Stock Broking Company Private Limited,120,760.0,91200.0,2025-07-20T13:14:44.474288
2025-07-20,79062,2025072003022453,NFS,Naasa Securities Co. Ltd.,South Asian Bulls Pvt. Ltd.,42,755.1,31714.2,2025-07-20T13:15:34.935329
2025-07-20,78352,2025072003022637,NFS,Beni Securities Pvt.Ltd.,Opal Securities Investment (PVT) Ltd.,10,757.0,7570.0,2025-07-20T13:16:37.77172
2025-07-20,78351,2025072003022638,NFS,Beni Securities Pvt.Ltd.,Market Securities & Exchange (PVT) Ltd.,10,759.0,7590.0,2025-07-20T13:16:37.771769
2025-07-20,77110,2025072003022953,NFS,Secured Securities Ltd.,Market Securities & Exchange (PVT) Ltd.,90,759.0,68310.0,2025-07-20T13:18:34.553616
2025-07-20,76881,2025072003023021,NFS,Secured Securities Ltd.,Aryatara Investment & Securities,45,759.0,34155.0,2025-07-20T13:18:54.860156
2025-07-20,76700,2025072003023062,NFS,Secured Securities Ltd.,Capital Max Securities Ltd,60,759.0,45540.0,2025-07-20T13:19:11.546957
2025-07-20,76495,2025072003023124,NFS,Kumari Securities Private Limited,ABC Securities Private Limited,100,755.2,75520.0,2025-07-20T13:19:32.552397
2025-07-20,76494,2025072003023125,NFS,Sweta Securities Private Limited,ABC Securities Private Limited,65,755.2,49088.0,2025-07-20T13:19:32.552609
2025-07-20,76493,2025072003023126,NFS,Naasa Securities Co. Ltd.,ABC Securities Private Limited,50,755.1,37755.0,2025-07-20T13:19:32.552708
2025-07-20,76492,2025072003023127,NFS,Vision Securities Pvt. Ltd,ABC Securities Private Limited,285,755.0,215175.0,2025-07-20T13:19:32.552804
2025-07-20,76023,2025072003023255,NFS,Linch Stock Market Ltd.,Naasa Securities Co. Ltd.,150,758.0,113700.0,2025-07-20T13:20:17.450363
2025-07-20,75078,2025072003023429,NFS,Vision Securities Pvt. Ltd,Nepal Investment And Securities Trading Private Limited,100,755.0,75500.0,2025-07-20T13:21:42.806366
2025-07-20,74687,2025072003023550,NFS,Vision Securities Pvt. Ltd,Naasa Securities Co. Ltd.,15,755.0,11325.0,2025-07-20T13:22:21.425697
2025-07-20,74686,2025072003023551,NFS,Aryatara Investment & Securities,Naasa Securities Co. Ltd.,35,755.0,26425.0,2025-07-20T13:22:21.425966
2025-07-20,74435,2025072003023630,NFS,Naasa Securities Co. Ltd.,Agrawal Securities (PVT) Ltd.,20,755.1,15102.0,2025-07-20T13:22:48.768277
2025-07-20,74434,2025072003023631,NFS,Aryatara Investment & Securities,Agrawal Securities (PVT) Ltd.,225,755.0,169875.0,2025-07-20T13:22:48.768496
2025-07-20,74433,2025072003023632,NFS,Aryatara Investment & Securities,Agrawal Securities (PVT) Ltd.,40,755.0,30200.0,2025-07-20T13:22:48.768592
2025-07-20,74432,2025072003023633,NFS,Sipla Securities Private Limited,Agrawal Securities (PVT) Ltd.,10,755.0,7550.0,2025-07-20T13:22:48.768704
2025-07-20,74431,2025072003023634,NFS,Arun Securities (PVT) Ltd.,Agrawal Securities (PVT) Ltd.,100,755.0,75500.0,2025-07-20T13:22:48.768819
2025-07-20,73314,2025072003023886,NFS,Vision Securities Pvt. Ltd,Linch Stock Market Ltd.,10,753.1,7531.0,2025-07-20T13:24:59.65823
2025-07-20,73313,2025072003023887,NFS,Investment Management Nepal Pvt. Ltd.,Linch Stock Market Ltd.,25,753.0,18825.0,2025-07-20T13:24:59.6588
2025-07-20,73312,2025072003023888,NFS,Naasa Securities Co. Ltd.,Linch Stock Market Ltd.,30,753.0,22590.0,2025-07-20T13:24:59.659303
2025-07-20,73311,2025072003023889,NFS,Naasa Securities Co. Ltd.,Linch Stock Market Ltd.,50,753.0,37650.0,2025-07-20T13:24:59.65969
2025-07-20,73310,2025072003023890,NFS,Kohinoor Investment & Securities Pvt. Ltd.,Linch Stock Market Ltd.,129,752.5,97072.5,2025-07-20T13:24:59.66019
2025-07-20,72207,2025072003024120,NFS,INDEX SECURITIES LIMITED,Sani Securities Company Ltd.,80,753.0,60240.0,2025-07-20T13:26:51.782249
2025-07-20,72087,2025072003024136,NFS,INDEX SECURITIES LIMITED,Vision Securities Pvt. Ltd,20,753.0,15060.0,2025-07-20T13:27:00.924839
2025-07-20,72086,2025072003024137,NFS,Naasa Securities Co. Ltd.,Vision Securities Pvt. Ltd,50,752.6,37630.0,2025-07-20T13:27:00.925386
2025-07-20,72085,2025072003024138,NFS,Kohinoor Investment & Securities Pvt. Ltd.,Vision Securities Pvt. Ltd,12,752.5,9030.0,2025-07-20T13:27:00.925846
2025-07-20,72084,2025072003024139,NFS,Naasa Securities Co. Ltd.,Vision Securities Pvt. Ltd,200,752.5,150500.0,2025-07-20T13:27:00.926272
2025-07-20,72083,2025072003024140,NFS,Global IME Securities Limited,Vision Securities Pvt. Ltd,660,752.5,496650.0,2025-07-20T13:27:00.926697
2025-07-20,72082,2025072003024141,NFS,Trishakti Securities Public Limited,Vision Securities Pvt. Ltd,58,752.2,43627.6,2025-07-20T13:27:00.927117
2025-07-20,71714,2025072003024220,NFS,Trishakti Securities Public Limited,Ashutosh Brokerage & Securities (PVT) Ltd.,142,752.2,106812.4,2025-07-20T13:27:46.82512
2025-07-20,71713,2025072003024221,NFS,Investment Management Nepal Pvt. Ltd.,Ashutosh Brokerage & Securities (PVT) Ltd.,30,752.0,22560.0,2025-07-20T13:27:46.825583
2025-07-20,71712,2025072003024222,NFS,Creative Securities Pvt Ltd,Ashutosh Brokerage & Securities (PVT) Ltd.,133,752.0,100016.0,2025-07-20T13:27:46.825876
2025-07-20,70792,2025072003024454,NFS,Sumeru Securities Pvt. Ltd.,Capital Max Securities Ltd,10,752.2,7522.0,2025-07-20T13:29:24.908584
2025-07-20,70787,2025072003024455,NFS,S.P.S.A. Securities Limited,Capital Max Securities Ltd,20,752.2,15044.0,2025-07-20T13:29:25.835422
2025-07-20,70651,2025072003024470,NFS,S.P.S.A. Securities Limited,Trisul Securities & Invt. Ltd.,30,752.3,22569.0,2025-07-20T13:29:38.679235
2025-07-20,70650,2025072003024471,NFS,Creative Securities Pvt Ltd,Trisul Securities & Invt. Ltd.,67,752.0,50384.0,2025-07-20T13:29:38.679289
2025-07-20,70649,2025072003024472,NFS,Naasa Securities Co. Ltd.,Trisul Securities & Invt. Ltd.,10,752.0,7520.0,2025-07-20T13:29:38.679329
2025-07-20,70648,2025072003024473,NFS,Cristal Kanchanjanga Securites Pvt. Ltd.,Trisul Securities & Invt. Ltd.,350,751.0,262850.0,2025-07-20T13:29:38.679366
2025-07-20,70647,2025072003024474,NFS,Aakashbhairab Securities Ltd.,Trisul Securities & Invt. Ltd.,200,751.0,150200.0,2025-07-20T13:29:38.679394
2025-07-20,70646,2025072003024475,NFS,J.F. Securites (PVT) Ltd.,Trisul Securities & Invt. Ltd.,38,750.0,28500.0,2025-07-20T13:29:38.679422
2025-07-20,70645,2025072003024476,NFS,Agrawal Securities (PVT) Ltd.,Trisul Securities & Invt. Ltd.,60,750.0,45000.0,2025-07-20T13:29:38.67945
2025-07-20,70644,2025072003024477,NFS,Sani Securities Company Ltd.,Trisul Securities & Invt. Ltd.,10,750.0,7500.0,2025-07-20T13:29:38.679478
2025-07-20,70643,2025072003024478,NFS,ABC Securities Private Limited,Trisul Securities & Invt. Ltd.,50,750.0,37500.0,2025-07-20T13:29:38.679504
2025-07-20,70642,2025072003024479,NFS,Ashutosh Brokerage & Securities (PVT) Ltd.,Trisul Securities & Invt. Ltd.,133,750.0,99750.0,2025-07-20T13:29:38.679527
2025-07-20,70641,2025072003024480,NFS,Vision Securities Pvt. Ltd,Trisul Securities & Invt. Ltd.,10,750.0,7500.0,2025-07-20T13:29:38.679554
2025-07-20,70640,2025072003024481,NFS,J.F. Securites (PVT) Ltd.,Trisul Securities & Invt. Ltd.,200,750.0,150000.0,2025-07-20T13:29:38.679577
2025-07-20,70639,2025072003024482,NFS,J.F. Securites (PVT) Ltd.,Trisul Securities & Invt. Ltd.,100,750.0,75000.0,2025-07-20T13:29:38.679604
2025-07-20,70638,2025072003024483,NFS,Malla & Malla Stock Broking Company Pvt. Limited,Trisul Securities & Invt. Ltd.,50,750.0,37500.0,2025-07-20T13:29:38.679629
2025-07-20,70637,2025072003024484,NFS,Sani Securities Company Ltd.,Trisul Securities & Invt. Ltd.,50,750.0,37500.0,2025-07-20T13:29:38.679655
2025-07-20,70636,2025072003024485,NFS,Neev Securities Pvt. Ltd.,Trisul Securities & Invt. Ltd.,200,750.0,150000.0,2025-07-20T13:29:38.679685
2025-07-20,70635,2025072003024486,NFS,Sundhara Securities Limited,Trisul Securities & Invt. Ltd.,200,750.0,150000.0,2025-07-20T13:29:38.679712
2025-07-20,70634,2025072003024487,NFS,Aryatara Investment & Securities,Trisul Securities & Invt. Ltd.,50,750.0,37500.0,2025-07-20T13:29:38.679747
2025-07-20,70633,2025072003024488,NFS,Sipla Securities Private Limited,Trisul Securities & Invt. Ltd.,10,750.0,7500.0,2025-07-20T13:29:38.679773
2025-07-20,70632,2025072003024489,NFS,Naasa Securities Co. Ltd.,Trisul Securities & Invt. Ltd.,291,750.0,218250.0,2025-07-20T13:29:38.679796
2025-07-20,70484,2025072003024524,NFS,Sani Securities Company Ltd.,Deevyaa Securities & Stock House Pvt. Ltd,1,739.0,739.0,2025-07-20T13:29:53.203399
2025-07-20,69989,2025072003024615,NFS,Naasa Securities Co. Ltd.,Premier Securities Company Ltd.,709,750.0,531750.0,2025-07-20T13:30:48.336391
2025-07-20,69988,2025072003024616,NFS,Naasa Securities Co. Ltd.,Premier Securities Company Ltd.,50,750.0,37500.0,2025-07-20T13:30:48.336631
2025-07-20,69987,2025072003024617,NFS,Neev Securities Pvt. Ltd.,Premier Securities Company Ltd.,100,750.0,75000.0,2025-07-20T13:30:48.336729
2025-07-20,69986,2025072003024618,NFS,Sani Securities Company Ltd.,Premier Securities Company Ltd.,100,750.0,75000.0,2025-07-20T13:30:48.336814
2025-07-20,69461,2025072003024697,NFS,Naasa Securities Co. Ltd.,Premier Securities Company Ltd.,20,750.0,15000.0,2025-07-20T13:31:54.060963
2025-07-20,69460,2025072003024698,NFS,Vision Securities Pvt. Ltd,Premier Securities Company Ltd.,30,750.0,22500.0,2025-07-20T13:31:54.061443
2025-07-20,68762,2025072003024829,NFS,S.P.S.A. Securities Limited,Premier Securities Company Ltd.,50,750.0,37500.0,2025-07-20T13:33:19.30248
2025-07-20,67668,2025072003025147,NFS,INDEX SECURITIES LIMITED,Aryatara Investment & Securities,11,754.9,8303.9,2025-07-20T13:35:38.950403
2025-07-20,66989,2025072003025324,NFS,Thrive Brokerage House Pvt. Ltd,Agrawal Securities (PVT) Ltd.,140,755.0,105700.0,2025-07-20T13:37:21.22813
2025-07-20,66507,2025072003025419,NFS,Naasa Securities Co. Ltd.,Imperial Securities Company Pvt. Ltd.,20,755.0,15100.0,2025-07-20T13:38:32.464923
2025-07-20,66285,2025072003025480,NFS,Online Securities Pvt. Ltd.,Bhrikuti Stock Broking Co. Pvt. Ltd.,30,754.5,22635.0,2025-07-20T13:39:01.616435
2025-07-20,62542,2025072003026530,NFS,Naasa Securities Co. Ltd.,Aryatara Investment & Securities,10,751.0,7510.0,2025-07-20T13:46:29.644127
2025-07-20,62541,2025072003026531,NFS,Naasa Securities Co. Ltd.,Aryatara Investment & Securities,10,751.0,7510.0,2025-07-20T13:46:29.6444
2025-07-20,62540,2025072003026532,NFS,Property Wiard Limited,Aryatara Investment & Securities,200,750.2,150040.0,2025-07-20T13:46:29.644505
2025-07-20,62539,2025072003026533,NFS,Kalika Securities Pvt. Ltd.,Aryatara Investment & Securities,180,750.1,135018.0,2025-07-20T13:46:29.64463
2025-07-20,61755,2025072003026756,NFS,Kohinoor Investment & Securities Pvt. Ltd.,Premier Securities Company Ltd.,90,750.2,67518.0,2025-07-20T13:48:08.702284
2025-07-20,61754,2025072003026757,NFS,Kalika Securities Pvt. Ltd.,Premier Securities Company Ltd.,38,750.1,28503.8,2025-07-20T13:48:08.702763
2025-07-20,61753,2025072003026758,NFS,Imperial Securities Company Pvt. Ltd.,Premier Securities Company Ltd.,472,750.0,354000.0,2025-07-20T13:48:08.703088
2025-07-20,61674,2025072003026823,NFS,Imperial Securities Company Pvt. Ltd.,Aryatara Investment & Securities,28,750.0,21000.0,2025-07-20T13:48:12.864655
2025-07-20,61414,2025072003026906,NFS,Sewa Securities Pvt. Ltd.,Premier Securities Company Ltd.,100,749.2,74920.0,2025-07-20T13:48:38.276962
2025-07-20,61413,2025072003026907,NFS,Imperial Securities Company Pvt. Ltd.,Premier Securities Company Ltd.,441,749.0,330309.0,2025-07-20T13:48:38.277
2025-07-20,61402,2025072003026908,NFS,Aryatara Investment & Securities,Aryatara Investment & Securities,72,750.0,54000.0,2025-07-20T13:48:39.283082
2025-07-20,61258,2025072003026956,NFS,Kalika Securities Pvt. Ltd.,Kohinoor Investment & Securities Pvt. Ltd.,300,750.5,225150.0,2025-07-20T13:48:58.907585
2025-07-20,61121,2025072003026984,NFS,Vision Securities Pvt. Ltd,Naasa Securities Co. Ltd.,10,751.0,7510.0,2025-07-20T13:49:15.351228
2025-07-20,61078,2025072003027000,NFS,Vision Securities Pvt. Ltd,Oxford Securities Pvt. Ltd.,190,751.0,142690.0,2025-07-20T13:49:20.187816
2025-07-20,61029,2025072003027014,NFS,Aryatara Investment & Securities,Naasa Securities Co. Ltd.,28,752.0,21056.0,2025-07-20T13:49:27.079623
2025-07-20,59933,2025072003027234,NFS,Creative Securities Pvt Ltd,Naasa Securities Co. Ltd.,32,750.7,24022.4,2025-07-20T13:51:36.555965
2025-07-20,59209,2025072003027370,NFS,Aryatara Investment & Securities,Aryatara Investment & Securities,100,750.6,75060.0,2025-07-20T13:52:44.789797
2025-07-20,58837,2025072003027420,NFS,Kalika Securities Pvt. Ltd.,Naasa Securities Co. Ltd.,32,750.5,24016.0,2025-07-20T13:53:23.676254
2025-07-20,58810,2025072003027428,NFS,Beni Securities Pvt.Ltd.,Naasa Securities Co. Ltd.,33,750.7,24773.1,2025-07-20T13:53:27.665977
2025-07-20,58809,2025072003027429,NFS,Beni Securities Pvt.Ltd.,Kohinoor Investment & Securities Pvt. Ltd.,200,750.7,150140.0,2025-07-20T13:53:27.666098
2025-07-20,58808,2025072003027430,NFS,Beni Securities Pvt.Ltd.,Trishakti Securities Public Limited,100,752.0,75200.0,2025-07-20T13:53:27.666179
2025-07-20,58807,2025072003027431,NFS,Beni Securities Pvt.Ltd.,Aryatara Investment & Securities,200,753.0,150600.0,2025-07-20T13:53:27.666258
2025-07-20,58806,2025072003027432,NFS,Beni Securities Pvt.Ltd.,Shree Krishna Securities Ltd.,100,754.0,75400.0,2025-07-20T13:53:27.666388
2025-07-20,58805,2025072003027433,NFS,Beni Securities Pvt.Ltd.,ABC Securities Private Limited,28,754.3,21120.4,2025-07-20T13:53:27.666505
2025-07-20,58804,2025072003027434,NFS,Beni Securities Pvt.Ltd.,Dipshikha Dhitopatra Karobar Co. Pvt Ltd.,10,754.4,7544.0,2025-07-20T13:53:27.666579
2025-07-20,58803,2025072003027435,NFS,Beni Securities Pvt.Ltd.,Dipshikha Dhitopatra Karobar Co. Pvt Ltd.,10,754.4,7544.0,2025-07-20T13:53:27.666656
2025-07-20,58802,2025072003027436,NFS,Beni Securities Pvt.Ltd.,Bhrikuti Stock Broking Co. Pvt. Ltd.,19,754.5,14335.5,2025-07-20T13:53:27.666758
2025-07-20,58801,2025072003027437,NFS,Beni Securities Pvt.Ltd.,Imperial Securities Company Pvt. Ltd.,10,755.0,7550.0,2025-07-20T13:53:27.666839
2025-07-20,58800,2025072003027438,NFS,Beni Securities Pvt.Ltd.,Imperial Securities Company Pvt. Ltd.,50,755.0,37750.0,2025-07-20T13:53:27.666894
2025-07-20,58799,2025072003027439,NFS,Beni Securities Pvt.Ltd.,Naasa Securities Co. Ltd.,100,755.0,75500.0,2025-07-20T13:53:27.666971
2025-07-20,58798,2025072003027440,NFS,Beni Securities Pvt.Ltd.,Sumeru Securities Pvt. Ltd.,94,755.0,70970.0,2025-07-20T13:53:27.667045
2025-07-20,58797,2025072003027441,NFS,Beni Securities Pvt.Ltd.,Naasa Securities Co. Ltd.,46,755.0,34730.0,2025-07-20T13:53:27.667112
2025-07-20,55511,2025072003028155,NFS,Beni Securities Pvt.Ltd.,Vision Securities Pvt. Ltd,100,754.0,75400.0,2025-07-20T13:59:19.666234
2025-07-20,55510,2025072003028156,NFS,Beni Securities Pvt.Ltd.,Naasa Securities Co. Ltd.,209,755.0,157795.0,2025-07-20T13:59:19.666346
2025-07-20,55509,2025072003028157,NFS,Beni Securities Pvt.Ltd.,Pragyan Securities (PVT) Ltd.,20,755.0,15100.0,2025-07-20T13:59:19.666426
2025-07-20,55508,2025072003028158,NFS,Beni Securities Pvt.Ltd.,Deevyaa Securities & Stock House Pvt. Ltd,20,756.0,15120.0,2025-07-20T13:59:19.666509
2025-07-20,55423,2025072003028180,NFS,Beni Securities Pvt.Ltd.,Sani Securities Company Ltd.,26,756.0,19656.0,2025-07-20T13:59:33.713662
2025-07-20,55422,2025072003028181,NFS,Beni Securities Pvt.Ltd.,Imperial Securities Company Pvt. Ltd.,14,758.0,10612.0,2025-07-20T13:59:33.71378
2025-07-20,51619,2025072003028942,NFS,Cristal Kanchanjanga Securites Pvt. Ltd.,Indira securities pvt. ltd,50,754.7,37735.0,2025-07-20T14:06:09.134017
2025-07-20,51618,2025072003028943,NFS,Cristal Kanchanjanga Securites Pvt. Ltd.,Capital Max Securities Ltd,44,754.9,33215.6,2025-07-20T14:06:09.134551
2025-07-20,51490,2025072003029003,NFS,Aryatara Investment & Securities,Neev Securities Pvt. Ltd.,500,754.0,377000.0,2025-07-20T14:06:18.646196
2025-07-20,49479,2025072003029467,NFS,Kalika Securities Pvt. Ltd.,Sri Hari Securities Pvt. Ltd.,168,750.8,126134.4,2025-07-20T14:09:20.635745
2025-07-20,49478,2025072003029468,NFS,Oxford Securities Pvt. Ltd.,Sri Hari Securities Pvt. Ltd.,10,750.8,7508.0,2025-07-20T14:09:20.636002
2025-07-20,49477,2025072003029469,NFS,Imperial Securities Company Pvt. Ltd.,Sri Hari Securities Pvt. Ltd.,100,750.8,75080.0,2025-07-20T14:09:20.636117
2025-07-20,49476,2025072003029470,NFS,Asian Securities Private Ltd.,Sri Hari Securities Pvt. Ltd.,100,750.7,75070.0,2025-07-20T14:09:20.636221
2025-07-20,49475,2025072003029471,NFS,Naasa Securities Co. Ltd.,Sri Hari Securities Pvt. Ltd.,65,750.7,48795.5,2025-07-20T14:09:20.636323
2025-07-20,49474,2025072003029472,NFS,Nepal Stock House (PVT) Ltd.,Sri Hari Securities Pvt. Ltd.,255,750.0,191250.0,2025-07-20T14:09:20.636426
2025-07-20,49473,2025072003029473,NFS,Sewa Securities Pvt. Ltd.,Sri Hari Securities Pvt. Ltd.,25,750.0,18750.0,2025-07-20T14:09:20.636527
2025-07-20,49472,2025072003029474,NFS,S.P.S.A. Securities Limited,Sri Hari Securities Pvt. Ltd.,100,750.0,75000.0,2025-07-20T14:09:20.636628
2025-07-20,49471,2025072003029475,NFS,Kalika Securities Pvt. Ltd.,Sri Hari Securities Pvt. Ltd.,110,750.0,82500.0,2025-07-20T14:09:20.636729
2025-07-20,49470,2025072003029476,NFS,Naasa Securities Co. Ltd.,Sri Hari Securities Pvt. Ltd.,50,750.0,37500.0,2025-07-20T14:09:20.63683
2025-07-20,48663,2025072003029710,NFS,Shree Krishna Securities Ltd.,Vision Securities Pvt. Ltd,400,749.5,299800.0,2025-07-20T14:10:34.9216
2025-07-20,48662,2025072003029711,NFS,Imperial Securities Company Pvt. Ltd.,Vision Securities Pvt. Ltd,59,749.0,44191.0,2025-07-20T14:10:34.921875
2025-07-20,48661,2025072003029712,NFS,Siprabi Securities Pvt. Ltd.,Vision Securities Pvt. Ltd,20,749.0,14980.0,2025-07-20T14:10:34.921981
2025-07-20,48660,2025072003029713,NFS,Naasa Securities Co. Ltd.,Vision Securities Pvt. Ltd,21,749.0,15729.0,2025-07-20T14:10:34.922092
2025-07-20,48269,2025072003029788,NFS,Imperial Securities Company Pvt. Ltd.,Imperial Securities Company Pvt. Ltd.,50,749.0,37450.0,2025-07-20T14:11:12.41917
2025-07-20,47835,2025072003029866,NFS,Neev Securities Pvt. Ltd.,Investment Management Nepal Pvt. Ltd.,56,750.0,42000.0,2025-07-20T14:11:52.83123
2025-07-20,47771,2025072003029883,NFS,Imperial Securities Company Pvt. Ltd.,Kohinoor Investment & Securities Pvt. Ltd.,50,749.0,37450.0,2025-07-20T14:12:00.061699
2025-07-20,47612,2025072003029922,NFS,Sri Hari Securities Pvt. Ltd.,Kohinoor Investment & Securities Pvt. Ltd.,13,749.0,9737.0,2025-07-20T14:12:10.067851
2025-07-20,47426,2025072003029966,NFS,Neev Securities Pvt. Ltd.,Kohinoor Investment & Securities Pvt. Ltd.,169,749.0,126581.0,2025-07-20T14:12:26.064156
2025-07-20,47082,2025072003030042,NFS,Nepal Stock House (PVT) Ltd.,Sweta Securities Private Limited,50,748.6,37430.0,2025-07-20T14:12:58.598313
2025-07-20,47081,2025072003030043,NFS,Aryatara Investment & Securities,Sweta Securities Private Limited,40,748.6,29944.0,2025-07-20T14:12:58.59857
2025-07-20,46927,2025072003030071,NFS,Aryatara Investment & Securities,Vision Securities Pvt. Ltd,150,748.3,112245.0,2025-07-20T14:13:12.952819
2025-07-20,46926,2025072003030072,NFS,Sani Securities Company Ltd.,Vision Securities Pvt. Ltd,20,748.0,14960.0,2025-07-20T14:13:12.953097
2025-07-20,46925,2025072003030073,NFS,Premier Securities Company Ltd.,Vision Securities Pvt. Ltd,50,748.0,37400.0,2025-07-20T14:13:12.953202
2025-07-20,46924,2025072003030074,NFS,Aryatara Investment & Securities,Vision Securities Pvt. Ltd,280,748.0,209440.0,2025-07-20T14:13:12.953319
2025-07-20,46712,2025072003030104,NFS,Aryatara Investment & Securities,Sweta Securities Private Limited,20,748.0,14960.0,2025-07-20T14:13:35.086482
2025-07-20,46502,2025072003030140,NFS,Investment Management Nepal Pvt. Ltd.,Sweta Securities Private Limited,75,748.0,56100.0,2025-07-20T14:13:56.252386
2025-07-20,45915,2025072003030249,NFS,INDEX SECURITIES LIMITED,Imperial Securities Company Pvt. Ltd.,10,752.8,7528.0,2025-07-20T14:14:42.202581
2025-07-20,45867,2025072003030268,NFS,Capital Max Securities Ltd,Sani Securities Company Ltd.,75,748.0,56100.0,2025-07-20T14:14:44.486768
2025-07-20,45866,2025072003030269,NFS,Sharepro Securities Private Limited,Sani Securities Company Ltd.,100,746.1,74610.0,2025-07-20T14:14:44.487042
2025-07-20,45865,2025072003030270,NFS,Aryatara Investment & Securities,Sani Securities Company Ltd.,100,746.1,74610.0,2025-07-20T14:14:44.487146
2025-07-20,45864,2025072003030271,NFS,Imperial Securities Company Pvt. Ltd.,Sani Securities Company Ltd.,10,746.0,7460.0,2025-07-20T14:14:44.487247
2025-07-20,45863,2025072003030272,NFS,Aakashbhairab Securities Ltd.,Sani Securities Company Ltd.,215,746.0,160390.0,2025-07-20T14:14:44.487355
2025-07-20,45525,2025072003030346,NFS,Nepal Stock House (PVT) Ltd.,Kalika Securities Pvt. Ltd.,50,746.1,37305.0,2025-07-20T14:15:18.165858
2025-07-20,45524,2025072003030347,NFS,Aakashbhairab Securities Ltd.,Kalika Securities Pvt. Ltd.,234,746.0,174564.0,2025-07-20T14:15:18.166113
2025-07-20,44969,2025072003030489,NFS,Sani Securities Company Ltd.,Investment Management Nepal Pvt. Ltd.,50,746.5,37325.0,2025-07-20T14:16:17.698884
2025-07-20,44968,2025072003030490,NFS,Online Securities Pvt. Ltd.,Investment Management Nepal Pvt. Ltd.,20,746.1,14922.0,2025-07-20T14:16:17.699126
2025-07-20,44967,2025072003030491,NFS,Aakashbhairab Securities Ltd.,Investment Management Nepal Pvt. Ltd.,30,746.0,22380.0,2025-07-20T14:16:17.69923
2025-07-20,44955,2025072003030494,NFS,Aakashbhairab Securities Ltd.,Creative Securities Pvt Ltd,21,746.0,15666.0,2025-07-20T14:16:20.015255
2025-07-20,44954,2025072003030495,NFS,Naasa Securities Co. Ltd.,Creative Securities Pvt Ltd,30,746.0,22380.0,2025-07-20T14:16:20.015352
2025-07-20,44953,2025072003030496,NFS,Sri Hari Securities Pvt. Ltd.,Creative Securities Pvt Ltd,25,746.0,18650.0,2025-07-20T14:16:20.015475
2025-07-20,44952,2025072003030497,NFS,Oxford Securities Pvt. Ltd.,Creative Securities Pvt Ltd,20,746.0,14920.0,2025-07-20T14:16:20.015543
2025-07-20,43014,2025072003030979,NFS,Sani Securities Company Ltd.,Midas Stock Broking Company Private Limited,20,747.0,14940.0,2025-07-20T14:20:13.758042
2025-07-20,43013,2025072003030980,NFS,Online Securities Pvt. Ltd.,Midas Stock Broking Company Private Limited,20,746.1,14922.0,2025-07-20T14:20:13.758292
2025-07-20,43012,2025072003030981,NFS,Aryatara Investment & Securities,Midas Stock Broking Company Private Limited,60,746.1,44766.0,2025-07-20T14:20:13.758396
2025-07-20,41772,2025072003031218,NFS,Investment Management Nepal Pvt. Ltd.,Dipshikha Dhitopatra Karobar Co. Pvt Ltd.,30,746.5,22395.0,2025-07-20T14:22:22.241236
2025-07-20,41735,2025072003031229,NFS,Neev Securities Pvt. Ltd.,Midas Stock Broking Company Private Limited,100,746.2,74620.0,2025-07-20T14:22:26.762814
2025-07-20,41577,2025072003031290,NFS,J.F. Securites (PVT) Ltd.,Dipshikha Dhitopatra Karobar Co. Pvt Ltd.,55,746.5,41057.5,2025-07-20T14:22:48.616545
2025-07-20,41401,2025072003031329,NFS,Aryatara Investment & Securities,Elite Stock House Limited,40,746.1,29844.0,2025-07-20T14:23:06.507421
2025-07-20,41400,2025072003031330,NFS,Online Securities Pvt. Ltd.,Elite Stock House Limited,30,746.1,22383.0,2025-07-20T14:23:06.507712
2025-07-20,41399,2025072003031331,NFS,Sani Securities Company Ltd.,Elite Stock House Limited,10,746.0,7460.0,2025-07-20T14:23:06.507819
2025-07-20,41398,2025072003031332,NFS,J.F. Securites (PVT) Ltd.,Elite Stock House Limited,20,746.0,14920.0,2025-07-20T14:23:06.50792
2025-07-20,41276,2025072003031377,NFS,J.F. Securites (PVT) Ltd.,Sri Hari Securities Pvt. Ltd.,30,746.0,22380.0,2025-07-20T14:23:18.692854
2025-07-20,41275,2025072003031378,NFS,Naasa Securities Co. Ltd.,Sri Hari Securities Pvt. Ltd.,70,746.0,52220.0,2025-07-20T14:23:18.693125
2025-07-20,40885,2025072003031450,NFS,Neev Securities Pvt. Ltd.,Kalika Securities Pvt. Ltd.,100,746.2,74620.0,2025-07-20T14:24:02.479475
2025-07-20,40875,2025072003031453,NFS,Naasa Securities Co. Ltd.,Dipshikha Dhitopatra Karobar Co. Pvt Ltd.,30,746.0,22380.0,2025-07-20T14:24:04.63834
2025-07-20,40414,2025072003031541,NFS,Kumari Securities Private Limited,Dipshikha Dhitopatra Karobar Co. Pvt Ltd.,300,745.9,223770.0,2025-07-20T14:24:43.689337
2025-07-20,40359,2025072003031546,NFS,Trishakti Securities Public Limited,Agrawal Securities (PVT) Ltd.,400,745.8,298320.0,2025-07-20T14:24:48.441981
2025-07-20,40216,2025072003031569,NFS,Neev Securities Pvt. Ltd.,Agrawal Securities (PVT) Ltd.,200,745.8,149160.0,2025-07-20T14:25:04.463085
2025-07-20,39624,2025072003031703,NFS,Dynamic Money Managers Securities Pvt. Ltd.,Asian Securities Private Ltd.,30,745.7,22371.0,2025-07-20T14:25:52.911387
2025-07-20,39623,2025072003031704,NFS,South Asian Bulls Pvt. Ltd.,Asian Securities Private Ltd.,20,745.7,14914.0,2025-07-20T14:25:52.911632
2025-07-20,39622,2025072003031705,NFS,Dynamic Money Managers Securities Pvt. Ltd.,Asian Securities Private Ltd.,100,745.0,74500.0,2025-07-20T14:25:52.911736
2025-07-20,39621,2025072003031706,NFS,Dipshikha Dhitopatra Karobar Co. Pvt Ltd.,Asian Securities Private Ltd.,350,745.0,260750.0,2025-07-20T14:25:52.911839
2025-07-20,39616,2025072003031711,NFS,South Asian Bulls Pvt. Ltd.,Dipshikha Dhitopatra Karobar Co. Pvt Ltd.,20,745.9,14918.0,2025-07-20T14:25:53.319035
2025-07-20,39596,2025072003031715,NFS,Dipshikha Dhitopatra Karobar Co. Pvt Ltd.,Dynamic Money Managers Securities Pvt. Ltd.,186,745.0,138570.0,2025-07-20T14:25:56.324814
2025-07-20,39595,2025072003031716,NFS,Dipshikha Dhitopatra Karobar Co. Pvt Ltd.,Dynamic Money Managers Securities Pvt. Ltd.,402,745.0,299490.0,2025-07-20T14:25:56.325324
2025-07-20,39594,2025072003031717,NFS,Imperial Securities Company Pvt. Ltd.,Dynamic Money Managers Securities Pvt. Ltd.,255,745.0,189975.0,2025-07-20T14:25:56.325647
2025-07-20,39593,2025072003031718,NFS,Cristal Kanchanjanga Securites Pvt. Ltd.,Dynamic Money Managers Securities Pvt. Ltd.,100,745.0,74500.0,2025-07-20T14:25:56.325949
2025-07-20,39592,2025072003031719,NFS,South Asian Bulls Pvt. Ltd.,Dynamic Money Managers Securities Pvt. Ltd.,500,745.0,372500.0,2025-07-20T14:25:56.32627
2025-07-20,39591,2025072003031720,NFS,Sipla Securities Private Limited,Dynamic Money Managers Securities Pvt. Ltd.,10,745.0,7450.0,2025-07-20T14:25:56.326555
2025-07-20,39590,2025072003031721,NFS,Aryatara Investment & Securities,Dynamic Money Managers Securities Pvt. Ltd.,500,745.0,372500.0,2025-07-20T14:25:56.326844
2025-07-20,39589,2025072003031722,NFS,Aryatara Investment & Securities,Dynamic Money Managers Securities Pvt. Ltd.,500,745.0,372500.0,2025-07-20T14:25:56.327156
2025-07-20,39588,2025072003031723,NFS,Aryatara Investment & Securities,Dynamic Money Managers Securities Pvt. Ltd.,500,745.0,372500.0,2025-07-20T14:25:56.327446
2025-07-20,39587,2025072003031724,NFS,Aryatara Investment & Securities,Dynamic Money Managers Securities Pvt. Ltd.,20,745.0,14900.0,2025-07-20T14:25:56.327722
2025-07-20,39586,2025072003031725,NFS,J.F. Securites (PVT) Ltd.,Dynamic Money Managers Securities Pvt. Ltd.,100,745.0,74500.0,2025-07-20T14:25:56.327999
2025-07-20,39585,2025072003031726,NFS,Oxford Securities Pvt. Ltd.,Dynamic Money Managers Securities Pvt. Ltd.,10,745.0,7450.0,2025-07-20T14:25:56.328301
2025-07-20,39584,2025072003031727,NFS,Naasa Securities Co. Ltd.,Dynamic Money Managers Securities Pvt. Ltd.,100,745.0,74500.0,2025-07-20T14:25:56.328587
2025-07-20,39583,2025072003031728,NFS,Siprabi Securities Pvt. Ltd.,Dynamic Money Managers Securities Pvt. Ltd.,275,745.0,204875.0,2025-07-20T14:25:56.328872
2025-07-20,39582,2025072003031729,NFS,Malla & Malla Stock Broking Company Pvt. Limited,Dynamic Money Managers Securities Pvt. Ltd.,50,745.0,37250.0,2025-07-20T14:25:56.329184
2025-07-20,39395,2025072003031787,NFS,Arun Securities (PVT) Ltd.,Secured Securities Ltd.,30,744.8,22344.0,2025-07-20T14:26:12.175508
2025-07-20,39317,2025072003031814,NFS,Arun Securities (PVT) Ltd.,Dipshikha Dhitopatra Karobar Co. Pvt Ltd.,70,744.8,52136.0,2025-07-20T14:26:21.17614
2025-07-20,39316,2025072003031815,NFS,Himalayan Brokerage Company Limited,Dipshikha Dhitopatra Karobar Co. Pvt Ltd.,70,744.8,52136.0,2025-07-20T14:26:21.176385
2025-07-20,39315,2025072003031816,NFS,Naasa Securities Co. Ltd.,Dipshikha Dhitopatra Karobar Co. Pvt Ltd.,110,744.0,81840.0,2025-07-20T14:26:21.176491
2025-07-20,39130,2025072003031884,NFS,Naasa Securities Co. Ltd.,Dipshikha Dhitopatra Karobar Co. Pvt Ltd.,35,744.0,26040.0,2025-07-20T14:26:34.404585
2025-07-20,39042,2025072003031928,NFS,Naasa Securities Co. Ltd.,Linch Stock Market Ltd.,50,744.0,37200.0,2025-07-20T14:26:40.740485
2025-07-20,37964,2025072003032220,NFS,Nepal Stock House (PVT) Ltd.,Blue Chip Securities Ltd,10,744.1,7441.0,2025-07-20T14:27:39.49822
2025-07-20,37963,2025072003032221,NFS,Naasa Securities Co. Ltd.,Blue Chip Securities Ltd,105,744.0,78120.0,2025-07-20T14:27:39.498457
2025-07-20,37962,2025072003032222,NFS,Aryatara Investment & Securities,Blue Chip Securities Ltd,200,744.0,148800.0,2025-07-20T14:27:39.498559
2025-07-20,37961,2025072003032223,NFS,Imperial Securities Company Pvt. Ltd.,Blue Chip Securities Ltd,85,744.0,63240.0,2025-07-20T14:27:39.498653
2025-07-20,37900,2025072003032234,NFS,Imperial Securities Company Pvt. Ltd.,Sani Securities Company Ltd.,200,744.0,148800.0,2025-07-20T14:27:43.707671
2025-07-20,37787,2025072003032253,NFS,Imperial Securities Company Pvt. Ltd.,Investment Management Nepal Pvt. Ltd.,20,744.0,14880.0,2025-07-20T14:27:55.426925
2025-07-20,37786,2025072003032254,NFS,Neev Securities Pvt. Ltd.,Investment Management Nepal Pvt. Ltd.,80,743.9,59512.0,2025-07-20T14:27:55.427065
2025-07-20,37264,2025072003032329,NFS,Neev Securities Pvt. Ltd.,Naasa Securities Co. Ltd.,20,743.9,14878.0,2025-07-20T14:28:35.795009
2025-07-20,36934,2025072003032436,NFS,Nepal Stock House (PVT) Ltd.,Dipshikha Dhitopatra Karobar Co. Pvt Ltd.,20,743.2,14864.0,2025-07-20T14:29:00.883379
2025-07-20,36933,2025072003032437,NFS,Neev Securities Pvt. Ltd.,Dipshikha Dhitopatra Karobar Co. Pvt Ltd.,100,743.1,74310.0,2025-07-20T14:29:00.883643
2025-07-20,36932,2025072003032438,NFS,Naasa Securities Co. Ltd.,Dipshikha Dhitopatra Karobar Co. Pvt Ltd.,12,743.0,8916.0,2025-07-20T14:29:00.883801
2025-07-20,36931,2025072003032439,NFS,Naasa Securities Co. Ltd.,Dipshikha Dhitopatra Karobar Co. Pvt Ltd.,175,743.0,130025.0,2025-07-20T14:29:00.883943
2025-07-20,36930,2025072003032440,NFS,Midas Stock Broking Company Private Limited,Dipshikha Dhitopatra Karobar Co. Pvt Ltd.,20,742.9,14858.0,2025-07-20T14:29:00.884063
2025-07-20,36929,2025072003032441,NFS,South Asian Bulls Pvt. Ltd.,Dipshikha Dhitopatra Karobar Co. Pvt Ltd.,30,742.9,22287.0,2025-07-20T14:29:00.884194
2025-07-20,36928,2025072003032442,NFS,Himalayan Brokerage Company Limited,Dipshikha Dhitopatra Karobar Co. Pvt Ltd.,200,742.0,148400.0,2025-07-20T14:29:00.884348
2025-07-20,36927,2025072003032443,NFS,Premier Securities Company Ltd.,Dipshikha Dhitopatra Karobar Co. Pvt Ltd.,43,742.0,31906.0,2025-07-20T14:29:00.884489
2025-07-20,36565,2025072003032535,NFS,Premier Securities Company Ltd.,Online Securities Pvt. Ltd.,57,742.0,42294.0,2025-07-20T14:29:29.057352
2025-07-20,36564,2025072003032536,NFS,Deevyaa Securities & Stock House Pvt. Ltd,Online Securities Pvt. Ltd.,50,742.0,37100.0,2025-07-20T14:29:29.057851
2025-07-20,36384,2025072003032590,NFS,Thrive Brokerage House Pvt. Ltd,Online Securities Pvt. Ltd.,50,742.0,37100.0,2025-07-20T14:29:44.529527
2025-07-20,36278,2025072003032604,NFS,Vision Securities Pvt. Ltd,Pragyan Securities (PVT) Ltd.,50,741.2,37060.0,2025-07-20T14:29:52.487608
2025-07-20,36083,2025072003032653,NFS,Naasa Securities Co. Ltd.,Shree Krishna Securities Ltd.,25,741.0,18525.0,2025-07-20T14:30:05.656172
2025-07-20,36082,2025072003032654,NFS,Primo Securities (PVT) Ltd.,Shree Krishna Securities Ltd.,75,740.1,55507.5,2025-07-20T14:30:05.656416
2025-07-20,35921,2025072003032680,NFS,Primo Securities (PVT) Ltd.,Online Securities Pvt. Ltd.,35,740.1,25903.5,2025-07-20T14:30:17.262509
2025-07-20,35920,2025072003032681,NFS,Sumeru Securities Pvt. Ltd.,Online Securities Pvt. Ltd.,214,740.1,158381.4,2025-07-20T14:30:17.262756
2025-07-20,35804,2025072003032710,NFS,Sumeru Securities Pvt. Ltd.,Shree Krishna Securities Ltd.,50,740.1,37005.0,2025-07-20T14:30:25.796347
2025-07-20,35708,2025072003032727,NFS,Sumeru Securities Pvt. Ltd.,Naasa Securities Co. Ltd.,120,740.1,88812.0,2025-07-20T14:30:33.693751
2025-07-20,34532,2025072003032996,NFS,Arun Securities (PVT) Ltd.,Imperial Securities Company Pvt. Ltd.,490,743.0,364070.0,2025-07-20T14:31:45.029423
2025-07-20,34358,2025072003033025,NFS,Nepal Stock House (PVT) Ltd.,Dipshikha Dhitopatra Karobar Co. Pvt Ltd.,70,740.2,51814.0,2025-07-20T14:31:58.845915
2025-07-20,34357,2025072003033026,NFS,Creative Securities Pvt Ltd,Dipshikha Dhitopatra Karobar Co. Pvt Ltd.,30,740.2,22206.0,2025-07-20T14:31:58.846159
2025-07-20,33614,2025072003033225,NFS,Nabil Stock Dealer Ltd.,Dipshikha Dhitopatra Karobar Co. Pvt Ltd.,10,741.0,7410.0,2025-07-20T14:32:47.82895
2025-07-20,33343,2025072003033285,NFS,Sani Securities Company Ltd.,Bhrikuti Stock Broking Co. Pvt. Ltd.,20,740.3,14806.0,2025-07-20T14:33:01.919895
2025-07-20,33342,2025072003033286,NFS,Aryatara Investment & Securities,Bhrikuti Stock Broking Co. Pvt. Ltd.,35,740.3,25910.5,2025-07-20T14:33:01.92014
2025-07-20,33341,2025072003033287,NFS,Neev Securities Pvt. Ltd.,Bhrikuti Stock Broking Co. Pvt. Ltd.,200,740.3,148060.0,2025-07-20T14:33:01.920236
2025-07-20,33340,2025072003033288,NFS,Creative Securities Pvt Ltd,Bhrikuti Stock Broking Co. Pvt. Ltd.,170,740.2,125834.0,2025-07-20T14:33:01.920333
2025-07-20,33339,2025072003033289,NFS,South Asian Bulls Pvt. Ltd.,Bhrikuti Stock Broking Co. Pvt. Ltd.,36,740.2,26647.2,2025-07-20T14:33:01.920425
2025-07-20,33338,2025072003033290,NFS,Sumeru Securities Pvt. Ltd.,Bhrikuti Stock Broking Co. Pvt. Ltd.,1629,740.1,1205622.9,2025-07-20T14:33:01.920518
2025-07-20,33104,2025072003033366,NFS,Nepal Stock House (PVT) Ltd.,Imperial Securities Company Pvt. Ltd.,500,741.0,370500.0,2025-07-20T14:33:16.454378
2025-07-20,33103,2025072003033367,NFS,Neev Securities Pvt. Ltd.,Imperial Securities Company Pvt. Ltd.,200,740.2,148040.0,2025-07-20T14:33:16.454613
2025-07-20,33102,2025072003033368,NFS,Sumeru Securities Pvt. Ltd.,Imperial Securities Company Pvt. Ltd.,300,740.1,222030.0,2025-07-20T14:33:16.454719
2025-07-20,32988,2025072003033380,NFS,Imperial Securities Company Pvt. Ltd.,Shree Krishna Securities Ltd.,50,741.0,37050.0,2025-07-20T14:33:28.07941
2025-07-20,32920,2025072003033392,NFS,Sumeru Securities Pvt. Ltd.,Dipshikha Dhitopatra Karobar Co. Pvt Ltd.,650,740.1,481065.0,2025-07-20T14:33:31.556149
2025-07-20,32497,2025072003033479,NFS,Dakshinkali Investment & Securities Pvt. Ltd.,Dynamic Money Managers Securities Pvt. Ltd.,100,740.2,74020.0,2025-07-20T14:34:01.518892
2025-07-20,32496,2025072003033480,NFS,Sumeru Securities Pvt. Ltd.,Dynamic Money Managers Securities Pvt. Ltd.,1037,740.1,767483.7,2025-07-20T14:34:01.519121
2025-07-20,32495,2025072003033481,NFS,Dynamic Money Managers Securities Pvt. Ltd.,Dynamic Money Managers Securities Pvt. Ltd.,64,740.0,47360.0,2025-07-20T14:34:01.519227
2025-07-20,32494,2025072003033482,NFS,Sajilo Broker Limited,Dynamic Money Managers Securities Pvt. Ltd.,20,740.0,14800.0,2025-07-20T14:34:01.51932
2025-07-20,32493,2025072003033483,NFS,Aryatara Investment & Securities,Dynamic Money Managers Securities Pvt. Ltd.,200,740.0,148000.0,2025-07-20T14:34:01.519409
2025-07-20,32492,2025072003033484,NFS,Naasa Securities Co. Ltd.,Dynamic Money Managers Securities Pvt. Ltd.,71,740.0,52540.0,2025-07-20T14:34:01.519497
2025-07-20,32347,2025072003033514,NFS,Neev Securities Pvt. Ltd.,Kumari Securities Private Limited,100,740.1,74010.0,2025-07-20T14:34:15.526563
2025-07-20,32346,2025072003033515,NFS,Naasa Securities Co. Ltd.,Kumari Securities Private Limited,44,740.0,32560.0,2025-07-20T14:34:15.526809
2025-07-20,32345,2025072003033516,NFS,Malla & Malla Stock Broking Company Pvt. Limited,Kumari Securities Private Limited,50,740.0,37000.0,2025-07-20T14:34:15.526903
2025-07-20,32344,2025072003033517,NFS,Midas Stock Broking Company Private Limited,Kumari Securities Private Limited,20,740.0,14800.0,2025-07-20T14:34:15.52699
2025-07-20,32343,2025072003033518,NFS,Market Securities & Exchange (PVT) Ltd.,Kumari Securities Private Limited,100,740.0,74000.0,2025-07-20T14:34:15.527084
2025-07-20,32342,2025072003033519,NFS,Citizens Share Broker Limited,Kumari Securities Private Limited,12,740.0,8880.0,2025-07-20T14:34:15.527171
2025-07-20,32341,2025072003033520,NFS,Creative Securities Pvt Ltd,Kumari Securities Private Limited,50,740.0,37000.0,2025-07-20T14:34:15.52726
2025-07-20,32340,2025072003033521,NFS,Aryatara Investment & Securities,Kumari Securities Private Limited,100,740.0,74000.0,2025-07-20T14:34:15.527346
2025-07-20,32339,2025072003033522,NFS,Sani Securities Company Ltd.,Kumari Securities Private Limited,15,740.0,11100.0,2025-07-20T14:34:15.527439
2025-07-20,32338,2025072003033523,NFS,Dynamic Money Managers Securities Pvt. Ltd.,Kumari Securities Private Limited,100,740.0,74000.0,2025-07-20T14:34:15.527526
2025-07-20,32337,2025072003033524,NFS,Premier Securities Company Ltd.,Kumari Securities Private Limited,414,740.0,306360.0,2025-07-20T14:34:15.527611
2025-07-20,32067,2025072003033575,NFS,Premier Securities Company Ltd.,Shree Krishna Securities Ltd.,50,740.0,37000.0,2025-07-20T14:34:32.651711
2025-07-20,31995,2025072003033613,NFS,Premier Securities Company Ltd.,Dipshikha Dhitopatra Karobar Co. Pvt Ltd.,20,740.0,14800.0,2025-07-20T14:34:36.733625
2025-07-20,31738,2025072003033667,NFS,Shree Krishna Securities Ltd.,Sweta Securities Private Limited,232,742.0,172144.0,2025-07-20T14:34:58.002968
2025-07-20,31737,2025072003033668,NFS,Shree Krishna Securities Ltd.,Naasa Securities Co. Ltd.,38,743.9,28268.2,2025-07-20T14:34:58.003194
2025-07-20,31500,2025072003033745,NFS,Premier Securities Company Ltd.,J.F. Securites (PVT) Ltd.,16,740.0,11840.0,2025-07-20T14:35:15.3029
2025-07-20,31499,2025072003033746,NFS,Trisul Securities & Invt. Ltd.,J.F. Securites (PVT) Ltd.,30,740.0,22200.0,2025-07-20T14:35:15.303306
2025-07-20,31342,2025072003033796,NFS,Sani Securities Company Ltd.,J.F. Securites (PVT) Ltd.,10,740.0,7400.0,2025-07-20T14:35:27.579537
2025-07-20,30780,2025072003033901,NFS,Midas Stock Broking Company Private Limited,Ashutosh Brokerage & Securities (PVT) Ltd.,12,739.9,8878.8,2025-07-20T14:36:00.455213
2025-07-20,30499,2025072003033967,NFS,Capital Max Securities Ltd,Naasa Securities Co. Ltd.,5,740.0,3700.0,2025-07-20T14:36:16.977639
2025-07-20,30279,2025072003034012,NFS,Dipshikha Dhitopatra Karobar Co. Pvt Ltd.,MILKY WAY SHARE BROKER COMPANY LTD ,12,739.1,8869.2,2025-07-20T14:36:31.557973
2025-07-20,30278,2025072003034013,NFS,Linch Stock Market Ltd.,MILKY WAY SHARE BROKER COMPANY LTD ,20,739.0,14780.0,2025-07-20T14:36:31.558206
2025-07-20,30277,2025072003034014,NFS,South Asian Bulls Pvt. Ltd.,MILKY WAY SHARE BROKER COMPANY LTD ,500,739.0,369500.0,2025-07-20T14:36:31.5583
2025-07-20,30276,2025072003034015,NFS,Midas Stock Broking Company Private Limited,MILKY WAY SHARE BROKER COMPANY LTD ,100,739.0,73900.0,2025-07-20T14:36:31.558388
2025-07-20,30275,2025072003034016,NFS,Sani Securities Company Ltd.,MILKY WAY SHARE BROKER COMPANY LTD ,22,739.0,16258.0,2025-07-20T14:36:31.558476
2025-07-20,29994,2025072003034079,NFS,Sani Securities Company Ltd.,Kalika Securities Pvt. Ltd.,170,739.0,125630.0,2025-07-20T14:36:50.088746
2025-07-20,29776,2025072003034136,NFS,Online Securities Pvt. Ltd.,J.F. Securites (PVT) Ltd.,232,740.0,171680.0,2025-07-20T14:37:00.987728
2025-07-20,29775,2025072003034137,NFS,Online Securities Pvt. Ltd.,Imperial Securities Company Pvt. Ltd.,136,740.0,100640.0,2025-07-20T14:37:00.987946
2025-07-20,29665,2025072003034162,NFS,Online Securities Pvt. Ltd.,Imperial Securities Company Pvt. Ltd.,252,740.0,186480.0,2025-07-20T14:37:10.354335
2025-07-20,29664,2025072003034163,NFS,Sani Securities Company Ltd.,Imperial Securities Company Pvt. Ltd.,38,739.0,28082.0,2025-07-20T14:37:10.35456
2025-07-20,29543,2025072003034192,NFS,Sani Securities Company Ltd.,Aryatara Investment & Securities,10,739.0,7390.0,2025-07-20T14:37:19.943504
2025-07-20,28054,2025072003034546,NFS,Online Securities Pvt. Ltd.,Sharepro Securities Private Limited,10,740.0,7400.0,2025-07-20T14:38:51.435918
2025-07-20,28053,2025072003034547,NFS,Siprabi Securities Pvt. Ltd.,Sharepro Securities Private Limited,100,740.0,74000.0,2025-07-20T14:38:51.436389
2025-07-20,28052,2025072003034548,NFS,Capital Max Securities Ltd,Sharepro Securities Private Limited,390,739.1,288249.0,2025-07-20T14:38:51.436766
2025-07-20,27895,2025072003034592,NFS,Capital Max Securities Ltd,Dipshikha Dhitopatra Karobar Co. Pvt Ltd.,641,739.1,473763.1,2025-07-20T14:39:01.632949
2025-07-20,27713,2025072003034625,NFS,Capital Max Securities Ltd,Sri Hari Securities Pvt. Ltd.,20,739.1,14782.0,2025-07-20T14:39:14.01765
2025-07-20,27444,2025072003034696,NFS,Malla & Malla Stock Broking Company Pvt. Limited,Kohinoor Investment & Securities Pvt. Ltd.,20,741.0,14820.0,2025-07-20T14:39:29.229074
2025-07-20,27069,2025072003034765,NFS,Capital Max Securities Ltd,Imperial Securities Company Pvt. Ltd.,449,739.1,331855.9,2025-07-20T14:39:51.85776
2025-07-20,27068,2025072003034766,NFS,Sani Securities Company Ltd.,Imperial Securities Company Pvt. Ltd.,51,739.0,37689.0,2025-07-20T14:39:51.85798
2025-07-20,26669,2025072003034845,NFS,Malla & Malla Stock Broking Company Pvt. Limited,Naasa Securities Co. Ltd.,50,739.0,36950.0,2025-07-20T14:40:10.56361
2025-07-20,26668,2025072003034846,NFS,Elite Stock House Limited,Naasa Securities Co. Ltd.,15,739.0,11085.0,2025-07-20T14:40:10.563835
2025-07-20,26456,2025072003034892,NFS,Elite Stock House Limited,Dipshikha Dhitopatra Karobar Co. Pvt Ltd.,35,739.0,25865.0,2025-07-20T14:40:25.428959
2025-07-20,26455,2025072003034893,NFS,Imperial Securities Company Pvt. Ltd.,Dipshikha Dhitopatra Karobar Co. Pvt Ltd.,500,738.0,369000.0,2025-07-20T14:40:25.429192
2025-07-20,26454,2025072003034894,NFS,Oxford Securities Pvt. Ltd.,Dipshikha Dhitopatra Karobar Co. Pvt Ltd.,15,738.0,11070.0,2025-07-20T14:40:25.429285
2025-07-20,26453,2025072003034895,NFS,Imperial Securities Company Pvt. Ltd.,Dipshikha Dhitopatra Karobar Co. Pvt Ltd.,20,738.0,14760.0,2025-07-20T14:40:25.429378
2025-07-20,26041,2025072003035007,NFS,Dipshikha Dhitopatra Karobar Co. Pvt Ltd.,Dipshikha Dhitopatra Karobar Co. Pvt Ltd.,10,737.9,7379.0,2025-07-20T14:40:48.993772
2025-07-20,26040,2025072003035008,NFS,Dipshikha Dhitopatra Karobar Co. Pvt Ltd.,Dipshikha Dhitopatra Karobar Co. Pvt Ltd.,10,737.8,7378.0,2025-07-20T14:40:48.994234
2025-07-20,26039,2025072003035009,NFS,Dipshikha Dhitopatra Karobar Co. Pvt Ltd.,Dipshikha Dhitopatra Karobar Co. Pvt Ltd.,10,737.7,7377.0,2025-07-20T14:40:48.994532
2025-07-20,26038,2025072003035010,NFS,Dipshikha Dhitopatra Karobar Co. Pvt Ltd.,Dipshikha Dhitopatra Karobar Co. Pvt Ltd.,10,737.6,7376.0,2025-07-20T14:40:48.994803
2025-07-20,26037,2025072003035011,NFS,Aryatara Investment & Securities,Dipshikha Dhitopatra Karobar Co. Pvt Ltd.,10,737.5,7375.0,2025-07-20T14:40:48.995104
2025-07-20,26036,2025072003035012,NFS,South Asian Bulls Pvt. Ltd.,Dipshikha Dhitopatra Karobar Co. Pvt Ltd.,40,737.5,29500.0,2025-07-20T14:40:48.995421
2025-07-20,26035,2025072003035013,NFS,Neev Securities Pvt. Ltd.,Dipshikha Dhitopatra Karobar Co. Pvt Ltd.,100,737.1,73710.0,2025-07-20T14:40:48.995715
2025-07-20,26034,2025072003035014,NFS,Vision Securities Pvt. Ltd,Dipshikha Dhitopatra Karobar Co. Pvt Ltd.,410,737.0,302170.0,2025-07-20T14:40:48.995991
2025-07-20,25967,2025072003035027,NFS,Vision Securities Pvt. Ltd,Sanima Securities Limited,90,737.0,66330.0,2025-07-20T14:40:53.596184
2025-07-20,25966,2025072003035028,NFS,Dipshikha Dhitopatra Karobar Co. Pvt Ltd.,Sanima Securities Limited,15,737.0,11055.0,2025-07-20T14:40:53.596406
2025-07-20,25965,2025072003035029,NFS,Midas Stock Broking Company Private Limited,Sanima Securities Limited,145,737.0,106865.0,2025-07-20T14:40:53.596497
2025-07-20,25709,2025072003035092,NFS,Trishakti Securities Public Limited,Sanima Securities Limited,500,737.0,368500.0,2025-07-20T14:41:06.563852
2025-07-20,25474,2025072003035135,NFS,Aakashbhairab Securities Ltd.,Aryatara Investment & Securities,50,736.0,36800.0,2025-07-20T14:41:23.683509
2025-07-20,25397,2025072003035145,NFS,Aakashbhairab Securities Ltd.,Kalika Securities Pvt. Ltd.,65,736.0,47840.0,2025-07-20T14:41:29.338863
2025-07-20,24888,2025072003035284,NFS,Creative Securities Pvt Ltd,Sweta Securities Private Limited,200,735.1,147020.0,2025-07-20T14:41:57.567482
2025-07-20,24887,2025072003035285,NFS,Nepal Stock House (PVT) Ltd.,Sweta Securities Private Limited,100,735.0,73500.0,2025-07-20T14:41:57.567938
2025-07-20,24886,2025072003035286,NFS,Shree Krishna Securities Ltd.,Sweta Securities Private Limited,25,735.0,18375.0,2025-07-20T14:41:57.568318
2025-07-20,24885,2025072003035287,NFS,Kohinoor Investment & Securities Pvt. Ltd.,Sweta Securities Private Limited,350,735.0,257250.0,2025-07-20T14:41:57.568681
2025-07-20,24884,2025072003035288,NFS,Aryatara Investment & Securities,Sweta Securities Private Limited,200,735.0,147000.0,2025-07-20T14:41:57.569067
2025-07-20,24726,2025072003035318,NFS,Imperial Securities Company Pvt. Ltd.,Aryatara Investment & Securities,20,734.0,14680.0,2025-07-20T14:42:09.076489
2025-07-20,24725,2025072003035319,NFS,Vision Securities Pvt. Ltd,Aryatara Investment & Securities,18,733.1,13195.8,2025-07-20T14:42:09.076764
2025-07-20,24414,2025072003035393,NFS,Vision Securities Pvt. Ltd,Bhrikuti Stock Broking Co. Pvt. Ltd.,132,733.1,96769.2,2025-07-20T14:42:25.800872
2025-07-20,24413,2025072003035394,NFS,South Asian Bulls Pvt. Ltd.,Bhrikuti Stock Broking Co. Pvt. Ltd.,50,733.1,36655.0,2025-07-20T14:42:25.801112
2025-07-20,24138,2025072003035444,NFS,Sharepro Securities Private Limited,Kumari Securities Private Limited,50,732.0,36600.0,2025-07-20T14:42:39.269598
2025-07-20,24137,2025072003035445,NFS,Vision Securities Pvt. Ltd,Kumari Securities Private Limited,100,732.0,73200.0,2025-07-20T14:42:39.269676
2025-07-20,24136,2025072003035446,NFS,Imperial Securities Company Pvt. Ltd.,Kumari Securities Private Limited,100,731.9,73190.0,2025-07-20T14:42:39.269749
2025-07-20,24135,2025072003035447,NFS,Swarna Laxmi Securities Pvt. Ltd.,Kumari Securities Private Limited,100,731.6,73160.0,2025-07-20T14:42:39.269825
2025-07-20,24134,2025072003035448,NFS,Secured Securities Ltd.,Kumari Securities Private Limited,20,731.6,14632.0,2025-07-20T14:42:39.269896
2025-07-20,24133,2025072003035449,NFS,Oxford Securities Pvt. Ltd.,Kumari Securities Private Limited,26,731.1,19008.6,2025-07-20T14:42:39.269969
2025-07-20,24132,2025072003035450,NFS,Kumari Securities Private Limited,Kumari Securities Private Limited,100,731.0,73100.0,2025-07-20T14:42:39.270069
2025-07-20,24131,2025072003035451,NFS,Opal Securities Investment (PVT) Ltd.,Kumari Securities Private Limited,200,731.0,146200.0,2025-07-20T14:42:39.270138
2025-07-20,24130,2025072003035452,NFS,Capital Max Securities Ltd,Kumari Securities Private Limited,250,731.0,182750.0,2025-07-20T14:42:39.270207
2025-07-20,24129,2025072003035453,NFS,Sumeru Securities Pvt. Ltd.,Kumari Securities Private Limited,300,730.1,219030.0,2025-07-20T14:42:39.270281
2025-07-20,24128,2025072003035454,NFS,Sweta Securities Private Limited,Kumari Securities Private Limited,200,730.0,146000.0,2025-07-20T14:42:39.270355
2025-07-20,24127,2025072003035455,NFS,Dipshikha Dhitopatra Karobar Co. Pvt Ltd.,Kumari Securities Private Limited,100,730.0,73000.0,2025-07-20T14:42:39.270427
2025-07-20,24126,2025072003035456,NFS,MILKY WAY SHARE BROKER COMPANY LTD ,Kumari Securities Private Limited,200,730.0,146000.0,2025-07-20T14:42:39.270498
2025-07-20,24125,2025072003035457,NFS,Thrive Brokerage House Pvt. Ltd,Kumari Securities Private Limited,25,730.0,18250.0,2025-07-20T14:42:39.270569
2025-07-20,24124,2025072003035458,NFS,Sani Securities Company Ltd.,Kumari Securities Private Limited,12,730.0,8760.0,2025-07-20T14:42:39.270654
2025-07-20,24123,2025072003035459,NFS,Investment Management Nepal Pvt. Ltd.,Kumari Securities Private Limited,17,730.0,12410.0,2025-07-20T14:42:39.270742
2025-07-20,23981,2025072003035481,NFS,Investment Management Nepal Pvt. Ltd.,Dipshikha Dhitopatra Karobar Co. Pvt Ltd.,283,730.0,206590.0,2025-07-20T14:42:46.021742
2025-07-20,23980,2025072003035482,NFS,Siprabi Securities Pvt. Ltd.,Dipshikha Dhitopatra Karobar Co. Pvt Ltd.,25,730.0,18250.0,2025-07-20T14:42:46.021802
2025-07-20,23979,2025072003035483,NFS,Deevyaa Securities & Stock House Pvt. Ltd,Dipshikha Dhitopatra Karobar Co. Pvt Ltd.,50,730.0,36500.0,2025-07-20T14:42:46.021825
2025-07-20,23978,2025072003035484,NFS,Investment Management Nepal Pvt. Ltd.,Dipshikha Dhitopatra Karobar Co. Pvt Ltd.,50,729.2,36460.0,2025-07-20T14:42:46.021857
2025-07-20,23977,2025072003035485,NFS,Aryatara Investment & Securities,Dipshikha Dhitopatra Karobar Co. Pvt Ltd.,10,728.0,7280.0,2025-07-20T14:42:46.0219
2025-07-20,23976,2025072003035486,NFS,Cristal Kanchanjanga Securites Pvt. Ltd.,Dipshikha Dhitopatra Karobar Co. Pvt Ltd.,200,727.0,145400.0,2025-07-20T14:42:46.02193
2025-07-20,23975,2025072003035487,NFS,Sewa Securities Pvt. Ltd.,Dipshikha Dhitopatra Karobar Co. Pvt Ltd.,50,726.0,36300.0,2025-07-20T14:42:46.021962
2025-07-20,23974,2025072003035488,NFS,Vision Securities Pvt. Ltd,Dipshikha Dhitopatra Karobar Co. Pvt Ltd.,10,726.0,7260.0,2025-07-20T14:42:46.021993
2025-07-20,23973,2025072003035489,NFS,South Asian Bulls Pvt. Ltd.,Dipshikha Dhitopatra Karobar Co. Pvt Ltd.,20,726.0,14520.0,2025-07-20T14:42:46.022021
2025-07-20,23972,2025072003035490,NFS,Naasa Securities Co. Ltd.,Dipshikha Dhitopatra Karobar Co. Pvt Ltd.,30,726.0,21780.0,2025-07-20T14:42:46.022066
2025-07-20,23971,2025072003035491,NFS,Trisul Securities & Invt. Ltd.,Dipshikha Dhitopatra Karobar Co. Pvt Ltd.,200,726.0,145200.0,2025-07-20T14:42:46.022093
2025-07-20,23970,2025072003035492,NFS,Naasa Securities Co. Ltd.,Dipshikha Dhitopatra Karobar Co. Pvt Ltd.,144,725.3,104443.2,2025-07-20T14:42:46.022122
2025-07-20,23421,2025072003035646,NFS,Imperial Securities Company Pvt. Ltd.,Indira securities pvt. ltd,20,726.0,14520.0,2025-07-20T14:43:15.921896
2025-07-20,23420,2025072003035647,NFS,Sharepro Securities Private Limited,Indira securities pvt. ltd,50,725.4,36270.0,2025-07-20T14:43:15.922098
2025-07-20,23419,2025072003035648,NFS,Siprabi Securities Pvt. Ltd.,Indira securities pvt. ltd,130,725.3,94289.0,2025-07-20T14:43:15.922181
2025-07-20,23346,2025072003035677,NFS,Imperial Securities Company Pvt. Ltd.,Sani Securities Company Ltd.,25,725.4,18135.0,2025-07-20T14:43:21.559167
2025-07-20,23287,2025072003035694,NFS,Imperial Securities Company Pvt. Ltd.,J.F. Securites (PVT) Ltd.,250,725.4,181350.0,2025-07-20T14:43:26.00446
2025-07-20,23060,2025072003035741,NFS,Aryatara Investment & Securities,Dakshinkali Investment & Securities Pvt. Ltd.,26,731.0,19006.0,2025-07-20T14:43:38.059868
2025-07-20,22475,2025072003035867,NFS,Kumari Securities Private Limited,Dakshinkali Investment & Securities Pvt. Ltd.,24,731.0,17544.0,2025-07-20T14:44:11.784099
2025-07-20,22474,2025072003035868,NFS,Kumari Securities Private Limited,Kumari Securities Private Limited,50,731.0,36550.0,2025-07-20T14:44:11.784516
2025-07-20,22473,2025072003035869,NFS,Kumari Securities Private Limited,Indira securities pvt. ltd,126,731.0,92106.0,2025-07-20T14:44:11.784766
2025-07-20,22171,2025072003035964,NFS,Trishakti Securities Public Limited,Sani Securities Company Ltd.,25,730.0,18250.0,2025-07-20T14:44:35.362493
2025-07-20,21995,2025072003036003,NFS,Vision Securities Pvt. Ltd,Indira securities pvt. ltd,50,731.0,36550.0,2025-07-20T14:44:47.126888
2025-07-20,21687,2025072003036079,NFS,Aryatara Investment & Securities,Indira securities pvt. ltd,24,731.0,17544.0,2025-07-20T14:45:01.515961
2025-07-20,21137,2025072003036245,NFS,Aryatara Investment & Securities,Sweta Securities Private Limited,50,731.0,36550.0,2025-07-20T14:45:29.539326
2025-07-20,20385,2025072003036415,NFS,Aryatara Investment & Securities,Sundhara Securities Limited,26,731.0,19006.0,2025-07-20T14:46:09.073286
2025-07-20,20056,2025072003036487,NFS,Capital Max Securities Ltd,Sundhara Securities Limited,30,731.0,21930.0,2025-07-20T14:46:25.358611
2025-07-20,19787,2025072003036530,NFS,Imperial Securities Company Pvt. Ltd.,Sundhara Securities Limited,10,731.0,7310.0,2025-07-20T14:46:37.144938
2025-07-20,19766,2025072003036535,NFS,Midas Stock Broking Company Private Limited,Sundhara Securities Limited,24,731.0,17544.0,2025-07-20T14:46:39.073115
2025-07-20,19477,2025072003036585,NFS,Midas Stock Broking Company Private Limited,Sani Securities Company Ltd.,76,731.0,55556.0,2025-07-20T14:46:55.645858
2025-07-20,19476,2025072003036586,NFS,South Asian Bulls Pvt. Ltd.,Sani Securities Company Ltd.,10,731.0,7310.0,2025-07-20T14:46:55.646117
2025-07-20,19475,2025072003036587,NFS,Aryatara Investment & Securities,Sani Securities Company Ltd.,50,730.1,36505.0,2025-07-20T14:46:55.646216
2025-07-20,19474,2025072003036588,NFS,Trishakti Securities Public Limited,Sani Securities Company Ltd.,64,730.1,46726.4,2025-07-20T14:46:55.646306
2025-07-20,19115,2025072003036659,NFS,Dipshikha Dhitopatra Karobar Co. Pvt Ltd.,Bhrikuti Stock Broking Co. Pvt. Ltd.,10,733.0,7330.0,2025-07-20T14:47:13.2519
2025-07-20,18484,2025072003036821,NFS,Trishakti Securities Public Limited,Imperial Securities Company Pvt. Ltd.,375,733.0,274875.0,2025-07-20T14:47:46.828862
2025-07-20,18284,2025072003036884,NFS,Dipshikha Dhitopatra Karobar Co. Pvt Ltd.,Imperial Securities Company Pvt. Ltd.,10,733.0,7330.0,2025-07-20T14:47:56.342125
2025-07-20,18088,2025072003036937,NFS,Dipshikha Dhitopatra Karobar Co. Pvt Ltd.,Imperial Securities Company Pvt. Ltd.,10,733.0,7330.0,2025-07-20T14:48:04.631694
2025-07-20,17723,2025072003037015,NFS,Imperial Securities Company Pvt. Ltd.,Sani Securities Company Ltd.,10,734.0,7340.0,2025-07-20T14:48:26.43094
2025-07-20,17200,2025072003037161,NFS,South Asian Bulls Pvt. Ltd.,Sani Securities Company Ltd.,20,734.0,14680.0,2025-07-20T14:48:48.945438
2025-07-20,17199,2025072003037162,NFS,South Asian Bulls Pvt. Ltd.,Sweta Securities Private Limited,80,735.0,58800.0,2025-07-20T14:48:48.945687
2025-07-20,16303,2025072003037376,NFS,Kohinoor Investment & Securities Pvt. Ltd.,Sweta Securities Private Limited,10,735.0,7350.0,2025-07-20T14:49:31.88751
2025-07-20,16226,2025072003037396,NFS,South Asian Bulls Pvt. Ltd.,Sweta Securities Private Limited,30,735.0,22050.0,2025-07-20T14:49:35.847573
2025-07-20,16225,2025072003037397,NFS,South Asian Bulls Pvt. Ltd.,Imperial Securities Company Pvt. Ltd.,10,735.0,7350.0,2025-07-20T14:49:35.847816
2025-07-20,15391,2025072003037623,NFS,Nepal Stock House (PVT) Ltd.,Imperial Securities Company Pvt. Ltd.,560,735.0,411600.0,2025-07-20T14:50:14.698352
2025-07-20,15390,2025072003037624,NFS,Nepal Stock House (PVT) Ltd.,Imperial Securities Company Pvt. Ltd.,70,735.0,51450.0,2025-07-20T14:50:14.698619
