Date,S.N.,contract_id,symbol,buyer_broker,seller_broker,volume,price,amount,transaction_time
2025-07-20,177796,2025072005000068,NRN,Imperial Securities Company Pvt. Ltd.,Naasa Securities Co. Ltd.,100,2380.6,238060.0,2025-07-20T11:00:39.215546
2025-07-20,177645,2025072005000098,NRN,Imperial Securities Company Pvt. Ltd.,Himalayan Brokerage Company Limited,100,2380.6,238060.0,2025-07-20T11:01:00.767906
2025-07-20,177388,2025072005000139,NRN,Primo Securities (PVT) Ltd.,Vision Securities Pvt. Ltd,10,2381.0,23810.0,2025-07-20T11:01:28.436697
2025-07-20,176336,2025072005000302,NRN,Dynamic Money Managers Securities Pvt. Ltd.,Vision Securities Pvt. Ltd,45,2380.0,107100.0,2025-07-20T11:03:01.075575
2025-07-20,176335,2025072005000303,NRN,Dynamic Money Managers Securities Pvt. Ltd.,Sweta Securities Private Limited,10,2380.0,23800.0,2025-07-20T11:03:01.075636
2025-07-20,176334,2025072005000304,NRN,Dynamic Money Managers Securities Pvt. Ltd.,Magnet Securities and Investment Company Private Limited,200,2381.0,476200.0,2025-07-20T11:03:01.075688
2025-07-20,176333,2025072005000305,NRN,Dynamic Money Managers Securities Pvt. Ltd.,Magnet Securities and Investment Company Private Limited,90,2381.0,214290.0,2025-07-20T11:03:01.075731
2025-07-20,176098,2025072005000336,NRN,Siprabi Securities Pvt. Ltd.,Magnet Securities and Investment Company Private Limited,10,2381.0,23810.0,2025-07-20T11:03:18.705747
2025-07-20,176097,2025072005000337,NRN,Siprabi Securities Pvt. Ltd.,KALASH STOCK MARKET PVT. LTD.,20,2385.0,47700.0,2025-07-20T11:03:18.70583
2025-07-20,175705,2025072005000415,NRN,Naasa Securities Co. Ltd.,Sri Hari Securities Pvt. Ltd.,11,2370.0,26070.0,2025-07-20T11:03:50.802174
2025-07-20,174808,2025072005000610,NRN,Naasa Securities Co. Ltd.,Sani Securities Company Ltd.,11,2372.0,26092.0,2025-07-20T11:04:58.926759
2025-07-20,174386,2025072005000700,NRN,Dynamic Money Managers Securities Pvt. Ltd.,Sumeru Securities Pvt. Ltd.,100,2372.1,237210.0,2025-07-20T11:05:25.537174
2025-07-20,174337,2025072005000710,NRN,Naasa Securities Co. Ltd.,Dakshinkali Investment & Securities Pvt. Ltd.,11,2372.0,26092.0,2025-07-20T11:05:28.237815
2025-07-20,174123,2025072005000764,NRN,Naasa Securities Co. Ltd.,Sumeru Securities Pvt. Ltd.,30,2372.0,71160.0,2025-07-20T11:05:44.681125
2025-07-20,173871,2025072005000807,NRN,Naasa Securities Co. Ltd.,Siprabi Securities Pvt. Ltd.,11,2372.0,26092.0,2025-07-20T11:06:01.088169
2025-07-20,173242,2025072005000935,NRN,Blue Chip Securities Ltd,Sanima Securities Limited,200,2373.0,474600.0,2025-07-20T11:06:37.945099
2025-07-20,173081,2025072005000963,NRN,Naasa Securities Co. Ltd.,Sanima Securities Limited,26,2372.0,61672.0,2025-07-20T11:06:49.964969
2025-07-20,173080,2025072005000964,NRN,Cristal Kanchanjanga Securites Pvt. Ltd.,Sanima Securities Limited,24,2372.0,56928.0,2025-07-20T11:06:49.965052
2025-07-20,172527,2025072005001033,NRN,Dynamic Money Managers Securities Pvt. Ltd.,Sweta Securities Private Limited,50,2372.1,118605.0,2025-07-20T11:07:23.602461
2025-07-20,172526,2025072005001034,NRN,Cristal Kanchanjanga Securites Pvt. Ltd.,Sweta Securities Private Limited,76,2372.0,180272.0,2025-07-20T11:07:23.602567
2025-07-20,172525,2025072005001035,NRN,Sumeru Securities Pvt. Ltd.,Sweta Securities Private Limited,20,2372.0,47440.0,2025-07-20T11:07:23.60261
2025-07-20,172125,2025072005001109,NRN,Roadshow securities limited,Sweta Securities Private Limited,50,2372.0,118600.0,2025-07-20T11:07:46.174091
2025-07-20,171997,2025072005001134,NRN,Dynamic Money Managers Securities Pvt. Ltd.,Aryatara Investment & Securities,20,2372.0,47440.0,2025-07-20T11:07:55.068006
2025-07-20,171996,2025072005001135,NRN,Dynamic Money Managers Securities Pvt. Ltd.,Premier Securities Company Ltd.,11,2372.0,26092.0,2025-07-20T11:07:55.068095
2025-07-20,171995,2025072005001136,NRN,Dynamic Money Managers Securities Pvt. Ltd.,Agrawal Securities (PVT) Ltd.,54,2372.0,128088.0,2025-07-20T11:07:55.068146
2025-07-20,171723,2025072005001170,NRN,Aakashbhairab Securities Ltd.,Imperial Securities Company Pvt. Ltd.,20,2372.0,47440.0,2025-07-20T11:08:13.994227
2025-07-20,171563,2025072005001202,NRN,Cristal Kanchanjanga Securites Pvt. Ltd.,Nepal Stock House (PVT) Ltd.,100,2365.0,236500.0,2025-07-20T11:08:25.28902
2025-07-20,171562,2025072005001203,NRN,Deevyaa Securities & Stock House Pvt. Ltd,Nepal Stock House (PVT) Ltd.,700,2365.0,1655500.0,2025-07-20T11:08:25.289201
2025-07-20,170683,2025072005001312,NRN,Indira securities pvt. ltd,Nepal Stock House (PVT) Ltd.,200,2365.0,473000.0,2025-07-20T11:09:10.591731
2025-07-20,169817,2025072005001421,NRN,Trishakti Securities Public Limited,Imperial Securities Company Pvt. Ltd.,480,2372.0,1138560.0,2025-07-20T11:10:07.098931
2025-07-20,169361,2025072005001479,NRN,Naasa Securities Co. Ltd.,Aryatara Investment & Securities,20,2365.0,47300.0,2025-07-20T11:10:40.166582
2025-07-20,169208,2025072005001511,NRN,Primo Securities (PVT) Ltd.,Imperial Securities Company Pvt. Ltd.,10,2379.0,23790.0,2025-07-20T11:10:51.118438
2025-07-20,168951,2025072005001544,NRN,Indira securities pvt. ltd,Dakshinkali Investment & Securities Pvt. Ltd.,11,2366.0,26026.0,2025-07-20T11:11:12.181985
2025-07-20,168939,2025072005001548,NRN,Indira securities pvt. ltd,Neev Securities Pvt. Ltd.,189,2366.0,447174.0,2025-07-20T11:11:12.89531
2025-07-20,168719,2025072005001584,NRN,Indira securities pvt. ltd,N.M.B. SECURITIES LIMITED,200,2362.0,472400.0,2025-07-20T11:11:24.422859
2025-07-20,168718,2025072005001585,NRN,Primo Securities (PVT) Ltd.,N.M.B. SECURITIES LIMITED,10,2361.0,23610.0,2025-07-20T11:11:24.422916
2025-07-20,168717,2025072005001586,NRN,Naasa Securities Co. Ltd.,N.M.B. SECURITIES LIMITED,190,2360.0,448400.0,2025-07-20T11:11:24.42295
2025-07-20,168444,2025072005001631,NRN,Naasa Securities Co. Ltd.,Online Securities Pvt. Ltd.,150,2360.0,354000.0,2025-07-20T11:11:43.608233
2025-07-20,166651,2025072005001913,NRN,Trishakti Securities Public Limited,Linch Stock Market Ltd.,11,2362.0,25982.0,2025-07-20T11:13:50.69492
2025-07-20,166126,2025072005001980,NRN,Kohinoor Investment & Securities Pvt. Ltd.,Opal Securities Investment (PVT) Ltd.,50,2370.0,118500.0,2025-07-20T11:14:33.191465
2025-07-20,166125,2025072005001981,NRN,Kohinoor Investment & Securities Pvt. Ltd.,Trisul Securities & Invt. Ltd.,200,2375.0,475000.0,2025-07-20T11:14:33.19159
2025-07-20,166124,2025072005001982,NRN,Kohinoor Investment & Securities Pvt. Ltd.,Imperial Securities Company Pvt. Ltd.,10,2375.0,23750.0,2025-07-20T11:14:33.191638
2025-07-20,166123,2025072005001983,NRN,Kohinoor Investment & Securities Pvt. Ltd.,Magnet Securities and Investment Company Private Limited,160,2376.0,380160.0,2025-07-20T11:14:33.191685
2025-07-20,165963,2025072005002015,NRN,Trishakti Securities Public Limited,Magnet Securities and Investment Company Private Limited,40,2376.0,95040.0,2025-07-20T11:14:48.102636
2025-07-20,165962,2025072005002016,NRN,Trishakti Securities Public Limited,Magnet Securities and Investment Company Private Limited,100,2376.0,237600.0,2025-07-20T11:14:48.102886
2025-07-20,165907,2025072005002021,NRN,Trishakti Securities Public Limited,ABC Securities Private Limited,50,2376.0,118800.0,2025-07-20T11:14:51.192827
2025-07-20,165744,2025072005002066,NRN,Trishakti Securities Public Limited,Online Securities Pvt. Ltd.,150,2376.0,356400.0,2025-07-20T11:15:02.439051
2025-07-20,165720,2025072005002075,NRN,Midas Stock Broking Company Private Limited,Neev Securities Pvt. Ltd.,20,2377.0,47540.0,2025-07-20T11:15:03.766965
2025-07-20,165473,2025072005002131,NRN,Cristal Kanchanjanga Securites Pvt. Ltd.,Neev Securities Pvt. Ltd.,180,2377.0,427860.0,2025-07-20T11:15:25.286682
2025-07-20,165472,2025072005002132,NRN,Cristal Kanchanjanga Securites Pvt. Ltd.,Imperial Securities Company Pvt. Ltd.,90,2379.0,214110.0,2025-07-20T11:15:25.286811
2025-07-20,165471,2025072005002133,NRN,Cristal Kanchanjanga Securites Pvt. Ltd.,Naasa Securities Co. Ltd.,180,2379.0,428220.0,2025-07-20T11:15:25.286864
2025-07-20,165470,2025072005002134,NRN,Cristal Kanchanjanga Securites Pvt. Ltd.,Prabhu Stock Market Limited,50,2380.0,119000.0,2025-07-20T11:15:25.286914
2025-07-20,165469,2025072005002135,NRN,Cristal Kanchanjanga Securites Pvt. Ltd.,Secured Securities Ltd.,100,2380.0,238000.0,2025-07-20T11:15:25.286959
2025-07-20,165468,2025072005002136,NRN,Cristal Kanchanjanga Securites Pvt. Ltd.,Online Securities Pvt. Ltd.,300,2380.0,714000.0,2025-07-20T11:15:25.287006
2025-07-20,165467,2025072005002137,NRN,Cristal Kanchanjanga Securites Pvt. Ltd.,Naasa Securities Co. Ltd.,40,2380.0,95200.0,2025-07-20T11:15:25.28705
2025-07-20,165445,2025072005002142,NRN,Aakashbhairab Securities Ltd.,Deevyaa Securities & Stock House Pvt. Ltd,500,2381.0,1190500.0,2025-07-20T11:15:26.126406
2025-07-20,165379,2025072005002160,NRN,Aakashbhairab Securities Ltd.,N.M.B. SECURITIES LIMITED,500,2381.0,1190500.0,2025-07-20T11:15:29.643043
2025-07-20,164830,2025072005002284,NRN,Aakashbhairab Securities Ltd.,Dipshikha Dhitopatra Karobar Co. Pvt Ltd.,11,2381.0,26191.0,2025-07-20T11:16:01.84633
2025-07-20,164052,2025072005002491,NRN,Online Securities Pvt. Ltd.,Naasa Securities Co. Ltd.,11,2385.0,26235.0,2025-07-20T11:16:45.028994
2025-07-20,164051,2025072005002492,NRN,Online Securities Pvt. Ltd.,Neev Securities Pvt. Ltd.,89,2394.0,213066.0,2025-07-20T11:16:45.029129
2025-07-20,163204,2025072005002669,NRN,Cristal Kanchanjanga Securites Pvt. Ltd.,Dakshinkali Investment & Securities Pvt. Ltd.,100,2395.0,239500.0,2025-07-20T11:17:39.198485
2025-07-20,163203,2025072005002670,NRN,Cristal Kanchanjanga Securites Pvt. Ltd.,Dipshikha Dhitopatra Karobar Co. Pvt Ltd.,11,2395.0,26345.0,2025-07-20T11:17:39.198609
2025-07-20,163202,2025072005002671,NRN,Cristal Kanchanjanga Securites Pvt. Ltd.,Dynamic Money Managers Securities Pvt. Ltd.,101,2396.0,241996.0,2025-07-20T11:17:39.198664
2025-07-20,163201,2025072005002672,NRN,Cristal Kanchanjanga Securites Pvt. Ltd.,Dakshinkali Investment & Securities Pvt. Ltd.,100,2397.0,239700.0,2025-07-20T11:17:39.198725
2025-07-20,163200,2025072005002673,NRN,Cristal Kanchanjanga Securites Pvt. Ltd.,Secured Securities Ltd.,105,2398.0,251790.0,2025-07-20T11:17:39.198777
2025-07-20,163199,2025072005002674,NRN,Cristal Kanchanjanga Securites Pvt. Ltd.,Magnet Securities and Investment Company Private Limited,100,2399.0,239900.0,2025-07-20T11:17:39.198826
2025-07-20,163198,2025072005002675,NRN,Cristal Kanchanjanga Securites Pvt. Ltd.,Neev Securities Pvt. Ltd.,10,2399.0,23990.0,2025-07-20T11:17:39.198873
2025-07-20,163197,2025072005002676,NRN,Cristal Kanchanjanga Securites Pvt. Ltd.,Sunrise Securities Limited,100,2399.0,239900.0,2025-07-20T11:17:39.198923
2025-07-20,163196,2025072005002677,NRN,Cristal Kanchanjanga Securites Pvt. Ltd.,Nepal Investment And Securities Trading Private Limited,20,2399.8,47996.0,2025-07-20T11:17:39.19897
2025-07-20,163195,2025072005002678,NRN,Cristal Kanchanjanga Securites Pvt. Ltd.,Imperial Securities Company Pvt. Ltd.,200,2399.8,479960.0,2025-07-20T11:17:39.199019
2025-07-20,163194,2025072005002679,NRN,Cristal Kanchanjanga Securites Pvt. Ltd.,Primo Securities (PVT) Ltd.,50,2400.0,120000.0,2025-07-20T11:17:39.199068
2025-07-20,163193,2025072005002680,NRN,Cristal Kanchanjanga Securites Pvt. Ltd.,Opal Securities Investment (PVT) Ltd.,11,2400.0,26400.0,2025-07-20T11:17:39.199117
2025-07-20,163192,2025072005002681,NRN,Cristal Kanchanjanga Securites Pvt. Ltd.,Dipshikha Dhitopatra Karobar Co. Pvt Ltd.,76,2400.0,182400.0,2025-07-20T11:17:39.199162
2025-07-20,163191,2025072005002682,NRN,Cristal Kanchanjanga Securites Pvt. Ltd.,Deevyaa Securities & Stock House Pvt. Ltd,11,2400.0,26400.0,2025-07-20T11:17:39.199204
2025-07-20,163190,2025072005002683,NRN,Cristal Kanchanjanga Securites Pvt. Ltd.,Ashutosh Brokerage & Securities (PVT) Ltd.,20,2400.0,48000.0,2025-07-20T11:17:39.199248
2025-07-20,163189,2025072005002684,NRN,Cristal Kanchanjanga Securites Pvt. Ltd.,Imperial Securities Company Pvt. Ltd.,200,2400.0,480000.0,2025-07-20T11:17:39.199299
2025-07-20,163188,2025072005002685,NRN,Cristal Kanchanjanga Securites Pvt. Ltd.,Premier Securities Company Ltd.,200,2400.0,480000.0,2025-07-20T11:17:39.199358
2025-07-20,163187,2025072005002686,NRN,Cristal Kanchanjanga Securites Pvt. Ltd.,Premier Securities Company Ltd.,500,2400.0,1200000.0,2025-07-20T11:17:39.199401
2025-07-20,163125,2025072005002696,NRN,Cristal Kanchanjanga Securites Pvt. Ltd.,ABC Securities Private Limited,85,2400.0,204000.0,2025-07-20T11:17:42.385267
2025-07-20,162067,2025072005002936,NRN,APPLE SECURITIES PRIVATE LIMITED,Kumari Securities Private Limited,11,2386.0,26246.0,2025-07-20T11:18:51.49321
2025-07-20,161090,2025072005003167,NRN,Vision Securities Pvt. Ltd,Bhrikuti Stock Broking Co. Pvt. Ltd.,11,2390.1,26291.1,2025-07-20T11:19:57.386463
2025-07-20,160532,2025072005003304,NRN,Vision Securities Pvt. Ltd,Sundhara Securities Limited,20,2392.1,47842.0,2025-07-20T11:20:40.557008
2025-07-20,159908,2025072005003436,NRN,Capital Max Securities Ltd,Capital Max Securities Ltd,300,2399.0,719700.0,2025-07-20T11:21:17.194411
2025-07-20,159907,2025072005003437,NRN,Capital Max Securities Ltd,Trishakti Securities Public Limited,10,2400.0,24000.0,2025-07-20T11:21:17.194625
2025-07-20,159906,2025072005003438,NRN,Capital Max Securities Ltd,Stoxkarts Securities Limited,100,2400.0,240000.0,2025-07-20T11:21:17.194682
2025-07-20,159905,2025072005003439,NRN,Capital Max Securities Ltd,Nepal Investment And Securities Trading Private Limited,11,2400.0,26400.0,2025-07-20T11:21:17.19473
2025-07-20,159720,2025072005003470,NRN,Oxford Securities Pvt. Ltd.,R.B.B. Securities Company Ltd,50,2405.0,120250.0,2025-07-20T11:21:28.874961
2025-07-20,159719,2025072005003471,NRN,Oxford Securities Pvt. Ltd.,Opal Securities Investment (PVT) Ltd.,25,2405.0,60125.0,2025-07-20T11:21:28.875212
2025-07-20,159693,2025072005003480,NRN,Capital Max Securities Ltd,Online Securities Pvt. Ltd.,11,2400.0,26400.0,2025-07-20T11:21:30.097693
2025-07-20,159654,2025072005003484,NRN,Deevyaa Securities & Stock House Pvt. Ltd,Neev Securities Pvt. Ltd.,111,2406.8,267154.8,2025-07-20T11:21:32.451984
2025-07-20,159653,2025072005003485,NRN,Deevyaa Securities & Stock House Pvt. Ltd,KALASH STOCK MARKET PVT. LTD.,90,2407.0,216630.0,2025-07-20T11:21:32.452205
2025-07-20,159652,2025072005003486,NRN,Deevyaa Securities & Stock House Pvt. Ltd,Sumeru Securities Pvt. Ltd.,100,2412.0,241200.0,2025-07-20T11:21:32.452378
2025-07-20,159651,2025072005003487,NRN,Deevyaa Securities & Stock House Pvt. Ltd,Himalayan Brokerage Company Limited,80,2415.0,193200.0,2025-07-20T11:21:32.452531
2025-07-20,159650,2025072005003488,NRN,Deevyaa Securities & Stock House Pvt. Ltd,Sundhara Securities Limited,10,2415.0,24150.0,2025-07-20T11:21:32.452705
2025-07-20,159649,2025072005003489,NRN,Deevyaa Securities & Stock House Pvt. Ltd,J.F. Securites (PVT) Ltd.,18,2419.4,43549.2,2025-07-20T11:21:32.452846
2025-07-20,159648,2025072005003490,NRN,Deevyaa Securities & Stock House Pvt. Ltd,Cristal Kanchanjanga Securites Pvt. Ltd.,300,2420.0,726000.0,2025-07-20T11:21:32.452984
2025-07-20,159647,2025072005003491,NRN,Deevyaa Securities & Stock House Pvt. Ltd,Sunrise Securities Limited,200,2420.0,484000.0,2025-07-20T11:21:32.45312
2025-07-20,158525,2025072005003737,NRN,Deevyaa Securities & Stock House Pvt. Ltd,ABC Securities Private Limited,11,2420.0,26620.0,2025-07-20T11:22:46.623157
2025-07-20,158038,2025072005003817,NRN,Online Securities Pvt. Ltd.,Thrive Brokerage House Pvt. Ltd,20,2425.0,48500.0,2025-07-20T11:23:20.652679
2025-07-20,157939,2025072005003838,NRN,BHOLE GANESH SECURITIES LTD,Thrive Brokerage House Pvt. Ltd,130,2425.0,315250.0,2025-07-20T11:23:28.193825
2025-07-20,157938,2025072005003839,NRN,BHOLE GANESH SECURITIES LTD,Agrawal Securities (PVT) Ltd.,100,2425.0,242500.0,2025-07-20T11:23:28.19389
2025-07-20,157937,2025072005003840,NRN,BHOLE GANESH SECURITIES LTD,Vision Securities Pvt. Ltd,1000,2425.0,2425000.0,2025-07-20T11:23:28.193924
2025-07-20,157936,2025072005003841,NRN,BHOLE GANESH SECURITIES LTD,Opal Securities Investment (PVT) Ltd.,100,2425.0,242500.0,2025-07-20T11:23:28.193946
2025-07-20,157935,2025072005003842,NRN,BHOLE GANESH SECURITIES LTD,Online Securities Pvt. Ltd.,11,2425.0,26675.0,2025-07-20T11:23:28.193969
2025-07-20,157934,2025072005003843,NRN,BHOLE GANESH SECURITIES LTD,Nepal Stock House (PVT) Ltd.,11,2428.0,26708.0,2025-07-20T11:23:28.194
2025-07-20,157933,2025072005003844,NRN,BHOLE GANESH SECURITIES LTD,Nepal Stock House (PVT) Ltd.,11,2428.0,26708.0,2025-07-20T11:23:28.194026
2025-07-20,157932,2025072005003845,NRN,BHOLE GANESH SECURITIES LTD,BHOLE GANESH SECURITIES LTD,637,2428.0,1546636.0,2025-07-20T11:23:28.194048
2025-07-20,157592,2025072005003925,NRN,Trisul Securities & Invt. Ltd.,Thrive Brokerage House Pvt. Ltd,100,2428.0,242800.0,2025-07-20T11:23:49.719146
2025-07-20,157591,2025072005003926,NRN,Trisul Securities & Invt. Ltd.,Cristal Kanchanjanga Securites Pvt. Ltd.,11,2428.0,26708.0,2025-07-20T11:23:49.719269
2025-07-20,157506,2025072005003944,NRN,Trisul Securities & Invt. Ltd.,KALASH STOCK MARKET PVT. LTD.,10,2428.0,24280.0,2025-07-20T11:23:55.48406
2025-07-20,157268,2025072005004005,NRN,Trisul Securities & Invt. Ltd.,Siprabi Securities Pvt. Ltd.,100,2428.2,242820.0,2025-07-20T11:24:12.186589
2025-07-20,157267,2025072005004006,NRN,Trisul Securities & Invt. Ltd.,Sumeru Securities Pvt. Ltd.,69,2428.2,167545.8,2025-07-20T11:24:12.186715
2025-07-20,157170,2025072005004029,NRN,Nepal Stock House (PVT) Ltd.,Sumeru Securities Pvt. Ltd.,41,2428.2,99556.2,2025-07-20T11:24:18.134377
2025-07-20,157169,2025072005004030,NRN,Nepal Stock House (PVT) Ltd.,Naasa Securities Co. Ltd.,50,2428.2,121410.0,2025-07-20T11:24:18.134495
2025-07-20,156649,2025072005004097,NRN,Nepal Stock House (PVT) Ltd.,Sumeru Securities Pvt. Ltd.,19,2428.0,46132.0,2025-07-20T11:24:53.54915
2025-07-20,156431,2025072005004170,NRN,Naasa Securities Co. Ltd.,Opal Securities Investment (PVT) Ltd.,60,2424.0,145440.0,2025-07-20T11:25:10.747535
2025-07-20,155840,2025072005004277,NRN,Deevyaa Securities & Stock House Pvt. Ltd,Aakashbhairab Securities Ltd.,80,2420.0,193600.0,2025-07-20T11:25:48.514394
2025-07-20,155839,2025072005004278,NRN,Online Securities Pvt. Ltd.,Aakashbhairab Securities Ltd.,10,2420.0,24200.0,2025-07-20T11:25:48.514535
2025-07-20,155780,2025072005004288,NRN,Cristal Kanchanjanga Securites Pvt. Ltd.,Aakashbhairab Securities Ltd.,10,2420.0,24200.0,2025-07-20T11:25:52.94695
2025-07-20,155689,2025072005004316,NRN,Imperial Securities Company Pvt. Ltd.,Nepal Stock House (PVT) Ltd.,100,2425.0,242500.0,2025-07-20T11:26:00.276847
2025-07-20,155360,2025072005004376,NRN,Imperial Securities Company Pvt. Ltd.,Shree Krishna Securities Ltd.,100,2425.0,242500.0,2025-07-20T11:26:28.444254
2025-07-20,154851,2025072005004445,NRN,Trisul Securities & Invt. Ltd.,Shree Krishna Securities Ltd.,500,2420.0,1210000.0,2025-07-20T11:27:05.327812
2025-07-20,153522,2025072005004657,NRN,Cristal Kanchanjanga Securites Pvt. Ltd.,Shree Krishna Securities Ltd.,90,2402.0,216180.0,2025-07-20T11:28:39.239432
2025-07-20,153521,2025072005004658,NRN,Vision Securities Pvt. Ltd,Shree Krishna Securities Ltd.,19,2400.1,45601.9,2025-07-20T11:28:39.239596
2025-07-20,153520,2025072005004659,NRN,Naasa Securities Co. Ltd.,Shree Krishna Securities Ltd.,20,2400.1,48002.0,2025-07-20T11:28:39.239661
2025-07-20,153519,2025072005004660,NRN,Naasa Securities Co. Ltd.,Shree Krishna Securities Ltd.,1771,2400.0,4250400.0,2025-07-20T11:28:39.239745
2025-07-20,153233,2025072005004689,NRN,Indira securities pvt. ltd,INDEX SECURITIES LIMITED,100,2400.1,240010.0,2025-07-20T11:28:59.744558
2025-07-20,153232,2025072005004690,NRN,Naasa Securities Co. Ltd.,INDEX SECURITIES LIMITED,3570,2400.0,8568000.0,2025-07-20T11:28:59.7447
2025-07-20,152955,2025072005004750,NRN,J.F. Securites (PVT) Ltd.,Imperial Securities Company Pvt. Ltd.,11,2401.0,26411.0,2025-07-20T11:29:19.144206
2025-07-20,151985,2025072005004951,NRN,Pragyan Securities (PVT) Ltd.,Oxford Securities Pvt. Ltd.,10,2402.0,24020.0,2025-07-20T11:30:31.544226
2025-07-20,151317,2025072005005094,NRN,Pragyan Securities (PVT) Ltd.,Dipshikha Dhitopatra Karobar Co. Pvt Ltd.,11,2402.0,26422.0,2025-07-20T11:31:25.936103
2025-07-20,150864,2025072005005184,NRN,Trisul Securities & Invt. Ltd.,NIMB Stock Markets Limited,12,2417.9,29014.8,2025-07-20T11:31:57.521484
2025-07-20,150863,2025072005005185,NRN,Trisul Securities & Invt. Ltd.,Sri Hari Securities Pvt. Ltd.,44,2418.0,106392.0,2025-07-20T11:31:57.521675
2025-07-20,150862,2025072005005186,NRN,Trisul Securities & Invt. Ltd.,Himalayan Brokerage Company Limited,144,2418.0,348192.0,2025-07-20T11:31:57.521769
2025-07-20,150531,2025072005005278,NRN,Naasa Securities Co. Ltd.,ABC Securities Private Limited,11,2410.0,26510.0,2025-07-20T11:32:19.950224
2025-07-20,150381,2025072005005307,NRN,Dynamic Money Managers Securities Pvt. Ltd.,Himalayan Brokerage Company Limited,100,2418.0,241800.0,2025-07-20T11:32:30.812906
2025-07-20,150211,2025072005005342,NRN,APPLE SECURITIES PRIVATE LIMITED,Himalayan Brokerage Company Limited,156,2418.0,377208.0,2025-07-20T11:32:40.957634
2025-07-20,150210,2025072005005343,NRN,APPLE SECURITIES PRIVATE LIMITED,Asian Securities Private Ltd.,100,2419.0,241900.0,2025-07-20T11:32:40.957929
2025-07-20,150209,2025072005005344,NRN,APPLE SECURITIES PRIVATE LIMITED,Shree Krishna Securities Ltd.,733,2420.0,1773860.0,2025-07-20T11:32:40.958121
2025-07-20,149913,2025072005005423,NRN,Pragyan Securities (PVT) Ltd.,Aakashbhairab Securities Ltd.,20,2411.0,48220.0,2025-07-20T11:33:01.899236
2025-07-20,149602,2025072005005505,NRN,Capital Max Securities Ltd,Shree Krishna Securities Ltd.,767,2420.0,1856140.0,2025-07-20T11:33:24.834947
2025-07-20,149136,2025072005005575,NRN,Sundhara Securities Limited,Aakashbhairab Securities Ltd.,82,2412.0,197784.0,2025-07-20T11:34:03.124883
2025-07-20,148921,2025072005005614,NRN,Midas Stock Broking Company Private Limited,Sani Securities Company Ltd.,10,2415.0,24150.0,2025-07-20T11:34:19.379693
2025-07-20,148907,2025072005005616,NRN,Agrawal Securities (PVT) Ltd.,Aakashbhairab Securities Ltd.,20,2410.1,48202.0,2025-07-20T11:34:21.187387
2025-07-20,148906,2025072005005617,NRN,Imperial Securities Company Pvt. Ltd.,Aakashbhairab Securities Ltd.,50,2410.1,120505.0,2025-07-20T11:34:21.187576
2025-07-20,148291,2025072005005720,NRN,Siprabi Securities Pvt. Ltd.,Deevyaa Securities & Stock House Pvt. Ltd,50,2411.0,120550.0,2025-07-20T11:35:03.973006
2025-07-20,148290,2025072005005721,NRN,Naasa Securities Co. Ltd.,Deevyaa Securities & Stock House Pvt. Ltd,10,2410.0,24100.0,2025-07-20T11:35:03.973354
2025-07-20,147767,2025072005005844,NRN,Sri Hari Securities Pvt. Ltd.,Imperial Securities Company Pvt. Ltd.,20,2420.0,48400.0,2025-07-20T11:35:37.28719
2025-07-20,147432,2025072005005877,NRN,Sri Hari Securities Pvt. Ltd.,Sumeru Securities Pvt. Ltd.,30,2420.0,72600.0,2025-07-20T11:35:58.308471
2025-07-20,147224,2025072005005916,NRN,Trishakti Securities Public Limited,Sumeru Securities Pvt. Ltd.,31,2420.0,75020.0,2025-07-20T11:36:15.035463
2025-07-20,147223,2025072005005917,NRN,Trishakti Securities Public Limited,Aakashbhairab Securities Ltd.,30,2420.0,72600.0,2025-07-20T11:36:15.035611
2025-07-20,147149,2025072005005938,NRN,Trademow Securities Private Limited,Aakashbhairab Securities Ltd.,100,2420.0,242000.0,2025-07-20T11:36:21.553484
2025-07-20,147148,2025072005005939,NRN,Capital Max Securities Ltd,Aakashbhairab Securities Ltd.,20,2415.0,48300.0,2025-07-20T11:36:21.553823
2025-07-20,146511,2025072005006082,NRN,Capital Max Securities Ltd,Aakashbhairab Securities Ltd.,100,2415.0,241500.0,2025-07-20T11:37:09.698796
2025-07-20,146510,2025072005006083,NRN,Aakashbhairab Securities Ltd.,Aakashbhairab Securities Ltd.,20,2415.0,48300.0,2025-07-20T11:37:09.698992
2025-07-20,144144,2025072005006550,NRN,J.F. Securites (PVT) Ltd.,Himalayan Brokerage Company Limited,100,2411.2,241120.0,2025-07-20T11:40:11.99379
2025-07-20,144143,2025072005006551,NRN,J.F. Securites (PVT) Ltd.,Himalayan Brokerage Company Limited,63,2411.2,151905.6,2025-07-20T11:40:11.993974
2025-07-20,142615,2025072005006776,NRN,J.F. Securites (PVT) Ltd.,Deevyaa Securities & Stock House Pvt. Ltd,37,2411.2,89214.4,2025-07-20T11:42:01.329752
2025-07-20,142614,2025072005006777,NRN,Premier Securities Company Ltd.,Deevyaa Securities & Stock House Pvt. Ltd,113,2403.0,271539.0,2025-07-20T11:42:01.329922
2025-07-20,142396,2025072005006818,NRN,Premier Securities Company Ltd.,Sani Securities Company Ltd.,11,2403.0,26433.0,2025-07-20T11:42:16.773863
2025-07-20,142268,2025072005006843,NRN,Premier Securities Company Ltd.,Sumeru Securities Pvt. Ltd.,1876,2403.0,4508028.0,2025-07-20T11:42:24.879627
2025-07-20,142267,2025072005006844,NRN,Premier Securities Company Ltd.,Sumeru Securities Pvt. Ltd.,424,2403.0,1018872.0,2025-07-20T11:42:24.87983
2025-07-20,141473,2025072005006978,NRN,Premier Securities Company Ltd.,Shree Krishna Securities Ltd.,1000,2403.0,2403000.0,2025-07-20T11:43:11.13723
2025-07-20,141243,2025072005007009,NRN,Premier Securities Company Ltd.,Imperial Securities Company Pvt. Ltd.,76,2403.0,182628.0,2025-07-20T11:43:25.571989
2025-07-20,140890,2025072005007100,NRN,Sweta Securities Private Limited,Imperial Securities Company Pvt. Ltd.,24,2403.0,57672.0,2025-07-20T11:43:45.108565
2025-07-20,140694,2025072005007121,NRN,Sweta Securities Private Limited,Nagarik Stock Dealer ,26,2403.0,62478.0,2025-07-20T11:43:58.081854
2025-07-20,140693,2025072005007122,NRN,Sweta Securities Private Limited,Nagarik Stock Dealer ,50,2401.2,120060.0,2025-07-20T11:43:58.082086
2025-07-20,140692,2025072005007123,NRN,Bhrikuti Stock Broking Co. Pvt. Ltd.,Nagarik Stock Dealer ,50,2401.1,120055.0,2025-07-20T11:43:58.082174
2025-07-20,140691,2025072005007124,NRN,Ashutosh Brokerage & Securities (PVT) Ltd.,Nagarik Stock Dealer ,100,2401.0,240100.0,2025-07-20T11:43:58.082285
2025-07-20,140690,2025072005007125,NRN,Sundhara Securities Limited,Nagarik Stock Dealer ,10,2400.2,24002.0,2025-07-20T11:43:58.082474
2025-07-20,140689,2025072005007126,NRN,Nabil Stock Dealer Ltd.,Nagarik Stock Dealer ,100,2400.1,240010.0,2025-07-20T11:43:58.082577
2025-07-20,140688,2025072005007127,NRN,Bhrikuti Stock Broking Co. Pvt. Ltd.,Nagarik Stock Dealer ,455,2400.0,1092000.0,2025-07-20T11:43:58.082723
2025-07-20,139984,2025072005007241,NRN,Trishakti Securities Public Limited,Imperial Securities Company Pvt. Ltd.,100,2400.1,240010.0,2025-07-20T11:44:46.178107
2025-07-20,139485,2025072005007371,NRN,Trishakti Securities Public Limited,Aakashbhairab Securities Ltd.,900,2400.1,2160090.0,2025-07-20T11:45:19.334405
2025-07-20,139484,2025072005007372,NRN,Bhrikuti Stock Broking Co. Pvt. Ltd.,Aakashbhairab Securities Ltd.,100,2400.0,240000.0,2025-07-20T11:45:19.334624
2025-07-20,138850,2025072005007492,NRN,Bhrikuti Stock Broking Co. Pvt. Ltd.,Citizens Share Broker Limited,200,2400.0,480000.0,2025-07-20T11:45:58.552888
2025-07-20,138777,2025072005007505,NRN,Bhrikuti Stock Broking Co. Pvt. Ltd.,Kohinoor Investment & Securities Pvt. Ltd.,245,2400.0,588000.0,2025-07-20T11:46:02.598687
2025-07-20,138776,2025072005007506,NRN,Ashutosh Brokerage & Securities (PVT) Ltd.,Kohinoor Investment & Securities Pvt. Ltd.,100,2400.0,240000.0,2025-07-20T11:46:02.5989
2025-07-20,138775,2025072005007507,NRN,Sweta Securities Private Limited,Kohinoor Investment & Securities Pvt. Ltd.,300,2400.0,720000.0,2025-07-20T11:46:02.598984
2025-07-20,138774,2025072005007508,NRN,Miyo Securities Pvt Ltd,Kohinoor Investment & Securities Pvt. Ltd.,100,2400.0,240000.0,2025-07-20T11:46:02.599065
2025-07-20,138773,2025072005007509,NRN,R.B.B. Securities Company Ltd,Kohinoor Investment & Securities Pvt. Ltd.,210,2400.0,504000.0,2025-07-20T11:46:02.599158
2025-07-20,138772,2025072005007510,NRN,KALASH STOCK MARKET PVT. LTD.,Kohinoor Investment & Securities Pvt. Ltd.,45,2400.0,108000.0,2025-07-20T11:46:02.599241
2025-07-20,138671,2025072005007533,NRN,KALASH STOCK MARKET PVT. LTD.,Online Securities Pvt. Ltd.,20,2400.0,48000.0,2025-07-20T11:46:07.407907
2025-07-20,138324,2025072005007596,NRN,KALASH STOCK MARKET PVT. LTD.,Citizens Share Broker Limited,18,2400.0,43200.0,2025-07-20T11:46:30.649767
2025-07-20,138323,2025072005007597,NRN,Capital Max Securities Ltd,Citizens Share Broker Limited,182,2400.0,436800.0,2025-07-20T11:46:30.650146
2025-07-20,138253,2025072005007611,NRN,Capital Max Securities Ltd,Dipshikha Dhitopatra Karobar Co. Pvt Ltd.,11,2400.0,26400.0,2025-07-20T11:46:35.971108
2025-07-20,138241,2025072005007612,NRN,Capital Max Securities Ltd,Infinity Securities Limited,100,2400.0,240000.0,2025-07-20T11:46:36.381097
2025-07-20,138099,2025072005007625,NRN,Capital Max Securities Ltd,Trademow Securities Private Limited,207,2400.0,496800.0,2025-07-20T11:46:44.809441
2025-07-20,137856,2025072005007691,NRN,Aryatara Investment & Securities,Trishakti Securities Public Limited,11,2395.0,26345.0,2025-07-20T11:47:01.300995
2025-07-20,137855,2025072005007692,NRN,R.B.B. Securities Company Ltd,Trishakti Securities Public Limited,17,2392.0,40664.0,2025-07-20T11:47:01.301075
2025-07-20,136748,2025072005007883,NRN,Nagarik Stock Dealer ,Midas Stock Broking Company Private Limited,100,2395.0,239500.0,2025-07-20T11:48:16.562442
2025-07-20,134259,2025072005008284,NRN,Nagarik Stock Dealer ,Trademow Securities Private Limited,100,2395.0,239500.0,2025-07-20T11:51:23.423972
2025-07-20,132559,2025072005008564,NRN,Malla & Malla Stock Broking Company Pvt. Limited,Agrawal Securities (PVT) Ltd.,10,2399.0,23990.0,2025-07-20T11:53:55.086246
2025-07-20,131976,2025072005008692,NRN,J.F. Securites (PVT) Ltd.,Trademow Securities Private Limited,193,2400.0,463200.0,2025-07-20T11:54:46.268527
2025-07-20,131975,2025072005008693,NRN,J.F. Securites (PVT) Ltd.,Dakshinkali Investment & Securities Pvt. Ltd.,300,2400.0,720000.0,2025-07-20T11:54:46.268797
2025-07-20,131974,2025072005008694,NRN,J.F. Securites (PVT) Ltd.,Dynamic Money Managers Securities Pvt. Ltd.,200,2400.0,480000.0,2025-07-20T11:54:46.268882
2025-07-20,131973,2025072005008695,NRN,J.F. Securites (PVT) Ltd.,Imperial Securities Company Pvt. Ltd.,11,2400.0,26400.0,2025-07-20T11:54:46.26896
2025-07-20,131972,2025072005008696,NRN,J.F. Securites (PVT) Ltd.,Midas Stock Broking Company Private Limited,100,2400.0,240000.0,2025-07-20T11:54:46.26904
2025-07-20,131971,2025072005008697,NRN,J.F. Securites (PVT) Ltd.,Vision Securities Pvt. Ltd,100,2400.0,240000.0,2025-07-20T11:54:46.26912
2025-07-20,131970,2025072005008698,NRN,J.F. Securites (PVT) Ltd.,Imperial Securities Company Pvt. Ltd.,11,2400.0,26400.0,2025-07-20T11:54:46.269198
2025-07-20,131969,2025072005008699,NRN,J.F. Securites (PVT) Ltd.,Market Securities & Exchange (PVT) Ltd.,11,2400.0,26400.0,2025-07-20T11:54:46.269276
2025-07-20,131968,2025072005008700,NRN,J.F. Securites (PVT) Ltd.,SUN SECURITIES PVT LTD,74,2400.0,177600.0,2025-07-20T11:54:46.269395
2025-07-20,131502,2025072005008777,NRN,Nagarik Stock Dealer ,SUN SECURITIES PVT LTD,26,2400.0,62400.0,2025-07-20T11:55:33.824857
2025-07-20,131501,2025072005008778,NRN,Nagarik Stock Dealer ,KALASH STOCK MARKET PVT. LTD.,74,2400.0,177600.0,2025-07-20T11:55:33.825072
2025-07-20,131196,2025072005008853,NRN,KALASH STOCK MARKET PVT. LTD.,Premier Securities Company Ltd.,25,2395.0,59875.0,2025-07-20T11:56:08.754
2025-07-20,131041,2025072005008875,NRN,Imperial Securities Company Pvt. Ltd.,SHUBHAKAMANA SECURITIES PVT. LTD,10,2394.2,23942.0,2025-07-20T11:56:23.220033
2025-07-20,131040,2025072005008876,NRN,Aakashbhairab Securities Ltd.,SHUBHAKAMANA SECURITIES PVT. LTD,10,2394.1,23941.0,2025-07-20T11:56:23.220292
2025-07-20,131039,2025072005008877,NRN,Nagarik Stock Dealer ,SHUBHAKAMANA SECURITIES PVT. LTD,70,2394.0,167580.0,2025-07-20T11:56:23.220387
2025-07-20,129892,2025072005009064,NRN,Ashutosh Brokerage & Securities (PVT) Ltd.,Himalayan Brokerage Company Limited,11,2394.1,26335.1,2025-07-20T11:58:15.192508
2025-07-20,129891,2025072005009065,NRN,Nagarik Stock Dealer ,Himalayan Brokerage Company Limited,139,2394.0,332766.0,2025-07-20T11:58:15.192554
2025-07-20,129778,2025072005009080,NRN,Primo Securities (PVT) Ltd.,Himalayan Brokerage Company Limited,10,2394.1,23941.0,2025-07-20T11:58:27.236579
2025-07-20,129777,2025072005009081,NRN,Nagarik Stock Dealer ,Himalayan Brokerage Company Limited,180,2394.0,430920.0,2025-07-20T11:58:27.236657
2025-07-20,129645,2025072005009095,NRN,Miyo Securities Pvt Ltd,Midas Stock Broking Company Private Limited,11,2394.2,26336.2,2025-07-20T11:58:43.272763
2025-07-20,128566,2025072005009259,NRN,Miyo Securities Pvt Ltd,Linch Stock Market Ltd.,11,2399.0,26389.0,2025-07-20T12:00:26.22092
2025-07-20,128565,2025072005009260,NRN,Miyo Securities Pvt Ltd,Market Securities & Exchange (PVT) Ltd.,11,2399.0,26389.0,2025-07-20T12:00:26.221346
2025-07-20,128510,2025072005009268,NRN,Miyo Securities Pvt Ltd,Dakshinkali Investment & Securities Pvt. Ltd.,11,2399.0,26389.0,2025-07-20T12:00:30.91066
2025-07-20,128453,2025072005009279,NRN,Miyo Securities Pvt Ltd,Oxford Securities Pvt. Ltd.,38,2399.0,91162.0,2025-07-20T12:00:37.156347
2025-07-20,128284,2025072005009309,NRN,Sani Securities Company Ltd.,Oxford Securities Pvt. Ltd.,10,2396.0,23960.0,2025-07-20T12:00:52.357697
2025-07-20,128283,2025072005009310,NRN,Himalayan Brokerage Company Limited,Oxford Securities Pvt. Ltd.,152,2394.5,363964.0,2025-07-20T12:00:52.357904
2025-07-20,128004,2025072005009350,NRN,Nagarik Stock Dealer ,KALASH STOCK MARKET PVT. LTD.,26,2400.0,62400.0,2025-07-20T12:01:16.962293
2025-07-20,128003,2025072005009351,NRN,Nagarik Stock Dealer ,Bhrikuti Stock Broking Co. Pvt. Ltd.,11,2400.0,26400.0,2025-07-20T12:01:16.962541
2025-07-20,128002,2025072005009352,NRN,Nagarik Stock Dealer ,Primo Securities (PVT) Ltd.,11,2400.0,26400.0,2025-07-20T12:01:16.962647
2025-07-20,128001,2025072005009353,NRN,Nagarik Stock Dealer ,Opal Securities Investment (PVT) Ltd.,11,2400.0,26400.0,2025-07-20T12:01:16.962748
2025-07-20,128000,2025072005009354,NRN,Nagarik Stock Dealer ,Linch Stock Market Ltd.,11,2400.0,26400.0,2025-07-20T12:01:16.962861
2025-07-20,127999,2025072005009355,NRN,Nagarik Stock Dealer ,Thrive Brokerage House Pvt. Ltd,11,2400.0,26400.0,2025-07-20T12:01:16.962946
2025-07-20,127979,2025072005009361,NRN,Nagarik Stock Dealer ,Imperial Securities Company Pvt. Ltd.,11,2400.0,26400.0,2025-07-20T12:01:18.88534
2025-07-20,127880,2025072005009393,NRN,Himalayan Securities Limited,Premier Securities Company Ltd.,50,2402.0,120100.0,2025-07-20T12:01:32.455954
2025-07-20,127879,2025072005009394,NRN,Himalayan Securities Limited,J.F. Securites (PVT) Ltd.,200,2402.0,480400.0,2025-07-20T12:01:32.456052
2025-07-20,127878,2025072005009395,NRN,Himalayan Securities Limited,Imperial Securities Company Pvt. Ltd.,11,2403.0,26433.0,2025-07-20T12:01:32.456128
2025-07-20,127877,2025072005009396,NRN,Himalayan Securities Limited,Imperial Securities Company Pvt. Ltd.,200,2403.0,480600.0,2025-07-20T12:01:32.456197
2025-07-20,127876,2025072005009397,NRN,Himalayan Securities Limited,Sani Securities Company Ltd.,34,2407.0,81838.0,2025-07-20T12:01:32.456264
2025-07-20,127875,2025072005009398,NRN,Himalayan Securities Limited,Aryatara Investment & Securities,100,2408.0,240800.0,2025-07-20T12:01:32.456351
2025-07-20,127874,2025072005009399,NRN,Himalayan Securities Limited,Secured Securities Ltd.,11,2408.0,26488.0,2025-07-20T12:01:32.456413
2025-07-20,127873,2025072005009400,NRN,Himalayan Securities Limited,Sri Hari Securities Pvt. Ltd.,200,2410.0,482000.0,2025-07-20T12:01:32.456489
2025-07-20,127872,2025072005009401,NRN,Himalayan Securities Limited,South Asian Bulls Pvt. Ltd.,11,2410.0,26510.0,2025-07-20T12:01:32.456554
2025-07-20,127871,2025072005009402,NRN,Himalayan Securities Limited,Sani Securities Company Ltd.,75,2410.0,180750.0,2025-07-20T12:01:32.456617
2025-07-20,127870,2025072005009403,NRN,Himalayan Securities Limited,Sundhara Securities Limited,50,2410.0,120500.0,2025-07-20T12:01:32.456679
2025-07-20,127869,2025072005009404,NRN,Himalayan Securities Limited,ABC Securities Private Limited,11,2411.0,26521.0,2025-07-20T12:01:32.456742
2025-07-20,127868,2025072005009405,NRN,Himalayan Securities Limited,Kumari Securities Private Limited,11,2412.0,26532.0,2025-07-20T12:01:32.456809
2025-07-20,127867,2025072005009406,NRN,Himalayan Securities Limited,Asian Securities Private Ltd.,36,2414.9,86936.4,2025-07-20T12:01:32.456867
2025-07-20,125866,2025072005009806,NRN,Sumeru Securities Pvt. Ltd.,BHOLE GANESH SECURITIES LTD,800,2400.0,1920000.0,2025-07-20T12:04:59.195147
2025-07-20,125792,2025072005009818,NRN,Nagarik Stock Dealer ,Oxford Securities Pvt. Ltd.,100,2398.0,239800.0,2025-07-20T12:05:08.654585
2025-07-20,125791,2025072005009819,NRN,Nagarik Stock Dealer ,Oxford Securities Pvt. Ltd.,110,2398.0,263780.0,2025-07-20T12:05:08.655002
2025-07-20,125459,2025072005009866,NRN,Nagarik Stock Dealer ,Miyo Securities Pvt Ltd,10,2398.0,23980.0,2025-07-20T12:05:39.240201
2025-07-20,124788,2025072005009985,NRN,Capital Max Securities Ltd,Naasa Securities Co. Ltd.,100,2400.0,240000.0,2025-07-20T12:06:44.252678
2025-07-20,124787,2025072005009986,NRN,Capital Max Securities Ltd,Thrive Brokerage House Pvt. Ltd,75,2400.0,180000.0,2025-07-20T12:06:44.252966
2025-07-20,124738,2025072005009999,NRN,Capital Max Securities Ltd,Malla & Malla Stock Broking Company Pvt. Limited,11,2400.0,26400.0,2025-07-20T12:06:47.620667
2025-07-20,124717,2025072005010005,NRN,Capital Max Securities Ltd,SHUBHAKAMANA SECURITIES PVT. LTD,250,2400.0,600000.0,2025-07-20T12:06:51.237623
2025-07-20,124704,2025072005010006,NRN,Capital Max Securities Ltd,Secured Securities Ltd.,100,2400.0,240000.0,2025-07-20T12:06:52.288243
2025-07-20,124510,2025072005010038,NRN,Capital Max Securities Ltd,SHUBHAKAMANA SECURITIES PVT. LTD,250,2400.0,600000.0,2025-07-20T12:07:17.337933
2025-07-20,124462,2025072005010054,NRN,Capital Max Securities Ltd,Vision Securities Pvt. Ltd,1000,2400.0,2400000.0,2025-07-20T12:07:24.926569
2025-07-20,123520,2025072005010195,NRN,Capital Max Securities Ltd,Online Securities Pvt. Ltd.,100,2400.0,240000.0,2025-07-20T12:09:12.432056
2025-07-20,122905,2025072005010289,NRN,Pragyan Securities (PVT) Ltd.,Sri Hari Securities Pvt. Ltd.,19,2405.0,45695.0,2025-07-20T12:10:06.847348
2025-07-20,122777,2025072005010304,NRN,Vision Securities Pvt. Ltd,Sani Securities Company Ltd.,200,2408.0,481600.0,2025-07-20T12:10:18.554611
2025-07-20,122776,2025072005010305,NRN,Vision Securities Pvt. Ltd,Bhrikuti Stock Broking Co. Pvt. Ltd.,35,2409.0,84315.0,2025-07-20T12:10:18.554874
2025-07-20,122775,2025072005010306,NRN,Vision Securities Pvt. Ltd,Dynamic Money Managers Securities Pvt. Ltd.,368,2410.0,886880.0,2025-07-20T12:10:18.55497
2025-07-20,122774,2025072005010307,NRN,Vision Securities Pvt. Ltd,Naasa Securities Co. Ltd.,191,2410.0,460310.0,2025-07-20T12:10:18.555055
2025-07-20,122773,2025072005010308,NRN,Vision Securities Pvt. Ltd,Imperial Securities Company Pvt. Ltd.,11,2410.0,26510.0,2025-07-20T12:10:18.555177
2025-07-20,122772,2025072005010309,NRN,Vision Securities Pvt. Ltd,Capital Hub P. Ltd,50,2410.9,120545.0,2025-07-20T12:10:18.555266
2025-07-20,122771,2025072005010310,NRN,Vision Securities Pvt. Ltd,Trishakti Securities Public Limited,145,2411.0,349595.0,2025-07-20T12:10:18.555355
2025-07-20,122692,2025072005010320,NRN,Sharepro Securities Private Limited,Miyo Securities Pvt Ltd,25,2408.0,60200.0,2025-07-20T12:10:29.142415
2025-07-20,122390,2025072005010358,NRN,Nepal Stock House (PVT) Ltd.,Miyo Securities Pvt Ltd,75,2404.0,180300.0,2025-07-20T12:11:02.797564
2025-07-20,122389,2025072005010359,NRN,Nepal Stock House (PVT) Ltd.,Capital Hub P. Ltd,50,2411.0,120550.0,2025-07-20T12:11:02.798148
2025-07-20,122388,2025072005010360,NRN,Nepal Stock House (PVT) Ltd.,Agrawal Securities (PVT) Ltd.,21,2412.0,50652.0,2025-07-20T12:11:02.798468
2025-07-20,122387,2025072005010361,NRN,Nepal Stock House (PVT) Ltd.,Sani Securities Company Ltd.,200,2412.0,482400.0,2025-07-20T12:11:02.79877
2025-07-20,122386,2025072005010362,NRN,Nepal Stock House (PVT) Ltd.,Vision Securities Pvt. Ltd,1654,2414.0,3992756.0,2025-07-20T12:11:02.79913
2025-07-20,121911,2025072005010485,NRN,Trisul Securities & Invt. Ltd.,K.B.L. Securities Limited ,500,2401.0,1200500.0,2025-07-20T12:11:57.465119
2025-07-20,121755,2025072005010517,NRN,Capital Max Securities Ltd,Miyo Securities Pvt Ltd,10,2400.0,24000.0,2025-07-20T12:12:17.491443
2025-07-20,121467,2025072005010566,NRN,Capital Max Securities Ltd,Deevyaa Securities & Stock House Pvt. Ltd,11,2400.0,26400.0,2025-07-20T12:12:47.768984
2025-07-20,120777,2025072005010703,NRN,Capital Max Securities Ltd,Naasa Securities Co. Ltd.,100,2400.0,240000.0,2025-07-20T12:14:04.057108
2025-07-20,120658,2025072005010731,NRN,Capital Max Securities Ltd,Deevyaa Securities & Stock House Pvt. Ltd,11,2400.0,26400.0,2025-07-20T12:14:15.784106
2025-07-20,120599,2025072005010739,NRN,Capital Max Securities Ltd,South Asian Bulls Pvt. Ltd.,15,2400.0,36000.0,2025-07-20T12:14:20.607923
2025-07-20,120553,2025072005010741,NRN,Capital Max Securities Ltd,Citizens Share Broker Limited,100,2400.0,240000.0,2025-07-20T12:14:25.307763
2025-07-20,120419,2025072005010764,NRN,Capital Max Securities Ltd,Nepal Stock House (PVT) Ltd.,367,2400.0,880800.0,2025-07-20T12:14:38.980704
2025-07-20,120418,2025072005010765,NRN,Sani Securities Company Ltd.,Nepal Stock House (PVT) Ltd.,20,2400.0,48000.0,2025-07-20T12:14:38.98094
2025-07-20,119776,2025072005010869,NRN,Himalayan Brokerage Company Limited,Nepal Stock House (PVT) Ltd.,300,2400.0,720000.0,2025-07-20T12:15:45.720594
2025-07-20,119178,2025072005010936,NRN,Miyo Securities Pvt Ltd,Nepal Stock House (PVT) Ltd.,50,2400.0,120000.0,2025-07-20T12:16:23.282565
2025-07-20,118011,2025072005011105,NRN,R.B.B. Securities Company Ltd,Miyo Securities Pvt Ltd,10,2396.4,23964.0,2025-07-20T12:18:28.685211
2025-07-20,116614,2025072005011369,NRN,KALASH STOCK MARKET PVT. LTD.,Sweta Securities Private Limited,50,2399.0,119950.0,2025-07-20T12:20:15.090883
2025-07-20,116356,2025072005011423,NRN,Creative Securities Pvt Ltd,Sri Hari Securities Pvt. Ltd.,55,2397.1,131840.5,2025-07-20T12:20:34.780284
2025-07-20,116355,2025072005011424,NRN,Nagarik Stock Dealer ,Sri Hari Securities Pvt. Ltd.,45,2397.1,107869.5,2025-07-20T12:20:34.780529
2025-07-20,115684,2025072005011575,NRN,Nagarik Stock Dealer ,Citizens Share Broker Limited,90,2399.0,215910.0,2025-07-20T12:21:34.268
2025-07-20,115683,2025072005011576,NRN,Nagarik Stock Dealer ,Nepal Stock House (PVT) Ltd.,156,2400.0,374400.0,2025-07-20T12:21:34.268306
2025-07-20,115338,2025072005011646,NRN,J.F. Securites (PVT) Ltd.,Sundhara Securities Limited,11,2397.0,26367.0,2025-07-20T12:22:11.363827
2025-07-20,115276,2025072005011665,NRN,J.F. Securites (PVT) Ltd.,KALASH STOCK MARKET PVT. LTD.,200,2400.0,480000.0,2025-07-20T12:22:17.750049
2025-07-20,115068,2025072005011721,NRN,Dipshikha Dhitopatra Karobar Co. Pvt Ltd.,Imperial Securities Company Pvt. Ltd.,11,2400.0,26400.0,2025-07-20T12:22:34.611928
2025-07-20,114884,2025072005011740,NRN,Dipshikha Dhitopatra Karobar Co. Pvt Ltd.,Citizens Share Broker Limited,10,2400.0,24000.0,2025-07-20T12:22:54.759138
2025-07-20,114053,2025072005011935,NRN,Dipshikha Dhitopatra Karobar Co. Pvt Ltd.,Naasa Securities Co. Ltd.,100,2400.0,240000.0,2025-07-20T12:24:07.883827
2025-07-20,113991,2025072005011946,NRN,Dipshikha Dhitopatra Karobar Co. Pvt Ltd.,Naasa Securities Co. Ltd.,79,2400.0,189600.0,2025-07-20T12:24:14.915544
2025-07-20,113990,2025072005011947,NRN,Global IME Securities Limited,Naasa Securities Co. Ltd.,100,2400.0,240000.0,2025-07-20T12:24:14.916079
2025-07-20,113989,2025072005011948,NRN,KALASH STOCK MARKET PVT. LTD.,Naasa Securities Co. Ltd.,250,2400.0,600000.0,2025-07-20T12:24:14.916437
2025-07-20,113751,2025072005012041,NRN,Himalayan Brokerage Company Limited,Naasa Securities Co. Ltd.,348,2400.0,835200.0,2025-07-20T12:24:33.667787
2025-07-20,113136,2025072005012127,NRN,Creative Securities Pvt Ltd,Online Securities Pvt. Ltd.,20,2397.1,47942.0,2025-07-20T12:25:38.32743
2025-07-20,113088,2025072005012143,NRN,Himalayan Brokerage Company Limited,Naasa Securities Co. Ltd.,30,2400.0,72000.0,2025-07-20T12:25:40.928616
2025-07-20,111567,2025072005012398,NRN,Citizens Share Broker Limited,Naasa Securities Co. Ltd.,100,2400.0,240000.0,2025-07-20T12:27:35.821225
2025-07-20,111239,2025072005012446,NRN,Sagarmatha Securities Private Limited,Naasa Securities Co. Ltd.,50,2400.0,120000.0,2025-07-20T12:27:59.043739
2025-07-20,111216,2025072005012447,NRN,Capital Max Securities Ltd,Naasa Securities Co. Ltd.,43,2400.0,103200.0,2025-07-20T12:28:01.522843
2025-07-20,111215,2025072005012448,NRN,Capital Max Securities Ltd,Online Securities Pvt. Ltd.,11,2400.0,26400.0,2025-07-20T12:28:01.523175
2025-07-20,111214,2025072005012449,NRN,Capital Max Securities Ltd,Trisul Securities & Invt. Ltd.,11,2400.0,26400.0,2025-07-20T12:28:01.523279
2025-07-20,111213,2025072005012450,NRN,Capital Max Securities Ltd,Oxford Securities Pvt. Ltd.,10,2400.0,24000.0,2025-07-20T12:28:01.523388
2025-07-20,111212,2025072005012451,NRN,Capital Max Securities Ltd,Imperial Securities Company Pvt. Ltd.,11,2400.0,26400.0,2025-07-20T12:28:01.523502
2025-07-20,110803,2025072005012539,NRN,Capital Max Securities Ltd,Naasa Securities Co. Ltd.,11,2405.0,26455.0,2025-07-20T12:28:40.708058
2025-07-20,110802,2025072005012540,NRN,Capital Max Securities Ltd,Sweta Securities Private Limited,11,2405.0,26455.0,2025-07-20T12:28:40.708382
2025-07-20,110801,2025072005012541,NRN,Capital Max Securities Ltd,INDEX SECURITIES LIMITED,52,2405.0,125060.0,2025-07-20T12:28:40.70858
2025-07-20,109754,2025072005012679,NRN,Imperial Securities Company Pvt. Ltd.,INDEX SECURITIES LIMITED,48,2405.0,115440.0,2025-07-20T12:30:15.936405
2025-07-20,109753,2025072005012680,NRN,Imperial Securities Company Pvt. Ltd.,Primo Securities (PVT) Ltd.,11,2405.0,26455.0,2025-07-20T12:30:15.93645
2025-07-20,109752,2025072005012681,NRN,Imperial Securities Company Pvt. Ltd.,J.F. Securites (PVT) Ltd.,11,2406.0,26466.0,2025-07-20T12:30:15.936477
2025-07-20,109751,2025072005012682,NRN,Imperial Securities Company Pvt. Ltd.,Sani Securities Company Ltd.,80,2407.0,192560.0,2025-07-20T12:30:15.936501
2025-07-20,109064,2025072005012781,NRN,Dipshikha Dhitopatra Karobar Co. Pvt Ltd.,Dipshikha Dhitopatra Karobar Co. Pvt Ltd.,1,2359.9,2359.9,2025-07-20T12:31:30.828124
2025-07-20,108468,2025072005012846,NRN,Sweta Securities Private Limited,Kohinoor Investment & Securities Pvt. Ltd.,100,2403.0,240300.0,2025-07-20T12:32:19.697604
2025-07-20,108144,2025072005012908,NRN,BHOLE GANESH SECURITIES LTD,Naasa Securities Co. Ltd.,200,2400.0,480000.0,2025-07-20T12:32:47.091227
2025-07-20,107980,2025072005012935,NRN,Agrawal Securities (PVT) Ltd.,Naasa Securities Co. Ltd.,20,2400.0,48000.0,2025-07-20T12:33:02.826722
2025-07-20,107874,2025072005012962,NRN,Nagarik Stock Dealer ,Naasa Securities Co. Ltd.,200,2400.0,480000.0,2025-07-20T12:33:17.094692
2025-07-20,107199,2025072005013081,NRN,Neev Securities Pvt. Ltd.,Naasa Securities Co. Ltd.,580,2400.0,1392000.0,2025-07-20T12:34:18.315077
2025-07-20,107198,2025072005013082,NRN,Neev Securities Pvt. Ltd.,S.P.S.A. Securities Limited,20,2400.0,48000.0,2025-07-20T12:34:18.315348
2025-07-20,105585,2025072005013315,NRN,Sumeru Securities Pvt. Ltd.,Creative Securities Pvt Ltd,120,2400.0,288000.0,2025-07-20T12:36:55.63404
2025-07-20,104785,2025072005013437,NRN,Sumeru Securities Pvt. Ltd.,Miyo Securities Pvt Ltd,15,2400.0,36000.0,2025-07-20T12:38:18.612918
2025-07-20,104431,2025072005013497,NRN,Sumeru Securities Pvt. Ltd.,Dipshikha Dhitopatra Karobar Co. Pvt Ltd.,11,2400.0,26400.0,2025-07-20T12:38:51.432356
2025-07-20,104420,2025072005013499,NRN,Miyo Securities Pvt Ltd,Sweta Securities Private Limited,10,2401.5,24015.0,2025-07-20T12:38:53.73687
2025-07-20,104398,2025072005013504,NRN,Naasa Securities Co. Ltd.,Vision Securities Pvt. Ltd,10,2402.0,24020.0,2025-07-20T12:38:57.110606
2025-07-20,104397,2025072005013505,NRN,Naasa Securities Co. Ltd.,Aryatara Investment & Securities,11,2402.0,26422.0,2025-07-20T12:38:57.111112
2025-07-20,104348,2025072005013519,NRN,Naasa Securities Co. Ltd.,Naasa Securities Co. Ltd.,29,2402.0,69658.0,2025-07-20T12:39:03.23524
2025-07-20,104347,2025072005013520,NRN,Sumeru Securities Pvt. Ltd.,Naasa Securities Co. Ltd.,54,2400.0,129600.0,2025-07-20T12:39:03.235517
2025-07-20,104346,2025072005013521,NRN,Himalayan Brokerage Company Limited,Naasa Securities Co. Ltd.,50,2400.0,120000.0,2025-07-20T12:39:03.235618
2025-07-20,104286,2025072005013530,NRN,Naasa Securities Co. Ltd.,Naasa Securities Co. Ltd.,250,2400.0,600000.0,2025-07-20T12:39:08.447285
2025-07-20,103991,2025072005013576,NRN,Sagarmatha Securities Private Limited,Naasa Securities Co. Ltd.,35,2400.0,84000.0,2025-07-20T12:39:39.575814
2025-07-20,103966,2025072005013588,NRN,Neev Securities Pvt. Ltd.,Naasa Securities Co. Ltd.,582,2400.0,1396800.0,2025-07-20T12:39:43.064101
2025-07-20,103965,2025072005013589,NRN,Neev Securities Pvt. Ltd.,Arun Securities (PVT) Ltd.,11,2400.0,26400.0,2025-07-20T12:39:43.064704
2025-07-20,103964,2025072005013590,NRN,Neev Securities Pvt. Ltd.,Nepal Stock House (PVT) Ltd.,7,2400.0,16800.0,2025-07-20T12:39:43.065435
2025-07-20,103941,2025072005013594,NRN,J.F. Securites (PVT) Ltd.,Kalika Securities Pvt. Ltd.,11,2398.4,26382.4,2025-07-20T12:39:45.774167
2025-07-20,103563,2025072005013647,NRN,J.F. Securites (PVT) Ltd.,Miyo Securities Pvt Ltd,10,2398.4,23984.0,2025-07-20T12:40:26.024368
2025-07-20,102439,2025072005013806,NRN,J.F. Securites (PVT) Ltd.,Miyo Securities Pvt Ltd,10,2398.4,23984.0,2025-07-20T12:42:18.340205
2025-07-20,102225,2025072005013860,NRN,Primo Securities (PVT) Ltd.,Malla & Malla Stock Broking Company Pvt. Limited,10,2398.5,23985.0,2025-07-20T12:42:39.583906
2025-07-20,102224,2025072005013861,NRN,J.F. Securites (PVT) Ltd.,Malla & Malla Stock Broking Company Pvt. Limited,69,2398.4,165489.6,2025-07-20T12:42:39.584192
2025-07-20,102223,2025072005013862,NRN,Dynamic Money Managers Securities Pvt. Ltd.,Malla & Malla Stock Broking Company Pvt. Limited,21,2398.2,50362.2,2025-07-20T12:42:39.584295
2025-07-20,101590,2025072005013950,NRN,Primo Securities (PVT) Ltd.,Miyo Securities Pvt Ltd,10,2398.3,23983.0,2025-07-20T12:43:39.589529
2025-07-20,100677,2025072005014130,NRN,Agrawal Securities (PVT) Ltd.,Miyo Securities Pvt Ltd,10,2398.4,23984.0,2025-07-20T12:45:04.86277
2025-07-20,100676,2025072005014131,NRN,APPLE SECURITIES PRIVATE LIMITED,Miyo Securities Pvt Ltd,25,2398.3,59957.5,2025-07-20T12:45:04.863072
2025-07-20,99904,2025072005014255,NRN,Infinity Securities Limited,J.F. Securites (PVT) Ltd.,11,2400.0,26400.0,2025-07-20T12:46:01.404719
2025-07-20,99903,2025072005014256,NRN,Infinity Securities Limited,Imperial Securities Company Pvt. Ltd.,1,2400.0,2400.0,2025-07-20T12:46:01.404946
2025-07-20,99574,2025072005014308,NRN,APPLE SECURITIES PRIVATE LIMITED,Aryatara Investment & Securities,11,2398.3,26381.3,2025-07-20T12:46:32.963578
2025-07-20,99415,2025072005014340,NRN,APPLE SECURITIES PRIVATE LIMITED,KALASH STOCK MARKET PVT. LTD.,10,2398.3,23983.0,2025-07-20T12:46:48.151001
2025-07-20,99346,2025072005014355,NRN,APPLE SECURITIES PRIVATE LIMITED,Opal Securities Investment (PVT) Ltd.,118,2398.3,282999.4,2025-07-20T12:46:54.753717
2025-07-20,99218,2025072005014385,NRN,APPLE SECURITIES PRIVATE LIMITED,Dipshikha Dhitopatra Karobar Co. Pvt Ltd.,11,2398.3,26381.3,2025-07-20T12:47:07.262698
2025-07-20,99016,2025072005014419,NRN,APPLE SECURITIES PRIVATE LIMITED,Opal Securities Investment (PVT) Ltd.,140,2398.3,335762.0,2025-07-20T12:47:23.94312
2025-07-20,98771,2025072005014461,NRN,APPLE SECURITIES PRIVATE LIMITED,Opal Securities Investment (PVT) Ltd.,100,2398.3,239830.0,2025-07-20T12:47:39.069748
2025-07-20,98712,2025072005014465,NRN,Bhrikuti Stock Broking Co. Pvt. Ltd.,Opal Securities Investment (PVT) Ltd.,50,2400.0,120000.0,2025-07-20T12:47:42.78236
2025-07-20,98405,2025072005014503,NRN,Neev Securities Pvt. Ltd.,Opal Securities Investment (PVT) Ltd.,500,2400.0,1200000.0,2025-07-20T12:48:14.740932
2025-07-20,97843,2025072005014657,NRN,Bhrikuti Stock Broking Co. Pvt. Ltd.,Opal Securities Investment (PVT) Ltd.,200,2400.0,480000.0,2025-07-20T12:48:56.668605
2025-07-20,97616,2025072005014695,NRN,APPLE SECURITIES PRIVATE LIMITED,Vision Securities Pvt. Ltd,50,2398.3,119915.0,2025-07-20T12:49:14.903446
2025-07-20,97341,2025072005014735,NRN,APPLE SECURITIES PRIVATE LIMITED,Primo Securities (PVT) Ltd.,200,2398.3,479660.0,2025-07-20T12:49:36.655634
2025-07-20,97143,2025072005014795,NRN,APPLE SECURITIES PRIVATE LIMITED,Primo Securities (PVT) Ltd.,200,2398.3,479660.0,2025-07-20T12:49:52.860701
2025-07-20,96786,2025072005014889,NRN,NIMB Stock Markets Limited,Opal Securities Investment (PVT) Ltd.,250,2400.0,600000.0,2025-07-20T12:50:21.879117
2025-07-20,96785,2025072005014890,NRN,NIMB Stock Markets Limited,Sani Securities Company Ltd.,11,2400.0,26400.0,2025-07-20T12:50:21.879221
2025-07-20,96784,2025072005014891,NRN,NIMB Stock Markets Limited,Nepal Stock House (PVT) Ltd.,50,2400.0,120000.0,2025-07-20T12:50:21.8793
2025-07-20,96783,2025072005014892,NRN,NIMB Stock Markets Limited,Online Securities Pvt. Ltd.,10,2402.0,24020.0,2025-07-20T12:50:21.879393
2025-07-20,96782,2025072005014893,NRN,NIMB Stock Markets Limited,Opal Securities Investment (PVT) Ltd.,50,2404.0,120200.0,2025-07-20T12:50:21.879469
2025-07-20,96781,2025072005014894,NRN,NIMB Stock Markets Limited,Miyo Securities Pvt Ltd,100,2404.0,240400.0,2025-07-20T12:50:21.879575
2025-07-20,96780,2025072005014895,NRN,NIMB Stock Markets Limited,Midas Stock Broking Company Private Limited,80,2404.9,192392.0,2025-07-20T12:50:21.879702
2025-07-20,96779,2025072005014896,NRN,NIMB Stock Markets Limited,Sweta Securities Private Limited,11,2405.0,26455.0,2025-07-20T12:50:21.87978
2025-07-20,96778,2025072005014897,NRN,NIMB Stock Markets Limited,Sweta Securities Private Limited,11,2405.0,26455.0,2025-07-20T12:50:21.879855
2025-07-20,96777,2025072005014898,NRN,NIMB Stock Markets Limited,Sani Securities Company Ltd.,120,2407.0,288840.0,2025-07-20T12:50:21.879928
2025-07-20,96776,2025072005014899,NRN,NIMB Stock Markets Limited,Sani Securities Company Ltd.,40,2407.0,96280.0,2025-07-20T12:50:21.880003
2025-07-20,96775,2025072005014900,NRN,NIMB Stock Markets Limited,Kohinoor Investment & Securities Pvt. Ltd.,11,2407.0,26477.0,2025-07-20T12:50:21.880117
2025-07-20,96774,2025072005014901,NRN,NIMB Stock Markets Limited,Naasa Securities Co. Ltd.,10,2410.0,24100.0,2025-07-20T12:50:21.880223
2025-07-20,96773,2025072005014902,NRN,NIMB Stock Markets Limited,Sani Securities Company Ltd.,11,2410.0,26510.0,2025-07-20T12:50:21.880299
2025-07-20,96772,2025072005014903,NRN,NIMB Stock Markets Limited,Opal Securities Investment (PVT) Ltd.,185,2410.0,445850.0,2025-07-20T12:50:21.880385
2025-07-20,94771,2025072005015385,NRN,Thrive Brokerage House Pvt. Ltd,Miyo Securities Pvt Ltd,13,2402.2,31228.6,2025-07-20T12:53:11.332336
2025-07-20,94368,2025072005015459,NRN,Premier Securities Company Ltd.,Opal Securities Investment (PVT) Ltd.,50,2409.0,120450.0,2025-07-20T12:53:49.547413
2025-07-20,94367,2025072005015460,NRN,Premier Securities Company Ltd.,Asian Securities Private Ltd.,214,2409.8,515697.2,2025-07-20T12:53:49.547835
2025-07-20,94366,2025072005015461,NRN,Premier Securities Company Ltd.,Sri Hari Securities Pvt. Ltd.,50,2409.9,120495.0,2025-07-20T12:53:49.547976
2025-07-20,94365,2025072005015462,NRN,Premier Securities Company Ltd.,Opal Securities Investment (PVT) Ltd.,686,2410.0,1653260.0,2025-07-20T12:53:49.548089
2025-07-20,93458,2025072005015611,NRN,Deevyaa Securities & Stock House Pvt. Ltd,Deevyaa Securities & Stock House Pvt. Ltd,10,2406.0,24060.0,2025-07-20T12:54:58.883112
2025-07-20,93454,2025072005015612,NRN,Shree Krishna Securities Ltd.,Vision Securities Pvt. Ltd,215,2409.0,517935.0,2025-07-20T12:54:59.064173
2025-07-20,93453,2025072005015613,NRN,Shree Krishna Securities Ltd.,Opal Securities Investment (PVT) Ltd.,129,2410.0,310890.0,2025-07-20T12:54:59.064805
2025-07-20,93452,2025072005015614,NRN,Shree Krishna Securities Ltd.,Vision Securities Pvt. Ltd,346,2414.0,835244.0,2025-07-20T12:54:59.065199
2025-07-20,93451,2025072005015615,NRN,Shree Krishna Securities Ltd.,Capital Hub P. Ltd,50,2414.0,120700.0,2025-07-20T12:54:59.065614
2025-07-20,93450,2025072005015616,NRN,Shree Krishna Securities Ltd.,Kumari Securities Private Limited,60,2414.0,144840.0,2025-07-20T12:54:59.065953
2025-07-20,93449,2025072005015617,NRN,Shree Krishna Securities Ltd.,Cristal Kanchanjanga Securites Pvt. Ltd.,11,2414.0,26554.0,2025-07-20T12:54:59.06633
2025-07-20,93448,2025072005015618,NRN,Shree Krishna Securities Ltd.,Kumari Securities Private Limited,10,2414.0,24140.0,2025-07-20T12:54:59.066713
2025-07-20,93447,2025072005015619,NRN,Shree Krishna Securities Ltd.,Capital Hub P. Ltd,50,2414.8,120740.0,2025-07-20T12:54:59.067043
2025-07-20,93446,2025072005015620,NRN,Shree Krishna Securities Ltd.,Nepal Stock House (PVT) Ltd.,100,2414.8,241480.0,2025-07-20T12:54:59.06744
2025-07-20,93445,2025072005015621,NRN,Shree Krishna Securities Ltd.,Premier Securities Company Ltd.,25,2415.0,60375.0,2025-07-20T12:54:59.067758
2025-07-20,93444,2025072005015622,NRN,Shree Krishna Securities Ltd.,Deevyaa Securities & Stock House Pvt. Ltd,100,2415.0,241500.0,2025-07-20T12:54:59.068069
2025-07-20,93443,2025072005015623,NRN,Shree Krishna Securities Ltd.,ABC Securities Private Limited,11,2415.0,26565.0,2025-07-20T12:54:59.068454
2025-07-20,93442,2025072005015624,NRN,Shree Krishna Securities Ltd.,Sani Securities Company Ltd.,100,2415.0,241500.0,2025-07-20T12:54:59.068759
2025-07-20,93441,2025072005015625,NRN,Shree Krishna Securities Ltd.,Nepal Investment And Securities Trading Private Limited,11,2415.0,26565.0,2025-07-20T12:54:59.068868
2025-07-20,93440,2025072005015626,NRN,Shree Krishna Securities Ltd.,Neev Securities Pvt. Ltd.,11,2415.0,26565.0,2025-07-20T12:54:59.06897
2025-07-20,93439,2025072005015627,NRN,Shree Krishna Securities Ltd.,Opal Securities Investment (PVT) Ltd.,2000,2415.0,4830000.0,2025-07-20T12:54:59.069071
2025-07-20,93438,2025072005015628,NRN,Shree Krishna Securities Ltd.,Asian Securities Private Ltd.,11,2415.0,26565.0,2025-07-20T12:54:59.069188
2025-07-20,93150,2025072005015680,NRN,Shree Krishna Securities Ltd.,Naasa Securities Co. Ltd.,200,2415.0,483000.0,2025-07-20T12:55:29.46099
2025-07-20,93005,2025072005015715,NRN,Shree Krishna Securities Ltd.,Asian Securities Private Ltd.,150,2415.0,362250.0,2025-07-20T12:55:40.7231
2025-07-20,92709,2025072005015804,NRN,Shree Krishna Securities Ltd.,Sani Securities Company Ltd.,410,2415.0,990150.0,2025-07-20T12:55:58.151762
2025-07-20,92699,2025072005015807,NRN,Dynamic Money Managers Securities Pvt. Ltd.,Sani Securities Company Ltd.,79,2415.0,190785.0,2025-07-20T12:55:58.585388
2025-07-20,91466,2025072005016051,NRN,Sweta Securities Private Limited,Miyo Securities Pvt Ltd,10,2404.0,24040.0,2025-07-20T12:57:42.655553
2025-07-20,90496,2025072005016171,NRN,Thrive Brokerage House Pvt. Ltd,Asian Securities Private Ltd.,90,2404.1,216369.0,2025-07-20T12:58:58.084658
2025-07-20,90275,2025072005016216,NRN,Thrive Brokerage House Pvt. Ltd,Aakashbhairab Securities Ltd.,10,2404.1,24041.0,2025-07-20T12:59:18.418035
2025-07-20,90274,2025072005016217,NRN,Sweta Securities Private Limited,Aakashbhairab Securities Ltd.,20,2404.0,48080.0,2025-07-20T12:59:18.418332
2025-07-20,90273,2025072005016218,NRN,Sweta Securities Private Limited,Aakashbhairab Securities Ltd.,50,2404.0,120200.0,2025-07-20T12:59:18.418439
2025-07-20,90272,2025072005016219,NRN,Thrive Brokerage House Pvt. Ltd,Aakashbhairab Securities Ltd.,30,2402.2,72066.0,2025-07-20T12:59:18.418539
2025-07-20,90067,2025072005016242,NRN,Thrive Brokerage House Pvt. Ltd,Dipshikha Dhitopatra Karobar Co. Pvt Ltd.,100,2402.2,240220.0,2025-07-20T12:59:37.68727
2025-07-20,89740,2025072005016281,NRN,Thrive Brokerage House Pvt. Ltd,Aryatara Investment & Securities,11,2402.2,26424.2,2025-07-20T13:00:02.673843
2025-07-20,89665,2025072005016289,NRN,Thrive Brokerage House Pvt. Ltd,Online Securities Pvt. Ltd.,46,2402.2,110501.2,2025-07-20T13:00:11.238113
2025-07-20,89664,2025072005016290,NRN,Imperial Securities Company Pvt. Ltd.,Online Securities Pvt. Ltd.,154,2400.3,369646.2,2025-07-20T13:00:11.23839
2025-07-20,89596,2025072005016296,NRN,Imperial Securities Company Pvt. Ltd.,Online Securities Pvt. Ltd.,200,2400.3,480060.0,2025-07-20T13:00:17.378352
2025-07-20,89369,2025072005016328,NRN,Imperial Securities Company Pvt. Ltd.,Aakashbhairab Securities Ltd.,146,2400.3,350443.8,2025-07-20T13:00:37.699579
2025-07-20,89132,2025072005016367,NRN,Naasa Securities Co. Ltd.,Shree Krishna Securities Ltd.,11,2405.0,26455.0,2025-07-20T13:00:58.244887
2025-07-20,88996,2025072005016385,NRN,Naasa Securities Co. Ltd.,Sunrise Securities Limited,50,2405.0,120250.0,2025-07-20T13:01:10.282142
2025-07-20,88955,2025072005016388,NRN,Naasa Securities Co. Ltd.,Nepal Stock House (PVT) Ltd.,439,2405.0,1055795.0,2025-07-20T13:01:12.546466
2025-07-20,88954,2025072005016389,NRN,Neev Securities Pvt. Ltd.,Nepal Stock House (PVT) Ltd.,100,2400.2,240020.0,2025-07-20T13:01:12.546965
2025-07-20,88953,2025072005016390,NRN,Nabil Stock Dealer Ltd.,Nepal Stock House (PVT) Ltd.,50,2400.0,120000.0,2025-07-20T13:01:12.54733
2025-07-20,88952,2025072005016391,NRN,Nabil Stock Dealer Ltd.,Nepal Stock House (PVT) Ltd.,50,2400.0,120000.0,2025-07-20T13:01:12.547652
2025-07-20,88951,2025072005016392,NRN,Asian Securities Private Ltd.,Nepal Stock House (PVT) Ltd.,361,2400.0,866400.0,2025-07-20T13:01:12.547962
2025-07-20,88429,2025072005016471,NRN,J.F. Securites (PVT) Ltd.,Aakashbhairab Securities Ltd.,100,2400.1,240010.0,2025-07-20T13:01:53.951986
2025-07-20,88428,2025072005016472,NRN,Asian Securities Private Ltd.,Aakashbhairab Securities Ltd.,35,2400.0,84000.0,2025-07-20T13:01:53.952272
2025-07-20,88128,2025072005016549,NRN,Asian Securities Private Ltd.,Trishakti Securities Public Limited,41,2400.0,98400.0,2025-07-20T13:02:19.529843
2025-07-20,87957,2025072005016636,NRN,Asian Securities Private Ltd.,SUN SECURITIES PVT LTD,100,2400.0,240000.0,2025-07-20T13:02:32.366585
2025-07-20,87597,2025072005016739,NRN,Investment Management Nepal Pvt. Ltd.,Dipshikha Dhitopatra Karobar Co. Pvt Ltd.,1,2400.0,2400.0,2025-07-20T13:03:11.897682
2025-07-20,87519,2025072005016744,NRN,Neev Securities Pvt. Ltd.,Imperial Securities Company Pvt. Ltd.,100,2408.9,240890.0,2025-07-20T13:03:17.736705
2025-07-20,87518,2025072005016745,NRN,Neev Securities Pvt. Ltd.,Dynamic Money Managers Securities Pvt. Ltd.,15,2410.2,36153.0,2025-07-20T13:03:17.736955
2025-07-20,87517,2025072005016746,NRN,Neev Securities Pvt. Ltd.,Imperial Securities Company Pvt. Ltd.,85,2413.0,205105.0,2025-07-20T13:03:17.737098
2025-07-20,86908,2025072005016853,NRN,Investment Management Nepal Pvt. Ltd.,Dipshikha Dhitopatra Karobar Co. Pvt Ltd.,1,2400.0,2400.0,2025-07-20T13:04:08.360038
2025-07-20,85405,2025072005017058,NRN,Imperial Securities Company Pvt. Ltd.,J.F. Securites (PVT) Ltd.,200,2410.0,482000.0,2025-07-20T13:06:29.138229
2025-07-20,85188,2025072005017112,NRN,Imperial Securities Company Pvt. Ltd.,Miyo Securities Pvt Ltd,10,2410.0,24100.0,2025-07-20T13:06:47.260754
2025-07-20,85053,2025072005017141,NRN,Imperial Securities Company Pvt. Ltd.,Sani Securities Company Ltd.,90,2410.0,216900.0,2025-07-20T13:07:02.650016
2025-07-20,84427,2025072005017262,NRN,Neev Securities Pvt. Ltd.,Sani Securities Company Ltd.,200,2410.0,482000.0,2025-07-20T13:07:55.619892
2025-07-20,82951,2025072005017550,NRN,Creative Securities Pvt Ltd,Secured Securities Ltd.,3,2398.3,7194.9,2025-07-20T13:10:11.601893
2025-07-20,82867,2025072005017557,NRN,Premier Securities Company Ltd.,Secured Securities Ltd.,40,2403.0,96120.0,2025-07-20T13:10:17.232055
2025-07-20,82753,2025072005017573,NRN,Premier Securities Company Ltd.,Arun Securities (PVT) Ltd.,460,2403.0,1105380.0,2025-07-20T13:10:28.17804
2025-07-20,82396,2025072005017631,NRN,Miyo Securities Pvt Ltd,Arun Securities (PVT) Ltd.,40,2403.0,96120.0,2025-07-20T13:10:59.148191
2025-07-20,81681,2025072005017753,NRN,Naasa Securities Co. Ltd.,Miyo Securities Pvt Ltd,15,2404.0,36060.0,2025-07-20T13:12:02.360502
2025-07-20,81612,2025072005017761,NRN,Naasa Securities Co. Ltd.,Ashutosh Brokerage & Securities (PVT) Ltd.,10,2404.0,24040.0,2025-07-20T13:12:10.939738
2025-07-20,80823,2025072005017904,NRN,Naasa Securities Co. Ltd.,Sumeru Securities Pvt. Ltd.,25,2404.0,60100.0,2025-07-20T13:13:22.136595
2025-07-20,80822,2025072005017905,NRN,Bhrikuti Stock Broking Co. Pvt. Ltd.,Sumeru Securities Pvt. Ltd.,50,2401.1,120055.0,2025-07-20T13:13:22.136652
2025-07-20,80821,2025072005017906,NRN,Asian Securities Private Ltd.,Sumeru Securities Pvt. Ltd.,25,2400.0,60000.0,2025-07-20T13:13:22.136683
2025-07-20,80350,2025072005017974,NRN,Asian Securities Private Ltd.,Sri Hari Securities Pvt. Ltd.,438,2400.0,1051200.0,2025-07-20T13:13:58.430616
2025-07-20,80349,2025072005017975,NRN,Agrawal Securities (PVT) Ltd.,Sri Hari Securities Pvt. Ltd.,50,2400.0,120000.0,2025-07-20T13:13:58.430874
2025-07-20,80348,2025072005017976,NRN,Linch Stock Market Ltd.,Sri Hari Securities Pvt. Ltd.,50,2400.0,120000.0,2025-07-20T13:13:58.430982
2025-07-20,80347,2025072005017977,NRN,Naasa Securities Co. Ltd.,Sri Hari Securities Pvt. Ltd.,50,2400.0,120000.0,2025-07-20T13:13:58.431095
2025-07-20,80346,2025072005017978,NRN,Neev Securities Pvt. Ltd.,Sri Hari Securities Pvt. Ltd.,100,2400.0,240000.0,2025-07-20T13:13:58.431243
2025-07-20,80345,2025072005017979,NRN,Neev Securities Pvt. Ltd.,Sri Hari Securities Pvt. Ltd.,100,2400.0,240000.0,2025-07-20T13:13:58.43141
2025-07-20,80344,2025072005017980,NRN,Neev Securities Pvt. Ltd.,Sri Hari Securities Pvt. Ltd.,100,2400.0,240000.0,2025-07-20T13:13:58.431547
2025-07-20,80343,2025072005017981,NRN,R.B.B. Securities Company Ltd,Sri Hari Securities Pvt. Ltd.,100,2400.0,240000.0,2025-07-20T13:13:58.431695
2025-07-20,80342,2025072005017982,NRN,R.B.B. Securities Company Ltd,Sri Hari Securities Pvt. Ltd.,12,2400.0,28800.0,2025-07-20T13:13:58.431842
2025-07-20,79897,2025072005018055,NRN,Trisul Securities & Invt. Ltd.,Imperial Securities Company Pvt. Ltd.,40,2407.5,96300.0,2025-07-20T13:14:27.916306
2025-07-20,78582,2025072005018253,NRN,R.B.B. Securities Company Ltd,Imperial Securities Company Pvt. Ltd.,10,2400.0,24000.0,2025-07-20T13:16:19.712212
2025-07-20,78257,2025072005018310,NRN,R.B.B. Securities Company Ltd,Trademow Securities Private Limited,20,2400.0,48000.0,2025-07-20T13:16:44.265237
2025-07-20,78050,2025072005018366,NRN,Primo Securities (PVT) Ltd.,Premier Securities Company Ltd.,10,2398.5,23985.0,2025-07-20T13:17:01.715072
2025-07-20,77503,2025072005018432,NRN,APPLE SECURITIES PRIVATE LIMITED,Miyo Securities Pvt Ltd,20,2398.3,47966.0,2025-07-20T13:17:51.840412
2025-07-20,76446,2025072005018572,NRN,Imperial Securities Company Pvt. Ltd.,Nepal Stock House (PVT) Ltd.,35,2398.4,83944.0,2025-07-20T13:19:35.55373
2025-07-20,76266,2025072005018591,NRN,APPLE SECURITIES PRIVATE LIMITED,Neev Securities Pvt. Ltd.,85,2398.3,203855.5,2025-07-20T13:19:52.405301
2025-07-20,76193,2025072005018605,NRN,APPLE SECURITIES PRIVATE LIMITED,Neev Securities Pvt. Ltd.,11,2398.3,26381.3,2025-07-20T13:20:00.446023
2025-07-20,76170,2025072005018611,NRN,Midas Stock Broking Company Private Limited,Nepal Stock House (PVT) Ltd.,15,2398.4,35976.0,2025-07-20T13:20:02.862885
2025-07-20,75706,2025072005018726,NRN,Midas Stock Broking Company Private Limited,Opal Securities Investment (PVT) Ltd.,26,2400.0,62400.0,2025-07-20T13:20:43.181616
2025-07-20,75534,2025072005018741,NRN,Sundhara Securities Limited,Opal Securities Investment (PVT) Ltd.,24,2400.0,57600.0,2025-07-20T13:20:59.620113
2025-07-20,75238,2025072005018794,NRN,APPLE SECURITIES PRIVATE LIMITED,Aryatara Investment & Securities,19,2398.3,45567.7,2025-07-20T13:21:32.660342
2025-07-20,75237,2025072005018795,NRN,Sweta Securities Private Limited,Aryatara Investment & Securities,31,2398.3,74347.3,2025-07-20T13:21:32.660617
2025-07-20,74888,2025072005018872,NRN,Sweta Securities Private Limited,Sani Securities Company Ltd.,69,2398.3,165482.7,2025-07-20T13:22:00.41141
2025-07-20,74887,2025072005018873,NRN,Primo Securities (PVT) Ltd.,Sani Securities Company Ltd.,10,2398.1,23981.0,2025-07-20T13:22:00.411712
2025-07-20,74886,2025072005018874,NRN,Thrive Brokerage House Pvt. Ltd,Sani Securities Company Ltd.,100,2398.0,239800.0,2025-07-20T13:22:00.411819
2025-07-20,74885,2025072005018875,NRN,Dynamic Money Managers Securities Pvt. Ltd.,Sani Securities Company Ltd.,20,2398.0,47960.0,2025-07-20T13:22:00.411936
2025-07-20,74884,2025072005018876,NRN,J.F. Securites (PVT) Ltd.,Sani Securities Company Ltd.,27,2397.0,64719.0,2025-07-20T13:22:00.41205
2025-07-20,74490,2025072005018942,NRN,Sundhara Securities Limited,Miyo Securities Pvt Ltd,22,2398.3,52762.6,2025-07-20T13:22:43.883522
2025-07-20,74459,2025072005018945,NRN,J.F. Securites (PVT) Ltd.,Aryatara Investment & Securities,100,2397.0,239700.0,2025-07-20T13:22:46.049969
2025-07-20,73763,2025072005019057,NRN,J.F. Securites (PVT) Ltd.,Capital Max Securities Ltd,11,2397.1,26368.1,2025-07-20T13:24:04.244835
2025-07-20,73333,2025072005019163,NRN,Trisul Securities & Invt. Ltd.,Sumeru Securities Pvt. Ltd.,11,2398.0,26378.0,2025-07-20T13:24:58.488492
2025-07-20,73200,2025072005019185,NRN,Trisul Securities & Invt. Ltd.,Miyo Securities Pvt Ltd,10,2398.0,23980.0,2025-07-20T13:25:10.586525
2025-07-20,71645,2025072005019512,NRN,Imperial Securities Company Pvt. Ltd.,Blue Chip Securities Ltd,10,2397.2,23972.0,2025-07-20T13:27:53.199168
2025-07-20,71644,2025072005019513,NRN,J.F. Securites (PVT) Ltd.,Blue Chip Securities Ltd,30,2397.2,71916.0,2025-07-20T13:27:53.199682
2025-07-20,71474,2025072005019583,NRN,J.F. Securites (PVT) Ltd.,Blue Chip Securities Ltd,10,2397.2,23972.0,2025-07-20T13:28:09.249089
2025-07-20,71385,2025072005019614,NRN,Aryatara Investment & Securities,Aryatara Investment & Securities,11,2400.0,26400.0,2025-07-20T13:28:18.115013
2025-07-20,70471,2025072005019821,NRN,Aryatara Investment & Securities,Creative Securities Pvt Ltd,14,2400.0,33600.0,2025-07-20T13:29:55.303599
2025-07-20,70470,2025072005019822,NRN,Aryatara Investment & Securities,Creative Securities Pvt Ltd,26,2400.0,62400.0,2025-07-20T13:29:55.303856
2025-07-20,70334,2025072005019839,NRN,Sweta Securities Private Limited,Deevyaa Securities & Stock House Pvt. Ltd,11,2403.0,26433.0,2025-07-20T13:30:08.476136
2025-07-20,70333,2025072005019840,NRN,Sweta Securities Private Limited,Creative Securities Pvt Ltd,217,2403.0,521451.0,2025-07-20T13:30:08.476471
2025-07-20,70308,2025072005019853,NRN,Sweta Securities Private Limited,Secured Securities Ltd.,11,2403.0,26433.0,2025-07-20T13:30:10.1718
2025-07-20,70056,2025072005019926,NRN,Aryatara Investment & Securities,Sweta Securities Private Limited,11,2400.0,26400.0,2025-07-20T13:30:39.767165
2025-07-20,69750,2025072005019997,NRN,Sweta Securities Private Limited,Online Securities Pvt. Ltd.,161,2400.0,386400.0,2025-07-20T13:31:13.994772
2025-07-20,69749,2025072005019998,NRN,Naasa Securities Co. Ltd.,Online Securities Pvt. Ltd.,100,2400.0,240000.0,2025-07-20T13:31:13.995304
2025-07-20,68662,2025072005020265,NRN,J.F. Securites (PVT) Ltd.,Dipshikha Dhitopatra Karobar Co. Pvt Ltd.,11,2397.4,26371.4,2025-07-20T13:33:29.719417
2025-07-20,68561,2025072005020285,NRN,J.F. Securites (PVT) Ltd.,Sani Securities Company Ltd.,11,2397.4,26371.4,2025-07-20T13:33:47.653663
2025-07-20,68551,2025072005020287,NRN,J.F. Securites (PVT) Ltd.,Thrive Brokerage House Pvt. Ltd,20,2397.4,47948.0,2025-07-20T13:33:49.068207
2025-07-20,68146,2025072005020405,NRN,J.F. Securites (PVT) Ltd.,Miyo Securities Pvt Ltd,16,2397.4,38358.4,2025-07-20T13:34:37.406909
2025-07-20,67865,2025072005020464,NRN,J.F. Securites (PVT) Ltd.,Naasa Securities Co. Ltd.,11,2397.4,26371.4,2025-07-20T13:35:10.18659
2025-07-20,67741,2025072005020485,NRN,Sundhara Securities Limited,Aryatara Investment & Securities,11,2400.0,26400.0,2025-07-20T13:35:31.18119
2025-07-20,67586,2025072005020504,NRN,Sweta Securities Private Limited,Creative Securities Pvt Ltd,10,2402.0,24020.0,2025-07-20T13:35:52.88411
2025-07-20,67489,2025072005020523,NRN,Sweta Securities Private Limited,Citizens Share Broker Limited,11,2403.0,26433.0,2025-07-20T13:36:07.981402
2025-07-20,66922,2025072005020640,NRN,Siprabi Securities Pvt. Ltd.,Sumeru Securities Pvt. Ltd.,30,2400.0,72000.0,2025-07-20T13:37:30.776401
2025-07-20,66921,2025072005020641,NRN,Bhrikuti Stock Broking Co. Pvt. Ltd.,Sumeru Securities Pvt. Ltd.,70,2400.0,168000.0,2025-07-20T13:37:30.776663
2025-07-20,66648,2025072005020726,NRN,Bhrikuti Stock Broking Co. Pvt. Ltd.,Miyo Securities Pvt Ltd,15,2400.0,36000.0,2025-07-20T13:38:12.09935
2025-07-20,66426,2025072005020775,NRN,Bhrikuti Stock Broking Co. Pvt. Ltd.,Opal Securities Investment (PVT) Ltd.,40,2400.0,96000.0,2025-07-20T13:38:40.112614
2025-07-20,66133,2025072005020831,NRN,Bhrikuti Stock Broking Co. Pvt. Ltd.,K.B.L. Securities Limited ,83,2400.0,199200.0,2025-07-20T13:39:23.547863
2025-07-20,66058,2025072005020838,NRN,Deevyaa Securities & Stock House Pvt. Ltd,Agrawal Securities (PVT) Ltd.,11,2399.0,26389.0,2025-07-20T13:39:32.204061
2025-07-20,66021,2025072005020844,NRN,Bhrikuti Stock Broking Co. Pvt. Ltd.,K.B.L. Securities Limited ,200,2400.0,480000.0,2025-07-20T13:39:34.668697
2025-07-20,65926,2025072005020850,NRN,Kalika Securities Pvt. Ltd.,Oxford Securities Pvt. Ltd.,11,2398.0,26378.0,2025-07-20T13:39:45.516875
2025-07-20,65922,2025072005020852,NRN,Kalika Securities Pvt. Ltd.,Dipshikha Dhitopatra Karobar Co. Pvt Ltd.,11,2398.0,26378.0,2025-07-20T13:39:46.192224
2025-07-20,65421,2025072005020947,NRN,Imperial Securities Company Pvt. Ltd.,Miyo Securities Pvt Ltd,10,2398.1,23981.0,2025-07-20T13:40:40.584724
2025-07-20,65420,2025072005020948,NRN,Kalika Securities Pvt. Ltd.,Miyo Securities Pvt Ltd,10,2398.0,23980.0,2025-07-20T13:40:40.585037
2025-07-20,65293,2025072005020971,NRN,Kalika Securities Pvt. Ltd.,Sani Securities Company Ltd.,23,2398.0,55154.0,2025-07-20T13:40:57.397767
2025-07-20,65292,2025072005020972,NRN,J.F. Securites (PVT) Ltd.,Sani Securities Company Ltd.,91,2397.4,218163.4,2025-07-20T13:40:57.398052
2025-07-20,65291,2025072005020973,NRN,Sweta Securities Private Limited,Sani Securities Company Ltd.,54,2397.3,129454.2,2025-07-20T13:40:57.398184
2025-07-20,65237,2025072005020981,NRN,Sweta Securities Private Limited,K.B.L. Securities Limited ,167,2400.0,400800.0,2025-07-20T13:41:05.260718
2025-07-20,65075,2025072005021008,NRN,Sweta Securities Private Limited,Naasa Securities Co. Ltd.,42,2402.0,100884.0,2025-07-20T13:41:27.480262
2025-07-20,64430,2025072005021133,NRN,Dipshikha Dhitopatra Karobar Co. Pvt Ltd.,Dipshikha Dhitopatra Karobar Co. Pvt Ltd.,11,2400.0,26400.0,2025-07-20T13:42:49.345689
2025-07-20,63828,2025072005021248,NRN,Dipshikha Dhitopatra Karobar Co. Pvt Ltd.,SHUBHAKAMANA SECURITIES PVT. LTD,39,2400.0,93600.0,2025-07-20T13:44:00.518974
2025-07-20,63827,2025072005021249,NRN,Kalika Securities Pvt. Ltd.,SHUBHAKAMANA SECURITIES PVT. LTD,18,2400.0,43200.0,2025-07-20T13:44:00.519332
2025-07-20,63796,2025072005021254,NRN,Sundhara Securities Limited,Magnet Securities and Investment Company Private Limited,135,2404.0,324540.0,2025-07-20T13:44:05.238252
2025-07-20,63604,2025072005021282,NRN,Kalika Securities Pvt. Ltd.,Vision Securities Pvt. Ltd,32,2400.0,76800.0,2025-07-20T13:44:28.295683
2025-07-20,63603,2025072005021283,NRN,Asian Securities Private Ltd.,Vision Securities Pvt. Ltd,968,2400.0,2323200.0,2025-07-20T13:44:28.295981
2025-07-20,63591,2025072005021285,NRN,Deevyaa Securities & Stock House Pvt. Ltd,Oxford Securities Pvt. Ltd.,10,2405.0,24050.0,2025-07-20T13:44:31.504391
2025-07-20,63319,2025072005021351,NRN,Asian Securities Private Ltd.,Online Securities Pvt. Ltd.,32,2400.0,76800.0,2025-07-20T13:45:02.616415
2025-07-20,63318,2025072005021352,NRN,Aryatara Investment & Securities,Online Securities Pvt. Ltd.,98,2400.0,235200.0,2025-07-20T13:45:02.616736
2025-07-20,63317,2025072005021353,NRN,Aryatara Investment & Securities,Imperial Securities Company Pvt. Ltd.,2,2400.0,4800.0,2025-07-20T13:45:02.616923
2025-07-20,62959,2025072005021437,NRN,Citizens Share Broker Limited,Agrawal Securities (PVT) Ltd.,10,2401.0,24010.0,2025-07-20T13:45:40.494045
2025-07-20,62902,2025072005021446,NRN,Citizens Share Broker Limited,Asian Securities Private Ltd.,11,2401.0,26411.0,2025-07-20T13:45:46.41248
2025-07-20,62899,2025072005021448,NRN,Citizens Share Broker Limited,Citizens Share Broker Limited,11,2401.0,26411.0,2025-07-20T13:45:47.31639
2025-07-20,62898,2025072005021449,NRN,Citizens Share Broker Limited,Imperial Securities Company Pvt. Ltd.,13,2401.0,31213.0,2025-07-20T13:45:47.367686
2025-07-20,62115,2025072005021569,NRN,Trisul Securities & Invt. Ltd.,ABC Securities Private Limited,150,2404.0,360600.0,2025-07-20T13:47:23.206273
2025-07-20,62114,2025072005021570,NRN,Trisul Securities & Invt. Ltd.,Sri Hari Securities Pvt. Ltd.,50,2404.9,120245.0,2025-07-20T13:47:23.206567
2025-07-20,62113,2025072005021571,NRN,Trisul Securities & Invt. Ltd.,Himalayan Brokerage Company Limited,200,2405.0,481000.0,2025-07-20T13:47:23.206686
2025-07-20,62112,2025072005021572,NRN,Trisul Securities & Invt. Ltd.,Opal Securities Investment (PVT) Ltd.,100,2405.0,240500.0,2025-07-20T13:47:23.206794
2025-07-20,61894,2025072005021609,NRN,Citizens Share Broker Limited,Vision Securities Pvt. Ltd,11,2401.0,26411.0,2025-07-20T13:47:52.264556
2025-07-20,61257,2025072005021690,NRN,Trisul Securities & Invt. Ltd.,Dakshinkali Investment & Securities Pvt. Ltd.,10,2402.0,24020.0,2025-07-20T13:48:59.022258
2025-07-20,60011,2025072005021891,NRN,Thrive Brokerage House Pvt. Ltd,Imperial Securities Company Pvt. Ltd.,12,2401.5,28818.0,2025-07-20T13:51:29.796209
2025-07-20,59770,2025072005021924,NRN,Trishakti Securities Public Limited,Miyo Securities Pvt Ltd,100,2404.0,240400.0,2025-07-20T13:51:55.946612
2025-07-20,59046,2025072005022094,NRN,Thrive Brokerage House Pvt. Ltd,Aakashbhairab Securities Ltd.,68,2401.5,163302.0,2025-07-20T13:53:00.226258
2025-07-20,59045,2025072005022095,NRN,Citizens Share Broker Limited,Aakashbhairab Securities Ltd.,24,2401.0,57624.0,2025-07-20T13:53:00.226592
2025-07-20,59044,2025072005022096,NRN,Imperial Securities Company Pvt. Ltd.,Aakashbhairab Securities Ltd.,100,2400.1,240010.0,2025-07-20T13:53:00.226705
2025-07-20,59043,2025072005022097,NRN,Online Securities Pvt. Ltd.,Aakashbhairab Securities Ltd.,50,2400.0,120000.0,2025-07-20T13:53:00.226813
2025-07-20,59042,2025072005022098,NRN,BHOLE GANESH SECURITIES LTD,Aakashbhairab Securities Ltd.,100,2400.0,240000.0,2025-07-20T13:53:00.22692
2025-07-20,59041,2025072005022099,NRN,Trademow Securities Private Limited,Aakashbhairab Securities Ltd.,458,2400.0,1099200.0,2025-07-20T13:53:00.227023
2025-07-20,58577,2025072005022174,NRN,Nagarik Stock Dealer ,ABC Securities Private Limited,11,2400.0,26400.0,2025-07-20T13:53:55.690328
2025-07-20,58479,2025072005022204,NRN,Nagarik Stock Dealer ,Trishakti Securities Public Limited,89,2400.0,213600.0,2025-07-20T13:54:04.444801
2025-07-20,58478,2025072005022205,NRN,Trademow Securities Private Limited,Trishakti Securities Public Limited,100,2400.0,240000.0,2025-07-20T13:54:04.44511
2025-07-20,58260,2025072005022256,NRN,Vision Securities Pvt. Ltd,Capital Hub P. Ltd,10,2398.2,23982.0,2025-07-20T13:54:31.059459
2025-07-20,58259,2025072005022257,NRN,Bhrikuti Stock Broking Co. Pvt. Ltd.,Capital Hub P. Ltd,50,2398.1,119905.0,2025-07-20T13:54:31.059749
2025-07-20,58258,2025072005022258,NRN,Nagarik Stock Dealer ,Capital Hub P. Ltd,23,2398.0,55154.0,2025-07-20T13:54:31.059867
2025-07-20,58257,2025072005022259,NRN,Deevyaa Securities & Stock House Pvt. Ltd,Capital Hub P. Ltd,10,2398.0,23980.0,2025-07-20T13:54:31.059982
2025-07-20,58256,2025072005022260,NRN,Trademow Securities Private Limited,Capital Hub P. Ltd,407,2398.0,975986.0,2025-07-20T13:54:31.060091
2025-07-20,58068,2025072005022289,NRN,Trademow Securities Private Limited,Trishakti Securities Public Limited,93,2398.0,223014.0,2025-07-20T13:54:55.895617
2025-07-20,57800,2025072005022339,NRN,J.F. Securites (PVT) Ltd.,Trishakti Securities Public Limited,89,2397.4,213368.6,2025-07-20T13:55:27.202026
2025-07-20,57799,2025072005022340,NRN,Sweta Securities Private Limited,Trishakti Securities Public Limited,46,2397.3,110275.8,2025-07-20T13:55:27.202323
2025-07-20,57798,2025072005022341,NRN,Sweta Securities Private Limited,Trishakti Securities Public Limited,100,2397.2,239720.0,2025-07-20T13:55:27.202435
2025-07-20,57720,2025072005022362,NRN,Sweta Securities Private Limited,Vision Securities Pvt. Ltd,11,2397.1,26368.1,2025-07-20T13:55:35.870533
2025-07-20,57677,2025072005022375,NRN,Sweta Securities Private Limited,Bhrikuti Stock Broking Co. Pvt. Ltd.,89,2397.1,213341.9,2025-07-20T13:55:39.027865
2025-07-20,57676,2025072005022376,NRN,J.F. Securites (PVT) Ltd.,Bhrikuti Stock Broking Co. Pvt. Ltd.,121,2397.0,290037.0,2025-07-20T13:55:39.027917
2025-07-20,57504,2025072005022411,NRN,J.F. Securites (PVT) Ltd.,Bhrikuti Stock Broking Co. Pvt. Ltd.,10,2397.0,23970.0,2025-07-20T13:55:57.217104
2025-07-20,56561,2025072005022600,NRN,J.F. Securites (PVT) Ltd.,Dipshikha Dhitopatra Karobar Co. Pvt Ltd.,10,2397.0,23970.0,2025-07-20T13:57:27.081002
2025-07-20,56479,2025072005022623,NRN,J.F. Securites (PVT) Ltd.,Dipshikha Dhitopatra Karobar Co. Pvt Ltd.,10,2397.0,23970.0,2025-07-20T13:57:35.185824
2025-07-20,56117,2025072005022691,NRN,Agrawal Securities (PVT) Ltd.,Dakshinkali Investment & Securities Pvt. Ltd.,10,2397.1,23971.0,2025-07-20T13:58:11.89261
2025-07-20,56116,2025072005022692,NRN,KALASH STOCK MARKET PVT. LTD.,Dakshinkali Investment & Securities Pvt. Ltd.,30,2397.0,71910.0,2025-07-20T13:58:11.893166
2025-07-20,55265,2025072005022876,NRN,KALASH STOCK MARKET PVT. LTD.,South Asian Bulls Pvt. Ltd.,11,2397.0,26367.0,2025-07-20T13:59:49.23466
2025-07-20,55117,2025072005022889,NRN,KALASH STOCK MARKET PVT. LTD.,Miyo Securities Pvt Ltd,50,2397.0,119850.0,2025-07-20T14:00:05.579067
2025-07-20,54438,2025072005023013,NRN,KALASH STOCK MARKET PVT. LTD.,Trishakti Securities Public Limited,100,2397.0,239700.0,2025-07-20T14:01:24.154516
2025-07-20,53160,2025072005023258,NRN,Primo Securities (PVT) Ltd.,Secured Securities Ltd.,10,2397.0,23970.0,2025-07-20T14:03:38.942384
2025-07-20,52547,2025072005023331,NRN,Naasa Securities Co. Ltd.,Nepal Stock House (PVT) Ltd.,100,2395.0,239500.0,2025-07-20T14:04:37.361645
2025-07-20,52394,2025072005023351,NRN,South Asian Bulls Pvt. Ltd.,Linch Stock Market Ltd.,20,2399.0,47980.0,2025-07-20T14:04:51.146277
2025-07-20,52295,2025072005023364,NRN,Naasa Securities Co. Ltd.,Naasa Securities Co. Ltd.,11,2395.0,26345.0,2025-07-20T14:05:01.239722
2025-07-20,52208,2025072005023390,NRN,Naasa Securities Co. Ltd.,Naasa Securities Co. Ltd.,139,2395.0,332905.0,2025-07-20T14:05:11.419088
2025-07-20,52207,2025072005023391,NRN,Dipshikha Dhitopatra Karobar Co. Pvt Ltd.,Naasa Securities Co. Ltd.,100,2395.0,239500.0,2025-07-20T14:05:11.419662
2025-07-20,52206,2025072005023392,NRN,Naasa Securities Co. Ltd.,Naasa Securities Co. Ltd.,42,2395.0,100590.0,2025-07-20T14:05:11.419998
2025-07-20,52205,2025072005023393,NRN,Online Securities Pvt. Ltd.,Naasa Securities Co. Ltd.,41,2395.0,98195.0,2025-07-20T14:05:11.420367
2025-07-20,51943,2025072005023444,NRN,Sumeru Securities Pvt. Ltd.,Naasa Securities Co. Ltd.,72,2394.6,172411.2,2025-07-20T14:05:38.920228
2025-07-20,51489,2025072005023505,NRN,Sumeru Securities Pvt. Ltd.,Secured Securities Ltd.,28,2394.6,67048.8,2025-07-20T14:06:18.938578
2025-07-20,51354,2025072005023544,NRN,Aakashbhairab Securities Ltd.,MILKY WAY SHARE BROKER COMPANY LTD ,10,2393.0,23930.0,2025-07-20T14:06:31.093454
2025-07-20,51353,2025072005023545,NRN,Primo Securities (PVT) Ltd.,MILKY WAY SHARE BROKER COMPANY LTD ,10,2392.5,23925.0,2025-07-20T14:06:31.09358
2025-07-20,51352,2025072005023546,NRN,BHOLE GANESH SECURITIES LTD,MILKY WAY SHARE BROKER COMPANY LTD ,600,2392.2,1435320.0,2025-07-20T14:06:31.093661
2025-07-20,51351,2025072005023547,NRN,Miyo Securities Pvt Ltd,MILKY WAY SHARE BROKER COMPANY LTD ,50,2392.0,119600.0,2025-07-20T14:06:31.093737
2025-07-20,51350,2025072005023548,NRN,ABC Securities Private Limited,MILKY WAY SHARE BROKER COMPANY LTD ,40,2392.0,95680.0,2025-07-20T14:06:31.093813
2025-07-20,51251,2025072005023563,NRN,ABC Securities Private Limited,Nepal Stock House (PVT) Ltd.,10,2392.0,23920.0,2025-07-20T14:06:44.028573
2025-07-20,51250,2025072005023564,NRN,Miyo Securities Pvt Ltd,Nepal Stock House (PVT) Ltd.,30,2392.0,71760.0,2025-07-20T14:06:44.029095
2025-07-20,50851,2025072005023644,NRN,Naasa Securities Co. Ltd.,Secured Securities Ltd.,100,2390.0,239000.0,2025-07-20T14:07:21.62651
2025-07-20,50850,2025072005023645,NRN,Nabil Stock Dealer Ltd.,Secured Securities Ltd.,72,2390.0,172080.0,2025-07-20T14:07:21.626801
2025-07-20,50816,2025072005023649,NRN,Nabil Stock Dealer Ltd.,Nepal Stock House (PVT) Ltd.,158,2390.0,377620.0,2025-07-20T14:07:27.201212
2025-07-20,50784,2025072005023652,NRN,Linch Stock Market Ltd.,Imperial Securities Company Pvt. Ltd.,30,2390.0,71700.0,2025-07-20T14:07:29.738521
2025-07-20,50783,2025072005023653,NRN,Sundhara Securities Limited,Imperial Securities Company Pvt. Ltd.,10,2390.0,23900.0,2025-07-20T14:07:29.738821
2025-07-20,50782,2025072005023654,NRN,Pragyan Securities (PVT) Ltd.,Imperial Securities Company Pvt. Ltd.,60,2390.0,143400.0,2025-07-20T14:07:29.738936
2025-07-20,50689,2025072005023662,NRN,Pragyan Securities (PVT) Ltd.,Deevyaa Securities & Stock House Pvt. Ltd,40,2390.0,95600.0,2025-07-20T14:07:35.292334
2025-07-20,50688,2025072005023663,NRN,Swarna Laxmi Securities Pvt. Ltd.,Deevyaa Securities & Stock House Pvt. Ltd,10,2390.0,23900.0,2025-07-20T14:07:35.292668
2025-07-20,50687,2025072005023664,NRN,Investment Management Nepal Pvt. Ltd.,Deevyaa Securities & Stock House Pvt. Ltd,20,2390.0,47800.0,2025-07-20T14:07:35.292783
2025-07-20,50686,2025072005023665,NRN,Premier Securities Company Ltd.,Deevyaa Securities & Stock House Pvt. Ltd,30,2390.0,71700.0,2025-07-20T14:07:35.292888
2025-07-20,50458,2025072005023695,NRN,Premier Securities Company Ltd.,Capital Hub P. Ltd,170,2390.0,406300.0,2025-07-20T14:07:54.595457
2025-07-20,50457,2025072005023696,NRN,Naasa Securities Co. Ltd.,Capital Hub P. Ltd,10,2390.0,23900.0,2025-07-20T14:07:54.595733
2025-07-20,50456,2025072005023697,NRN,Sumeru Securities Pvt. Ltd.,Capital Hub P. Ltd,120,2390.0,286800.0,2025-07-20T14:07:54.595897
2025-07-20,50197,2025072005023725,NRN,KALASH STOCK MARKET PVT. LTD.,Naasa Securities Co. Ltd.,10,2398.0,23980.0,2025-07-20T14:08:11.993237
2025-07-20,49515,2025072005023819,NRN,Sumeru Securities Pvt. Ltd.,Imperial Securities Company Pvt. Ltd.,80,2390.0,191200.0,2025-07-20T14:09:16.984752
2025-07-20,49514,2025072005023820,NRN,Naasa Securities Co. Ltd.,Imperial Securities Company Pvt. Ltd.,20,2390.0,47800.0,2025-07-20T14:09:16.985017
2025-07-20,49176,2025072005023887,NRN,Trademow Securities Private Limited,Linch Stock Market Ltd.,63,2395.0,150885.0,2025-07-20T14:09:49.816744
2025-07-20,48833,2025072005023928,NRN,Trademow Securities Private Limited,Oxford Securities Pvt. Ltd.,11,2390.0,26290.0,2025-07-20T14:10:17.966846
2025-07-20,48686,2025072005023939,NRN,Trademow Securities Private Limited,Investment Management Nepal Pvt. Ltd.,489,2390.0,1168710.0,2025-07-20T14:10:32.085796
2025-07-20,48685,2025072005023940,NRN,Dipshikha Dhitopatra Karobar Co. Pvt Ltd.,Investment Management Nepal Pvt. Ltd.,45,2390.0,107550.0,2025-07-20T14:10:32.086113
2025-07-20,47909,2025072005024063,NRN,Ashutosh Brokerage & Securities (PVT) Ltd.,Premier Securities Company Ltd.,1,2349.2,2349.2,2025-07-20T14:11:48.840916
2025-07-20,47472,2025072005024157,NRN,Dipshikha Dhitopatra Karobar Co. Pvt Ltd.,Dipshikha Dhitopatra Karobar Co. Pvt Ltd.,11,2389.0,26279.0,2025-07-20T14:12:22.467464
2025-07-20,46965,2025072005024233,NRN,Primo Securities (PVT) Ltd.,Aakashbhairab Securities Ltd.,10,2388.5,23885.0,2025-07-20T14:13:09.875637
2025-07-20,46964,2025072005024234,NRN,Primo Securities (PVT) Ltd.,Aakashbhairab Securities Ltd.,10,2388.1,23881.0,2025-07-20T14:13:09.875948
2025-07-20,46963,2025072005024235,NRN,Sundhara Securities Limited,Aakashbhairab Securities Ltd.,10,2388.0,23880.0,2025-07-20T14:13:09.876059
2025-07-20,46962,2025072005024236,NRN,Naasa Securities Co. Ltd.,Aakashbhairab Securities Ltd.,50,2388.0,119400.0,2025-07-20T14:13:09.876172
2025-07-20,46961,2025072005024237,NRN,Himalayan Brokerage Company Limited,Aakashbhairab Securities Ltd.,100,2387.0,238700.0,2025-07-20T14:13:09.876281
2025-07-20,46960,2025072005024238,NRN,Hatemalo Financial Services Private Limited,Aakashbhairab Securities Ltd.,200,2385.0,477000.0,2025-07-20T14:13:09.876393
2025-07-20,46959,2025072005024239,NRN,Dipshikha Dhitopatra Karobar Co. Pvt Ltd.,Aakashbhairab Securities Ltd.,120,2385.0,286200.0,2025-07-20T14:13:09.876496
2025-07-20,46837,2025072005024271,NRN,Dipshikha Dhitopatra Karobar Co. Pvt Ltd.,Aakashbhairab Securities Ltd.,55,2385.0,131175.0,2025-07-20T14:13:22.922697
2025-07-20,46487,2025072005024350,NRN,Aakashbhairab Securities Ltd.,Kalika Securities Pvt. Ltd.,57,2381.0,135717.0,2025-07-20T14:13:58.631337
2025-07-20,45576,2025072005024535,NRN,Dynamic Money Managers Securities Pvt. Ltd.,Aakashbhairab Securities Ltd.,10,2381.0,23810.0,2025-07-20T14:15:09.32652
2025-07-20,45575,2025072005024536,NRN,Trademow Securities Private Limited,Aakashbhairab Securities Ltd.,200,2381.0,476200.0,2025-07-20T14:15:09.327033
2025-07-20,45574,2025072005024537,NRN,Naasa Securities Co. Ltd.,Aakashbhairab Securities Ltd.,100,2381.0,238100.0,2025-07-20T14:15:09.327368
2025-07-20,45573,2025072005024538,NRN,Premier Securities Company Ltd.,Aakashbhairab Securities Ltd.,500,2381.0,1190500.0,2025-07-20T14:15:09.327692
2025-07-20,45572,2025072005024539,NRN,Sundhara Securities Limited,Aakashbhairab Securities Ltd.,10,2380.2,23802.0,2025-07-20T14:15:09.328034
2025-07-20,45571,2025072005024540,NRN,Naasa Securities Co. Ltd.,Aakashbhairab Securities Ltd.,1680,2380.0,3998400.0,2025-07-20T14:15:09.328394
2025-07-20,45570,2025072005024541,NRN,R.B.B. Securities Company Ltd,Aakashbhairab Securities Ltd.,200,2380.0,476000.0,2025-07-20T14:15:09.328702
2025-07-20,45569,2025072005024542,NRN,Trisul Securities & Invt. Ltd.,Aakashbhairab Securities Ltd.,300,2380.0,714000.0,2025-07-20T14:15:09.329007
2025-07-20,44509,2025072005024746,NRN,Linch Stock Market Ltd.,Capital Hub P. Ltd,10,2388.0,23880.0,2025-07-20T14:17:10.572095
2025-07-20,43915,2025072005024866,NRN,SHUBHAKAMANA SECURITIES PVT. LTD,Dakshinkali Investment & Securities Pvt. Ltd.,10,2387.0,23870.0,2025-07-20T14:18:25.066044
2025-07-20,43914,2025072005024867,NRN,SHUBHAKAMANA SECURITIES PVT. LTD,J.F. Securites (PVT) Ltd.,55,2387.0,131285.0,2025-07-20T14:18:25.06634
2025-07-20,43388,2025072005024951,NRN,Citizens Share Broker Limited,Aryatara Investment & Securities,30,2381.0,71430.0,2025-07-20T14:19:26.445946
2025-07-20,42630,2025072005025085,NRN,Citizens Share Broker Limited,Agrawal Securities (PVT) Ltd.,20,2381.0,47620.0,2025-07-20T14:20:53.148411
2025-07-20,42629,2025072005025086,NRN,Shree Krishna Securities Ltd.,Agrawal Securities (PVT) Ltd.,10,2381.0,23810.0,2025-07-20T14:20:53.149019
2025-07-20,42517,2025072005025112,NRN,Indira securities pvt. ltd,Sani Securities Company Ltd.,66,2380.6,157119.6,2025-07-20T14:21:07.648217
2025-07-20,42516,2025072005025113,NRN,Primo Securities (PVT) Ltd.,Sani Securities Company Ltd.,10,2380.5,23805.0,2025-07-20T14:21:07.64826
2025-07-20,42515,2025072005025114,NRN,Neev Securities Pvt. Ltd.,Sani Securities Company Ltd.,24,2380.1,57122.4,2025-07-20T14:21:07.648304
2025-07-20,42350,2025072005025155,NRN,Neev Securities Pvt. Ltd.,Sani Securities Company Ltd.,76,2380.1,180887.6,2025-07-20T14:21:27.47335
2025-07-20,42349,2025072005025156,NRN,Trisul Securities & Invt. Ltd.,Sani Securities Company Ltd.,64,2380.0,152320.0,2025-07-20T14:21:27.473656
2025-07-20,42276,2025072005025171,NRN,Trisul Securities & Invt. Ltd.,Linch Stock Market Ltd.,136,2380.0,323680.0,2025-07-20T14:21:33.362188
2025-07-20,42275,2025072005025172,NRN,Naasa Securities Co. Ltd.,Linch Stock Market Ltd.,50,2380.0,119000.0,2025-07-20T14:21:33.362741
2025-07-20,42274,2025072005025173,NRN,Naasa Securities Co. Ltd.,Linch Stock Market Ltd.,14,2380.0,33320.0,2025-07-20T14:21:33.363067
2025-07-20,42196,2025072005025189,NRN,Naasa Securities Co. Ltd.,Sani Securities Company Ltd.,10,2380.0,23800.0,2025-07-20T14:21:40.753391
2025-07-20,42159,2025072005025194,NRN,Naasa Securities Co. Ltd.,Linch Stock Market Ltd.,176,2380.0,418880.0,2025-07-20T14:21:44.490498
2025-07-20,42136,2025072005025202,NRN,Imperial Securities Company Pvt. Ltd.,Trishakti Securities Public Limited,10,2375.0,23750.0,2025-07-20T14:21:46.306282
2025-07-20,42135,2025072005025203,NRN,Ashutosh Brokerage & Securities (PVT) Ltd.,Trishakti Securities Public Limited,50,2375.0,118750.0,2025-07-20T14:21:46.306573
2025-07-20,42134,2025072005025204,NRN,Opal Securities Investment (PVT) Ltd.,Trishakti Securities Public Limited,100,2375.0,237500.0,2025-07-20T14:21:46.30668
2025-07-20,41994,2025072005025225,NRN,SHUBHAKAMANA SECURITIES PVT. LTD,Trisul Securities & Invt. Ltd.,11,2371.0,26081.0,2025-07-20T14:21:58.02774
2025-07-20,41621,2025072005025279,NRN,SHUBHAKAMANA SECURITIES PVT. LTD,Agrawal Securities (PVT) Ltd.,14,2371.0,33194.0,2025-07-20T14:22:44.201764
2025-07-20,41620,2025072005025280,NRN,Siprabi Securities Pvt. Ltd.,Agrawal Securities (PVT) Ltd.,183,2371.0,433893.0,2025-07-20T14:22:44.202063
2025-07-20,41216,2025072005025357,NRN,Siprabi Securities Pvt. Ltd.,Vision Securities Pvt. Ltd,17,2371.0,40307.0,2025-07-20T14:23:25.426745
2025-07-20,41215,2025072005025358,NRN,Naasa Securities Co. Ltd.,Vision Securities Pvt. Ltd,58,2371.0,137518.0,2025-07-20T14:23:25.427295
2025-07-20,41112,2025072005025374,NRN,Naasa Securities Co. Ltd.,Linch Stock Market Ltd.,42,2371.0,99582.0,2025-07-20T14:23:35.03428
2025-07-20,41111,2025072005025375,NRN,Naasa Securities Co. Ltd.,Linch Stock Market Ltd.,100,2370.0,237000.0,2025-07-20T14:23:35.034857
2025-07-20,41110,2025072005025376,NRN,Global IME Securities Limited,Linch Stock Market Ltd.,82,2370.0,194340.0,2025-07-20T14:23:35.035179
2025-07-20,41032,2025072005025396,NRN,Global IME Securities Limited,Linch Stock Market Ltd.,300,2370.0,711000.0,2025-07-20T14:23:47.205038
2025-07-20,40948,2025072005025404,NRN,Global IME Securities Limited,Sagarmatha Securities Private Limited,19,2370.0,45030.0,2025-07-20T14:23:56.340368
2025-07-20,40947,2025072005025405,NRN,Nabil Stock Dealer Ltd.,Sagarmatha Securities Private Limited,381,2370.0,902970.0,2025-07-20T14:23:56.340671
2025-07-20,40912,2025072005025412,NRN,Nabil Stock Dealer Ltd.,Sagarmatha Securities Private Limited,11,2370.0,26070.0,2025-07-20T14:24:00.374071
2025-07-20,40876,2025072005025427,NRN,ABC Securities Private Limited,Linch Stock Market Ltd.,100,2370.0,237000.0,2025-07-20T14:24:04.453256
2025-07-20,40818,2025072005025429,NRN,Trademow Securities Private Limited,Trishakti Securities Public Limited,133,2375.0,315875.0,2025-07-20T14:24:10.885934
2025-07-20,40534,2025072005025479,NRN,SHUBHAKAMANA SECURITIES PVT. LTD,Aakashbhairab Securities Ltd.,50,2370.1,118505.0,2025-07-20T14:24:35.436348
2025-07-20,40533,2025072005025480,NRN,ABC Securities Private Limited,Aakashbhairab Securities Ltd.,400,2370.0,948000.0,2025-07-20T14:24:35.436867
2025-07-20,40532,2025072005025481,NRN,KALASH STOCK MARKET PVT. LTD.,Aakashbhairab Securities Ltd.,20,2370.0,47400.0,2025-07-20T14:24:35.437186
2025-07-20,40531,2025072005025482,NRN,Sweta Securities Private Limited,Aakashbhairab Securities Ltd.,200,2370.0,474000.0,2025-07-20T14:24:35.437511
2025-07-20,40530,2025072005025483,NRN,Dipshikha Dhitopatra Karobar Co. Pvt Ltd.,Aakashbhairab Securities Ltd.,98,2370.0,232260.0,2025-07-20T14:24:35.437812
2025-07-20,40529,2025072005025484,NRN,Naasa Securities Co. Ltd.,Aakashbhairab Securities Ltd.,200,2370.0,474000.0,2025-07-20T14:24:35.438142
2025-07-20,40528,2025072005025485,NRN,Primo Securities (PVT) Ltd.,Aakashbhairab Securities Ltd.,10,2370.0,23700.0,2025-07-20T14:24:35.438452
2025-07-20,39781,2025072005025585,NRN,Capital Max Securities Ltd,Aakashbhairab Securities Ltd.,22,2370.0,52140.0,2025-07-20T14:25:43.22154
2025-07-20,39599,2025072005025598,NRN,Trademow Securities Private Limited,Premier Securities Company Ltd.,14,2370.0,33180.0,2025-07-20T14:25:55.150359
2025-07-20,39172,2025072005025666,NRN,Premier Securities Company Ltd.,Capital Hub P. Ltd,50,2366.7,118335.0,2025-07-20T14:26:31.623829
2025-07-20,39171,2025072005025667,NRN,Sani Securities Company Ltd.,Capital Hub P. Ltd,30,2365.0,70950.0,2025-07-20T14:26:31.624106
2025-07-20,39170,2025072005025668,NRN,Siprabi Securities Pvt. Ltd.,Capital Hub P. Ltd,10,2365.0,23650.0,2025-07-20T14:26:31.624216
2025-07-20,38828,2025072005025742,NRN,Agrawal Securities (PVT) Ltd.,Nepal Stock House (PVT) Ltd.,10,2367.0,23670.0,2025-07-20T14:26:53.569479
2025-07-20,38827,2025072005025743,NRN,Siprabi Securities Pvt. Ltd.,Nepal Stock House (PVT) Ltd.,90,2365.0,212850.0,2025-07-20T14:26:53.570001
2025-07-20,38406,2025072005025809,NRN,Trisul Securities & Invt. Ltd.,Primo Securities (PVT) Ltd.,100,2369.0,236900.0,2025-07-20T14:27:16.373938
2025-07-20,37957,2025072005025888,NRN,Primo Securities (PVT) Ltd.,Premier Securities Company Ltd.,10,2363.2,23632.0,2025-07-20T14:27:40.086015
2025-07-20,37956,2025072005025889,NRN,Primo Securities (PVT) Ltd.,Premier Securities Company Ltd.,100,2363.1,236310.0,2025-07-20T14:27:40.086301
2025-07-20,37888,2025072005025913,NRN,Himalayan Brokerage Company Limited,Premier Securities Company Ltd.,17,2363.1,40172.7,2025-07-20T14:27:45.468542
2025-07-20,37114,2025072005026032,NRN,Himalayan Brokerage Company Limited,Shree Krishna Securities Ltd.,11,2363.3,25996.3,2025-07-20T14:28:47.07703
2025-07-20,36835,2025072005026080,NRN,Himalayan Brokerage Company Limited,Linch Stock Market Ltd.,72,2363.3,170157.6,2025-07-20T14:29:08.161363
2025-07-20,36834,2025072005026081,NRN,Agrawal Securities (PVT) Ltd.,Linch Stock Market Ltd.,20,2363.2,47264.0,2025-07-20T14:29:08.161642
2025-07-20,36697,2025072005026105,NRN,Thrive Brokerage House Pvt. Ltd,ABC Securities Private Limited,11,2363.1,25994.1,2025-07-20T14:29:18.87568
2025-07-20,36674,2025072005026106,NRN,Thrive Brokerage House Pvt. Ltd,Linch Stock Market Ltd.,89,2363.1,210315.9,2025-07-20T14:29:20.378458
2025-07-20,36673,2025072005026107,NRN,Online Securities Pvt. Ltd.,Linch Stock Market Ltd.,11,2363.0,25993.0,2025-07-20T14:29:20.378731
2025-07-20,36573,2025072005026126,NRN,Online Securities Pvt. Ltd.,Premier Securities Company Ltd.,170,2363.0,401710.0,2025-07-20T14:29:28.145739
2025-07-20,36355,2025072005026175,NRN,Naasa Securities Co. Ltd.,Arun Securities (PVT) Ltd.,191,2366.7,452039.7,2025-07-20T14:29:46.071504
2025-07-20,36354,2025072005026176,NRN,Naasa Securities Co. Ltd.,Primo Securities (PVT) Ltd.,19,2369.0,45011.0,2025-07-20T14:29:46.071808
2025-07-20,35780,2025072005026264,NRN,Neev Securities Pvt. Ltd.,Primo Securities (PVT) Ltd.,381,2369.0,902589.0,2025-07-20T14:30:27.225522
2025-07-20,35684,2025072005026290,NRN,Siprabi Securities Pvt. Ltd.,Premier Securities Company Ltd.,36,2370.0,85320.0,2025-07-20T14:30:34.417333
2025-07-20,35683,2025072005026291,NRN,Siprabi Securities Pvt. Ltd.,Secured Securities Ltd.,200,2379.9,475980.0,2025-07-20T14:30:34.417435
2025-07-20,35682,2025072005026292,NRN,Siprabi Securities Pvt. Ltd.,Naasa Securities Co. Ltd.,64,2380.0,152320.0,2025-07-20T14:30:34.417517
2025-07-20,34880,2025072005026433,NRN,Neev Securities Pvt. Ltd.,Naasa Securities Co. Ltd.,26,2380.0,61880.0,2025-07-20T14:31:23.904014
2025-07-20,34879,2025072005026434,NRN,Neev Securities Pvt. Ltd.,BHOLE GANESH SECURITIES LTD,93,2380.0,221340.0,2025-07-20T14:31:23.904654
2025-07-20,34664,2025072005026464,NRN,SHUBHAKAMANA SECURITIES PVT. LTD,Naasa Securities Co. Ltd.,20,2369.1,47382.0,2025-07-20T14:31:39.75004
2025-07-20,34561,2025072005026474,NRN,SHUBHAKAMANA SECURITIES PVT. LTD,Capital Hub P. Ltd,30,2369.1,71073.0,2025-07-20T14:31:43.537751
2025-07-20,34560,2025072005026475,NRN,Sweta Securities Private Limited,Capital Hub P. Ltd,50,2369.0,118450.0,2025-07-20T14:31:43.538067
2025-07-20,34383,2025072005026503,NRN,Sweta Securities Private Limited,Midas Stock Broking Company Private Limited,150,2369.0,355350.0,2025-07-20T14:31:56.46587
