Date,S.N.,contract_id,symbol,buyer_broker,seller_broker,volume,price,amount,transaction_time
2025-07-20,177954,2025072001000018,PCBL,Nepal Stock House (PVT) Ltd.,Sweta Securities Private Limited,100,280.0,28000.0,2025-07-20T10:46:00.216675
2025-07-20,177013,2025072001000276,PCBL,Deevyaa Securities & Stock House Pvt. Ltd,Imperial Securities Company Pvt. Ltd.,10,285.6,2856.0,2025-07-20T11:02:03.339146
2025-07-20,176316,2025072001000415,PCBL,Siprabi Securities Pvt. Ltd.,Sani Securities Company Ltd.,1000,290.0,290000.0,2025-07-20T11:03:02.604471
2025-07-20,175751,2025072001000517,PCBL,Sani Securities Company Ltd.,Nepal Investment And Securities Trading Private Limited,200,289.8,57960.0,2025-07-20T11:03:46.272673
2025-07-20,175447,2025072001000580,PCBL,Naasa Securities Co. Ltd.,Naasa Securities Co. Ltd.,100,285.0,28500.0,2025-07-20T11:04:10.977291
2025-07-20,175446,2025072001000581,PCBL,Malla & Malla Stock Broking Company Pvt. Limited,Naasa Securities Co. Ltd.,70,285.0,19950.0,2025-07-20T11:04:10.977342
2025-07-20,175019,2025072001000683,PCBL,Malla & Malla Stock Broking Company Pvt. Limited,Aryatara Investment & Securities,30,285.0,8550.0,2025-07-20T11:04:41.762551
2025-07-20,174580,2025072001000766,PCBL,Secured Securities Ltd.,Sweta Securities Private Limited,55,284.0,15620.0,2025-07-20T11:05:11.880492
2025-07-20,174523,2025072001000783,PCBL,Dynamic Money Managers Securities Pvt. Ltd.,Aryatara Investment & Securities,100,285.0,28500.0,2025-07-20T11:05:15.394938
2025-07-20,172790,2025072001001257,PCBL,Sani Securities Company Ltd.,Aryatara Investment & Securities,100,285.0,28500.0,2025-07-20T11:07:06.483523
2025-07-20,172357,2025072001001377,PCBL,Midas Stock Broking Company Private Limited,Aryatara Investment & Securities,470,285.0,133950.0,2025-07-20T11:07:32.738703
2025-07-20,172356,2025072001001378,PCBL,Midas Stock Broking Company Private Limited,Linch Stock Market Ltd.,100,285.0,28500.0,2025-07-20T11:07:32.738835
2025-07-20,172299,2025072001001392,PCBL,Midas Stock Broking Company Private Limited,J.F. Securites (PVT) Ltd.,15,285.0,4275.0,2025-07-20T11:07:36.543368
2025-07-20,171714,2025072001001531,PCBL,Midas Stock Broking Company Private Limited,J.F. Securites (PVT) Ltd.,300,285.0,85500.0,2025-07-20T11:08:14.713613
2025-07-20,170665,2025072001001861,PCBL,Midas Stock Broking Company Private Limited,Siprabi Securities Pvt. Ltd.,115,285.0,32775.0,2025-07-20T11:09:11.524535
2025-07-20,170664,2025072001001862,PCBL,Imperial Securities Company Pvt. Ltd.,Siprabi Securities Pvt. Ltd.,160,285.0,45600.0,2025-07-20T11:09:11.524608
2025-07-20,170638,2025072001001869,PCBL,Imperial Securities Company Pvt. Ltd.,J.F. Securites (PVT) Ltd.,340,285.0,96900.0,2025-07-20T11:09:13.331297
2025-07-20,170637,2025072001001870,PCBL,Linch Stock Market Ltd.,J.F. Securites (PVT) Ltd.,300,285.0,85500.0,2025-07-20T11:09:13.331367
2025-07-20,170511,2025072001001908,PCBL,Secured Securities Ltd.,Sani Securities Company Ltd.,15,284.0,4260.0,2025-07-20T11:09:23.655407
2025-07-20,170510,2025072001001909,PCBL,Trishakti Securities Public Limited,Sani Securities Company Ltd.,10,282.5,2825.0,2025-07-20T11:09:23.655462
2025-07-20,170509,2025072001001910,PCBL,Siprabi Securities Pvt. Ltd.,Sani Securities Company Ltd.,160,282.4,45184.0,2025-07-20T11:09:23.655491
2025-07-20,169610,2025072001002191,PCBL,Siprabi Securities Pvt. Ltd.,Sri Hari Securities Pvt. Ltd.,40,282.4,11296.0,2025-07-20T11:10:19.337273
2025-07-20,169609,2025072001002192,PCBL,Nepal Stock House (PVT) Ltd.,Sri Hari Securities Pvt. Ltd.,500,282.3,141150.0,2025-07-20T11:10:19.337333
2025-07-20,169608,2025072001002193,PCBL,Siprabi Securities Pvt. Ltd.,Sri Hari Securities Pvt. Ltd.,460,282.2,129812.0,2025-07-20T11:10:19.337368
2025-07-20,169439,2025072001002243,PCBL,Siprabi Securities Pvt. Ltd.,Sundhara Securities Limited,300,282.2,84660.0,2025-07-20T11:10:32.23298
2025-07-20,169328,2025072001002279,PCBL,Sundhara Securities Limited,Linch Stock Market Ltd.,15,284.9,4273.5,2025-07-20T11:10:42.325621
2025-07-20,169283,2025072001002290,PCBL,Siprabi Securities Pvt. Ltd.,Kumari Securities Private Limited,500,282.2,141100.0,2025-07-20T11:10:47.132057
2025-07-20,169163,2025072001002324,PCBL,Siprabi Securities Pvt. Ltd.,Sani Securities Company Ltd.,22,282.2,6208.4,2025-07-20T11:10:56.02412
2025-07-20,168618,2025072001002464,PCBL,Siprabi Securities Pvt. Ltd.,Midas Stock Broking Company Private Limited,718,282.2,202619.6,2025-07-20T11:11:32.04661
2025-07-20,168617,2025072001002465,PCBL,Sweta Securities Private Limited,Midas Stock Broking Company Private Limited,300,282.0,84600.0,2025-07-20T11:11:32.046718
2025-07-20,168616,2025072001002466,PCBL,Nepal Stock House (PVT) Ltd.,Midas Stock Broking Company Private Limited,50,282.0,14100.0,2025-07-20T11:11:32.046759
2025-07-20,168462,2025072001002515,PCBL,Cristal Kanchanjanga Securites Pvt. Ltd.,Midas Stock Broking Company Private Limited,30,282.0,8460.0,2025-07-20T11:11:42.358324
2025-07-20,168097,2025072001002640,PCBL,Pragyan Securities (PVT) Ltd.,Shree Krishna Securities Ltd.,23,281.7,6479.1,2025-07-20T11:12:07.449693
2025-07-20,167903,2025072001002685,PCBL,Pragyan Securities (PVT) Ltd.,Aryatara Investment & Securities,177,281.7,49860.9,2025-07-20T11:12:24.012431
2025-07-20,167167,2025072001002905,PCBL,Vision Securities Pvt. Ltd,Naasa Securities Co. Ltd.,10,281.5,2815.0,2025-07-20T11:13:15.519991
2025-07-20,166373,2025072001003204,PCBL,Nepal Stock House (PVT) Ltd.,ABC Securities Private Limited,370,280.1,103637.0,2025-07-20T11:14:14.696146
2025-07-20,166299,2025072001003234,PCBL,Nepal Stock House (PVT) Ltd.,Online Securities Pvt. Ltd.,130,280.1,36413.0,2025-07-20T11:14:20.603035
2025-07-20,165978,2025072001003324,PCBL,Sani Securities Company Ltd.,Naasa Securities Co. Ltd.,500,280.0,140000.0,2025-07-20T11:14:46.834387
2025-07-20,165977,2025072001003325,PCBL,Vision Securities Pvt. Ltd,Naasa Securities Co. Ltd.,100,280.0,28000.0,2025-07-20T11:14:46.834483
2025-07-20,165976,2025072001003326,PCBL,Dynamic Money Managers Securities Pvt. Ltd.,Naasa Securities Co. Ltd.,73,280.0,20440.0,2025-07-20T11:14:46.834534
2025-07-20,165975,2025072001003327,PCBL,Opal Securities Investment (PVT) Ltd.,Naasa Securities Co. Ltd.,200,280.0,56000.0,2025-07-20T11:14:46.83457
2025-07-20,165864,2025072001003366,PCBL,Deevyaa Securities & Stock House Pvt. Ltd,Naasa Securities Co. Ltd.,127,280.0,35560.0,2025-07-20T11:14:53.637606
2025-07-20,165000,2025072001003594,PCBL,Deevyaa Securities & Stock House Pvt. Ltd,Midas Stock Broking Company Private Limited,402,281.0,112962.0,2025-07-20T11:15:50.940098
2025-07-20,164999,2025072001003595,PCBL,Deevyaa Securities & Stock House Pvt. Ltd,Online Securities Pvt. Ltd.,98,281.0,27538.0,2025-07-20T11:15:50.940179
2025-07-20,164592,2025072001003705,PCBL,Naasa Securities Co. Ltd.,Online Securities Pvt. Ltd.,272,281.0,76432.0,2025-07-20T11:16:15.081389
2025-07-20,164241,2025072001003761,PCBL,ABC Securities Private Limited,Naasa Securities Co. Ltd.,200,281.5,56300.0,2025-07-20T11:16:35.636434
2025-07-20,163414,2025072001003956,PCBL,Nepal Investment And Securities Trading Private Limited,Naasa Securities Co. Ltd.,20,281.5,5630.0,2025-07-20T11:17:27.104868
2025-07-20,163349,2025072001003977,PCBL,Capital Max Securities Ltd,Bhrikuti Stock Broking Co. Pvt. Ltd.,100,280.3,28030.0,2025-07-20T11:17:30.322886
2025-07-20,163344,2025072001003981,PCBL,Kumari Securities Private Limited,Naasa Securities Co. Ltd.,20,281.5,5630.0,2025-07-20T11:17:30.603227
2025-07-20,162295,2025072001004266,PCBL,Imperial Securities Company Pvt. Ltd.,Market Securities & Exchange (PVT) Ltd.,274,282.0,77268.0,2025-07-20T11:18:32.346194
2025-07-20,159476,2025072001005081,PCBL,Oxford Securities Pvt. Ltd.,Vision Securities Pvt. Ltd,10,283.0,2830.0,2025-07-20T11:21:42.989645
2025-07-20,158820,2025072001005246,PCBL,Imperial Securities Company Pvt. Ltd.,Miyo Securities Pvt Ltd,100,284.0,28400.0,2025-07-20T11:22:28.516212
2025-07-20,158819,2025072001005247,PCBL,Imperial Securities Company Pvt. Ltd.,Online Securities Pvt. Ltd.,25,284.9,7122.5,2025-07-20T11:22:28.516343
2025-07-20,158818,2025072001005248,PCBL,Imperial Securities Company Pvt. Ltd.,J.F. Securites (PVT) Ltd.,54,285.0,15390.0,2025-07-20T11:22:28.516399
2025-07-20,158817,2025072001005249,PCBL,Imperial Securities Company Pvt. Ltd.,Siprabi Securities Pvt. Ltd.,1102,285.0,314070.0,2025-07-20T11:22:28.51645
2025-07-20,158816,2025072001005250,PCBL,Imperial Securities Company Pvt. Ltd.,Opal Securities Investment (PVT) Ltd.,1719,285.0,489915.0,2025-07-20T11:22:28.516493
2025-07-20,158465,2025072001005345,PCBL,Imperial Securities Company Pvt. Ltd.,Opal Securities Investment (PVT) Ltd.,500,285.0,142500.0,2025-07-20T11:22:50.997124
2025-07-20,158315,2025072001005385,PCBL,Nabil Stock Dealer Ltd.,ABC Securities Private Limited,50,284.5,14225.0,2025-07-20T11:23:02.767416
2025-07-20,158314,2025072001005386,PCBL,Sani Securities Company Ltd.,ABC Securities Private Limited,1950,284.0,553800.0,2025-07-20T11:23:02.767644
2025-07-20,158210,2025072001005414,PCBL,Vision Securities Pvt. Ltd,Opal Securities Investment (PVT) Ltd.,781,285.0,222585.0,2025-07-20T11:23:08.595181
2025-07-20,158209,2025072001005415,PCBL,Vision Securities Pvt. Ltd,Aryatara Investment & Securities,719,285.0,204915.0,2025-07-20T11:23:08.595293
2025-07-20,158102,2025072001005429,PCBL,Vision Securities Pvt. Ltd,Aryatara Investment & Securities,104,285.0,29640.0,2025-07-20T11:23:16.76891
2025-07-20,158101,2025072001005430,PCBL,Vision Securities Pvt. Ltd,Secured Securities Ltd.,240,285.0,68400.0,2025-07-20T11:23:16.769032
2025-07-20,158100,2025072001005431,PCBL,Vision Securities Pvt. Ltd,APPLE SECURITIES PRIVATE LIMITED,156,285.0,44460.0,2025-07-20T11:23:16.769079
2025-07-20,158060,2025072001005449,PCBL,Imperial Securities Company Pvt. Ltd.,APPLE SECURITIES PRIVATE LIMITED,144,285.0,41040.0,2025-07-20T11:23:19.471639
2025-07-20,157705,2025072001005562,PCBL,Imperial Securities Company Pvt. Ltd.,Dakshinkali Investment & Securities Pvt. Ltd.,100,285.0,28500.0,2025-07-20T11:23:41.641294
2025-07-20,157693,2025072001005564,PCBL,Oxford Securities Pvt. Ltd.,Nepal Investment And Securities Trading Private Limited,220,286.0,62920.0,2025-07-20T11:23:42.197596
2025-07-20,157398,2025072001005635,PCBL,Pragyan Securities (PVT) Ltd.,Nepal Investment And Securities Trading Private Limited,25,286.0,7150.0,2025-07-20T11:24:01.532445
2025-07-20,157230,2025072001005677,PCBL,Arun Securities (PVT) Ltd.,Nepal Investment And Securities Trading Private Limited,25,286.0,7150.0,2025-07-20T11:24:13.881819
2025-07-20,156818,2025072001005818,PCBL,Vision Securities Pvt. Ltd,Nepal Investment And Securities Trading Private Limited,30,286.0,8580.0,2025-07-20T11:24:40.411101
2025-07-20,156817,2025072001005819,PCBL,Vision Securities Pvt. Ltd,Kohinoor Investment & Securities Pvt. Ltd.,50,286.9,14345.0,2025-07-20T11:24:40.4112
2025-07-20,156816,2025072001005820,PCBL,Vision Securities Pvt. Ltd,Siprabi Securities Pvt. Ltd.,330,287.0,94710.0,2025-07-20T11:24:40.411251
2025-07-20,156815,2025072001005821,PCBL,Vision Securities Pvt. Ltd,Asian Securities Private Ltd.,200,287.0,57400.0,2025-07-20T11:24:40.411299
2025-07-20,156814,2025072001005822,PCBL,Vision Securities Pvt. Ltd,Vision Securities Pvt. Ltd,191,287.0,54817.0,2025-07-20T11:24:40.411345
2025-07-20,156813,2025072001005823,PCBL,Vision Securities Pvt. Ltd,Nepal Stock House (PVT) Ltd.,2199,287.0,631113.0,2025-07-20T11:24:40.41139
2025-07-20,156373,2025072001005935,PCBL,Naasa Securities Co. Ltd.,Dakshinkali Investment & Securities Pvt. Ltd.,100,285.1,28510.0,2025-07-20T11:25:13.970394
2025-07-20,154953,2025072001006372,PCBL,Sani Securities Company Ltd.,South Asian Bulls Pvt. Ltd.,16,287.5,4600.0,2025-07-20T11:26:58.555277
2025-07-20,152824,2025072001006983,PCBL,Naasa Securities Co. Ltd.,Nepal Stock House (PVT) Ltd.,20,285.1,5702.0,2025-07-20T11:29:26.534755
2025-07-20,152510,2025072001007056,PCBL,Naasa Securities Co. Ltd.,Linch Stock Market Ltd.,160,285.1,45616.0,2025-07-20T11:29:48.454502
2025-07-20,152509,2025072001007057,PCBL,Naasa Securities Co. Ltd.,Linch Stock Market Ltd.,50,285.1,14255.0,2025-07-20T11:29:48.454654
2025-07-20,151895,2025072001007201,PCBL,Siprabi Securities Pvt. Ltd.,Linch Stock Market Ltd.,91,285.1,25944.1,2025-07-20T11:30:38.483152
2025-07-20,149792,2025072001007796,PCBL,Capital Max Securities Ltd,Naasa Securities Co. Ltd.,36,286.0,10296.0,2025-07-20T11:33:09.666678
2025-07-20,149791,2025072001007797,PCBL,Capital Max Securities Ltd,Agrawal Securities (PVT) Ltd.,500,286.0,143000.0,2025-07-20T11:33:09.666708
2025-07-20,149790,2025072001007798,PCBL,Capital Max Securities Ltd,Linch Stock Market Ltd.,85,287.4,24429.0,2025-07-20T11:33:09.666732
2025-07-20,149789,2025072001007799,PCBL,Capital Max Securities Ltd,South Asian Bulls Pvt. Ltd.,24,287.5,6900.0,2025-07-20T11:33:09.666756
2025-07-20,149788,2025072001007800,PCBL,Capital Max Securities Ltd,Creative Securities Pvt Ltd,500,287.5,143750.0,2025-07-20T11:33:09.666779
2025-07-20,149787,2025072001007801,PCBL,Capital Max Securities Ltd,Naasa Securities Co. Ltd.,620,287.5,178250.0,2025-07-20T11:33:09.666799
2025-07-20,149786,2025072001007802,PCBL,Capital Max Securities Ltd,Linch Stock Market Ltd.,200,287.9,57580.0,2025-07-20T11:33:09.666822
2025-07-20,149785,2025072001007803,PCBL,Capital Max Securities Ltd,Kumari Securities Private Limited,200,287.9,57580.0,2025-07-20T11:33:09.666843
2025-07-20,149784,2025072001007804,PCBL,Capital Max Securities Ltd,ABC Securities Private Limited,335,288.0,96480.0,2025-07-20T11:33:09.66687
2025-07-20,149618,2025072001007846,PCBL,Sundhara Securities Limited,Dipshikha Dhitopatra Karobar Co. Pvt Ltd.,100,285.2,28520.0,2025-07-20T11:33:23.806044
2025-07-20,149039,2025072001008034,PCBL,Vision Securities Pvt. Ltd,Imperial Securities Company Pvt. Ltd.,318,285.3,90725.4,2025-07-20T11:34:10.292302
2025-07-20,147773,2025072001008363,PCBL,Vision Securities Pvt. Ltd,Naasa Securities Co. Ltd.,200,285.3,57060.0,2025-07-20T11:35:36.694176
2025-07-20,147311,2025072001008495,PCBL,Vision Securities Pvt. Ltd,Cristal Kanchanjanga Securites Pvt. Ltd.,200,285.3,57060.0,2025-07-20T11:36:08.220916
2025-07-20,147256,2025072001008508,PCBL,Vision Securities Pvt. Ltd,Malla & Malla Stock Broking Company Pvt. Limited,19,285.3,5420.7,2025-07-20T11:36:13.014222
2025-07-20,147170,2025072001008519,PCBL,Vision Securities Pvt. Ltd,Naasa Securities Co. Ltd.,200,285.3,57060.0,2025-07-20T11:36:19.02616
2025-07-20,146891,2025072001008595,PCBL,Vision Securities Pvt. Ltd,Sri Hari Securities Pvt. Ltd.,63,285.3,17973.9,2025-07-20T11:36:42.265432
2025-07-20,146890,2025072001008596,PCBL,Sundhara Securities Limited,Sri Hari Securities Pvt. Ltd.,137,285.2,39072.4,2025-07-20T11:36:42.265572
2025-07-20,146303,2025072001008744,PCBL,Sundhara Securities Limited,Opal Securities Investment (PVT) Ltd.,163,285.2,46487.6,2025-07-20T11:37:24.232933
2025-07-20,146302,2025072001008745,PCBL,Imperial Securities Company Pvt. Ltd.,Opal Securities Investment (PVT) Ltd.,57,285.0,16245.0,2025-07-20T11:37:24.232989
2025-07-20,145655,2025072001008951,PCBL,Imperial Securities Company Pvt. Ltd.,Naasa Securities Co. Ltd.,400,285.0,114000.0,2025-07-20T11:38:07.68212
2025-07-20,145093,2025072001009152,PCBL,Premier Securities Company Ltd.,Dipshikha Dhitopatra Karobar Co. Pvt Ltd.,40,286.0,11440.0,2025-07-20T11:38:56.476848
2025-07-20,144954,2025072001009186,PCBL,Imperial Securities Company Pvt. Ltd.,Dipshikha Dhitopatra Karobar Co. Pvt Ltd.,220,286.0,62920.0,2025-07-20T11:39:06.790117
2025-07-20,144953,2025072001009187,PCBL,Imperial Securities Company Pvt. Ltd.,Naasa Securities Co. Ltd.,200,286.0,57200.0,2025-07-20T11:39:06.790262
2025-07-20,144011,2025072001009514,PCBL,Imperial Securities Company Pvt. Ltd.,Roadshow securities limited,80,286.0,22880.0,2025-07-20T11:40:18.400913
2025-07-20,143861,2025072001009568,PCBL,Dynamic Money Managers Securities Pvt. Ltd.,Naasa Securities Co. Ltd.,5000,285.1,1425500.0,2025-07-20T11:40:30.628829
2025-07-20,143677,2025072001009608,PCBL,Dipshikha Dhitopatra Karobar Co. Pvt Ltd.,Roadshow securities limited,70,286.0,20020.0,2025-07-20T11:40:46.302722
2025-07-20,143654,2025072001009620,PCBL,Dipshikha Dhitopatra Karobar Co. Pvt Ltd.,ABC Securities Private Limited,100,286.0,28600.0,2025-07-20T11:40:47.641365
2025-07-20,143178,2025072001009773,PCBL,Bhrikuti Stock Broking Co. Pvt. Ltd.,Arun Securities (PVT) Ltd.,365,286.9,104718.5,2025-07-20T11:41:19.947771
2025-07-20,143177,2025072001009774,PCBL,Bhrikuti Stock Broking Co. Pvt. Ltd.,Dipshikha Dhitopatra Karobar Co. Pvt Ltd.,100,286.9,28690.0,2025-07-20T11:41:19.947953
2025-07-20,143176,2025072001009775,PCBL,Bhrikuti Stock Broking Co. Pvt. Ltd.,Sri Hari Securities Pvt. Ltd.,10,287.0,2870.0,2025-07-20T11:41:19.948074
2025-07-20,142828,2025072001009883,PCBL,Bhrikuti Stock Broking Co. Pvt. Ltd.,Oxford Securities Pvt. Ltd.,2230,287.0,640010.0,2025-07-20T11:41:46.161213
2025-07-20,142244,2025072001010029,PCBL,Bhrikuti Stock Broking Co. Pvt. Ltd.,MILKY WAY SHARE BROKER COMPANY LTD ,195,287.0,55965.0,2025-07-20T11:42:26.875306
2025-07-20,141601,2025072001010198,PCBL,Premier Securities Company Ltd.,MILKY WAY SHARE BROKER COMPANY LTD ,305,286.5,87382.5,2025-07-20T11:43:05.008793
2025-07-20,141229,2025072001010308,PCBL,Vision Securities Pvt. Ltd,Linch Stock Market Ltd.,800,286.6,229280.0,2025-07-20T11:43:26.291665
2025-07-20,141136,2025072001010324,PCBL,Vision Securities Pvt. Ltd,INDEX SECURITIES LIMITED,200,286.6,57320.0,2025-07-20T11:43:31.65874
2025-07-20,141135,2025072001010325,PCBL,Premier Securities Company Ltd.,INDEX SECURITIES LIMITED,1195,286.5,342367.5,2025-07-20T11:43:31.658886
2025-07-20,141134,2025072001010326,PCBL,Dipshikha Dhitopatra Karobar Co. Pvt Ltd.,INDEX SECURITIES LIMITED,830,286.0,237380.0,2025-07-20T11:43:31.658957
2025-07-20,140898,2025072001010376,PCBL,Sani Securities Company Ltd.,Bhrikuti Stock Broking Co. Pvt. Ltd.,32,285.0,9120.0,2025-07-20T11:43:44.616394
2025-07-20,140897,2025072001010377,PCBL,Aryatara Investment & Securities,Bhrikuti Stock Broking Co. Pvt. Ltd.,468,285.0,133380.0,2025-07-20T11:43:44.616539
2025-07-20,140671,2025072001010460,PCBL,Aryatara Investment & Securities,Dakshinkali Investment & Securities Pvt. Ltd.,32,285.0,9120.0,2025-07-20T11:43:58.917881
2025-07-20,140670,2025072001010461,PCBL,Imperial Securities Company Pvt. Ltd.,Dakshinkali Investment & Securities Pvt. Ltd.,1000,285.0,285000.0,2025-07-20T11:43:58.918036
2025-07-20,140669,2025072001010462,PCBL,Imperial Securities Company Pvt. Ltd.,Dakshinkali Investment & Securities Pvt. Ltd.,468,285.0,133380.0,2025-07-20T11:43:58.918106
2025-07-20,140171,2025072001010597,PCBL,Opal Securities Investment (PVT) Ltd.,Linch Stock Market Ltd.,100,286.1,28610.0,2025-07-20T11:44:34.298921
2025-07-20,139956,2025072001010661,PCBL,Opal Securities Investment (PVT) Ltd.,Cristal Kanchanjanga Securites Pvt. Ltd.,300,286.1,85830.0,2025-07-20T11:44:48.77079
2025-07-20,139239,2025072001010852,PCBL,Imperial Securities Company Pvt. Ltd.,Naasa Securities Co. Ltd.,1032,285.0,294120.0,2025-07-20T11:45:36.187327
2025-07-20,139238,2025072001010853,PCBL,Sani Securities Company Ltd.,Naasa Securities Co. Ltd.,10,285.0,2850.0,2025-07-20T11:45:36.187556
2025-07-20,139237,2025072001010854,PCBL,Sri Hari Securities Pvt. Ltd.,Naasa Securities Co. Ltd.,245,285.0,69825.0,2025-07-20T11:45:36.187661
2025-07-20,139236,2025072001010855,PCBL,Secured Securities Ltd.,Naasa Securities Co. Ltd.,500,285.0,142500.0,2025-07-20T11:45:36.187748
2025-07-20,138687,2025072001011012,PCBL,Nepal Stock House (PVT) Ltd.,Imperial Securities Company Pvt. Ltd.,140,284.2,39788.0,2025-07-20T11:46:06.789624
2025-07-20,138686,2025072001011013,PCBL,J.F. Securites (PVT) Ltd.,Imperial Securities Company Pvt. Ltd.,300,284.1,85230.0,2025-07-20T11:46:06.789768
2025-07-20,138685,2025072001011014,PCBL,South Asian Bulls Pvt. Ltd.,Imperial Securities Company Pvt. Ltd.,300,284.1,85230.0,2025-07-20T11:46:06.78986
2025-07-20,138684,2025072001011015,PCBL,Naasa Securities Co. Ltd.,Imperial Securities Company Pvt. Ltd.,15,284.0,4260.0,2025-07-20T11:46:06.789924
2025-07-20,138683,2025072001011016,PCBL,Agrawal Securities (PVT) Ltd.,Imperial Securities Company Pvt. Ltd.,100,284.0,28400.0,2025-07-20T11:46:06.789988
2025-07-20,138682,2025072001011017,PCBL,Online Securities Pvt. Ltd.,Imperial Securities Company Pvt. Ltd.,145,284.0,41180.0,2025-07-20T11:46:06.790065
2025-07-20,138520,2025072001011080,PCBL,Online Securities Pvt. Ltd.,Deevyaa Securities & Stock House Pvt. Ltd,100,284.0,28400.0,2025-07-20T11:46:17.947741
2025-07-20,137294,2025072001011455,PCBL,Online Securities Pvt. Ltd.,Sumeru Securities Pvt. Ltd.,281,284.0,79804.0,2025-07-20T11:47:39.085363
2025-07-20,137293,2025072001011456,PCBL,Vision Securities Pvt. Ltd,Sumeru Securities Pvt. Ltd.,100,284.0,28400.0,2025-07-20T11:47:39.085533
2025-07-20,136753,2025072001011592,PCBL,Linch Stock Market Ltd.,Imperial Securities Company Pvt. Ltd.,100,283.0,28300.0,2025-07-20T11:48:16.438416
2025-07-20,136752,2025072001011593,PCBL,Malla & Malla Stock Broking Company Pvt. Limited,Imperial Securities Company Pvt. Ltd.,100,283.0,28300.0,2025-07-20T11:48:16.438739
2025-07-20,136443,2025072001011667,PCBL,J.F. Securites (PVT) Ltd.,Capital Max Securities Ltd,200,282.1,56420.0,2025-07-20T11:48:41.068281
2025-07-20,136442,2025072001011668,PCBL,Investment Management Nepal Pvt. Ltd.,Capital Max Securities Ltd,100,282.0,28200.0,2025-07-20T11:48:41.068325
2025-07-20,136441,2025072001011669,PCBL,Kumari Securities Private Limited,Capital Max Securities Ltd,200,282.0,56400.0,2025-07-20T11:48:41.068352
2025-07-20,136440,2025072001011670,PCBL,Midas Stock Broking Company Private Limited,Capital Max Securities Ltd,100,282.0,28200.0,2025-07-20T11:48:41.068391
2025-07-20,136439,2025072001011671,PCBL,Siprabi Securities Pvt. Ltd.,Capital Max Securities Ltd,50,282.0,14100.0,2025-07-20T11:48:41.068414
2025-07-20,136438,2025072001011672,PCBL,Kumari Securities Private Limited,Capital Max Securities Ltd,80,281.5,22520.0,2025-07-20T11:48:41.068443
2025-07-20,136437,2025072001011673,PCBL,Kalika Securities Pvt. Ltd.,Capital Max Securities Ltd,15,281.0,4215.0,2025-07-20T11:48:41.068472
2025-07-20,136436,2025072001011674,PCBL,Arun Securities (PVT) Ltd.,Capital Max Securities Ltd,1905,281.0,535305.0,2025-07-20T11:48:41.068501
2025-07-20,136060,2025072001011769,PCBL,Arun Securities (PVT) Ltd.,Imperial Securities Company Pvt. Ltd.,95,281.0,26695.0,2025-07-20T11:49:10.734144
2025-07-20,136059,2025072001011770,PCBL,Premier Securities Company Ltd.,Imperial Securities Company Pvt. Ltd.,20,281.0,5620.0,2025-07-20T11:49:10.734422
2025-07-20,136058,2025072001011771,PCBL,Sri Hari Securities Pvt. Ltd.,Imperial Securities Company Pvt. Ltd.,1685,281.0,473485.0,2025-07-20T11:49:10.734602
2025-07-20,135124,2025072001012050,PCBL,Creative Securities Pvt Ltd,Vision Securities Pvt. Ltd,1000,281.1,281100.0,2025-07-20T11:50:12.967939
2025-07-20,135123,2025072001012051,PCBL,Sri Hari Securities Pvt. Ltd.,Vision Securities Pvt. Ltd,1315,281.0,369515.0,2025-07-20T11:50:12.968091
2025-07-20,135122,2025072001012052,PCBL,Sri Hari Securities Pvt. Ltd.,Vision Securities Pvt. Ltd,3100,281.0,871100.0,2025-07-20T11:50:12.96816
2025-07-20,134838,2025072001012116,PCBL,Naasa Securities Co. Ltd.,Vision Securities Pvt. Ltd,85,281.0,23885.0,2025-07-20T11:50:31.266897
2025-07-20,134513,2025072001012210,PCBL,Naasa Securities Co. Ltd.,Online Securities Pvt. Ltd.,15,281.0,4215.0,2025-07-20T11:51:03.159798
2025-07-20,134512,2025072001012211,PCBL,Sri Hari Securities Pvt. Ltd.,Online Securities Pvt. Ltd.,35,281.0,9835.0,2025-07-20T11:51:03.159949
2025-07-20,134481,2025072001012217,PCBL,Sri Hari Securities Pvt. Ltd.,Vision Securities Pvt. Ltd,3965,281.0,1114165.0,2025-07-20T11:51:05.41021
2025-07-20,134071,2025072001012335,PCBL,Sri Hari Securities Pvt. Ltd.,Naasa Securities Co. Ltd.,10,280.8,2808.0,2025-07-20T11:51:38.355149
2025-07-20,134070,2025072001012336,PCBL,Sri Hari Securities Pvt. Ltd.,Naasa Securities Co. Ltd.,10,280.7,2807.0,2025-07-20T11:51:38.355287
2025-07-20,134069,2025072001012337,PCBL,Sri Hari Securities Pvt. Ltd.,Naasa Securities Co. Ltd.,10,280.6,2806.0,2025-07-20T11:51:38.355363
2025-07-20,134068,2025072001012338,PCBL,Sri Hari Securities Pvt. Ltd.,Naasa Securities Co. Ltd.,10,280.5,2805.0,2025-07-20T11:51:38.355446
2025-07-20,134054,2025072001012341,PCBL,Sri Hari Securities Pvt. Ltd.,Vision Securities Pvt. Ltd,35,281.0,9835.0,2025-07-20T11:51:39.560328
2025-07-20,133584,2025072001012505,PCBL,Sri Hari Securities Pvt. Ltd.,Naasa Securities Co. Ltd.,20,281.0,5620.0,2025-07-20T11:52:21.353354
2025-07-20,133106,2025072001012638,PCBL,Aryatara Investment & Securities,Property Wiard Limited,700,282.8,197960.0,2025-07-20T11:53:07.662576
2025-07-20,132845,2025072001012749,PCBL,Sagarmatha Securities Private Limited,Vision Securities Pvt. Ltd,50,282.0,14100.0,2025-07-20T11:53:27.181611
2025-07-20,132844,2025072001012750,PCBL,Sri Hari Securities Pvt. Ltd.,Vision Securities Pvt. Ltd,2595,281.0,729195.0,2025-07-20T11:53:27.181811
2025-07-20,132843,2025072001012751,PCBL,Thrive Brokerage House Pvt. Ltd,Vision Securities Pvt. Ltd,250,281.0,70250.0,2025-07-20T11:53:27.181914
2025-07-20,132842,2025072001012752,PCBL,Cristal Kanchanjanga Securites Pvt. Ltd.,Vision Securities Pvt. Ltd,10,281.0,2810.0,2025-07-20T11:53:27.182047
2025-07-20,132535,2025072001012841,PCBL,Aakashbhairab Securities Ltd.,Vision Securities Pvt. Ltd,95,281.0,26695.0,2025-07-20T11:53:57.213354
2025-07-20,132165,2025072001012938,PCBL,Sri Hari Securities Pvt. Ltd.,Sani Securities Company Ltd.,10,280.7,2807.0,2025-07-20T11:54:31.122098
2025-07-20,131814,2025072001013025,PCBL,N.M.B. SECURITIES LIMITED,Trisul Securities & Invt. Ltd.,100,283.9,28390.0,2025-07-20T11:55:01.433209
2025-07-20,131813,2025072001013026,PCBL,N.M.B. SECURITIES LIMITED,Sumeru Securities Pvt. Ltd.,57,284.0,16188.0,2025-07-20T11:55:01.43365
2025-07-20,131681,2025072001013074,PCBL,Sri Hari Securities Pvt. Ltd.,Oxford Securities Pvt. Ltd.,10,281.0,2810.0,2025-07-20T11:55:16.820567
2025-07-20,131580,2025072001013097,PCBL,Dipshikha Dhitopatra Karobar Co. Pvt Ltd.,Sumeru Securities Pvt. Ltd.,10,284.0,2840.0,2025-07-20T11:55:27.781616
2025-07-20,131241,2025072001013216,PCBL,Dynamic Money Managers Securities Pvt. Ltd.,Oxford Securities Pvt. Ltd.,10,282.0,2820.0,2025-07-20T11:56:05.293531
2025-07-20,131064,2025072001013252,PCBL,Dynamic Money Managers Securities Pvt. Ltd.,Oxford Securities Pvt. Ltd.,10,282.0,2820.0,2025-07-20T11:56:22.416655
2025-07-20,130688,2025072001013317,PCBL,Premier Securities Company Ltd.,Oxford Securities Pvt. Ltd.,100,282.5,28250.0,2025-07-20T11:56:53.684804
2025-07-20,130402,2025072001013417,PCBL,Premier Securities Company Ltd.,Oxford Securities Pvt. Ltd.,200,282.5,56500.0,2025-07-20T11:57:18.948262
2025-07-20,130174,2025072001013478,PCBL,Dynamic Money Managers Securities Pvt. Ltd.,Sumeru Securities Pvt. Ltd.,552,284.0,156768.0,2025-07-20T11:57:45.42833
2025-07-20,130173,2025072001013479,PCBL,Dynamic Money Managers Securities Pvt. Ltd.,Dipshikha Dhitopatra Karobar Co. Pvt Ltd.,100,284.0,28400.0,2025-07-20T11:57:45.428487
2025-07-20,130172,2025072001013480,PCBL,Dynamic Money Managers Securities Pvt. Ltd.,Oxford Securities Pvt. Ltd.,165,284.0,46860.0,2025-07-20T11:57:45.428556
2025-07-20,130171,2025072001013481,PCBL,Dynamic Money Managers Securities Pvt. Ltd.,Vision Securities Pvt. Ltd,2183,284.0,619972.0,2025-07-20T11:57:45.428624
2025-07-20,130091,2025072001013506,PCBL,Online Securities Pvt. Ltd.,Vision Securities Pvt. Ltd,817,284.0,232028.0,2025-07-20T11:57:53.737298
2025-07-20,129936,2025072001013572,PCBL,Online Securities Pvt. Ltd.,Midas Stock Broking Company Private Limited,500,284.8,142400.0,2025-07-20T11:58:10.609729
2025-07-20,129935,2025072001013573,PCBL,Online Securities Pvt. Ltd.,Opal Securities Investment (PVT) Ltd.,2500,284.9,712250.0,2025-07-20T11:58:10.60988
2025-07-20,129824,2025072001013616,PCBL,Sewa Securities Pvt. Ltd.,Sani Securities Company Ltd.,37,283.0,10471.0,2025-07-20T11:58:22.118452
2025-07-20,129823,2025072001013617,PCBL,Premier Securities Company Ltd.,Sani Securities Company Ltd.,1200,282.5,339000.0,2025-07-20T11:58:22.118737
2025-07-20,129822,2025072001013618,PCBL,Trishakti Securities Public Limited,Sani Securities Company Ltd.,263,282.5,74297.5,2025-07-20T11:58:22.11893
2025-07-20,129025,2025072001013823,PCBL,Sagarmatha Securities Private Limited,Property Wiard Limited,50,282.6,14130.0,2025-07-20T11:59:47.043722
2025-07-20,129024,2025072001013824,PCBL,Trishakti Securities Public Limited,Property Wiard Limited,67,282.5,18927.5,2025-07-20T11:59:47.04382
2025-07-20,129023,2025072001013825,PCBL,Dynamic Money Managers Securities Pvt. Ltd.,Property Wiard Limited,2980,282.0,840360.0,2025-07-20T11:59:47.043885
2025-07-20,129022,2025072001013826,PCBL,Sri Hari Securities Pvt. Ltd.,Property Wiard Limited,454,281.0,127574.0,2025-07-20T11:59:47.043957
2025-07-20,128991,2025072001013836,PCBL,Online Securities Pvt. Ltd.,Deevyaa Securities & Stock House Pvt. Ltd,23,282.1,6488.3,2025-07-20T11:59:48.696517
2025-07-20,128581,2025072001013940,PCBL,Online Securities Pvt. Ltd.,Property Wiard Limited,477,281.1,134084.7,2025-07-20T12:00:25.154314
2025-07-20,128580,2025072001013941,PCBL,Sri Hari Securities Pvt. Ltd.,Property Wiard Limited,4523,281.0,1270963.0,2025-07-20T12:00:25.15437
2025-07-20,128546,2025072001013953,PCBL,Trisul Securities & Invt. Ltd.,Sani Securities Company Ltd.,50,283.0,14150.0,2025-07-20T12:00:28.223288
2025-07-20,128417,2025072001013987,PCBL,Sri Hari Securities Pvt. Ltd.,Trishakti Securities Public Limited,13,281.0,3653.0,2025-07-20T12:00:41.140437
2025-07-20,128416,2025072001013988,PCBL,Sri Hari Securities Pvt. Ltd.,Trishakti Securities Public Limited,10,280.6,2806.0,2025-07-20T12:00:41.140537
2025-07-20,128415,2025072001013989,PCBL,Sri Hari Securities Pvt. Ltd.,Trishakti Securities Public Limited,10,280.5,2805.0,2025-07-20T12:00:41.140617
2025-07-20,128414,2025072001013990,PCBL,Sri Hari Securities Pvt. Ltd.,Trishakti Securities Public Limited,10,280.4,2804.0,2025-07-20T12:00:41.140689
2025-07-20,128413,2025072001013991,PCBL,Capital Max Securities Ltd,Trishakti Securities Public Limited,100,280.3,28030.0,2025-07-20T12:00:41.140765
2025-07-20,128412,2025072001013992,PCBL,Nepal Stock House (PVT) Ltd.,Trishakti Securities Public Limited,57,280.2,15971.4,2025-07-20T12:00:41.140839
2025-07-20,126499,2025072001014552,PCBL,J.F. Securites (PVT) Ltd.,Vision Securities Pvt. Ltd,200,280.5,56100.0,2025-07-20T12:03:55.826112
2025-07-20,126460,2025072001014566,PCBL,Sri Hari Securities Pvt. Ltd.,Vision Securities Pvt. Ltd,50,280.5,14025.0,2025-07-20T12:03:59.682509
2025-07-20,126422,2025072001014575,PCBL,Sri Hari Securities Pvt. Ltd.,Sweta Securities Private Limited,50,281.0,14050.0,2025-07-20T12:04:07.293019
2025-07-20,126209,2025072001014637,PCBL,Sri Hari Securities Pvt. Ltd.,Secured Securities Ltd.,50,281.0,14050.0,2025-07-20T12:04:25.905692
2025-07-20,126133,2025072001014659,PCBL,Sri Hari Securities Pvt. Ltd.,Dipshikha Dhitopatra Karobar Co. Pvt Ltd.,250,281.0,70250.0,2025-07-20T12:04:34.586163
2025-07-20,126128,2025072001014660,PCBL,Sri Hari Securities Pvt. Ltd.,Aryatara Investment & Securities,120,281.0,33720.0,2025-07-20T12:04:34.912852
2025-07-20,125865,2025072001014723,PCBL,Trishakti Securities Public Limited,Siprabi Securities Pvt. Ltd.,250,281.1,70275.0,2025-07-20T12:04:59.22743
2025-07-20,124732,2025072001015044,PCBL,Trishakti Securities Public Limited,Secured Securities Ltd.,150,282.3,42345.0,2025-07-20T12:06:48.626437
2025-07-20,124731,2025072001015045,PCBL,Trishakti Securities Public Limited,Aryatara Investment & Securities,52,282.5,14690.0,2025-07-20T12:06:48.626793
2025-07-20,124730,2025072001015046,PCBL,Trishakti Securities Public Limited,Sani Securities Company Ltd.,950,283.0,268850.0,2025-07-20T12:06:48.627009
2025-07-20,124729,2025072001015047,PCBL,Trishakti Securities Public Limited,Thrive Brokerage House Pvt. Ltd,200,283.0,56600.0,2025-07-20T12:06:48.627249
2025-07-20,123721,2025072001015313,PCBL,J.F. Securites (PVT) Ltd.,Elite Stock House Limited,20,282.3,5646.0,2025-07-20T12:08:46.229104
2025-07-20,123720,2025072001015314,PCBL,Vision Securities Pvt. Ltd,Elite Stock House Limited,980,282.1,276458.0,2025-07-20T12:08:46.229319
2025-07-20,122034,2025072001015806,PCBL,Vision Securities Pvt. Ltd,Vision Securities Pvt. Ltd,20,282.1,5642.0,2025-07-20T12:11:44.944663
2025-07-20,122033,2025072001015807,PCBL,Siprabi Securities Pvt. Ltd.,Vision Securities Pvt. Ltd,100,282.1,28210.0,2025-07-20T12:11:44.944857
2025-07-20,121547,2025072001015942,PCBL,Property Wiard Limited,Vision Securities Pvt. Ltd,100,282.1,28210.0,2025-07-20T12:12:40.017829
2025-07-20,121220,2025072001016050,PCBL,Investment Management Nepal Pvt. Ltd.,Vision Securities Pvt. Ltd,200,282.1,56420.0,2025-07-20T12:13:13.645432
2025-07-20,121211,2025072001016051,PCBL,Imperial Securities Company Pvt. Ltd.,Vision Securities Pvt. Ltd,20,282.1,5642.0,2025-07-20T12:13:14.860109
2025-07-20,120653,2025072001016197,PCBL,Sri Hari Securities Pvt. Ltd.,Sani Securities Company Ltd.,500,284.0,142000.0,2025-07-20T12:14:16.452683
2025-07-20,120652,2025072001016198,PCBL,Sri Hari Securities Pvt. Ltd.,Sweta Securities Private Limited,10,284.0,2840.0,2025-07-20T12:14:16.452935
2025-07-20,120651,2025072001016199,PCBL,Sri Hari Securities Pvt. Ltd.,Sundhara Securities Limited,500,284.5,142250.0,2025-07-20T12:14:16.453021
2025-07-20,120650,2025072001016200,PCBL,Sri Hari Securities Pvt. Ltd.,Sundhara Securities Limited,100,284.8,28480.0,2025-07-20T12:14:16.453118
2025-07-20,120649,2025072001016201,PCBL,Sri Hari Securities Pvt. Ltd.,Trisul Securities & Invt. Ltd.,276,284.8,78604.8,2025-07-20T12:14:16.453195
2025-07-20,120648,2025072001016202,PCBL,Sri Hari Securities Pvt. Ltd.,Linch Stock Market Ltd.,219,284.8,62371.2,2025-07-20T12:14:16.453268
2025-07-20,120647,2025072001016203,PCBL,Sri Hari Securities Pvt. Ltd.,Opal Securities Investment (PVT) Ltd.,1500,284.9,427350.0,2025-07-20T12:14:16.453342
2025-07-20,120646,2025072001016204,PCBL,Sri Hari Securities Pvt. Ltd.,Naasa Securities Co. Ltd.,3213,285.0,915705.0,2025-07-20T12:14:16.453412
2025-07-20,120645,2025072001016205,PCBL,Sri Hari Securities Pvt. Ltd.,Online Securities Pvt. Ltd.,30,285.0,8550.0,2025-07-20T12:14:16.453495
2025-07-20,120644,2025072001016206,PCBL,Sri Hari Securities Pvt. Ltd.,Primo Securities (PVT) Ltd.,20,285.0,5700.0,2025-07-20T12:14:16.453567
2025-07-20,120643,2025072001016207,PCBL,Sri Hari Securities Pvt. Ltd.,Kumari Securities Private Limited,50,285.0,14250.0,2025-07-20T12:14:16.453685
2025-07-20,120642,2025072001016208,PCBL,Sri Hari Securities Pvt. Ltd.,Property Wiard Limited,500,285.0,142500.0,2025-07-20T12:14:16.453756
2025-07-20,120641,2025072001016209,PCBL,Sri Hari Securities Pvt. Ltd.,Primo Securities (PVT) Ltd.,300,285.0,85500.0,2025-07-20T12:14:16.453828
2025-07-20,120640,2025072001016210,PCBL,Sri Hari Securities Pvt. Ltd.,Premier Securities Company Ltd.,39,285.0,11115.0,2025-07-20T12:14:16.453902
2025-07-20,120639,2025072001016211,PCBL,Sri Hari Securities Pvt. Ltd.,Malla & Malla Stock Broking Company Pvt. Limited,1010,285.0,287850.0,2025-07-20T12:14:16.453971
2025-07-20,120638,2025072001016212,PCBL,Sri Hari Securities Pvt. Ltd.,Shree Krishna Securities Ltd.,1733,285.0,493905.0,2025-07-20T12:14:16.454047
2025-07-20,120003,2025072001016377,PCBL,Sri Hari Securities Pvt. Ltd.,Siprabi Securities Pvt. Ltd.,50,284.1,14205.0,2025-07-20T12:15:20.623245
2025-07-20,120002,2025072001016378,PCBL,Sri Hari Securities Pvt. Ltd.,Shree Krishna Securities Ltd.,267,285.0,76095.0,2025-07-20T12:15:20.623622
2025-07-20,120001,2025072001016379,PCBL,Sri Hari Securities Pvt. Ltd.,Primo Securities (PVT) Ltd.,100,285.0,28500.0,2025-07-20T12:15:20.623831
2025-07-20,120000,2025072001016380,PCBL,Sri Hari Securities Pvt. Ltd.,Nepal Investment And Securities Trading Private Limited,250,285.0,71250.0,2025-07-20T12:15:20.624048
2025-07-20,119796,2025072001016424,PCBL,Premier Securities Company Ltd.,Naasa Securities Co. Ltd.,500,285.5,142750.0,2025-07-20T12:15:41.627287
2025-07-20,119347,2025072001016474,PCBL,Premier Securities Company Ltd.,Dynamic Money Managers Securities Pvt. Ltd.,300,285.5,85650.0,2025-07-20T12:16:07.890827
2025-07-20,119098,2025072001016571,PCBL,Aryatara Investment & Securities,Thrive Brokerage House Pvt. Ltd,35,285.7,9999.5,2025-07-20T12:16:26.814573
2025-07-20,118982,2025072001016617,PCBL,Premier Securities Company Ltd.,Imperial Securities Company Pvt. Ltd.,700,285.5,199850.0,2025-07-20T12:16:42.006498
2025-07-20,118451,2025072001016785,PCBL,Sri Hari Securities Pvt. Ltd.,Sundhara Securities Limited,100,285.0,28500.0,2025-07-20T12:17:41.512195
2025-07-20,116467,2025072001017306,PCBL,Kumari Securities Private Limited,Thrive Brokerage House Pvt. Ltd,100,285.9,28590.0,2025-07-20T12:20:26.969555
2025-07-20,116352,2025072001017326,PCBL,Market Securities & Exchange (PVT) Ltd.,Thrive Brokerage House Pvt. Ltd,1000,285.9,285900.0,2025-07-20T12:20:35.409129
2025-07-20,115918,2025072001017442,PCBL,Sundhara Securities Limited,Trisul Securities & Invt. Ltd.,50,285.1,14255.0,2025-07-20T12:21:14.778672
2025-07-20,115094,2025072001017668,PCBL,Nepal Investment And Securities Trading Private Limited,Agrawal Securities (PVT) Ltd.,15,285.8,4287.0,2025-07-20T12:22:30.595638
2025-07-20,115093,2025072001017669,PCBL,Nepal Investment And Securities Trading Private Limited,Thrive Brokerage House Pvt. Ltd,45,285.9,12865.5,2025-07-20T12:22:30.595838
2025-07-20,114700,2025072001017756,PCBL,Oxford Securities Pvt. Ltd.,Thrive Brokerage House Pvt. Ltd,820,285.9,234438.0,2025-07-20T12:23:09.663644
2025-07-20,114699,2025072001017757,PCBL,Oxford Securities Pvt. Ltd.,Cristal Kanchanjanga Securites Pvt. Ltd.,180,285.9,51462.0,2025-07-20T12:23:09.663877
2025-07-20,113749,2025072001017977,PCBL,Sri Hari Securities Pvt. Ltd.,Cristal Kanchanjanga Securites Pvt. Ltd.,70,285.9,20013.0,2025-07-20T12:24:34.455854
2025-07-20,113748,2025072001017978,PCBL,Sri Hari Securities Pvt. Ltd.,Linch Stock Market Ltd.,100,285.9,28590.0,2025-07-20T12:24:34.45611
2025-07-20,113747,2025072001017979,PCBL,Sri Hari Securities Pvt. Ltd.,ABC Securities Private Limited,2500,286.0,715000.0,2025-07-20T12:24:34.45621
2025-07-20,113746,2025072001017980,PCBL,Sri Hari Securities Pvt. Ltd.,Naasa Securities Co. Ltd.,500,286.0,143000.0,2025-07-20T12:24:34.456311
2025-07-20,113745,2025072001017981,PCBL,Sri Hari Securities Pvt. Ltd.,Shree Krishna Securities Ltd.,50,286.0,14300.0,2025-07-20T12:24:34.456413
2025-07-20,113744,2025072001017982,PCBL,Sri Hari Securities Pvt. Ltd.,Online Securities Pvt. Ltd.,14,286.0,4004.0,2025-07-20T12:24:34.456497
2025-07-20,113743,2025072001017983,PCBL,Sri Hari Securities Pvt. Ltd.,Vision Securities Pvt. Ltd,3966,286.0,1134276.0,2025-07-20T12:24:34.456587
2025-07-20,113086,2025072001018153,PCBL,Sweta Securities Private Limited,Vision Securities Pvt. Ltd,100,286.0,28600.0,2025-07-20T12:25:41.430925
2025-07-20,112710,2025072001018260,PCBL,Online Securities Pvt. Ltd.,INDEX SECURITIES LIMITED,1375,285.9,393112.5,2025-07-20T12:26:14.05282
2025-07-20,112671,2025072001018273,PCBL,Online Securities Pvt. Ltd.,Imperial Securities Company Pvt. Ltd.,125,285.9,35737.5,2025-07-20T12:26:18.592699
2025-07-20,112137,2025072001018421,PCBL,Vision Securities Pvt. Ltd,Imperial Securities Company Pvt. Ltd.,125,285.9,35737.5,2025-07-20T12:26:57.760717
2025-07-20,112136,2025072001018422,PCBL,Vision Securities Pvt. Ltd,Sweta Securities Private Limited,20,285.9,5718.0,2025-07-20T12:26:57.760931
2025-07-20,112135,2025072001018423,PCBL,Vision Securities Pvt. Ltd,Vision Securities Pvt. Ltd,934,286.0,267124.0,2025-07-20T12:26:57.761016
2025-07-20,112134,2025072001018424,PCBL,Vision Securities Pvt. Ltd,Dynamic Money Managers Securities Pvt. Ltd.,100,286.0,28600.0,2025-07-20T12:26:57.76111
2025-07-20,112133,2025072001018425,PCBL,Vision Securities Pvt. Ltd,Imperial Securities Company Pvt. Ltd.,300,286.0,85800.0,2025-07-20T12:26:57.761188
2025-07-20,112132,2025072001018426,PCBL,Vision Securities Pvt. Ltd,Investment Management Nepal Pvt. Ltd.,20,286.0,5720.0,2025-07-20T12:26:57.761263
2025-07-20,111674,2025072001018515,PCBL,Vision Securities Pvt. Ltd,Sumeru Securities Pvt. Ltd.,201,286.0,57486.0,2025-07-20T12:27:29.96066
2025-07-20,110323,2025072001018947,PCBL,Arun Securities (PVT) Ltd.,Cristal Kanchanjanga Securites Pvt. Ltd.,10,286.1,2861.0,2025-07-20T12:29:26.399128
2025-07-20,110222,2025072001019013,PCBL,Premier Securities Company Ltd.,Cristal Kanchanjanga Securites Pvt. Ltd.,10,286.1,2861.0,2025-07-20T12:29:34.382977
2025-07-20,110216,2025072001019017,PCBL,Vision Securities Pvt. Ltd,Capital Max Securities Ltd,300,286.0,85800.0,2025-07-20T12:29:34.9466
2025-07-20,110215,2025072001019018,PCBL,Asian Securities Private Ltd.,Capital Max Securities Ltd,80,286.0,22880.0,2025-07-20T12:29:34.946818
2025-07-20,110214,2025072001019019,PCBL,Sundhara Securities Limited,Capital Max Securities Ltd,950,285.1,270845.0,2025-07-20T12:29:34.946901
2025-07-20,110213,2025072001019020,PCBL,Online Securities Pvt. Ltd.,Capital Max Securities Ltd,325,285.1,92657.5,2025-07-20T12:29:34.946982
2025-07-20,110212,2025072001019021,PCBL,Aryatara Investment & Securities,Capital Max Securities Ltd,500,285.1,142550.0,2025-07-20T12:29:34.947066
2025-07-20,110211,2025072001019022,PCBL,Sri Hari Securities Pvt. Ltd.,Capital Max Securities Ltd,4233,285.0,1206405.0,2025-07-20T12:29:34.947146
2025-07-20,110210,2025072001019023,PCBL,Sani Securities Company Ltd.,Capital Max Securities Ltd,3612,285.0,1029420.0,2025-07-20T12:29:34.947234
2025-07-20,110066,2025072001019051,PCBL,Sani Securities Company Ltd.,Naasa Securities Co. Ltd.,1388,285.0,395580.0,2025-07-20T12:29:50.095395
2025-07-20,110065,2025072001019052,PCBL,Agrawal Securities (PVT) Ltd.,Naasa Securities Co. Ltd.,50,285.0,14250.0,2025-07-20T12:29:50.095624
2025-07-20,110064,2025072001019053,PCBL,Vision Securities Pvt. Ltd,Naasa Securities Co. Ltd.,200,285.0,57000.0,2025-07-20T12:29:50.095709
2025-07-20,109014,2025072001019370,PCBL,Imperial Securities Company Pvt. Ltd.,Linch Stock Market Ltd.,226,285.0,64410.0,2025-07-20T12:31:36.514806
2025-07-20,108783,2025072001019443,PCBL,Imperial Securities Company Pvt. Ltd.,Aryatara Investment & Securities,274,285.0,78090.0,2025-07-20T12:31:55.235476
2025-07-20,108782,2025072001019444,PCBL,Sumeru Securities Pvt. Ltd.,Aryatara Investment & Securities,10,285.0,2850.0,2025-07-20T12:31:55.235672
2025-07-20,108781,2025072001019445,PCBL,Linch Stock Market Ltd.,Aryatara Investment & Securities,200,285.0,57000.0,2025-07-20T12:31:55.235753
2025-07-20,108145,2025072001019614,PCBL,Vision Securities Pvt. Ltd,Aryatara Investment & Securities,1000,285.0,285000.0,2025-07-20T12:32:47.035608
2025-07-20,107436,2025072001019859,PCBL,Cristal Kanchanjanga Securites Pvt. Ltd.,Aryatara Investment & Securities,200,285.0,57000.0,2025-07-20T12:33:58.080874
2025-07-20,106911,2025072001020021,PCBL,Vision Securities Pvt. Ltd,Aryatara Investment & Securities,316,285.0,90060.0,2025-07-20T12:34:44.541318
2025-07-20,106910,2025072001020022,PCBL,Vision Securities Pvt. Ltd,Premier Securities Company Ltd.,500,286.0,143000.0,2025-07-20T12:34:44.541532
2025-07-20,106909,2025072001020023,PCBL,Vision Securities Pvt. Ltd,Naasa Securities Co. Ltd.,184,286.0,52624.0,2025-07-20T12:34:44.541621
2025-07-20,106691,2025072001020123,PCBL,J.F. Securites (PVT) Ltd.,Dynamic Money Managers Securities Pvt. Ltd.,100,284.0,28400.0,2025-07-20T12:35:08.585615
2025-07-20,106690,2025072001020124,PCBL,Online Securities Pvt. Ltd.,Dynamic Money Managers Securities Pvt. Ltd.,40,284.0,11360.0,2025-07-20T12:35:08.586043
2025-07-20,106248,2025072001020250,PCBL,Imperial Securities Company Pvt. Ltd.,J.F. Securites (PVT) Ltd.,500,284.1,142050.0,2025-07-20T12:35:54.534478
2025-07-20,105977,2025072001020327,PCBL,Online Securities Pvt. Ltd.,Sani Securities Company Ltd.,40,284.0,11360.0,2025-07-20T12:36:16.786691
2025-07-20,105976,2025072001020328,PCBL,Sri Hari Securities Pvt. Ltd.,Sani Securities Company Ltd.,442,284.0,125528.0,2025-07-20T12:36:16.786892
2025-07-20,105662,2025072001020466,PCBL,Imperial Securities Company Pvt. Ltd.,J.F. Securites (PVT) Ltd.,150,284.1,42615.0,2025-07-20T12:36:43.909957
2025-07-20,105063,2025072001020661,PCBL,Sri Hari Securities Pvt. Ltd.,Naasa Securities Co. Ltd.,2178,286.0,622908.0,2025-07-20T12:37:48.757992
2025-07-20,105050,2025072001020668,PCBL,Linch Stock Market Ltd.,Sani Securities Company Ltd.,500,286.0,143000.0,2025-07-20T12:37:51.40034
2025-07-20,104263,2025072001020947,PCBL,Linch Stock Market Ltd.,Cristal Kanchanjanga Securites Pvt. Ltd.,100,286.1,28610.0,2025-07-20T12:39:11.209834
2025-07-20,103629,2025072001021161,PCBL,Nepal Investment And Securities Trading Private Limited,Cristal Kanchanjanga Securites Pvt. Ltd.,80,286.1,22888.0,2025-07-20T12:40:19.988915
2025-07-20,102882,2025072001021387,PCBL,Nepal Investment And Securities Trading Private Limited,Aryatara Investment & Securities,50,286.5,14325.0,2025-07-20T12:41:29.772714
2025-07-20,102316,2025072001021526,PCBL,Nepal Investment And Securities Trading Private Limited,Imperial Securities Company Pvt. Ltd.,25,286.6,7165.0,2025-07-20T12:42:32.550504
2025-07-20,102182,2025072001021567,PCBL,Nepal Investment And Securities Trading Private Limited,Creative Securities Pvt Ltd,230,286.6,65918.0,2025-07-20T12:42:42.374222
2025-07-20,101575,2025072001021757,PCBL,Linch Stock Market Ltd.,Dipshikha Dhitopatra Karobar Co. Pvt Ltd.,200,286.0,57200.0,2025-07-20T12:43:42.67697
2025-07-20,101574,2025072001021758,PCBL,Nepal Investment And Securities Trading Private Limited,Dipshikha Dhitopatra Karobar Co. Pvt Ltd.,157,286.0,44902.0,2025-07-20T12:43:42.677225
2025-07-20,101386,2025072001021788,PCBL,Sri Hari Securities Pvt. Ltd.,Miyo Securities Pvt Ltd,50,286.9,14345.0,2025-07-20T12:43:56.832776
2025-07-20,101385,2025072001021789,PCBL,Sri Hari Securities Pvt. Ltd.,Online Securities Pvt. Ltd.,41,287.0,11767.0,2025-07-20T12:43:56.833019
2025-07-20,101384,2025072001021790,PCBL,Sri Hari Securities Pvt. Ltd.,Naasa Securities Co. Ltd.,200,287.0,57400.0,2025-07-20T12:43:56.833133
2025-07-20,101383,2025072001021791,PCBL,Sri Hari Securities Pvt. Ltd.,Oxford Securities Pvt. Ltd.,20,287.0,5740.0,2025-07-20T12:43:56.833224
2025-07-20,101382,2025072001021792,PCBL,Sri Hari Securities Pvt. Ltd.,Kalika Securities Pvt. Ltd.,400,287.0,114800.0,2025-07-20T12:43:56.833312
2025-07-20,101381,2025072001021793,PCBL,Sri Hari Securities Pvt. Ltd.,Cristal Kanchanjanga Securites Pvt. Ltd.,1000,287.0,287000.0,2025-07-20T12:43:56.833401
2025-07-20,100727,2025072001021996,PCBL,Nepal Investment And Securities Trading Private Limited,Premier Securities Company Ltd.,15,287.0,4305.0,2025-07-20T12:44:59.110604
2025-07-20,100639,2025072001022017,PCBL,Sri Hari Securities Pvt. Ltd.,Sani Securities Company Ltd.,19,287.5,5462.5,2025-07-20T12:45:07.323078
2025-07-20,100638,2025072001022018,PCBL,Sri Hari Securities Pvt. Ltd.,Naasa Securities Co. Ltd.,100,287.5,28750.0,2025-07-20T12:45:07.323302
2025-07-20,100637,2025072001022019,PCBL,Sri Hari Securities Pvt. Ltd.,Naasa Securities Co. Ltd.,100,287.5,28750.0,2025-07-20T12:45:07.323397
2025-07-20,100636,2025072001022020,PCBL,Sri Hari Securities Pvt. Ltd.,ABC Securities Private Limited,460,287.5,132250.0,2025-07-20T12:45:07.323488
2025-07-20,100635,2025072001022021,PCBL,Sri Hari Securities Pvt. Ltd.,Online Securities Pvt. Ltd.,10,287.7,2877.0,2025-07-20T12:45:07.323581
2025-07-20,100634,2025072001022022,PCBL,Sri Hari Securities Pvt. Ltd.,Sani Securities Company Ltd.,150,287.7,43155.0,2025-07-20T12:45:07.323671
2025-07-20,100633,2025072001022023,PCBL,Sri Hari Securities Pvt. Ltd.,Linch Stock Market Ltd.,100,287.9,28790.0,2025-07-20T12:45:07.323784
2025-07-20,100632,2025072001022024,PCBL,Sri Hari Securities Pvt. Ltd.,ABC Securities Private Limited,1665,288.0,479520.0,2025-07-20T12:45:07.323877
2025-07-20,100631,2025072001022025,PCBL,Sri Hari Securities Pvt. Ltd.,Linch Stock Market Ltd.,416,288.0,119808.0,2025-07-20T12:45:07.323992
2025-07-20,100630,2025072001022026,PCBL,Sri Hari Securities Pvt. Ltd.,Linch Stock Market Ltd.,100,288.0,28800.0,2025-07-20T12:45:07.324101
2025-07-20,100629,2025072001022027,PCBL,Sri Hari Securities Pvt. Ltd.,Linch Stock Market Ltd.,10,288.0,2880.0,2025-07-20T12:45:07.324187
2025-07-20,100628,2025072001022028,PCBL,Sri Hari Securities Pvt. Ltd.,Naasa Securities Co. Ltd.,1500,288.0,432000.0,2025-07-20T12:45:07.324292
2025-07-20,100627,2025072001022029,PCBL,Sri Hari Securities Pvt. Ltd.,Linch Stock Market Ltd.,360,288.0,103680.0,2025-07-20T12:45:07.324379
2025-07-20,100626,2025072001022030,PCBL,Sri Hari Securities Pvt. Ltd.,Sweta Securities Private Limited,10,288.0,2880.0,2025-07-20T12:45:07.324466
2025-07-20,100059,2025072001022133,PCBL,Nepal Investment And Securities Trading Private Limited,Online Securities Pvt. Ltd.,500,287.0,143500.0,2025-07-20T12:45:47.638447
2025-07-20,99537,2025072001022288,PCBL,Himalayan Brokerage Company Limited,Aryatara Investment & Securities,13,287.1,3732.3,2025-07-20T12:46:36.009567
2025-07-20,99397,2025072001022318,PCBL,Himalayan Brokerage Company Limited,Online Securities Pvt. Ltd.,500,287.1,143550.0,2025-07-20T12:46:50.608453
2025-07-20,99018,2025072001022450,PCBL,Himalayan Brokerage Company Limited,Creative Securities Pvt Ltd,270,287.1,77517.0,2025-07-20T12:47:23.666554
2025-07-20,98946,2025072001022483,PCBL,Trishakti Securities Public Limited,Sweta Securities Private Limited,40,288.0,11520.0,2025-07-20T12:47:32.272593
2025-07-20,98945,2025072001022484,PCBL,Trishakti Securities Public Limited,Dipshikha Dhitopatra Karobar Co. Pvt Ltd.,100,288.0,28800.0,2025-07-20T12:47:32.272827
2025-07-20,97586,2025072001022935,PCBL,Nepal Investment And Securities Trading Private Limited,Aryatara Investment & Securities,28,288.0,8064.0,2025-07-20T12:49:18.214882
2025-07-20,97585,2025072001022936,PCBL,Trishakti Securities Public Limited,Aryatara Investment & Securities,472,287.2,135558.4,2025-07-20T12:49:18.215109
2025-07-20,96944,2025072001023099,PCBL,Imperial Securities Company Pvt. Ltd.,Naasa Securities Co. Ltd.,200,288.0,57600.0,2025-07-20T12:50:13.599963
2025-07-20,96263,2025072001023280,PCBL,Imperial Securities Company Pvt. Ltd.,Sri Hari Securities Pvt. Ltd.,59,288.0,16992.0,2025-07-20T12:50:59.069758
2025-07-20,95901,2025072001023392,PCBL,Oxford Securities Pvt. Ltd.,Sri Hari Securities Pvt. Ltd.,14,288.0,4032.0,2025-07-20T12:51:23.797268
2025-07-20,95420,2025072001023572,PCBL,Naasa Securities Co. Ltd.,Sri Hari Securities Pvt. Ltd.,50,288.0,14400.0,2025-07-20T12:52:10.336686
2025-07-20,95324,2025072001023590,PCBL,Sani Securities Company Ltd.,Nagarik Stock Dealer ,630,287.5,181125.0,2025-07-20T12:52:21.419234
2025-07-20,95323,2025072001023591,PCBL,Secured Securities Ltd.,Nagarik Stock Dealer ,210,287.5,60375.0,2025-07-20T12:52:21.419281
2025-07-20,95053,2025072001023678,PCBL,Thrive Brokerage House Pvt. Ltd,Sri Hari Securities Pvt. Ltd.,270,288.0,77760.0,2025-07-20T12:52:48.574975
2025-07-20,94378,2025072001023956,PCBL,Himalayan Brokerage Company Limited,Pragyan Securities (PVT) Ltd.,693,287.6,199306.8,2025-07-20T12:53:48.345737
2025-07-20,94097,2025072001024069,PCBL,Himalayan Brokerage Company Limited,Sundhara Securities Limited,60,287.6,17256.0,2025-07-20T12:54:08.359125
2025-07-20,93891,2025072001024126,PCBL,Himalayan Brokerage Company Limited,Sri Hari Securities Pvt. Ltd.,1597,288.0,459936.0,2025-07-20T12:54:26.239524
2025-07-20,93890,2025072001024127,PCBL,Himalayan Brokerage Company Limited,ABC Securities Private Limited,98,288.0,28224.0,2025-07-20T12:54:26.23994
2025-07-20,92989,2025072001024471,PCBL,Online Securities Pvt. Ltd.,Sri Hari Securities Pvt. Ltd.,10,288.1,2881.0,2025-07-20T12:55:41.190683
2025-07-20,92474,2025072001024644,PCBL,Himalayan Brokerage Company Limited,Dynamic Money Managers Securities Pvt. Ltd.,50,288.5,14425.0,2025-07-20T12:56:15.640713
2025-07-20,92473,2025072001024645,PCBL,Himalayan Brokerage Company Limited,Naasa Securities Co. Ltd.,200,288.5,57700.0,2025-07-20T12:56:15.640948
2025-07-20,92472,2025072001024646,PCBL,Himalayan Brokerage Company Limited,Oxford Securities Pvt. Ltd.,100,288.9,28890.0,2025-07-20T12:56:15.641048
2025-07-20,92471,2025072001024647,PCBL,Himalayan Brokerage Company Limited,Dipshikha Dhitopatra Karobar Co. Pvt Ltd.,50,289.0,14450.0,2025-07-20T12:56:15.641139
2025-07-20,92470,2025072001024648,PCBL,Himalayan Brokerage Company Limited,ABC Securities Private Limited,2500,289.0,722500.0,2025-07-20T12:56:15.641229
2025-07-20,92469,2025072001024649,PCBL,Himalayan Brokerage Company Limited,Siprabi Securities Pvt. Ltd.,25,289.3,7232.5,2025-07-20T12:56:15.641325
2025-07-20,92468,2025072001024650,PCBL,Himalayan Brokerage Company Limited,Opal Securities Investment (PVT) Ltd.,2000,289.3,578600.0,2025-07-20T12:56:15.641412
2025-07-20,92467,2025072001024651,PCBL,Himalayan Brokerage Company Limited,Imperial Securities Company Pvt. Ltd.,300,289.3,86790.0,2025-07-20T12:56:15.641495
2025-07-20,92466,2025072001024652,PCBL,Himalayan Brokerage Company Limited,Kumari Securities Private Limited,200,289.5,57900.0,2025-07-20T12:56:15.641579
2025-07-20,92465,2025072001024653,PCBL,Himalayan Brokerage Company Limited,Opal Securities Investment (PVT) Ltd.,1344,289.5,389088.0,2025-07-20T12:56:15.641663
2025-07-20,92160,2025072001024760,PCBL,Oxford Securities Pvt. Ltd.,Opal Securities Investment (PVT) Ltd.,20,289.5,5790.0,2025-07-20T12:56:40.484271
2025-07-20,91827,2025072001024856,PCBL,Online Securities Pvt. Ltd.,Naasa Securities Co. Ltd.,290,288.1,83549.0,2025-07-20T12:57:10.889223
2025-07-20,91826,2025072001024857,PCBL,Imperial Securities Company Pvt. Ltd.,Naasa Securities Co. Ltd.,50,288.1,14405.0,2025-07-20T12:57:10.889639
2025-07-20,91825,2025072001024858,PCBL,Nepal Investment And Securities Trading Private Limited,Naasa Securities Co. Ltd.,312,288.0,89856.0,2025-07-20T12:57:10.8899
2025-07-20,91205,2025072001025094,PCBL,Oxford Securities Pvt. Ltd.,Naasa Securities Co. Ltd.,350,288.0,100800.0,2025-07-20T12:58:01.355616
2025-07-20,90262,2025072001025373,PCBL,Secured Securities Ltd.,Naasa Securities Co. Ltd.,80,287.5,23000.0,2025-07-20T12:59:19.561213
2025-07-20,88960,2025072001025764,PCBL,Secured Securities Ltd.,Sani Securities Company Ltd.,11,287.5,3162.5,2025-07-20T13:01:12.278907
2025-07-20,88440,2025072001025942,PCBL,Secured Securities Ltd.,Kumari Securities Private Limited,699,287.5,200962.5,2025-07-20T13:01:53.409132
2025-07-20,88439,2025072001025943,PCBL,Trishakti Securities Public Limited,Kumari Securities Private Limited,1225,287.5,352187.5,2025-07-20T13:01:53.409357
2025-07-20,88438,2025072001025944,PCBL,Trishakti Securities Public Limited,Kumari Securities Private Limited,3036,287.2,871939.2,2025-07-20T13:01:53.409458
2025-07-20,88437,2025072001025945,PCBL,Imperial Securities Company Pvt. Ltd.,Kumari Securities Private Limited,100,287.1,28710.0,2025-07-20T13:01:53.409551
2025-07-20,88436,2025072001025946,PCBL,Oxford Securities Pvt. Ltd.,Kumari Securities Private Limited,25,287.0,7175.0,2025-07-20T13:01:53.409645
2025-07-20,88435,2025072001025947,PCBL,Global IME Securities Limited,Kumari Securities Private Limited,20,287.0,5740.0,2025-07-20T13:01:53.409733
2025-07-20,88434,2025072001025948,PCBL,Machhapuchchhre Securities Limited,Kumari Securities Private Limited,10,287.0,2870.0,2025-07-20T13:01:53.409826
2025-07-20,88107,2025072001026073,PCBL,Sani Securities Company Ltd.,Kumari Securities Private Limited,150,287.0,43050.0,2025-07-20T13:02:23.976882
2025-07-20,87513,2025072001026282,PCBL,Investment Management Nepal Pvt. Ltd.,Naasa Securities Co. Ltd.,10,286.0,2860.0,2025-07-20T13:03:19.147562
2025-07-20,86874,2025072001026515,PCBL,Investment Management Nepal Pvt. Ltd.,Aryatara Investment & Securities,490,286.0,140140.0,2025-07-20T13:04:12.207101
2025-07-20,86741,2025072001026552,PCBL,Vision Securities Pvt. Ltd,Aryatara Investment & Securities,860,286.0,245960.0,2025-07-20T13:04:24.033133
2025-07-20,86740,2025072001026553,PCBL,Vision Securities Pvt. Ltd,Kumari Securities Private Limited,735,287.0,210945.0,2025-07-20T13:04:24.03344
2025-07-20,86739,2025072001026554,PCBL,Vision Securities Pvt. Ltd,Naasa Securities Co. Ltd.,200,287.0,57400.0,2025-07-20T13:04:24.033649
2025-07-20,86738,2025072001026555,PCBL,Vision Securities Pvt. Ltd,Online Securities Pvt. Ltd.,150,287.0,43050.0,2025-07-20T13:04:24.033865
2025-07-20,86389,2025072001026664,PCBL,Vision Securities Pvt. Ltd,Property Wiard Limited,1055,287.0,302785.0,2025-07-20T13:04:57.225099
2025-07-20,84306,2025072001027326,PCBL,Secured Securities Ltd.,Property Wiard Limited,695,287.0,199465.0,2025-07-20T13:08:08.89504
2025-07-20,84148,2025072001027380,PCBL,Asian Securities Private Ltd.,Property Wiard Limited,50,287.0,14350.0,2025-07-20T13:08:20.58563
2025-07-20,84059,2025072001027404,PCBL,Imperial Securities Company Pvt. Ltd.,Property Wiard Limited,100,287.0,28700.0,2025-07-20T13:08:28.672592
2025-07-20,84018,2025072001027418,PCBL,ABC Securities Private Limited,Property Wiard Limited,100,287.0,28700.0,2025-07-20T13:08:33.449548
2025-07-20,83477,2025072001027605,PCBL,Imperial Securities Company Pvt. Ltd.,Sharepro Securities Private Limited,100,285.2,28520.0,2025-07-20T13:09:21.126852
2025-07-20,83476,2025072001027606,PCBL,Vision Securities Pvt. Ltd,Sharepro Securities Private Limited,1000,285.1,285100.0,2025-07-20T13:09:21.126999
2025-07-20,83475,2025072001027607,PCBL,Midas Stock Broking Company Private Limited,Sharepro Securities Private Limited,500,285.0,142500.0,2025-07-20T13:09:21.127095
2025-07-20,83474,2025072001027608,PCBL,Kohinoor Investment & Securities Pvt. Ltd.,Sharepro Securities Private Limited,10,285.0,2850.0,2025-07-20T13:09:21.127173
2025-07-20,83473,2025072001027609,PCBL,J.F. Securites (PVT) Ltd.,Sharepro Securities Private Limited,1000,285.0,285000.0,2025-07-20T13:09:21.127241
2025-07-20,83472,2025072001027610,PCBL,Sri Hari Securities Pvt. Ltd.,Sharepro Securities Private Limited,2847,285.0,811395.0,2025-07-20T13:09:21.127352
2025-07-20,83471,2025072001027611,PCBL,Nepal Stock House (PVT) Ltd.,Sharepro Securities Private Limited,1000,285.0,285000.0,2025-07-20T13:09:21.127428
2025-07-20,83470,2025072001027612,PCBL,Sri Hari Securities Pvt. Ltd.,Sharepro Securities Private Limited,18000,285.0,5130000.0,2025-07-20T13:09:21.127501
2025-07-20,83469,2025072001027613,PCBL,Imperial Securities Company Pvt. Ltd.,Sharepro Securities Private Limited,350,284.1,99435.0,2025-07-20T13:09:21.127578
2025-07-20,83468,2025072001027614,PCBL,Imperial Securities Company Pvt. Ltd.,Sharepro Securities Private Limited,100,283.6,28360.0,2025-07-20T13:09:21.127654
2025-07-20,83467,2025072001027615,PCBL,Trishakti Securities Public Limited,Sharepro Securities Private Limited,93,283.5,26365.5,2025-07-20T13:09:21.12774
2025-07-20,82846,2025072001027793,PCBL,Imperial Securities Company Pvt. Ltd.,Sumeru Securities Pvt. Ltd.,200,287.0,57400.0,2025-07-20T13:10:19.141277
2025-07-20,81806,2025072001028154,PCBL,South Asian Bulls Pvt. Ltd.,Property Wiard Limited,2000,284.1,568200.0,2025-07-20T13:11:53.659646
2025-07-20,81464,2025072001028287,PCBL,Naasa Securities Co. Ltd.,Sumeru Securities Pvt. Ltd.,100,284.0,28400.0,2025-07-20T13:12:26.042262
2025-07-20,81463,2025072001028288,PCBL,Vision Securities Pvt. Ltd,Sumeru Securities Pvt. Ltd.,10,284.0,2840.0,2025-07-20T13:12:26.042717
2025-07-20,81462,2025072001028289,PCBL,Sri Hari Securities Pvt. Ltd.,Sumeru Securities Pvt. Ltd.,890,284.0,252760.0,2025-07-20T13:12:26.042999
2025-07-20,81127,2025072001028372,PCBL,Sri Hari Securities Pvt. Ltd.,Investment Management Nepal Pvt. Ltd.,365,284.0,103660.0,2025-07-20T13:12:55.818462
2025-07-20,80447,2025072001028558,PCBL,Sri Hari Securities Pvt. Ltd.,Linch Stock Market Ltd.,10,284.0,2840.0,2025-07-20T13:13:51.270047
2025-07-20,80400,2025072001028576,PCBL,Sani Securities Company Ltd.,Online Securities Pvt. Ltd.,10,284.1,2841.0,2025-07-20T13:13:55.189446
2025-07-20,79413,2025072001028840,PCBL,Kohinoor Investment & Securities Pvt. Ltd.,Thrive Brokerage House Pvt. Ltd,22,285.0,6270.0,2025-07-20T13:15:05.569199
2025-07-20,78978,2025072001028976,PCBL,Neev Securities Pvt. Ltd.,Thrive Brokerage House Pvt. Ltd,24,285.0,6840.0,2025-07-20T13:15:43.405157
2025-07-20,78977,2025072001028977,PCBL,Neev Securities Pvt. Ltd.,Pragyan Securities (PVT) Ltd.,229,285.0,65265.0,2025-07-20T13:15:43.405411
2025-07-20,78177,2025072001029244,PCBL,SHUBHAKAMANA SECURITIES PVT. LTD,Dipshikha Dhitopatra Karobar Co. Pvt Ltd.,73,286.0,20878.0,2025-07-20T13:16:51.474011
2025-07-20,78176,2025072001029245,PCBL,SHUBHAKAMANA SECURITIES PVT. LTD,Sri Hari Securities Pvt. Ltd.,489,286.0,139854.0,2025-07-20T13:16:51.474478
2025-07-20,78175,2025072001029246,PCBL,SHUBHAKAMANA SECURITIES PVT. LTD,Naasa Securities Co. Ltd.,200,286.0,57200.0,2025-07-20T13:16:51.474759
2025-07-20,78174,2025072001029247,PCBL,SHUBHAKAMANA SECURITIES PVT. LTD,Naasa Securities Co. Ltd.,129,286.8,36997.2,2025-07-20T13:16:51.475061
2025-07-20,78173,2025072001029248,PCBL,SHUBHAKAMANA SECURITIES PVT. LTD,Dipshikha Dhitopatra Karobar Co. Pvt Ltd.,500,286.8,143400.0,2025-07-20T13:16:51.475334
2025-07-20,78172,2025072001029249,PCBL,SHUBHAKAMANA SECURITIES PVT. LTD,Online Securities Pvt. Ltd.,109,286.9,31272.1,2025-07-20T13:16:51.475605
2025-07-20,77329,2025072001029544,PCBL,Imperial Securities Company Pvt. Ltd.,Vision Securities Pvt. Ltd,72,285.1,20527.2,2025-07-20T13:18:10.098006
2025-07-20,77328,2025072001029545,PCBL,Neev Securities Pvt. Ltd.,Vision Securities Pvt. Ltd,328,285.0,93480.0,2025-07-20T13:18:10.098272
2025-07-20,76825,2025072001029689,PCBL,Neev Securities Pvt. Ltd.,Asian Securities Private Ltd.,50,285.0,14250.0,2025-07-20T13:18:59.036343
2025-07-20,76292,2025072001029836,PCBL,Neev Securities Pvt. Ltd.,Shree Krishna Securities Ltd.,13,285.0,3705.0,2025-07-20T13:19:48.893144
2025-07-20,76097,2025072001029887,PCBL,Neev Securities Pvt. Ltd.,Neev Securities Pvt. Ltd.,120,285.0,34200.0,2025-07-20T13:20:07.534813
2025-07-20,75535,2025072001030071,PCBL,Neev Securities Pvt. Ltd.,Aryatara Investment & Securities,100,285.0,28500.0,2025-07-20T13:20:59.107383
2025-07-20,75147,2025072001030190,PCBL,Neev Securities Pvt. Ltd.,Aryatara Investment & Securities,50,285.0,14250.0,2025-07-20T13:21:39.757553
2025-07-20,74438,2025072001030379,PCBL,South Asian Bulls Pvt. Ltd.,Aryatara Investment & Securities,50,285.1,14255.0,2025-07-20T13:22:48.08419
2025-07-20,73972,2025072001030509,PCBL,South Asian Bulls Pvt. Ltd.,BHOLE GANESH SECURITIES LTD,300,285.1,85530.0,2025-07-20T13:23:36.722222
2025-07-20,73747,2025072001030579,PCBL,Sweta Securities Private Limited,ABC Securities Private Limited,11,286.0,3146.0,2025-07-20T13:24:06.644118
2025-07-20,73552,2025072001030639,PCBL,Sani Securities Company Ltd.,Aryatara Investment & Securities,50,285.2,14260.0,2025-07-20T13:24:28.817493
2025-07-20,73351,2025072001030691,PCBL,Sani Securities Company Ltd.,Sweta Securities Private Limited,40,285.2,11408.0,2025-07-20T13:24:57.215522
2025-07-20,73350,2025072001030692,PCBL,South Asian Bulls Pvt. Ltd.,Sweta Securities Private Limited,1960,285.1,558796.0,2025-07-20T13:24:57.216073
2025-07-20,73321,2025072001030702,PCBL,South Asian Bulls Pvt. Ltd.,Opal Securities Investment (PVT) Ltd.,690,285.1,196719.0,2025-07-20T13:24:59.616291
2025-07-20,73320,2025072001030703,PCBL,Neev Securities Pvt. Ltd.,Opal Securities Investment (PVT) Ltd.,86,285.0,24510.0,2025-07-20T13:24:59.61686
2025-07-20,73319,2025072001030704,PCBL,Investment Management Nepal Pvt. Ltd.,Opal Securities Investment (PVT) Ltd.,30,285.0,8550.0,2025-07-20T13:24:59.617184
2025-07-20,73318,2025072001030705,PCBL,Trishakti Securities Public Limited,Opal Securities Investment (PVT) Ltd.,60,285.0,17100.0,2025-07-20T13:24:59.617507
2025-07-20,73317,2025072001030706,PCBL,Sri Hari Securities Pvt. Ltd.,Opal Securities Investment (PVT) Ltd.,6500,285.0,1852500.0,2025-07-20T13:24:59.617845
2025-07-20,73316,2025072001030707,PCBL,Sri Hari Securities Pvt. Ltd.,Opal Securities Investment (PVT) Ltd.,10835,285.0,3087975.0,2025-07-20T13:24:59.618236
2025-07-20,73315,2025072001030708,PCBL,Sani Securities Company Ltd.,Opal Securities Investment (PVT) Ltd.,10,285.0,2850.0,2025-07-20T13:24:59.618684
2025-07-20,73197,2025072001030738,PCBL,Sani Securities Company Ltd.,Opal Securities Investment (PVT) Ltd.,200,285.0,57000.0,2025-07-20T13:25:10.833317
2025-07-20,73171,2025072001030751,PCBL,Siprabi Securities Pvt. Ltd.,Opal Securities Investment (PVT) Ltd.,100,285.0,28500.0,2025-07-20T13:25:12.725405
2025-07-20,73112,2025072001030765,PCBL,Oxford Securities Pvt. Ltd.,Dipshikha Dhitopatra Karobar Co. Pvt Ltd.,297,284.5,84496.5,2025-07-20T13:25:16.671849
2025-07-20,72907,2025072001030818,PCBL,Kohinoor Investment & Securities Pvt. Ltd.,Dipshikha Dhitopatra Karobar Co. Pvt Ltd.,10,284.2,2842.0,2025-07-20T13:25:38.979504
2025-07-20,72615,2025072001030939,PCBL,Kohinoor Investment & Securities Pvt. Ltd.,Naasa Securities Co. Ltd.,90,284.2,25578.0,2025-07-20T13:26:09.257907
2025-07-20,72614,2025072001030940,PCBL,Sani Securities Company Ltd.,Naasa Securities Co. Ltd.,35,284.0,9940.0,2025-07-20T13:26:09.258399
2025-07-20,72613,2025072001030941,PCBL,Siprabi Securities Pvt. Ltd.,Naasa Securities Co. Ltd.,175,284.0,49700.0,2025-07-20T13:26:09.258693
2025-07-20,72556,2025072001030964,PCBL,SHUBHAKAMANA SECURITIES PVT. LTD,Opal Securities Investment (PVT) Ltd.,1489,285.0,424365.0,2025-07-20T13:26:17.579387
2025-07-20,72555,2025072001030965,PCBL,SHUBHAKAMANA SECURITIES PVT. LTD,Naasa Securities Co. Ltd.,100,285.0,28500.0,2025-07-20T13:26:17.579622
2025-07-20,72554,2025072001030966,PCBL,SHUBHAKAMANA SECURITIES PVT. LTD,ABC Securities Private Limited,39,286.0,11154.0,2025-07-20T13:26:17.579727
2025-07-20,72553,2025072001030967,PCBL,SHUBHAKAMANA SECURITIES PVT. LTD,Naasa Securities Co. Ltd.,200,286.0,57200.0,2025-07-20T13:26:17.579824
2025-07-20,72552,2025072001030968,PCBL,SHUBHAKAMANA SECURITIES PVT. LTD,Linch Stock Market Ltd.,500,286.0,143000.0,2025-07-20T13:26:17.579936
2025-07-20,72551,2025072001030969,PCBL,SHUBHAKAMANA SECURITIES PVT. LTD,Premier Securities Company Ltd.,100,286.7,28670.0,2025-07-20T13:26:17.580037
2025-07-20,72550,2025072001030970,PCBL,SHUBHAKAMANA SECURITIES PVT. LTD,Kumari Securities Private Limited,72,286.7,20642.4,2025-07-20T13:26:17.580136
2025-07-20,71158,2025072001031409,PCBL,Vision Securities Pvt. Ltd,Sani Securities Company Ltd.,10,286.6,2866.0,2025-07-20T13:28:40.604324
2025-07-20,71157,2025072001031410,PCBL,Vision Securities Pvt. Ltd,Kumari Securities Private Limited,128,286.7,36697.6,2025-07-20T13:28:40.604621
2025-07-20,71156,2025072001031411,PCBL,Vision Securities Pvt. Ltd,Sundhara Securities Limited,305,286.7,87443.5,2025-07-20T13:28:40.604734
2025-07-20,71155,2025072001031412,PCBL,Vision Securities Pvt. Ltd,Naasa Securities Co. Ltd.,200,286.7,57340.0,2025-07-20T13:28:40.604856
2025-07-20,71154,2025072001031413,PCBL,Vision Securities Pvt. Ltd,Sweta Securities Private Limited,1000,286.8,286800.0,2025-07-20T13:28:40.604958
2025-07-20,71153,2025072001031414,PCBL,Vision Securities Pvt. Ltd,Online Securities Pvt. Ltd.,191,286.9,54797.9,2025-07-20T13:28:40.605082
2025-07-20,71152,2025072001031415,PCBL,Vision Securities Pvt. Ltd,Opal Securities Investment (PVT) Ltd.,1500,286.9,430350.0,2025-07-20T13:28:40.605189
2025-07-20,71151,2025072001031416,PCBL,Vision Securities Pvt. Ltd,Sweta Securities Private Limited,1000,286.9,286900.0,2025-07-20T13:28:40.605293
2025-07-20,71150,2025072001031417,PCBL,Vision Securities Pvt. Ltd,Sumeru Securities Pvt. Ltd.,1666,287.0,478142.0,2025-07-20T13:28:40.6054
2025-07-20,70355,2025072001031662,PCBL,Siprabi Securities Pvt. Ltd.,Opal Securities Investment (PVT) Ltd.,100,284.1,28410.0,2025-07-20T13:30:06.193919
2025-07-20,70354,2025072001031663,PCBL,Cristal Kanchanjanga Securites Pvt. Ltd.,Opal Securities Investment (PVT) Ltd.,1000,284.1,284100.0,2025-07-20T13:30:06.193967
2025-07-20,70353,2025072001031664,PCBL,Siprabi Securities Pvt. Ltd.,Opal Securities Investment (PVT) Ltd.,52,284.0,14768.0,2025-07-20T13:30:06.193995
2025-07-20,70352,2025072001031665,PCBL,Sri Hari Securities Pvt. Ltd.,Opal Securities Investment (PVT) Ltd.,43,284.0,12212.0,2025-07-20T13:30:06.194021
2025-07-20,70262,2025072001031683,PCBL,Sri Hari Securities Pvt. Ltd.,Aryatara Investment & Securities,1513,284.0,429692.0,2025-07-20T13:30:14.961193
2025-07-20,69095,2025072001032064,PCBL,Nepal Investment And Securities Trading Private Limited,Property Wiard Limited,70,285.9,20013.0,2025-07-20T13:32:42.796212
2025-07-20,67484,2025072001032528,PCBL,Deevyaa Securities & Stock House Pvt. Ltd,Vision Securities Pvt. Ltd,350,284.2,99470.0,2025-07-20T13:36:10.048355
2025-07-20,67036,2025072001032665,PCBL,Bhrikuti Stock Broking Co. Pvt. Ltd.,Magnet Securities and Investment Company Private Limited,200,285.0,57000.0,2025-07-20T13:37:17.209335
2025-07-20,66282,2025072001032870,PCBL,Secured Securities Ltd.,Magnet Securities and Investment Company Private Limited,40,285.0,11400.0,2025-07-20T13:39:02.146312
2025-07-20,66235,2025072001032884,PCBL,Oxford Securities Pvt. Ltd.,Kohinoor Investment & Securities Pvt. Ltd.,3,284.5,853.5,2025-07-20T13:39:12.238345
2025-07-20,66054,2025072001032953,PCBL,Sewa Securities Pvt. Ltd.,Property Wiard Limited,218,284.3,61977.4,2025-07-20T13:39:32.98642
2025-07-20,66053,2025072001032954,PCBL,Deevyaa Securities & Stock House Pvt. Ltd,Property Wiard Limited,650,284.2,184730.0,2025-07-20T13:39:32.986523
2025-07-20,65620,2025072001033066,PCBL,Oxford Securities Pvt. Ltd.,Magnet Securities and Investment Company Private Limited,50,285.0,14250.0,2025-07-20T13:40:24.943968
2025-07-20,64387,2025072001033379,PCBL,Oxford Securities Pvt. Ltd.,Kohinoor Investment & Securities Pvt. Ltd.,15,284.5,4267.5,2025-07-20T13:42:56.42623
2025-07-20,64386,2025072001033380,PCBL,J.F. Securites (PVT) Ltd.,Kohinoor Investment & Securities Pvt. Ltd.,30,284.1,8523.0,2025-07-20T13:42:56.426487
2025-07-20,64385,2025072001033381,PCBL,Trishakti Securities Public Limited,Kohinoor Investment & Securities Pvt. Ltd.,355,283.5,100642.5,2025-07-20T13:42:56.426599
2025-07-20,63753,2025072001033586,PCBL,Sri Hari Securities Pvt. Ltd.,Dakshinkali Investment & Securities Pvt. Ltd.,3120,284.0,886080.0,2025-07-20T13:44:11.821405
2025-07-20,63265,2025072001033716,PCBL,Trishakti Securities Public Limited,ABC Securities Private Limited,14,283.5,3969.0,2025-07-20T13:45:11.338814
2025-07-20,62048,2025072001034121,PCBL,Creative Securities Pvt Ltd,Dipshikha Dhitopatra Karobar Co. Pvt Ltd.,50,283.6,14180.0,2025-07-20T13:47:29.552966
2025-07-20,62047,2025072001034122,PCBL,Trishakti Securities Public Limited,Dipshikha Dhitopatra Karobar Co. Pvt Ltd.,38,283.5,10773.0,2025-07-20T13:47:29.553484
2025-07-20,62046,2025072001034123,PCBL,Agrawal Securities (PVT) Ltd.,Dipshikha Dhitopatra Karobar Co. Pvt Ltd.,30,283.2,8496.0,2025-07-20T13:47:29.55386
2025-07-20,62045,2025072001034124,PCBL,Sani Securities Company Ltd.,Dipshikha Dhitopatra Karobar Co. Pvt Ltd.,43,283.2,12177.6,2025-07-20T13:47:29.554236
2025-07-20,60719,2025072001034452,PCBL,Sani Securities Company Ltd.,Thrive Brokerage House Pvt. Ltd,57,283.2,16142.4,2025-07-20T13:50:07.006473
2025-07-20,60718,2025072001034453,PCBL,Aryatara Investment & Securities,Thrive Brokerage House Pvt. Ltd,500,283.1,141550.0,2025-07-20T13:50:07.006774
2025-07-20,60717,2025072001034454,PCBL,Deevyaa Securities & Stock House Pvt. Ltd,Thrive Brokerage House Pvt. Ltd,100,283.1,28310.0,2025-07-20T13:50:07.006884
2025-07-20,60716,2025072001034455,PCBL,Sri Hari Securities Pvt. Ltd.,Thrive Brokerage House Pvt. Ltd,1950,283.0,551850.0,2025-07-20T13:50:07.006989
2025-07-20,60715,2025072001034456,PCBL,Creative Securities Pvt Ltd,Thrive Brokerage House Pvt. Ltd,390,283.0,110370.0,2025-07-20T13:50:07.007104
2025-07-20,60714,2025072001034457,PCBL,Sri Hari Securities Pvt. Ltd.,Thrive Brokerage House Pvt. Ltd,10000,283.0,2830000.0,2025-07-20T13:50:07.007347
2025-07-20,60586,2025072001034504,PCBL,Naasa Securities Co. Ltd.,Cristal Kanchanjanga Securites Pvt. Ltd.,300,283.0,84900.0,2025-07-20T13:50:22.336946
2025-07-20,60401,2025072001034565,PCBL,Malla & Malla Stock Broking Company Pvt. Limited,Magnet Securities and Investment Company Private Limited,100,282.3,28230.0,2025-07-20T13:50:44.472295
2025-07-20,60400,2025072001034566,PCBL,Pragyan Securities (PVT) Ltd.,Magnet Securities and Investment Company Private Limited,322,282.3,90900.6,2025-07-20T13:50:44.472575
2025-07-20,60399,2025072001034567,PCBL,Secured Securities Ltd.,Magnet Securities and Investment Company Private Limited,288,282.1,81244.8,2025-07-20T13:50:44.47269
2025-07-20,60264,2025072001034626,PCBL,Secured Securities Ltd.,Property Wiard Limited,712,282.1,200855.2,2025-07-20T13:51:01.422147
2025-07-20,60231,2025072001034643,PCBL,Sweta Securities Private Limited,Thrive Brokerage House Pvt. Ltd,100,282.0,28200.0,2025-07-20T13:51:05.390593
2025-07-20,60230,2025072001034644,PCBL,Sani Securities Company Ltd.,Thrive Brokerage House Pvt. Ltd,50,281.8,14090.0,2025-07-20T13:51:05.390853
2025-07-20,60229,2025072001034645,PCBL,Nepal Stock House (PVT) Ltd.,Thrive Brokerage House Pvt. Ltd,150,281.7,42255.0,2025-07-20T13:51:05.390962
2025-07-20,60228,2025072001034646,PCBL,Nepal Stock House (PVT) Ltd.,Thrive Brokerage House Pvt. Ltd,500,281.6,140800.0,2025-07-20T13:51:05.391074
2025-07-20,60227,2025072001034647,PCBL,Cristal Kanchanjanga Securites Pvt. Ltd.,Thrive Brokerage House Pvt. Ltd,500,281.5,140750.0,2025-07-20T13:51:05.391173
2025-07-20,60226,2025072001034648,PCBL,Imperial Securities Company Pvt. Ltd.,Thrive Brokerage House Pvt. Ltd,100,281.3,28130.0,2025-07-20T13:51:05.391274
2025-07-20,60225,2025072001034649,PCBL,Trishakti Securities Public Limited,Thrive Brokerage House Pvt. Ltd,750,281.1,210825.0,2025-07-20T13:51:05.391384
2025-07-20,60224,2025072001034650,PCBL,Imperial Securities Company Pvt. Ltd.,Thrive Brokerage House Pvt. Ltd,200,281.1,56220.0,2025-07-20T13:51:05.391504
2025-07-20,60100,2025072001034691,PCBL,South Asian Bulls Pvt. Ltd.,Capital Max Securities Ltd,50,281.0,14050.0,2025-07-20T13:51:16.931199
2025-07-20,60099,2025072001034692,PCBL,Vision Securities Pvt. Ltd,Capital Max Securities Ltd,1000,281.0,281000.0,2025-07-20T13:51:16.931487
2025-07-20,60098,2025072001034693,PCBL,Malla & Malla Stock Broking Company Pvt. Limited,Capital Max Securities Ltd,100,281.0,28100.0,2025-07-20T13:51:16.931609
2025-07-20,60097,2025072001034694,PCBL,Creative Securities Pvt Ltd,Capital Max Securities Ltd,90,281.0,25290.0,2025-07-20T13:51:16.931726
2025-07-20,59905,2025072001034773,PCBL,Imperial Securities Company Pvt. Ltd.,Property Wiard Limited,51,282.0,14382.0,2025-07-20T13:51:42.561726
2025-07-20,59904,2025072001034774,PCBL,Creative Securities Pvt Ltd,Property Wiard Limited,410,281.0,115210.0,2025-07-20T13:51:42.56188
2025-07-20,59903,2025072001034775,PCBL,Dipshikha Dhitopatra Karobar Co. Pvt Ltd.,Property Wiard Limited,39,281.0,10959.0,2025-07-20T13:51:42.561989
2025-07-20,58167,2025072001035382,PCBL,Creative Securities Pvt Ltd,Midas Stock Broking Company Private Limited,40,281.2,11248.0,2025-07-20T13:54:41.514376
2025-07-20,58022,2025072001035421,PCBL,Creative Securities Pvt Ltd,Naasa Securities Co. Ltd.,300,281.2,84360.0,2025-07-20T13:54:59.284221
2025-07-20,57862,2025072001035472,PCBL,Creative Securities Pvt Ltd,Imperial Securities Company Pvt. Ltd.,20,281.2,5624.0,2025-07-20T13:55:20.760622
2025-07-20,57861,2025072001035473,PCBL,Arun Securities (PVT) Ltd.,Imperial Securities Company Pvt. Ltd.,250,281.2,70300.0,2025-07-20T13:55:20.761044
2025-07-20,55770,2025072001036142,PCBL,Pragyan Securities (PVT) Ltd.,Cristal Kanchanjanga Securites Pvt. Ltd.,220,281.3,61886.0,2025-07-20T13:58:46.970418
2025-07-20,55629,2025072001036194,PCBL,Kohinoor Investment & Securities Pvt. Ltd.,Naasa Securities Co. Ltd.,13,281.4,3658.2,2025-07-20T13:59:02.044127
2025-07-20,55223,2025072001036277,PCBL,Vision Securities Pvt. Ltd,Property Wiard Limited,65,281.5,18297.5,2025-07-20T13:59:54.214335
2025-07-20,55222,2025072001036278,PCBL,Kohinoor Investment & Securities Pvt. Ltd.,Property Wiard Limited,37,281.4,10411.8,2025-07-20T13:59:54.214385
2025-07-20,55221,2025072001036279,PCBL,Online Securities Pvt. Ltd.,Property Wiard Limited,500,281.4,140700.0,2025-07-20T13:59:54.214414
2025-07-20,55220,2025072001036280,PCBL,Investment Management Nepal Pvt. Ltd.,Property Wiard Limited,432,281.4,121564.8,2025-07-20T13:59:54.214437
2025-07-20,55008,2025072001036366,PCBL,Investment Management Nepal Pvt. Ltd.,Nepal Investment And Securities Trading Private Limited,1338,281.4,376513.2,2025-07-20T14:00:17.868656
2025-07-20,55007,2025072001036367,PCBL,Pragyan Securities (PVT) Ltd.,Nepal Investment And Securities Trading Private Limited,280,281.3,78764.0,2025-07-20T14:00:17.869037
2025-07-20,55006,2025072001036368,PCBL,Vision Securities Pvt. Ltd,Nepal Investment And Securities Trading Private Limited,2000,281.3,562600.0,2025-07-20T14:00:17.869222
2025-07-20,55005,2025072001036369,PCBL,Property Wiard Limited,Nepal Investment And Securities Trading Private Limited,50,281.2,14060.0,2025-07-20T14:00:17.869364
2025-07-20,55004,2025072001036370,PCBL,Premier Securities Company Ltd.,Nepal Investment And Securities Trading Private Limited,500,281.2,140600.0,2025-07-20T14:00:17.869506
2025-07-20,55003,2025072001036371,PCBL,Nepal Stock House (PVT) Ltd.,Nepal Investment And Securities Trading Private Limited,832,281.1,233875.2,2025-07-20T14:00:17.869621
2025-07-20,54609,2025072001036485,PCBL,Dipshikha Dhitopatra Karobar Co. Pvt Ltd.,Siprabi Securities Pvt. Ltd.,300,282.7,84810.0,2025-07-20T14:01:08.586561
2025-07-20,54336,2025072001036598,PCBL,Nepal Stock House (PVT) Ltd.,Aakashbhairab Securities Ltd.,168,281.1,47224.8,2025-07-20T14:01:38.690988
2025-07-20,54335,2025072001036599,PCBL,Kohinoor Investment & Securities Pvt. Ltd.,Aakashbhairab Securities Ltd.,50,281.1,14055.0,2025-07-20T14:01:38.691273
2025-07-20,54334,2025072001036600,PCBL,Dipshikha Dhitopatra Karobar Co. Pvt Ltd.,Aakashbhairab Securities Ltd.,11,281.0,3091.0,2025-07-20T14:01:38.691403
2025-07-20,54333,2025072001036601,PCBL,Bhrikuti Stock Broking Co. Pvt. Ltd.,Aakashbhairab Securities Ltd.,200,281.0,56200.0,2025-07-20T14:01:38.691513
2025-07-20,54332,2025072001036602,PCBL,Primo Securities (PVT) Ltd.,Aakashbhairab Securities Ltd.,571,281.0,160451.0,2025-07-20T14:01:38.691618
2025-07-20,53013,2025072001036992,PCBL,Premier Securities Company Ltd.,Dipshikha Dhitopatra Karobar Co. Pvt Ltd.,22,282.0,6204.0,2025-07-20T14:03:54.647527
2025-07-20,53012,2025072001036993,PCBL,Premier Securities Company Ltd.,Dakshinkali Investment & Securities Pvt. Ltd.,100,282.0,28200.0,2025-07-20T14:03:54.648045
2025-07-20,52925,2025072001037019,PCBL,Siprabi Securities Pvt. Ltd.,Imperial Securities Company Pvt. Ltd.,500,281.5,140750.0,2025-07-20T14:04:04.680763
2025-07-20,52656,2025072001037102,PCBL,Primo Securities (PVT) Ltd.,Sumeru Securities Pvt. Ltd.,429,281.0,120549.0,2025-07-20T14:04:29.284151
2025-07-20,52655,2025072001037103,PCBL,Nepal Stock House (PVT) Ltd.,Sumeru Securities Pvt. Ltd.,500,281.0,140500.0,2025-07-20T14:04:29.284428
2025-07-20,52654,2025072001037104,PCBL,Premier Securities Company Ltd.,Sumeru Securities Pvt. Ltd.,300,281.0,84300.0,2025-07-20T14:04:29.284611
2025-07-20,52653,2025072001037105,PCBL,Sri Hari Securities Pvt. Ltd.,Sumeru Securities Pvt. Ltd.,10,280.6,2806.0,2025-07-20T14:04:29.28476
2025-07-20,52652,2025072001037106,PCBL,Sri Hari Securities Pvt. Ltd.,Sumeru Securities Pvt. Ltd.,10,280.5,2805.0,2025-07-20T14:04:29.284912
2025-07-20,52651,2025072001037107,PCBL,Imperial Securities Company Pvt. Ltd.,Sumeru Securities Pvt. Ltd.,100,280.5,28050.0,2025-07-20T14:04:29.285053
2025-07-20,52650,2025072001037108,PCBL,Sri Hari Securities Pvt. Ltd.,Sumeru Securities Pvt. Ltd.,10,280.4,2804.0,2025-07-20T14:04:29.285159
2025-07-20,52649,2025072001037109,PCBL,Sri Hari Securities Pvt. Ltd.,Sumeru Securities Pvt. Ltd.,10,280.3,2803.0,2025-07-20T14:04:29.285265
2025-07-20,52648,2025072001037110,PCBL,Nepal Stock House (PVT) Ltd.,Sumeru Securities Pvt. Ltd.,143,280.2,40068.6,2025-07-20T14:04:29.285408
2025-07-20,52647,2025072001037111,PCBL,Oxford Securities Pvt. Ltd.,Sumeru Securities Pvt. Ltd.,622,280.2,174284.4,2025-07-20T14:04:29.28557
2025-07-20,51672,2025072001037424,PCBL,Siprabi Securities Pvt. Ltd.,Siprabi Securities Pvt. Ltd.,15,280.5,4207.5,2025-07-20T14:06:05.032136
2025-07-20,51161,2025072001037601,PCBL,Siprabi Securities Pvt. Ltd.,Naasa Securities Co. Ltd.,85,280.5,23842.5,2025-07-20T14:06:52.855838
2025-07-20,51160,2025072001037602,PCBL,Naasa Securities Co. Ltd.,Naasa Securities Co. Ltd.,10,280.5,2805.0,2025-07-20T14:06:52.856344
2025-07-20,51159,2025072001037603,PCBL,Sweta Securities Private Limited,Naasa Securities Co. Ltd.,305,280.1,85430.5,2025-07-20T14:06:52.856653
2025-07-20,49943,2025072001038093,PCBL,Capital Max Securities Ltd,Imperial Securities Company Pvt. Ltd.,100,280.2,28020.0,2025-07-20T14:08:39.196442
2025-07-20,49942,2025072001038094,PCBL,Primo Securities (PVT) Ltd.,Imperial Securities Company Pvt. Ltd.,400,280.1,112040.0,2025-07-20T14:08:39.196962
2025-07-20,47134,2025072001039060,PCBL,Primo Securities (PVT) Ltd.,J.F. Securites (PVT) Ltd.,34,280.1,9523.4,2025-07-20T14:12:52.239445
2025-07-20,46903,2025072001039140,PCBL,Primo Securities (PVT) Ltd.,J.F. Securites (PVT) Ltd.,66,280.1,18486.6,2025-07-20T14:13:16.387695
2025-07-20,46902,2025072001039141,PCBL,Sani Securities Company Ltd.,J.F. Securites (PVT) Ltd.,100,280.1,28010.0,2025-07-20T14:13:16.388014
2025-07-20,46850,2025072001039157,PCBL,Sweta Securities Private Limited,Online Securities Pvt. Ltd.,150,280.1,42015.0,2025-07-20T14:13:21.252398
2025-07-20,46849,2025072001039158,PCBL,Thrive Brokerage House Pvt. Ltd,Online Securities Pvt. Ltd.,150,280.0,42000.0,2025-07-20T14:13:21.252881
2025-07-20,46339,2025072001039300,PCBL,SHUBHAKAMANA SECURITIES PVT. LTD,Sani Securities Company Ltd.,300,282.0,84600.0,2025-07-20T14:14:07.064994
2025-07-20,46338,2025072001039301,PCBL,SHUBHAKAMANA SECURITIES PVT. LTD,Midas Stock Broking Company Private Limited,50,282.0,14100.0,2025-07-20T14:14:07.065258
2025-07-20,46337,2025072001039302,PCBL,SHUBHAKAMANA SECURITIES PVT. LTD,Online Securities Pvt. Ltd.,300,282.0,84600.0,2025-07-20T14:14:07.065366
2025-07-20,46336,2025072001039303,PCBL,SHUBHAKAMANA SECURITIES PVT. LTD,Siprabi Securities Pvt. Ltd.,590,282.7,166793.0,2025-07-20T14:14:07.065472
2025-07-20,46335,2025072001039304,PCBL,SHUBHAKAMANA SECURITIES PVT. LTD,Naasa Securities Co. Ltd.,200,283.0,56600.0,2025-07-20T14:14:07.065578
2025-07-20,46334,2025072001039305,PCBL,SHUBHAKAMANA SECURITIES PVT. LTD,Secured Securities Ltd.,60,283.0,16980.0,2025-07-20T14:14:07.065681
2025-07-20,45852,2025072001039438,PCBL,Vision Securities Pvt. Ltd,Sumeru Securities Pvt. Ltd.,100,282.9,28290.0,2025-07-20T14:14:45.291939
2025-07-20,45851,2025072001039439,PCBL,Vision Securities Pvt. Ltd,Online Securities Pvt. Ltd.,300,282.9,84870.0,2025-07-20T14:14:45.29257
2025-07-20,45850,2025072001039440,PCBL,Vision Securities Pvt. Ltd,Secured Securities Ltd.,94,283.0,26602.0,2025-07-20T14:14:45.293074
2025-07-20,45849,2025072001039441,PCBL,Vision Securities Pvt. Ltd,Primo Securities (PVT) Ltd.,1000,283.0,283000.0,2025-07-20T14:14:45.293521
2025-07-20,45848,2025072001039442,PCBL,Vision Securities Pvt. Ltd,Online Securities Pvt. Ltd.,300,283.0,84900.0,2025-07-20T14:14:45.293985
2025-07-20,44553,2025072001039840,PCBL,Vision Securities Pvt. Ltd,Naasa Securities Co. Ltd.,132,283.0,37356.0,2025-07-20T14:17:05.163965
2025-07-20,44084,2025072001039969,PCBL,Vision Securities Pvt. Ltd,Dipshikha Dhitopatra Karobar Co. Pvt Ltd.,1000,283.0,283000.0,2025-07-20T14:18:05.744934
2025-07-20,43917,2025072001039997,PCBL,Vision Securities Pvt. Ltd,Trisul Securities & Invt. Ltd.,154,283.0,43582.0,2025-07-20T14:18:24.734105
2025-07-20,43781,2025072001040030,PCBL,Vision Securities Pvt. Ltd,Online Securities Pvt. Ltd.,200,283.0,56600.0,2025-07-20T14:18:39.641522
2025-07-20,43635,2025072001040056,PCBL,Vision Securities Pvt. Ltd,Magnet Securities and Investment Company Private Limited,1000,283.0,283000.0,2025-07-20T14:18:56.530469
2025-07-20,43576,2025072001040082,PCBL,Vision Securities Pvt. Ltd,Stoxkarts Securities Limited,720,283.0,203760.0,2025-07-20T14:19:01.276886
2025-07-20,43422,2025072001040123,PCBL,South Asian Bulls Pvt. Ltd.,Neev Securities Pvt. Ltd.,78,281.0,21918.0,2025-07-20T14:19:21.584729
2025-07-20,43203,2025072001040189,PCBL,South Asian Bulls Pvt. Ltd.,ABC Securities Private Limited,10,281.0,2810.0,2025-07-20T14:19:52.487048
2025-07-20,42185,2025072001040460,PCBL,South Asian Bulls Pvt. Ltd.,Vision Securities Pvt. Ltd,12,281.0,3372.0,2025-07-20T14:21:42.614779
2025-07-20,41893,2025072001040605,PCBL,Online Securities Pvt. Ltd.,Vision Securities Pvt. Ltd,40,281.0,11240.0,2025-07-20T14:22:09.065258
2025-07-20,41767,2025072001040661,PCBL,Online Securities Pvt. Ltd.,Capital Max Securities Ltd,750,281.0,210750.0,2025-07-20T14:22:22.602124
2025-07-20,41453,2025072001040752,PCBL,Online Securities Pvt. Ltd.,Naasa Securities Co. Ltd.,953,281.0,267793.0,2025-07-20T14:23:00.420304
2025-07-20,40918,2025072001040903,PCBL,Deevyaa Securities & Stock House Pvt. Ltd,Siprabi Securities Pvt. Ltd.,150,280.5,42075.0,2025-07-20T14:24:00.077421
2025-07-20,40262,2025072001041165,PCBL,Deevyaa Securities & Stock House Pvt. Ltd,Naasa Securities Co. Ltd.,50,280.5,14025.0,2025-07-20T14:24:57.779353
2025-07-20,40261,2025072001041166,PCBL,Asian Securities Private Ltd.,Naasa Securities Co. Ltd.,1000,280.5,280500.0,2025-07-20T14:24:57.779661
2025-07-20,39967,2025072001041260,PCBL,Nepal Stock House (PVT) Ltd.,Aryatara Investment & Securities,300,280.4,84120.0,2025-07-20T14:25:32.058094
2025-07-20,39966,2025072001041261,PCBL,Agrawal Securities (PVT) Ltd.,Aryatara Investment & Securities,200,280.4,56080.0,2025-07-20T14:25:32.058626
2025-07-20,39411,2025072001041508,PCBL,Dipshikha Dhitopatra Karobar Co. Pvt Ltd.,Online Securities Pvt. Ltd.,300,281.0,84300.0,2025-07-20T14:26:11.334083
2025-07-20,39404,2025072001041512,PCBL,SHUBHAKAMANA SECURITIES PVT. LTD,Premier Securities Company Ltd.,200,282.0,56400.0,2025-07-20T14:26:11.943723
2025-07-20,39403,2025072001041513,PCBL,SHUBHAKAMANA SECURITIES PVT. LTD,Kohinoor Investment & Securities Pvt. Ltd.,20,282.9,5658.0,2025-07-20T14:26:11.944019
2025-07-20,39402,2025072001041514,PCBL,SHUBHAKAMANA SECURITIES PVT. LTD,Stoxkarts Securities Limited,280,283.0,79240.0,2025-07-20T14:26:11.944146
2025-07-20,39401,2025072001041515,PCBL,SHUBHAKAMANA SECURITIES PVT. LTD,Naasa Securities Co. Ltd.,300,283.0,84900.0,2025-07-20T14:26:11.944257
2025-07-20,39400,2025072001041516,PCBL,SHUBHAKAMANA SECURITIES PVT. LTD,Sani Securities Company Ltd.,300,283.0,84900.0,2025-07-20T14:26:11.944367
2025-07-20,39399,2025072001041517,PCBL,SHUBHAKAMANA SECURITIES PVT. LTD,South Asian Bulls Pvt. Ltd.,400,283.0,113200.0,2025-07-20T14:26:11.944501
2025-07-20,38694,2025072001041689,PCBL,Dipshikha Dhitopatra Karobar Co. Pvt Ltd.,Online Securities Pvt. Ltd.,20,281.0,5620.0,2025-07-20T14:27:03.124168
2025-07-20,37813,2025072001041969,PCBL,Dipshikha Dhitopatra Karobar Co. Pvt Ltd.,Naasa Securities Co. Ltd.,680,281.0,191080.0,2025-07-20T14:27:51.566675
2025-07-20,35555,2025072001042653,PCBL,Online Securities Pvt. Ltd.,Kalika Securities Pvt. Ltd.,24,281.0,6744.0,2025-07-20T14:30:43.953171
2025-07-20,35032,2025072001042792,PCBL,Online Securities Pvt. Ltd.,Trishakti Securities Public Limited,11,281.0,3091.0,2025-07-20T14:31:15.551628
2025-07-20,35031,2025072001042793,PCBL,Online Securities Pvt. Ltd.,Trishakti Securities Public Limited,989,281.0,277909.0,2025-07-20T14:31:15.551931
2025-07-20,34828,2025072001042890,PCBL,Online Securities Pvt. Ltd.,J.F. Securites (PVT) Ltd.,11,281.0,3091.0,2025-07-20T14:31:27.432511
2025-07-20,34827,2025072001042891,PCBL,Agrawal Securities (PVT) Ltd.,J.F. Securites (PVT) Ltd.,800,280.4,224320.0,2025-07-20T14:31:27.432636
2025-07-20,34826,2025072001042892,PCBL,Agrawal Securities (PVT) Ltd.,J.F. Securites (PVT) Ltd.,719,280.3,201535.7,2025-07-20T14:31:27.432743
2025-07-20,33760,2025072001043180,PCBL,Midas Stock Broking Company Private Limited,Cristal Kanchanjanga Securites Pvt. Ltd.,14,281.0,3934.0,2025-07-20T14:32:39.329085
2025-07-20,33759,2025072001043181,PCBL,Agrawal Securities (PVT) Ltd.,Cristal Kanchanjanga Securites Pvt. Ltd.,281,280.3,78764.3,2025-07-20T14:32:39.329377
2025-07-20,33758,2025072001043182,PCBL,Agrawal Securities (PVT) Ltd.,Cristal Kanchanjanga Securites Pvt. Ltd.,1000,280.2,280200.0,2025-07-20T14:32:39.329498
2025-07-20,33757,2025072001043183,PCBL,Property Wiard Limited,Cristal Kanchanjanga Securites Pvt. Ltd.,50,280.1,14005.0,2025-07-20T14:32:39.329608
2025-07-20,33756,2025072001043184,PCBL,Sharepro Securities Private Limited,Cristal Kanchanjanga Securites Pvt. Ltd.,300,280.1,84030.0,2025-07-20T14:32:39.329735
2025-07-20,33755,2025072001043185,PCBL,Vision Securities Pvt. Ltd,Cristal Kanchanjanga Securites Pvt. Ltd.,200,280.1,56020.0,2025-07-20T14:32:39.329869
2025-07-20,33754,2025072001043186,PCBL,Agrawal Securities (PVT) Ltd.,Cristal Kanchanjanga Securites Pvt. Ltd.,1000,280.1,280100.0,2025-07-20T14:32:39.329985
2025-07-20,33753,2025072001043187,PCBL,Thrive Brokerage House Pvt. Ltd,Cristal Kanchanjanga Securites Pvt. Ltd.,50,280.0,14000.0,2025-07-20T14:32:39.330105
2025-07-20,33752,2025072001043188,PCBL,South Asian Bulls Pvt. Ltd.,Cristal Kanchanjanga Securites Pvt. Ltd.,300,280.0,84000.0,2025-07-20T14:32:39.330218
2025-07-20,33751,2025072001043189,PCBL,Vision Securities Pvt. Ltd,Cristal Kanchanjanga Securites Pvt. Ltd.,300,280.0,84000.0,2025-07-20T14:32:39.330355
2025-07-20,33750,2025072001043190,PCBL,Sweta Securities Private Limited,Cristal Kanchanjanga Securites Pvt. Ltd.,291,280.0,81480.0,2025-07-20T14:32:39.330496
2025-07-20,33749,2025072001043191,PCBL,Aryatara Investment & Securities,Cristal Kanchanjanga Securites Pvt. Ltd.,100,280.0,28000.0,2025-07-20T14:32:39.330606
2025-07-20,33748,2025072001043192,PCBL,Dynamic Money Managers Securities Pvt. Ltd.,Cristal Kanchanjanga Securites Pvt. Ltd.,100,280.0,28000.0,2025-07-20T14:32:39.330714
2025-07-20,33747,2025072001043193,PCBL,Naasa Securities Co. Ltd.,Cristal Kanchanjanga Securites Pvt. Ltd.,15,280.0,4200.0,2025-07-20T14:32:39.330855
2025-07-20,33746,2025072001043194,PCBL,Sweta Securities Private Limited,Cristal Kanchanjanga Securites Pvt. Ltd.,100,280.0,28000.0,2025-07-20T14:32:39.330972
2025-07-20,33745,2025072001043195,PCBL,Trishakti Securities Public Limited,Cristal Kanchanjanga Securites Pvt. Ltd.,1000,280.0,280000.0,2025-07-20T14:32:39.331087
2025-07-20,33744,2025072001043196,PCBL,Naasa Securities Co. Ltd.,Cristal Kanchanjanga Securites Pvt. Ltd.,500,280.0,140000.0,2025-07-20T14:32:39.331194
2025-07-20,33743,2025072001043197,PCBL,Cristal Kanchanjanga Securites Pvt. Ltd.,Cristal Kanchanjanga Securites Pvt. Ltd.,50,280.0,14000.0,2025-07-20T14:32:39.331319
2025-07-20,33742,2025072001043198,PCBL,Sweta Securities Private Limited,Cristal Kanchanjanga Securites Pvt. Ltd.,500,280.0,140000.0,2025-07-20T14:32:39.331442
2025-07-20,33741,2025072001043199,PCBL,Linch Stock Market Ltd.,Cristal Kanchanjanga Securites Pvt. Ltd.,877,280.0,245560.0,2025-07-20T14:32:39.331547
2025-07-20,33051,2025072001043409,PCBL,Linch Stock Market Ltd.,J.F. Securites (PVT) Ltd.,100,280.0,28000.0,2025-07-20T14:33:20.879503
2025-07-20,32473,2025072001043583,PCBL,Linch Stock Market Ltd.,Naasa Securities Co. Ltd.,23,280.0,6440.0,2025-07-20T14:34:03.196094
2025-07-20,32472,2025072001043584,PCBL,Imperial Securities Company Pvt. Ltd.,Naasa Securities Co. Ltd.,1000,280.0,280000.0,2025-07-20T14:34:03.196588
2025-07-20,32471,2025072001043585,PCBL,Capital Max Securities Ltd,Naasa Securities Co. Ltd.,100,280.0,28000.0,2025-07-20T14:34:03.196914
2025-07-20,32470,2025072001043586,PCBL,Premier Securities Company Ltd.,Naasa Securities Co. Ltd.,300,280.0,84000.0,2025-07-20T14:34:03.197257
2025-07-20,32469,2025072001043587,PCBL,Agrawal Securities (PVT) Ltd.,Naasa Securities Co. Ltd.,400,280.0,112000.0,2025-07-20T14:34:03.19758
2025-07-20,32468,2025072001043588,PCBL,Oxford Securities Pvt. Ltd.,Naasa Securities Co. Ltd.,70,280.0,19600.0,2025-07-20T14:34:03.197898
2025-07-20,32467,2025072001043589,PCBL,Linch Stock Market Ltd.,Naasa Securities Co. Ltd.,100,280.0,28000.0,2025-07-20T14:34:03.198218
2025-07-20,32466,2025072001043590,PCBL,South Asian Bulls Pvt. Ltd.,Naasa Securities Co. Ltd.,50,280.0,14000.0,2025-07-20T14:34:03.198545
2025-07-20,32465,2025072001043591,PCBL,Dipshikha Dhitopatra Karobar Co. Pvt Ltd.,Naasa Securities Co. Ltd.,1000,280.0,280000.0,2025-07-20T14:34:03.198862
2025-07-20,32464,2025072001043592,PCBL,Midas Stock Broking Company Private Limited,Naasa Securities Co. Ltd.,639,280.0,178920.0,2025-07-20T14:34:03.199193
2025-07-20,32463,2025072001043593,PCBL,South Asian Bulls Pvt. Ltd.,Naasa Securities Co. Ltd.,2318,280.0,649040.0,2025-07-20T14:34:03.199504
2025-07-20,31929,2025072001043726,PCBL,Online Securities Pvt. Ltd.,Investment Management Nepal Pvt. Ltd.,300,280.1,84030.0,2025-07-20T14:34:43.367433
2025-07-20,31829,2025072001043751,PCBL,Online Securities Pvt. Ltd.,Nepal Investment And Securities Trading Private Limited,500,280.1,140050.0,2025-07-20T14:34:51.428175
2025-07-20,31481,2025072001043848,PCBL,Online Securities Pvt. Ltd.,Dipshikha Dhitopatra Karobar Co. Pvt Ltd.,100,280.1,28010.0,2025-07-20T14:35:16.378781
2025-07-20,30770,2025072001044032,PCBL,Online Securities Pvt. Ltd.,Neev Securities Pvt. Ltd.,100,280.1,28010.0,2025-07-20T14:36:00.649168
2025-07-20,30533,2025072001044100,PCBL,South Asian Bulls Pvt. Ltd.,Neev Securities Pvt. Ltd.,19,280.0,5320.0,2025-07-20T14:36:13.804194
2025-07-20,30497,2025072001044115,PCBL,Midas Stock Broking Company Private Limited,Capital Max Securities Ltd,100,280.9,28090.0,2025-07-20T14:36:17.015803
2025-07-20,29743,2025072001044335,PCBL,South Asian Bulls Pvt. Ltd.,Nepal Investment And Securities Trading Private Limited,500,280.0,140000.0,2025-07-20T14:37:03.926953
2025-07-20,29609,2025072001044369,PCBL,South Asian Bulls Pvt. Ltd.,Dipshikha Dhitopatra Karobar Co. Pvt Ltd.,100,280.0,28000.0,2025-07-20T14:37:13.685972
2025-07-20,28894,2025072001044541,PCBL,South Asian Bulls Pvt. Ltd.,Opal Securities Investment (PVT) Ltd.,63,280.0,17640.0,2025-07-20T14:37:59.855481
2025-07-20,28893,2025072001044542,PCBL,Sani Securities Company Ltd.,Opal Securities Investment (PVT) Ltd.,30,280.0,8400.0,2025-07-20T14:37:59.855725
2025-07-20,27628,2025072001044992,PCBL,NIMB Stock Markets Limited,Opal Securities Investment (PVT) Ltd.,28,280.0,7840.0,2025-07-20T14:39:19.899559
2025-07-20,26775,2025072001045257,PCBL,Opal Securities Investment (PVT) Ltd.,Sani Securities Company Ltd.,21,279.6,5871.6,2025-07-20T14:40:05.083905
2025-07-20,26774,2025072001045258,PCBL,Naasa Securities Co. Ltd.,Sani Securities Company Ltd.,100,279.5,27950.0,2025-07-20T14:40:05.084281
2025-07-20,26773,2025072001045259,PCBL,Market Securities & Exchange (PVT) Ltd.,Sani Securities Company Ltd.,379,279.5,105930.5,2025-07-20T14:40:05.084418
2025-07-20,26489,2025072001045341,PCBL,Market Securities & Exchange (PVT) Ltd.,Trishakti Securities Public Limited,1121,279.5,313319.5,2025-07-20T14:40:22.666561
2025-07-20,25780,2025072001045519,PCBL,Sundhara Securities Limited,Sri Hari Securities Pvt. Ltd.,10,279.4,2794.0,2025-07-20T14:41:04.109984
2025-07-20,25779,2025072001045520,PCBL,Sani Securities Company Ltd.,Sri Hari Securities Pvt. Ltd.,170,279.3,47481.0,2025-07-20T14:41:04.110032
2025-07-20,25778,2025072001045521,PCBL,Investment Management Nepal Pvt. Ltd.,Sri Hari Securities Pvt. Ltd.,260,279.3,72618.0,2025-07-20T14:41:04.110065
2025-07-20,25777,2025072001045522,PCBL,ABC Securities Private Limited,Sri Hari Securities Pvt. Ltd.,560,279.1,156296.0,2025-07-20T14:41:04.110097
2025-07-20,25101,2025072001045717,PCBL,ABC Securities Private Limited,Sweta Securities Private Limited,30,279.1,8373.0,2025-07-20T14:41:48.383357
2025-07-20,24186,2025072001046012,PCBL,ABC Securities Private Limited,Opal Securities Investment (PVT) Ltd.,235,279.1,65588.5,2025-07-20T14:42:37.595702
2025-07-20,23899,2025072001046116,PCBL,South Asian Bulls Pvt. Ltd.,Dipshikha Dhitopatra Karobar Co. Pvt Ltd.,500,279.2,139600.0,2025-07-20T14:42:50.100019
2025-07-20,23580,2025072001046201,PCBL,ABC Securities Private Limited,Oxford Securities Pvt. Ltd.,675,279.1,188392.5,2025-07-20T14:43:07.132588
2025-07-20,22781,2025072001046453,PCBL,Nepal Stock House (PVT) Ltd.,Oxford Securities Pvt. Ltd.,100,279.1,27910.0,2025-07-20T14:43:56.759464
2025-07-20,22638,2025072001046497,PCBL,Agrawal Securities (PVT) Ltd.,Nepal Stock House (PVT) Ltd.,1400,279.0,390600.0,2025-07-20T14:44:05.031337
2025-07-20,22497,2025072001046524,PCBL,Agrawal Securities (PVT) Ltd.,Vision Securities Pvt. Ltd,100,279.0,27900.0,2025-07-20T14:44:10.965676
2025-07-20,22496,2025072001046525,PCBL,Miyo Securities Pvt Ltd,Vision Securities Pvt. Ltd,300,279.0,83700.0,2025-07-20T14:44:10.965928
2025-07-20,22495,2025072001046526,PCBL,Imperial Securities Company Pvt. Ltd.,Vision Securities Pvt. Ltd,1000,279.0,279000.0,2025-07-20T14:44:10.966047
2025-07-20,22494,2025072001046527,PCBL,Sumeru Securities Pvt. Ltd.,Vision Securities Pvt. Ltd,500,279.0,139500.0,2025-07-20T14:44:10.966158
2025-07-20,22252,2025072001046595,PCBL,South Asian Bulls Pvt. Ltd.,Kumari Securities Private Limited,100,278.6,27860.0,2025-07-20T14:44:28.986452
2025-07-20,22170,2025072001046620,PCBL,South Asian Bulls Pvt. Ltd.,ABC Securities Private Limited,900,278.6,250740.0,2025-07-20T14:44:35.428927
2025-07-20,22014,2025072001046687,PCBL,Aryatara Investment & Securities,Capital Max Securities Ltd,40,278.5,11140.0,2025-07-20T14:44:45.610861
2025-07-20,21966,2025072001046703,PCBL,Aryatara Investment & Securities,Naasa Securities Co. Ltd.,60,278.5,16710.0,2025-07-20T14:44:48.581554
2025-07-20,21965,2025072001046704,PCBL,Linch Stock Market Ltd.,Naasa Securities Co. Ltd.,20,278.2,5564.0,2025-07-20T14:44:48.581927
2025-07-20,21964,2025072001046705,PCBL,J.F. Securites (PVT) Ltd.,Naasa Securities Co. Ltd.,200,278.1,55620.0,2025-07-20T14:44:48.582172
2025-07-20,21963,2025072001046706,PCBL,Deevyaa Securities & Stock House Pvt. Ltd,Naasa Securities Co. Ltd.,100,278.1,27810.0,2025-07-20T14:44:48.582327
2025-07-20,21962,2025072001046707,PCBL,Sri Hari Securities Pvt. Ltd.,Naasa Securities Co. Ltd.,100,278.1,27810.0,2025-07-20T14:44:48.582477
2025-07-20,21961,2025072001046708,PCBL,Primo Securities (PVT) Ltd.,Naasa Securities Co. Ltd.,20,278.1,5562.0,2025-07-20T14:44:48.582616
2025-07-20,21088,2025072001046994,PCBL,Primo Securities (PVT) Ltd.,Dipshikha Dhitopatra Karobar Co. Pvt Ltd.,1500,278.1,417150.0,2025-07-20T14:45:32.686293
2025-07-20,20526,2025072001047175,PCBL,Nepal Stock House (PVT) Ltd.,Malla & Malla Stock Broking Company Pvt. Limited,100,278.2,27820.0,2025-07-20T14:46:00.246446
2025-07-20,20525,2025072001047176,PCBL,Primo Securities (PVT) Ltd.,Malla & Malla Stock Broking Company Pvt. Limited,400,278.1,111240.0,2025-07-20T14:46:00.246718
2025-07-20,20336,2025072001047243,PCBL,Primo Securities (PVT) Ltd.,Sundhara Securities Limited,54,278.1,15017.4,2025-07-20T14:46:11.095169
2025-07-20,20333,2025072001047244,PCBL,Deevyaa Securities & Stock House Pvt. Ltd,Vision Securities Pvt. Ltd,100,278.5,27850.0,2025-07-20T14:46:11.395884
2025-07-20,19468,2025072001047531,PCBL,Deevyaa Securities & Stock House Pvt. Ltd,Aryatara Investment & Securities,14,278.2,3894.8,2025-07-20T14:46:55.842159
2025-07-20,19313,2025072001047576,PCBL,Bhrikuti Stock Broking Co. Pvt. Ltd.,Aryatara Investment & Securities,86,278.2,23925.2,2025-07-20T14:47:01.550282
2025-07-20,19312,2025072001047577,PCBL,Bhrikuti Stock Broking Co. Pvt. Ltd.,Vision Securities Pvt. Ltd,14,278.5,3899.0,2025-07-20T14:47:01.550529
2025-07-20,18958,2025072001047701,PCBL,Creative Securities Pvt Ltd,Vision Securities Pvt. Ltd,279,278.5,77701.5,2025-07-20T14:47:20.195124
2025-07-20,18717,2025072001047780,PCBL,Creative Securities Pvt Ltd,Agrawal Securities (PVT) Ltd.,20,278.5,5570.0,2025-07-20T14:47:32.859347
2025-07-20,18597,2025072001047814,PCBL,Creative Securities Pvt Ltd,Dipshikha Dhitopatra Karobar Co. Pvt Ltd.,225,278.5,62662.5,2025-07-20T14:47:39.80738
2025-07-20,18418,2025072001047859,PCBL,Creative Securities Pvt Ltd,Investment Management Nepal Pvt. Ltd.,476,278.5,132566.0,2025-07-20T14:47:49.552915
