Date,S.N.,Contract ID,Symbol,Buyer Broker,Seller Broker,volume,rate,amount,transaction_time
2025-07-20,177887,2025072001000058,SBL,Cristal Kanchanjanga Securites Pvt. Ltd.,Imperial Securities Company Pvt. Ltd.,10,394.0,3940.0,2025-07-20T11:00:24.520261
2025-07-20,176986,2025072001000281,SBL,Sani Securities Company Ltd.,Trishakti Securities Public Limited,12,382.0,4584.0,2025-07-20T11:02:07.16751
2025-07-20,176985,2025072001000282,SBL,Nepal Investment And Securities Trading Private Limited,Trishakti Securities Public Limited,10,380.1,3801.0,2025-07-20T11:02:07.167548
2025-07-20,176571,2025072001000369,SBL,Trishakti Securities Public Limited,Nepal Stock House (PVT) Ltd.,37,385.0,14245.0,2025-07-20T11:02:43.449547
2025-07-20,176570,2025072001000370,SBL,Trishakti Securities Public Limited,Kohinoor Investment & Securities Pvt. Ltd.,10,392.0,3920.0,2025-07-20T11:02:43.449579
2025-07-20,174819,2025072001000719,SBL,BHOLE GANESH SECURITIES LTD,Ashutosh Brokerage & Securities (PVT) Ltd.,500,385.0,192500.0,2025-07-20T11:04:58.025939
2025-07-20,173769,2025072001000977,SBL,Ashutosh Brokerage & Securities (PVT) Ltd.,Aryatara Investment & Securities,50,384.2,19210.0,2025-07-20T11:06:07.624209
2025-07-20,173325,2025072001001111,SBL,Dynamic Money Managers Securities Pvt. Ltd.,Sewa Securities Pvt. Ltd.,1000,384.2,384200.0,2025-07-20T11:06:31.29974
2025-07-20,172373,2025072001001375,SBL,Dynamic Money Managers Securities Pvt. Ltd.,Himalayan Brokerage Company Limited,3500,384.2,1344700.0,2025-07-20T11:07:31.717459
2025-07-20,172124,2025072001001424,SBL,Ashutosh Brokerage & Securities (PVT) Ltd.,Ashutosh Brokerage & Securities (PVT) Ltd.,1000,385.0,385000.0,2025-07-20T11:07:46.178054
2025-07-20,171595,2025072001001573,SBL,Agrawal Securities (PVT) Ltd.,Ashutosh Brokerage & Securities (PVT) Ltd.,702,385.0,270270.0,2025-07-20T11:08:23.048988
2025-07-20,171594,2025072001001574,SBL,Agrawal Securities (PVT) Ltd.,Sumeru Securities Pvt. Ltd.,298,386.0,115028.0,2025-07-20T11:08:23.049018
2025-07-20,170423,2025072001001941,SBL,Vision Securities Pvt. Ltd,Naasa Securities Co. Ltd.,16,385.0,6160.0,2025-07-20T11:09:29.223634
2025-07-20,170422,2025072001001942,SBL,Vision Securities Pvt. Ltd,Sumeru Securities Pvt. Ltd.,702,386.0,270972.0,2025-07-20T11:09:29.223793
2025-07-20,170421,2025072001001943,SBL,Vision Securities Pvt. Ltd,Sweta Securities Private Limited,282,386.0,108852.0,2025-07-20T11:09:29.223841
2025-07-20,168921,2025072001002391,SBL,Ashutosh Brokerage & Securities (PVT) Ltd.,Blue Chip Securities Ltd,100,381.3,38130.0,2025-07-20T11:11:14.44426
2025-07-20,168920,2025072001002392,SBL,Sanima Securities Limited,Blue Chip Securities Ltd,900,381.3,343170.0,2025-07-20T11:11:14.444312
2025-07-20,168891,2025072001002400,SBL,Nepal Stock House (PVT) Ltd.,Sani Securities Company Ltd.,300,384.0,115200.0,2025-07-20T11:11:16.129857
2025-07-20,168890,2025072001002401,SBL,Sanima Securities Limited,Himalayan Brokerage Company Limited,100,381.3,38130.0,2025-07-20T11:11:16.165389
2025-07-20,168889,2025072001002402,SBL,Sani Securities Company Ltd.,Himalayan Brokerage Company Limited,2830,381.2,1078796.0,2025-07-20T11:11:16.165478
2025-07-20,168246,2025072001002588,SBL,Sani Securities Company Ltd.,Sundhara Securities Limited,20,381.2,7624.0,2025-07-20T11:11:56.640156
2025-07-20,167702,2025072001002747,SBL,Trishakti Securities Public Limited,Primo Securities (PVT) Ltd.,10,383.0,3830.0,2025-07-20T11:12:38.209417
2025-07-20,166822,2025072001003083,SBL,Sani Securities Company Ltd.,Trishakti Securities Public Limited,70,381.2,26684.0,2025-07-20T11:13:37.449981
2025-07-20,166681,2025072001003125,SBL,Sani Securities Company Ltd.,Sani Securities Company Ltd.,1700,381.2,648040.0,2025-07-20T11:13:48.012378
2025-07-20,166612,2025072001003150,SBL,Sani Securities Company Ltd.,Sundhara Securities Limited,273,381.2,104067.6,2025-07-20T11:13:54.61251
2025-07-20,166334,2025072001003225,SBL,Midas Stock Broking Company Private Limited,Opal Securities Investment (PVT) Ltd.,33,382.0,12606.0,2025-07-20T11:14:18.497236
2025-07-20,166333,2025072001003226,SBL,Midas Stock Broking Company Private Limited,Primo Securities (PVT) Ltd.,17,383.0,6511.0,2025-07-20T11:14:18.497366
2025-07-20,166307,2025072001003230,SBL,Sani Securities Company Ltd.,Linch Stock Market Ltd.,100,381.2,38120.0,2025-07-20T11:14:20.045915
2025-07-20,166111,2025072001003285,SBL,Midas Stock Broking Company Private Limited,Primo Securities (PVT) Ltd.,10,383.0,3830.0,2025-07-20T11:14:33.571512
2025-07-20,165404,2025072001003492,SBL,S.P.S.A. Securities Limited,Primo Securities (PVT) Ltd.,525,383.0,201075.0,2025-07-20T11:15:28.509878
2025-07-20,165403,2025072001003493,SBL,S.P.S.A. Securities Limited,Imperial Securities Company Pvt. Ltd.,475,383.0,181925.0,2025-07-20T11:15:28.509924
2025-07-20,165287,2025072001003543,SBL,Dynamic Money Managers Securities Pvt. Ltd.,Oxford Securities Pvt. Ltd.,300,381.5,114450.0,2025-07-20T11:15:33.823116
2025-07-20,165111,2025072001003575,SBL,SUN SECURITIES PVT LTD,Imperial Securities Company Pvt. Ltd.,45,383.0,17235.0,2025-07-20T11:15:45.185482
2025-07-20,164908,2025072001003613,SBL,Sweta Securities Private Limited,Aryatara Investment & Securities,500,384.0,192000.0,2025-07-20T11:15:57.306826
2025-07-20,164595,2025072001003704,SBL,Nepal Investment And Securities Trading Private Limited,Bhrikuti Stock Broking Co. Pvt. Ltd.,20,384.0,7680.0,2025-07-20T11:16:15.0194
2025-07-20,164301,2025072001003753,SBL,Midas Stock Broking Company Private Limited,Imperial Securities Company Pvt. Ltd.,10,385.0,3850.0,2025-07-20T11:16:31.437546
2025-07-20,164008,2025072001003798,SBL,Midas Stock Broking Company Private Limited,Imperial Securities Company Pvt. Ltd.,40,385.0,15400.0,2025-07-20T11:16:47.54287
2025-07-20,164007,2025072001003799,SBL,Midas Stock Broking Company Private Limited,Naasa Securities Co. Ltd.,150,385.0,57750.0,2025-07-20T11:16:47.543015
2025-07-20,164006,2025072001003800,SBL,Midas Stock Broking Company Private Limited,Sweta Securities Private Limited,302,386.0,116572.0,2025-07-20T11:16:47.543087
2025-07-20,164005,2025072001003801,SBL,Midas Stock Broking Company Private Limited,Dipshikha Dhitopatra Karobar Co. Pvt Ltd.,300,386.0,115800.0,2025-07-20T11:16:47.543141
2025-07-20,164004,2025072001003802,SBL,Midas Stock Broking Company Private Limited,ABC Securities Private Limited,208,386.0,80288.0,2025-07-20T11:16:47.543193
2025-07-20,163835,2025072001003850,SBL,Midas Stock Broking Company Private Limited,ABC Securities Private Limited,42,386.0,16212.0,2025-07-20T11:16:58.674667
2025-07-20,163834,2025072001003851,SBL,Midas Stock Broking Company Private Limited,Ashutosh Brokerage & Securities (PVT) Ltd.,18,387.0,6966.0,2025-07-20T11:16:58.674807
2025-07-20,163498,2025072001003939,SBL,Imperial Securities Company Pvt. Ltd.,Ashutosh Brokerage & Securities (PVT) Ltd.,200,387.0,77400.0,2025-07-20T11:17:22.187271
2025-07-20,162347,2025072001004243,SBL,Investment Management Nepal Pvt. Ltd.,Ashutosh Brokerage & Securities (PVT) Ltd.,100,387.0,38700.0,2025-07-20T11:18:28.214745
2025-07-20,162029,2025072001004329,SBL,Dynamic Money Managers Securities Pvt. Ltd.,Ashutosh Brokerage & Securities (PVT) Ltd.,182,387.0,70434.0,2025-07-20T11:18:53.412865
2025-07-20,162028,2025072001004330,SBL,Dynamic Money Managers Securities Pvt. Ltd.,Asian Securities Private Ltd.,100,387.0,38700.0,2025-07-20T11:18:53.412987
2025-07-20,162027,2025072001004331,SBL,Dynamic Money Managers Securities Pvt. Ltd.,Bhrikuti Stock Broking Co. Pvt. Ltd.,200,387.0,77400.0,2025-07-20T11:18:53.413053
2025-07-20,161850,2025072001004372,SBL,Nepal Investment And Securities Trading Private Limited,Swarna Laxmi Securities Pvt. Ltd.,201,387.7,77927.7,2025-07-20T11:19:05.681471
2025-07-20,161844,2025072001004375,SBL,Dynamic Money Managers Securities Pvt. Ltd.,Creative Securities Pvt Ltd,100,387.0,38700.0,2025-07-20T11:19:06.931553
2025-07-20,161670,2025072001004422,SBL,Dynamic Money Managers Securities Pvt. Ltd.,Aryatara Investment & Securities,200,387.0,77400.0,2025-07-20T11:19:15.427864
2025-07-20,161643,2025072001004439,SBL,SUN SECURITIES PVT LTD,Swarna Laxmi Securities Pvt. Ltd.,99,387.7,38382.3,2025-07-20T11:19:17.014338
2025-07-20,161642,2025072001004440,SBL,SUN SECURITIES PVT LTD,K.B.L. Securities Limited ,1056,387.8,409516.8,2025-07-20T11:19:17.014463
2025-07-20,161329,2025072001004540,SBL,Nepal Investment And Securities Trading Private Limited,K.B.L. Securities Limited ,300,387.8,116340.0,2025-07-20T11:19:37.287017
2025-07-20,161318,2025072001004543,SBL,Sweta Securities Private Limited,K.B.L. Securities Limited ,644,387.8,249743.2,2025-07-20T11:19:38.169951
2025-07-20,161315,2025072001004545,SBL,Aryatara Investment & Securities,South Asian Bulls Pvt. Ltd.,200,388.0,77600.0,2025-07-20T11:19:38.49558
2025-07-20,161314,2025072001004546,SBL,Aryatara Investment & Securities,Capital Max Securities Ltd,21,388.8,8164.8,2025-07-20T11:19:38.495654
2025-07-20,161124,2025072001004603,SBL,Dynamic Money Managers Securities Pvt. Ltd.,Capital Max Securities Ltd,150,388.8,58320.0,2025-07-20T11:19:54.478812
2025-07-20,160937,2025072001004660,SBL,Sweta Securities Private Limited,Nepal Stock House (PVT) Ltd.,80,387.8,31024.0,2025-07-20T11:20:11.729541
2025-07-20,160149,2025072001004878,SBL,Pragyan Securities (PVT) Ltd.,Capital Max Securities Ltd,25,388.8,9720.0,2025-07-20T11:21:02.359068
2025-07-20,159193,2025072001005147,SBL,Nepal Investment And Securities Trading Private Limited,Deevyaa Securities & Stock House Pvt. Ltd,257,387.9,99690.3,2025-07-20T11:22:02.829523
2025-07-20,158917,2025072001005225,SBL,Sweta Securities Private Limited,Capital Max Securities Ltd,500,388.8,194400.0,2025-07-20T11:22:21.770909
2025-07-20,157999,2025072001005481,SBL,Sweta Securities Private Limited,Sweta Securities Private Limited,500,388.7,194350.0,2025-07-20T11:23:23.997722
2025-07-20,157739,2025072001005549,SBL,INDEX SECURITIES LIMITED,Sweta Securities Private Limited,10,388.7,3887.0,2025-07-20T11:23:39.603044
2025-07-20,157229,2025072001005678,SBL,Aryatara Investment & Securities,Naasa Securities Co. Ltd.,241,388.0,93508.0,2025-07-20T11:24:14.015949
2025-07-20,157045,2025072001005715,SBL,INDEX SECURITIES LIMITED,Cristal Kanchanjanga Securites Pvt. Ltd.,100,388.6,38860.0,2025-07-20T11:24:24.778848
2025-07-20,157044,2025072001005716,SBL,INDEX SECURITIES LIMITED,Sweta Securities Private Limited,10,388.7,3887.0,2025-07-20T11:24:24.778915
2025-07-20,156984,2025072001005759,SBL,Aryatara Investment & Securities,ABC Securities Private Limited,259,388.0,100492.0,2025-07-20T11:24:27.839995
2025-07-20,156983,2025072001005760,SBL,Premier Securities Company Ltd.,ABC Securities Private Limited,30,387.9,11637.0,2025-07-20T11:24:27.840124
2025-07-20,156982,2025072001005761,SBL,Nepal Investment And Securities Trading Private Limited,ABC Securities Private Limited,493,387.9,191234.7,2025-07-20T11:24:27.840179
2025-07-20,156981,2025072001005762,SBL,Dynamic Money Managers Securities Pvt. Ltd.,ABC Securities Private Limited,1000,387.8,387800.0,2025-07-20T11:24:27.840228
2025-07-20,156980,2025072001005763,SBL,Opal Securities Investment (PVT) Ltd.,ABC Securities Private Limited,200,387.1,77420.0,2025-07-20T11:24:27.84028
2025-07-20,156979,2025072001005764,SBL,Dynamic Money Managers Securities Pvt. Ltd.,ABC Securities Private Limited,18,387.0,6966.0,2025-07-20T11:24:27.840333
2025-07-20,156792,2025072001005837,SBL,INDEX SECURITIES LIMITED,Sweta Securities Private Limited,10,388.7,3887.0,2025-07-20T11:24:41.844437
2025-07-20,156211,2025072001005964,SBL,INDEX SECURITIES LIMITED,Cristal Kanchanjanga Securites Pvt. Ltd.,150,388.6,58290.0,2025-07-20T11:25:24.009808
2025-07-20,156210,2025072001005965,SBL,INDEX SECURITIES LIMITED,Sweta Securities Private Limited,10,388.7,3887.0,2025-07-20T11:25:24.009905
2025-07-20,155954,2025072001006055,SBL,Sani Securities Company Ltd.,INDEX SECURITIES LIMITED,5000,388.0,1940000.0,2025-07-20T11:25:40.063134
2025-07-20,155801,2025072001006106,SBL,INDEX SECURITIES LIMITED,Sweta Securities Private Limited,10,388.7,3887.0,2025-07-20T11:25:51.110748
2025-07-20,155786,2025072001006114,SBL,Online Securities Pvt. Ltd.,Sweta Securities Private Limited,444,388.7,172582.8,2025-07-20T11:25:52.362781
2025-07-20,155785,2025072001006115,SBL,Online Securities Pvt. Ltd.,Capital Max Securities Ltd,104,388.8,40435.2,2025-07-20T11:25:52.362909
2025-07-20,155784,2025072001006116,SBL,Online Securities Pvt. Ltd.,Primo Securities (PVT) Ltd.,50,389.0,19450.0,2025-07-20T11:25:52.362971
2025-07-20,155783,2025072001006117,SBL,Online Securities Pvt. Ltd.,ABC Securities Private Limited,502,389.0,195278.0,2025-07-20T11:25:52.363033
2025-07-20,155682,2025072001006144,SBL,Dynamic Money Managers Securities Pvt. Ltd.,Shree Krishna Securities Ltd.,400,387.0,154800.0,2025-07-20T11:26:01.258246
2025-07-20,155681,2025072001006145,SBL,Sani Securities Company Ltd.,Shree Krishna Securities Ltd.,5000,386.0,1930000.0,2025-07-20T11:26:01.258289
2025-07-20,155680,2025072001006146,SBL,Sri Hari Securities Pvt. Ltd.,Shree Krishna Securities Ltd.,600,386.0,231600.0,2025-07-20T11:26:01.258319
2025-07-20,155444,2025072001006209,SBL,INDEX SECURITIES LIMITED,Market Securities & Exchange (PVT) Ltd.,10,388.0,3880.0,2025-07-20T11:26:23.25155
2025-07-20,155116,2025072001006324,SBL,Cristal Kanchanjanga Securites Pvt. Ltd.,Market Securities & Exchange (PVT) Ltd.,68,388.0,26384.0,2025-07-20T11:26:45.524286
2025-07-20,154659,2025072001006482,SBL,Investment Management Nepal Pvt. Ltd.,Market Securities & Exchange (PVT) Ltd.,500,388.0,194000.0,2025-07-20T11:27:18.400893
2025-07-20,153935,2025072001006710,SBL,INDEX SECURITIES LIMITED,Market Securities & Exchange (PVT) Ltd.,22,388.0,8536.0,2025-07-20T11:28:11.589085
2025-07-20,153934,2025072001006711,SBL,INDEX SECURITIES LIMITED,Cristal Kanchanjanga Securites Pvt. Ltd.,28,388.6,10880.8,2025-07-20T11:28:11.589157
2025-07-20,153008,2025072001006919,SBL,Cristal Kanchanjanga Securites Pvt. Ltd.,Cristal Kanchanjanga Securites Pvt. Ltd.,72,388.6,27979.2,2025-07-20T11:29:16.656503
2025-07-20,153007,2025072001006920,SBL,Cristal Kanchanjanga Securites Pvt. Ltd.,Cristal Kanchanjanga Securites Pvt. Ltd.,176,388.9,68446.4,2025-07-20T11:29:16.656541
2025-07-20,153006,2025072001006921,SBL,Cristal Kanchanjanga Securites Pvt. Ltd.,ABC Securities Private Limited,1498,389.0,582722.0,2025-07-20T11:29:16.656567
2025-07-20,153005,2025072001006922,SBL,Cristal Kanchanjanga Securites Pvt. Ltd.,Secured Securities Ltd.,1000,389.0,389000.0,2025-07-20T11:29:16.656596
2025-07-20,153004,2025072001006923,SBL,Cristal Kanchanjanga Securites Pvt. Ltd.,Secured Securities Ltd.,500,389.9,194950.0,2025-07-20T11:29:16.656628
2025-07-20,153003,2025072001006924,SBL,Cristal Kanchanjanga Securites Pvt. Ltd.,Dynamic Money Managers Securities Pvt. Ltd.,72,390.0,28080.0,2025-07-20T11:29:16.656664
2025-07-20,153002,2025072001006925,SBL,Cristal Kanchanjanga Securites Pvt. Ltd.,ABC Securities Private Limited,46,390.0,17940.0,2025-07-20T11:29:16.656696
2025-07-20,153001,2025072001006926,SBL,Cristal Kanchanjanga Securites Pvt. Ltd.,Asian Securities Private Ltd.,100,390.0,39000.0,2025-07-20T11:29:16.656723
2025-07-20,153000,2025072001006927,SBL,Cristal Kanchanjanga Securites Pvt. Ltd.,Imperial Securities Company Pvt. Ltd.,1000,390.0,390000.0,2025-07-20T11:29:16.656749
2025-07-20,152999,2025072001006928,SBL,Cristal Kanchanjanga Securites Pvt. Ltd.,Neev Securities Pvt. Ltd.,3846,390.0,1499940.0,2025-07-20T11:29:16.656776
2025-07-20,152998,2025072001006929,SBL,Cristal Kanchanjanga Securites Pvt. Ltd.,Ashutosh Brokerage & Securities (PVT) Ltd.,100,390.0,39000.0,2025-07-20T11:29:16.656805
2025-07-20,152997,2025072001006930,SBL,Cristal Kanchanjanga Securites Pvt. Ltd.,Vision Securities Pvt. Ltd,75,390.0,29250.0,2025-07-20T11:29:16.656831
2025-07-20,152996,2025072001006931,SBL,Cristal Kanchanjanga Securites Pvt. Ltd.,Dakshinkali Investment & Securities Pvt. Ltd.,20,390.0,7800.0,2025-07-20T11:29:16.656858
2025-07-20,152995,2025072001006932,SBL,Cristal Kanchanjanga Securites Pvt. Ltd.,Oxford Securities Pvt. Ltd.,100,390.0,39000.0,2025-07-20T11:29:16.656883
2025-07-20,152994,2025072001006933,SBL,Cristal Kanchanjanga Securites Pvt. Ltd.,INDEX SECURITIES LIMITED,1395,390.0,544050.0,2025-07-20T11:29:16.656922
2025-07-20,152834,2025072001006976,SBL,Cristal Kanchanjanga Securites Pvt. Ltd.,INDEX SECURITIES LIMITED,3605,390.0,1405950.0,2025-07-20T11:29:25.731153
2025-07-20,152833,2025072001006977,SBL,Cristal Kanchanjanga Securites Pvt. Ltd.,Agrawal Securities (PVT) Ltd.,395,390.0,154050.0,2025-07-20T11:29:25.731195
2025-07-20,152554,2025072001007044,SBL,INDEX SECURITIES LIMITED,Agrawal Securities (PVT) Ltd.,105,390.0,40950.0,2025-07-20T11:29:43.917189
2025-07-20,152553,2025072001007045,SBL,INDEX SECURITIES LIMITED,Kohinoor Investment & Securities Pvt. Ltd.,10,392.0,3920.0,2025-07-20T11:29:43.917235
2025-07-20,151102,2025072001007438,SBL,Dynamic Money Managers Securities Pvt. Ltd.,Kohinoor Investment & Securities Pvt. Ltd.,1200,392.0,470400.0,2025-07-20T11:31:43.588279
2025-07-20,150713,2025072001007560,SBL,Dynamic Money Managers Securities Pvt. Ltd.,Kohinoor Investment & Securities Pvt. Ltd.,1200,392.0,470400.0,2025-07-20T11:32:08.333564
2025-07-20,150589,2025072001007598,SBL,Imperial Securities Company Pvt. Ltd.,Kohinoor Investment & Securities Pvt. Ltd.,500,392.0,196000.0,2025-07-20T11:32:14.212954
2025-07-20,150309,2025072001007646,SBL,Shree Krishna Securities Ltd.,Arun Securities (PVT) Ltd.,200,391.9,78380.0,2025-07-20T11:32:34.933807
2025-07-20,150308,2025072001007647,SBL,Shree Krishna Securities Ltd.,Kohinoor Investment & Securities Pvt. Ltd.,10,392.0,3920.0,2025-07-20T11:32:34.933863
2025-07-20,150057,2025072001007742,SBL,Dynamic Money Managers Securities Pvt. Ltd.,Cristal Kanchanjanga Securites Pvt. Ltd.,400,391.9,156760.0,2025-07-20T11:32:50.328677
2025-07-20,149940,2025072001007766,SBL,Shree Krishna Securities Ltd.,Kohinoor Investment & Securities Pvt. Ltd.,10,392.0,3920.0,2025-07-20T11:32:59.048399
2025-07-20,149781,2025072001007807,SBL,Online Securities Pvt. Ltd.,Kohinoor Investment & Securities Pvt. Ltd.,75,392.0,29400.0,2025-07-20T11:33:09.691212
2025-07-20,149673,2025072001007839,SBL,Deevyaa Securities & Stock House Pvt. Ltd,Kohinoor Investment & Securities Pvt. Ltd.,985,392.0,386120.0,2025-07-20T11:33:20.111877
2025-07-20,149672,2025072001007840,SBL,Deevyaa Securities & Stock House Pvt. Ltd,Property Wiard Limited,15,392.0,5880.0,2025-07-20T11:33:20.112165
2025-07-20,149446,2025072001007930,SBL,Dynamic Money Managers Securities Pvt. Ltd.,Vision Securities Pvt. Ltd,100,391.9,39190.0,2025-07-20T11:33:40.973235
2025-07-20,149316,2025072001007963,SBL,Dynamic Money Managers Securities Pvt. Ltd.,ABC Securities Private Limited,50,391.9,19595.0,2025-07-20T11:33:50.046773
2025-07-20,148930,2025072001008059,SBL,Dynamic Money Managers Securities Pvt. Ltd.,Vision Securities Pvt. Ltd,25,391.9,9797.5,2025-07-20T11:34:17.760873
2025-07-20,148911,2025072001008064,SBL,Shree Krishna Securities Ltd.,Property Wiard Limited,10,392.0,3920.0,2025-07-20T11:34:20.550384
2025-07-20,148437,2025072001008213,SBL,Miyo Securities Pvt Ltd,Property Wiard Limited,175,392.0,68600.0,2025-07-20T11:34:56.006186
2025-07-20,148422,2025072001008216,SBL,Dynamic Money Managers Securities Pvt. Ltd.,Dynamic Money Managers Securities Pvt. Ltd.,425,391.9,166557.5,2025-07-20T11:34:57.522556
2025-07-20,148238,2025072001008254,SBL,Trishakti Securities Public Limited,Dynamic Money Managers Securities Pvt. Ltd.,25,391.9,9797.5,2025-07-20T11:35:06.33076
2025-07-20,148237,2025072001008255,SBL,Trishakti Securities Public Limited,Miyo Securities Pvt Ltd,10,392.0,3920.0,2025-07-20T11:35:06.3308
2025-07-20,147662,2025072001008385,SBL,Trishakti Securities Public Limited,Ashutosh Brokerage & Securities (PVT) Ltd.,20,391.9,7838.0,2025-07-20T11:35:43.705059
2025-07-20,147661,2025072001008386,SBL,Trishakti Securities Public Limited,Miyo Securities Pvt Ltd,10,392.0,3920.0,2025-07-20T11:35:43.705101
2025-07-20,147556,2025072001008415,SBL,Online Securities Pvt. Ltd.,Dipshikha Dhitopatra Karobar Co. Pvt Ltd.,100,390.0,39000.0,2025-07-20T11:35:51.169319
2025-07-20,147386,2025072001008468,SBL,Trishakti Securities Public Limited,Miyo Securities Pvt Ltd,10,392.0,3920.0,2025-07-20T11:36:00.874206
2025-07-20,147052,2025072001008540,SBL,Online Securities Pvt. Ltd.,Linch Stock Market Ltd.,500,390.0,195000.0,2025-07-20T11:36:28.802779
2025-07-20,147051,2025072001008541,SBL,Siprabi Securities Pvt. Ltd.,Linch Stock Market Ltd.,300,390.0,117000.0,2025-07-20T11:36:28.802933
2025-07-20,147050,2025072001008542,SBL,SUN SECURITIES PVT LTD,Linch Stock Market Ltd.,207,390.0,80730.0,2025-07-20T11:36:28.802996
2025-07-20,146964,2025072001008581,SBL,Trishakti Securities Public Limited,Miyo Securities Pvt Ltd,10,392.0,3920.0,2025-07-20T11:36:36.262611
2025-07-20,146448,2025072001008707,SBL,SUN SECURITIES PVT LTD,Nepal Stock House (PVT) Ltd.,193,391.5,75559.5,2025-07-20T11:37:14.452585
2025-07-20,146263,2025072001008757,SBL,Trishakti Securities Public Limited,Dipshikha Dhitopatra Karobar Co. Pvt Ltd.,10,391.0,3910.0,2025-07-20T11:37:25.830146
2025-07-20,146242,2025072001008767,SBL,Dipshikha Dhitopatra Karobar Co. Pvt Ltd.,Imperial Securities Company Pvt. Ltd.,140,390.0,54600.0,2025-07-20T11:37:27.681839
2025-07-20,146097,2025072001008806,SBL,Dipshikha Dhitopatra Karobar Co. Pvt Ltd.,Ashutosh Brokerage & Securities (PVT) Ltd.,60,390.0,23400.0,2025-07-20T11:37:38.973675
2025-07-20,146096,2025072001008807,SBL,Deevyaa Securities & Stock House Pvt. Ltd,Ashutosh Brokerage & Securities (PVT) Ltd.,400,390.0,156000.0,2025-07-20T11:37:38.973838
2025-07-20,146095,2025072001008808,SBL,Sundhara Securities Limited,Ashutosh Brokerage & Securities (PVT) Ltd.,50,390.0,19500.0,2025-07-20T11:37:38.973904
2025-07-20,146094,2025072001008809,SBL,Nepal Investment And Securities Trading Private Limited,Ashutosh Brokerage & Securities (PVT) Ltd.,10,390.0,3900.0,2025-07-20T11:37:38.973989
2025-07-20,146093,2025072001008810,SBL,Deevyaa Securities & Stock House Pvt. Ltd,Ashutosh Brokerage & Securities (PVT) Ltd.,500,390.0,195000.0,2025-07-20T11:37:38.974054
2025-07-20,146070,2025072001008814,SBL,Trishakti Securities Public Limited,Ashutosh Brokerage & Securities (PVT) Ltd.,140,390.0,54600.0,2025-07-20T11:37:41.004
2025-07-20,146069,2025072001008815,SBL,Trishakti Securities Public Limited,Dipshikha Dhitopatra Karobar Co. Pvt Ltd.,90,391.0,35190.0,2025-07-20T11:37:41.004043
2025-07-20,146068,2025072001008816,SBL,Trishakti Securities Public Limited,Miyo Securities Pvt Ltd,1960,392.0,768320.0,2025-07-20T11:37:41.004071
2025-07-20,146067,2025072001008817,SBL,Trishakti Securities Public Limited,Imperial Securities Company Pvt. Ltd.,200,392.0,78400.0,2025-07-20T11:37:41.004117
2025-07-20,146066,2025072001008818,SBL,Trishakti Securities Public Limited,Vision Securities Pvt. Ltd,20,392.0,7840.0,2025-07-20T11:37:41.004147
2025-07-20,146065,2025072001008819,SBL,Trishakti Securities Public Limited,Opal Securities Investment (PVT) Ltd.,25,392.0,9800.0,2025-07-20T11:37:41.004183
2025-07-20,146064,2025072001008820,SBL,Trishakti Securities Public Limited,Sani Securities Company Ltd.,100,392.0,39200.0,2025-07-20T11:37:41.004205
2025-07-20,146063,2025072001008821,SBL,Trishakti Securities Public Limited,Vision Securities Pvt. Ltd,10,392.0,3920.0,2025-07-20T11:37:41.004224
2025-07-20,146062,2025072001008822,SBL,Trishakti Securities Public Limited,Dipshikha Dhitopatra Karobar Co. Pvt Ltd.,10,392.7,3927.0,2025-07-20T11:37:41.00425
2025-07-20,146061,2025072001008823,SBL,Trishakti Securities Public Limited,Vision Securities Pvt. Ltd,125,392.9,49112.5,2025-07-20T11:37:41.00428
2025-07-20,146060,2025072001008824,SBL,Trishakti Securities Public Limited,Naasa Securities Co. Ltd.,449,393.0,176457.0,2025-07-20T11:37:41.004308
2025-07-20,146059,2025072001008825,SBL,Trishakti Securities Public Limited,Oxford Securities Pvt. Ltd.,138,393.0,54234.0,2025-07-20T11:37:41.004335
2025-07-20,146058,2025072001008826,SBL,Trishakti Securities Public Limited,Midas Stock Broking Company Private Limited,733,393.0,288069.0,2025-07-20T11:37:41.004363
2025-07-20,145735,2025072001008935,SBL,Trishakti Securities Public Limited,Midas Stock Broking Company Private Limited,267,393.0,104931.0,2025-07-20T11:38:02.181408
2025-07-20,145734,2025072001008936,SBL,Trishakti Securities Public Limited,Cristal Kanchanjanga Securites Pvt. Ltd.,300,393.5,118050.0,2025-07-20T11:38:02.181463
2025-07-20,145733,2025072001008937,SBL,Trishakti Securities Public Limited,Vision Securities Pvt. Ltd,125,393.9,49237.5,2025-07-20T11:38:02.181501
2025-07-20,145732,2025072001008938,SBL,Trishakti Securities Public Limited,Property Wiard Limited,100,394.0,39400.0,2025-07-20T11:38:02.18155
2025-07-20,144203,2025072001009436,SBL,Trishakti Securities Public Limited,ABC Securities Private Limited,1000,390.0,390000.0,2025-07-20T11:40:05.758129
2025-07-20,144202,2025072001009437,SBL,Trishakti Securities Public Limited,Sanima Securities Limited,140,391.0,54740.0,2025-07-20T11:40:05.758223
2025-07-20,144201,2025072001009438,SBL,Trishakti Securities Public Limited,Capital Max Securities Ltd,26,391.5,10179.0,2025-07-20T11:40:05.758302
2025-07-20,144200,2025072001009439,SBL,Trishakti Securities Public Limited,Secured Securities Ltd.,34,392.0,13328.0,2025-07-20T11:40:05.758378
2025-07-20,143938,2025072001009532,SBL,Cristal Kanchanjanga Securites Pvt. Ltd.,Miyo Securities Pvt Ltd,300,388.0,116400.0,2025-07-20T11:40:23.138068
2025-07-20,143937,2025072001009533,SBL,Sani Securities Company Ltd.,Miyo Securities Pvt Ltd,5000,388.0,1940000.0,2025-07-20T11:40:23.138111
2025-07-20,143800,2025072001009580,SBL,Trishakti Securities Public Limited,Neev Securities Pvt. Ltd.,100,391.9,39190.0,2025-07-20T11:40:36.082897
2025-07-20,143799,2025072001009581,SBL,Trishakti Securities Public Limited,Secured Securities Ltd.,10,392.0,3920.0,2025-07-20T11:40:36.082933
2025-07-20,140444,2025072001010531,SBL,J.F. Securites (PVT) Ltd.,Shree Krishna Securities Ltd.,100,390.0,39000.0,2025-07-20T11:44:13.296643
2025-07-20,140156,2025072001010603,SBL,Imperial Securities Company Pvt. Ltd.,Imperial Securities Company Pvt. Ltd.,127,389.0,49403.0,2025-07-20T11:44:35.8804
2025-07-20,139376,2025072001010809,SBL,Imperial Securities Company Pvt. Ltd.,Imperial Securities Company Pvt. Ltd.,10,388.0,3880.0,2025-07-20T11:45:25.966388
2025-07-20,139375,2025072001010810,SBL,Deevyaa Securities & Stock House Pvt. Ltd,Imperial Securities Company Pvt. Ltd.,1000,388.0,388000.0,2025-07-20T11:45:25.966606
2025-07-20,139374,2025072001010811,SBL,Ashutosh Brokerage & Securities (PVT) Ltd.,Imperial Securities Company Pvt. Ltd.,52,387.3,20139.6,2025-07-20T11:45:25.966676
2025-07-20,139373,2025072001010812,SBL,Sipla Securities Private Limited,Imperial Securities Company Pvt. Ltd.,938,387.2,363193.6,2025-07-20T11:45:25.96675
2025-07-20,138545,2025072001011076,SBL,Sipla Securities Private Limited,Capital Hub P. Ltd,4000,387.2,1548800.0,2025-07-20T11:46:15.613001
2025-07-20,138152,2025072001011187,SBL,Sipla Securities Private Limited,Nepal Stock House (PVT) Ltd.,62,387.2,24006.4,2025-07-20T11:46:42.219522
2025-07-20,138151,2025072001011188,SBL,Sipla Securities Private Limited,Nepal Stock House (PVT) Ltd.,938,387.2,363193.6,2025-07-20T11:46:42.219944
2025-07-20,137384,2025072001011422,SBL,Sipla Securities Private Limited,Imperial Securities Company Pvt. Ltd.,373,387.2,144425.6,2025-07-20T11:47:32.521218
2025-07-20,137382,2025072001011424,SBL,Sipla Securities Private Limited,N.M.B. SECURITIES LIMITED,1218,387.2,471609.6,2025-07-20T11:47:33.012241
2025-07-20,137333,2025072001011438,SBL,Sipla Securities Private Limited,Malla & Malla Stock Broking Company Pvt. Limited,500,387.2,193600.0,2025-07-20T11:47:35.400307
2025-07-20,137311,2025072001011445,SBL,Sipla Securities Private Limited,Dakshinkali Investment & Securities Pvt. Ltd.,1500,387.2,580800.0,2025-07-20T11:47:37.42957
2025-07-20,137209,2025072001011479,SBL,Sipla Securities Private Limited,Sani Securities Company Ltd.,471,387.2,182371.2,2025-07-20T11:47:44.487562
2025-07-20,137208,2025072001011480,SBL,Online Securities Pvt. Ltd.,Sani Securities Company Ltd.,500,387.2,193600.0,2025-07-20T11:47:44.487913
2025-07-20,137078,2025072001011513,SBL,Sani Securities Company Ltd.,Sani Securities Company Ltd.,15,387.2,5808.0,2025-07-20T11:47:54.717628
2025-07-20,137073,2025072001011516,SBL,Imperial Securities Company Pvt. Ltd.,Secured Securities Ltd.,80,387.0,30960.0,2025-07-20T11:47:55.741427
2025-07-20,136127,2025072001011754,SBL,Sri Hari Securities Pvt. Ltd.,Sumeru Securities Pvt. Ltd.,264,386.0,101904.0,2025-07-20T11:49:06.985351
2025-07-20,136126,2025072001011755,SBL,Roadshow securities limited,Sumeru Securities Pvt. Ltd.,736,386.0,284096.0,2025-07-20T11:49:06.985749
2025-07-20,135998,2025072001011789,SBL,Trishakti Securities Public Limited,Secured Securities Ltd.,420,387.0,162540.0,2025-07-20T11:49:14.242251
2025-07-20,135997,2025072001011790,SBL,Trishakti Securities Public Limited,Kohinoor Investment & Securities Pvt. Ltd.,1000,387.0,387000.0,2025-07-20T11:49:14.24229
2025-07-20,135996,2025072001011791,SBL,Trishakti Securities Public Limited,Sani Securities Company Ltd.,14,387.2,5420.8,2025-07-20T11:49:14.242316
2025-07-20,135995,2025072001011792,SBL,Trishakti Securities Public Limited,Thrive Brokerage House Pvt. Ltd,66,388.0,25608.0,2025-07-20T11:49:14.242346
2025-07-20,135864,2025072001011841,SBL,Trishakti Securities Public Limited,Thrive Brokerage House Pvt. Ltd,134,388.0,51992.0,2025-07-20T11:49:24.353078
2025-07-20,135863,2025072001011842,SBL,Trishakti Securities Public Limited,South Asian Bulls Pvt. Ltd.,16,389.8,6236.8,2025-07-20T11:49:24.353115
2025-07-20,135120,2025072001012053,SBL,Roadshow securities limited,Malla & Malla Stock Broking Company Pvt. Limited,10,386.0,3860.0,2025-07-20T11:50:13.277829
2025-07-20,134864,2025072001012105,SBL,Roadshow securities limited,ABC Securities Private Limited,2254,386.0,870044.0,2025-07-20T11:50:30.343994
2025-07-20,134863,2025072001012106,SBL,Malla & Malla Stock Broking Company Pvt. Limited,ABC Securities Private Limited,50,386.0,19300.0,2025-07-20T11:50:30.344202
2025-07-20,134862,2025072001012107,SBL,Aryatara Investment & Securities,ABC Securities Private Limited,348,386.0,134328.0,2025-07-20T11:50:30.3443
2025-07-20,134861,2025072001012108,SBL,Sweta Securities Private Limited,ABC Securities Private Limited,176,385.4,67830.4,2025-07-20T11:50:30.344392
2025-07-20,134860,2025072001012109,SBL,Opal Securities Investment (PVT) Ltd.,ABC Securities Private Limited,450,385.3,173385.0,2025-07-20T11:50:30.344492
2025-07-20,134859,2025072001012110,SBL,Roadshow securities limited,ABC Securities Private Limited,1000,385.2,385200.0,2025-07-20T11:50:30.34462
2025-07-20,134858,2025072001012111,SBL,Sundhara Securities Limited,ABC Securities Private Limited,100,385.0,38500.0,2025-07-20T11:50:30.344707
2025-07-20,134857,2025072001012112,SBL,Property Wiard Limited,ABC Securities Private Limited,75,385.0,28875.0,2025-07-20T11:50:30.34481
2025-07-20,134856,2025072001012113,SBL,Online Securities Pvt. Ltd.,ABC Securities Private Limited,100,385.0,38500.0,2025-07-20T11:50:30.344932
2025-07-20,134671,2025072001012159,SBL,Sipla Securities Private Limited,ABC Securities Private Limited,447,385.0,172095.0,2025-07-20T11:50:47.181613
2025-07-20,134045,2025072001012350,SBL,Trishakti Securities Public Limited,Thrive Brokerage House Pvt. Ltd,10,389.0,3890.0,2025-07-20T11:51:40.761425
2025-07-20,133606,2025072001012486,SBL,Miyo Securities Pvt Ltd,S.P.S.A. Securities Limited,100,388.0,38800.0,2025-07-20T11:52:20.587104
2025-07-20,133605,2025072001012487,SBL,Sipla Securities Private Limited,S.P.S.A. Securities Limited,4900,387.2,1897280.0,2025-07-20T11:52:20.587159
2025-07-20,133473,2025072001012528,SBL,Sipla Securities Private Limited,Sundhara Securities Limited,100,387.2,38720.0,2025-07-20T11:52:29.836099
2025-07-20,133471,2025072001012529,SBL,Trishakti Securities Public Limited,Sundhara Securities Limited,10,386.0,3860.0,2025-07-20T11:52:30.127264
2025-07-20,133365,2025072001012576,SBL,Trishakti Securities Public Limited,Sundhara Securities Limited,18,386.0,6948.0,2025-07-20T11:52:41.245834
2025-07-20,133364,2025072001012577,SBL,Trishakti Securities Public Limited,Thrive Brokerage House Pvt. Ltd,10,389.0,3890.0,2025-07-20T11:52:41.24589
2025-07-20,132396,2025072001012885,SBL,Kohinoor Investment & Securities Pvt. Ltd.,Arun Securities (PVT) Ltd.,10,387.9,3879.0,2025-07-20T11:54:11.326201
2025-07-20,132395,2025072001012886,SBL,Kohinoor Investment & Securities Pvt. Ltd.,Swarna Laxmi Securities Pvt. Ltd.,170,388.0,65960.0,2025-07-20T11:54:11.326581
2025-07-20,131833,2025072001013020,SBL,Vision Securities Pvt. Ltd,Dipshikha Dhitopatra Karobar Co. Pvt Ltd.,238,385.0,91630.0,2025-07-20T11:54:58.195294
2025-07-20,131549,2025072001013107,SBL,Kumari Securities Private Limited,Stoxkarts Securities Limited,52,387.0,20124.0,2025-07-20T11:55:29.800232
2025-07-20,131373,2025072001013171,SBL,Himalayan Brokerage Company Limited,Nepal Investment And Securities Trading Private Limited,200,387.9,77580.0,2025-07-20T11:55:51.632457
2025-07-20,131372,2025072001013172,SBL,Himalayan Brokerage Company Limited,Swarna Laxmi Securities Pvt. Ltd.,26,388.0,10088.0,2025-07-20T11:55:51.632638
2025-07-20,131371,2025072001013173,SBL,Himalayan Brokerage Company Limited,Agrawal Securities (PVT) Ltd.,200,388.0,77600.0,2025-07-20T11:55:51.63272
2025-07-20,131370,2025072001013174,SBL,Himalayan Brokerage Company Limited,Shree Krishna Securities Ltd.,200,388.0,77600.0,2025-07-20T11:55:51.632797
2025-07-20,131369,2025072001013175,SBL,Himalayan Brokerage Company Limited,Vision Securities Pvt. Ltd,100,388.0,38800.0,2025-07-20T11:55:51.632874
2025-07-20,131368,2025072001013176,SBL,Himalayan Brokerage Company Limited,Naasa Securities Co. Ltd.,800,388.0,310400.0,2025-07-20T11:55:51.632952
2025-07-20,131303,2025072001013198,SBL,Kumari Securities Private Limited,Market Securities & Exchange (PVT) Ltd.,48,387.0,18576.0,2025-07-20T11:55:56.858694
2025-07-20,131209,2025072001013220,SBL,Vision Securities Pvt. Ltd,Dakshinkali Investment & Securities Pvt. Ltd.,262,385.0,100870.0,2025-07-20T11:56:07.436054
2025-07-20,131208,2025072001013221,SBL,Imperial Securities Company Pvt. Ltd.,Dakshinkali Investment & Securities Pvt. Ltd.,420,384.1,161322.0,2025-07-20T11:56:07.436257
2025-07-20,131207,2025072001013222,SBL,Vision Securities Pvt. Ltd,Dakshinkali Investment & Securities Pvt. Ltd.,1000,384.1,384100.0,2025-07-20T11:56:07.436338
2025-07-20,131206,2025072001013223,SBL,Cristal Kanchanjanga Securites Pvt. Ltd.,Dakshinkali Investment & Securities Pvt. Ltd.,1000,384.1,384100.0,2025-07-20T11:56:07.436417
2025-07-20,130985,2025072001013260,SBL,Nepal Investment And Securities Trading Private Limited,Dakshinkali Investment & Securities Pvt. Ltd.,90,384.0,34560.0,2025-07-20T11:56:24.884571
2025-07-20,130984,2025072001013261,SBL,Sipla Securities Private Limited,Dakshinkali Investment & Securities Pvt. Ltd.,1428,384.0,548352.0,2025-07-20T11:56:24.884797
2025-07-20,130034,2025072001013530,SBL,Himalayan Brokerage Company Limited,Nepal Investment And Securities Trading Private Limited,200,386.1,77220.0,2025-07-20T11:57:59.141984
2025-07-20,130033,2025072001013531,SBL,Himalayan Brokerage Company Limited,Market Securities & Exchange (PVT) Ltd.,752,387.0,291024.0,2025-07-20T11:57:59.142281
2025-07-20,129888,2025072001013586,SBL,ABC Securities Private Limited,Global IME Securities Limited,105,384.1,40330.5,2025-07-20T11:58:15.58108
2025-07-20,129388,2025072001013729,SBL,Deevyaa Securities & Stock House Pvt. Ltd,Secured Securities Ltd.,700,386.1,270270.0,2025-07-20T11:59:13.777311
2025-07-20,127824,2025072001014177,SBL,Sweta Securities Private Limited,Vision Securities Pvt. Ltd,100,386.1,38610.0,2025-07-20T12:01:36.401753
2025-07-20,127687,2025072001014219,SBL,Sweta Securities Private Limited,Market Securities & Exchange (PVT) Ltd.,200,387.0,77400.0,2025-07-20T12:01:50.596902
2025-07-20,126244,2025072001014617,SBL,Trishakti Securities Public Limited,Secured Securities Ltd.,10,387.8,3878.0,2025-07-20T12:04:22.073913
2025-07-20,126179,2025072001014643,SBL,ABC Securities Private Limited,Secured Securities Ltd.,446,387.8,172958.8,2025-07-20T12:04:27.709957
2025-07-20,126178,2025072001014644,SBL,ABC Securities Private Limited,ABC Securities Private Limited,554,387.9,214896.6,2025-07-20T12:04:27.710047
2025-07-20,125950,2025072001014695,SBL,ABC Securities Private Limited,Deevyaa Securities & Stock House Pvt. Ltd,100,387.1,38710.0,2025-07-20T12:04:51.070546
2025-07-20,125949,2025072001014696,SBL,Sweta Securities Private Limited,Deevyaa Securities & Stock House Pvt. Ltd,400,387.0,154800.0,2025-07-20T12:04:51.070937
2025-07-20,125879,2025072001014712,SBL,Trishakti Securities Public Limited,ABC Securities Private Limited,446,387.9,173003.4,2025-07-20T12:04:58.559883
2025-07-20,125878,2025072001014713,SBL,Trishakti Securities Public Limited,Naasa Securities Co. Ltd.,14,388.0,5432.0,2025-07-20T12:04:58.559967
2025-07-20,125619,2025072001014791,SBL,Naasa Securities Co. Ltd.,Siprabi Securities Pvt. Ltd.,196,387.8,76008.8,2025-07-20T12:05:25.9432
2025-07-20,125087,2025072001014933,SBL,Vision Securities Pvt. Ltd,Vision Securities Pvt. Ltd,1000,387.1,387100.0,2025-07-20T12:06:09.624278
2025-07-20,125086,2025072001014934,SBL,Sweta Securities Private Limited,Vision Securities Pvt. Ltd,400,387.0,154800.0,2025-07-20T12:06:09.624515
2025-07-20,125085,2025072001014935,SBL,Nepal Investment And Securities Trading Private Limited,Vision Securities Pvt. Ltd,1000,387.0,387000.0,2025-07-20T12:06:09.624602
2025-07-20,125084,2025072001014936,SBL,Trishakti Securities Public Limited,Vision Securities Pvt. Ltd,17600,387.0,6811200.0,2025-07-20T12:06:09.624692
2025-07-20,124844,2025072001015000,SBL,Trishakti Securities Public Limited,Naasa Securities Co. Ltd.,10,388.0,3880.0,2025-07-20T12:06:38.544181
2025-07-20,123012,2025072001015551,SBL,Siprabi Securities Pvt. Ltd.,ABC Securities Private Limited,200,387.8,77560.0,2025-07-20T12:09:57.560117
2025-07-20,122813,2025072001015610,SBL,Premier Securities Company Ltd.,Neev Securities Pvt. Ltd.,20,386.3,7726.0,2025-07-20T12:10:15.585028
2025-07-20,122812,2025072001015611,SBL,Creative Securities Pvt Ltd,Neev Securities Pvt. Ltd.,20,386.1,7722.0,2025-07-20T12:10:15.585267
2025-07-20,122811,2025072001015612,SBL,Imperial Securities Company Pvt. Ltd.,Neev Securities Pvt. Ltd.,200,386.0,77200.0,2025-07-20T12:10:15.585359
2025-07-20,122810,2025072001015613,SBL,Vision Securities Pvt. Ltd,Neev Securities Pvt. Ltd.,100,386.0,38600.0,2025-07-20T12:10:15.585456
2025-07-20,122809,2025072001015614,SBL,Nepal Stock House (PVT) Ltd.,Neev Securities Pvt. Ltd.,500,386.0,193000.0,2025-07-20T12:10:15.585586
2025-07-20,122725,2025072001015631,SBL,Linch Stock Market Ltd.,Neev Securities Pvt. Ltd.,300,385.2,115560.0,2025-07-20T12:10:25.642211
2025-07-20,122724,2025072001015632,SBL,Sipla Securities Private Limited,Neev Securities Pvt. Ltd.,200,385.1,77020.0,2025-07-20T12:10:25.642448
2025-07-20,122626,2025072001015668,SBL,Shree Krishna Securities Ltd.,Neev Securities Pvt. Ltd.,160,386.0,61760.0,2025-07-20T12:10:35.961664
2025-07-20,122625,2025072001015669,SBL,Shree Krishna Securities Ltd.,ABC Securities Private Limited,10,387.8,3878.0,2025-07-20T12:10:35.961712
2025-07-20,121494,2025072001015955,SBL,Midas Stock Broking Company Private Limited,Naasa Securities Co. Ltd.,20,385.2,7704.0,2025-07-20T12:12:44.814609
2025-07-20,121378,2025072001015991,SBL,Miyo Securities Pvt Ltd,Nepal Investment And Securities Trading Private Limited,150,387.7,58155.0,2025-07-20T12:12:54.599221
2025-07-20,121377,2025072001015992,SBL,Miyo Securities Pvt Ltd,ABC Securities Private Limited,290,387.8,112462.0,2025-07-20T12:12:54.599264
2025-07-20,121376,2025072001015993,SBL,Miyo Securities Pvt Ltd,Siprabi Securities Pvt. Ltd.,554,387.9,214896.6,2025-07-20T12:12:54.599292
2025-07-20,121375,2025072001015994,SBL,Miyo Securities Pvt Ltd,Naasa Securities Co. Ltd.,176,388.0,68288.0,2025-07-20T12:12:54.599341
2025-07-20,121374,2025072001015995,SBL,Miyo Securities Pvt Ltd,ABC Securities Private Limited,1000,388.0,388000.0,2025-07-20T12:12:54.599369
2025-07-20,121373,2025072001015996,SBL,Miyo Securities Pvt Ltd,Sri Hari Securities Pvt. Ltd.,250,388.0,97000.0,2025-07-20T12:12:54.599396
2025-07-20,121372,2025072001015997,SBL,Miyo Securities Pvt Ltd,Malla & Malla Stock Broking Company Pvt. Limited,1000,388.0,388000.0,2025-07-20T12:12:54.59942
2025-07-20,121371,2025072001015998,SBL,Miyo Securities Pvt Ltd,Siprabi Securities Pvt. Ltd.,100,388.0,38800.0,2025-07-20T12:12:54.599447
2025-07-20,121370,2025072001015999,SBL,Miyo Securities Pvt Ltd,Sipla Securities Private Limited,480,388.0,186240.0,2025-07-20T12:12:54.599471
2025-07-20,120754,2025072001016183,SBL,ABC Securities Private Limited,Dipshikha Dhitopatra Karobar Co. Pvt Ltd.,75,385.5,28912.5,2025-07-20T12:14:07.245752
2025-07-20,118758,2025072001016698,SBL,ABC Securities Private Limited,Imperial Securities Company Pvt. Ltd.,10,385.5,3855.0,2025-07-20T12:17:11.492387
2025-07-20,117897,2025072001016964,SBL,Trishakti Securities Public Limited,Premier Securities Company Ltd.,10,386.9,3869.0,2025-07-20T12:18:35.897967
2025-07-20,117807,2025072001016993,SBL,Trishakti Securities Public Limited,Premier Securities Company Ltd.,10,386.9,3869.0,2025-07-20T12:18:40.951204
2025-07-20,116963,2025072001017179,SBL,Naasa Securities Co. Ltd.,Premier Securities Company Ltd.,80,386.9,30952.0,2025-07-20T12:19:45.598525
2025-07-20,116962,2025072001017180,SBL,Naasa Securities Co. Ltd.,Online Securities Pvt. Ltd.,750,386.9,290175.0,2025-07-20T12:19:45.598824
2025-07-20,116961,2025072001017181,SBL,Naasa Securities Co. Ltd.,Online Securities Pvt. Ltd.,66,386.9,25535.4,2025-07-20T12:19:45.598922
2025-07-20,116349,2025072001017327,SBL,Naasa Securities Co. Ltd.,Naasa Securities Co. Ltd.,56,386.9,21666.4,2025-07-20T12:20:35.696663
2025-07-20,116340,2025072001017328,SBL,Trisul Securities & Invt. Ltd.,Imperial Securities Company Pvt. Ltd.,200,387.0,77400.0,2025-07-20T12:20:37.286992
2025-07-20,116339,2025072001017329,SBL,Trisul Securities & Invt. Ltd.,Sumeru Securities Pvt. Ltd.,12,387.0,4644.0,2025-07-20T12:20:37.287251
2025-07-20,116206,2025072001017391,SBL,Roadshow securities limited,Siprabi Securities Pvt. Ltd.,65,387.9,25213.5,2025-07-20T12:20:49.671255
2025-07-20,115762,2025072001017503,SBL,Trishakti Securities Public Limited,Sipla Securities Private Limited,10,388.0,3880.0,2025-07-20T12:21:28.530007
2025-07-20,115678,2025072001017529,SBL,Trisul Securities & Invt. Ltd.,Pragyan Securities (PVT) Ltd.,188,387.0,72756.0,2025-07-20T12:21:35.469457
2025-07-20,115677,2025072001017530,SBL,Online Securities Pvt. Ltd.,Pragyan Securities (PVT) Ltd.,22,387.0,8514.0,2025-07-20T12:21:35.469722
2025-07-20,115360,2025072001017612,SBL,Online Securities Pvt. Ltd.,Nepal Investment And Securities Trading Private Limited,350,387.0,135450.0,2025-07-20T12:22:09.417079
2025-07-20,115022,2025072001017685,SBL,Roadshow securities limited,Sipla Securities Private Limited,156,388.0,60528.0,2025-07-20T12:22:41.076076
2025-07-20,115021,2025072001017686,SBL,Roadshow securities limited,Kohinoor Investment & Securities Pvt. Ltd.,40,388.0,15520.0,2025-07-20T12:22:41.076177
2025-07-20,115020,2025072001017687,SBL,Roadshow securities limited,Imperial Securities Company Pvt. Ltd.,500,388.0,194000.0,2025-07-20T12:22:41.076253
2025-07-20,115019,2025072001017688,SBL,Roadshow securities limited,Thrive Brokerage House Pvt. Ltd,50,388.0,19400.0,2025-07-20T12:22:41.076326
2025-07-20,115018,2025072001017689,SBL,Roadshow securities limited,INDEX SECURITIES LIMITED,100,388.0,38800.0,2025-07-20T12:22:41.0764
2025-07-20,114606,2025072001017785,SBL,Online Securities Pvt. Ltd.,Nabil Stock Dealer Ltd.,10,388.6,3886.0,2025-07-20T12:23:18.199038
2025-07-20,114605,2025072001017786,SBL,Online Securities Pvt. Ltd.,ABC Securities Private Limited,50,389.0,19450.0,2025-07-20T12:23:18.199304
2025-07-20,114604,2025072001017787,SBL,Online Securities Pvt. Ltd.,Shree Krishna Securities Ltd.,21,389.0,8169.0,2025-07-20T12:23:18.199408
2025-07-20,113969,2025072001017947,SBL,Sharepro Securities Private Limited,Shree Krishna Securities Ltd.,979,389.0,380831.0,2025-07-20T12:24:17.339465
2025-07-20,113968,2025072001017948,SBL,Sharepro Securities Private Limited,Online Securities Pvt. Ltd.,300,389.0,116700.0,2025-07-20T12:24:17.339525
2025-07-20,113967,2025072001017949,SBL,Sharepro Securities Private Limited,Sani Securities Company Ltd.,120,389.0,46680.0,2025-07-20T12:24:17.339554
2025-07-20,112958,2025072001018199,SBL,Roadshow securities limited,South Asian Bulls Pvt. Ltd.,234,389.8,91213.2,2025-07-20T12:25:53.52034
2025-07-20,112957,2025072001018200,SBL,Roadshow securities limited,Machhapuchchhre Securities Limited,500,389.8,194900.0,2025-07-20T12:25:53.520383
2025-07-20,112487,2025072001018318,SBL,Cristal Kanchanjanga Securites Pvt. Ltd.,Secured Securities Ltd.,250,389.8,97450.0,2025-07-20T12:26:31.490992
2025-07-20,111996,2025072001018449,SBL,Online Securities Pvt. Ltd.,Capital Hub P. Ltd,328,387.3,127034.4,2025-07-20T12:27:06.648917
2025-07-20,111995,2025072001018450,SBL,Cristal Kanchanjanga Securites Pvt. Ltd.,Capital Hub P. Ltd,410,387.1,158711.0,2025-07-20T12:27:06.649174
2025-07-20,111994,2025072001018451,SBL,Sani Securities Company Ltd.,Capital Hub P. Ltd,4262,387.0,1649394.0,2025-07-20T12:27:06.649271
2025-07-20,111850,2025072001018483,SBL,Trishakti Securities Public Limited,Trisul Securities & Invt. Ltd.,10,387.3,3873.0,2025-07-20T12:27:13.080267
2025-07-20,111725,2025072001018505,SBL,Trishakti Securities Public Limited,Trisul Securities & Invt. Ltd.,40,387.3,15492.0,2025-07-20T12:27:26.261127
2025-07-20,111724,2025072001018506,SBL,Trishakti Securities Public Limited,Secured Securities Ltd.,10,389.8,3898.0,2025-07-20T12:27:26.261236
2025-07-20,111048,2025072001018714,SBL,Trishakti Securities Public Limited,Secured Securities Ltd.,240,389.8,93552.0,2025-07-20T12:28:17.822046
2025-07-20,111047,2025072001018715,SBL,Trishakti Securities Public Limited,ABC Securities Private Limited,500,389.8,194900.0,2025-07-20T12:28:17.822138
2025-07-20,111046,2025072001018716,SBL,Trishakti Securities Public Limited,ABC Securities Private Limited,10,389.9,3899.0,2025-07-20T12:28:17.822168
2025-07-20,110022,2025072001019073,SBL,Trishakti Securities Public Limited,Kumari Securities Private Limited,1000,389.8,389800.0,2025-07-20T12:29:54.730204
2025-07-20,110021,2025072001019074,SBL,Trishakti Securities Public Limited,ABC Securities Private Limited,990,389.9,386001.0,2025-07-20T12:29:54.730254
2025-07-20,110020,2025072001019075,SBL,Trishakti Securities Public Limited,ABC Securities Private Limited,500,389.9,194950.0,2025-07-20T12:29:54.730286
2025-07-20,110019,2025072001019076,SBL,Trishakti Securities Public Limited,ABC Securities Private Limited,100,389.9,38990.0,2025-07-20T12:29:54.730312
2025-07-20,110018,2025072001019077,SBL,Trishakti Securities Public Limited,Shree Krishna Securities Ltd.,10,390.0,3900.0,2025-07-20T12:29:54.730377
2025-07-20,107930,2025072001019693,SBL,Cristal Kanchanjanga Securites Pvt. Ltd.,ABC Securities Private Limited,200,389.8,77960.0,2025-07-20T12:33:10.809875
2025-07-20,107752,2025072001019774,SBL,Imperial Securities Company Pvt. Ltd.,Imperial Securities Company Pvt. Ltd.,200,388.0,77600.0,2025-07-20T12:33:28.342429
2025-07-20,107527,2025072001019837,SBL,Imperial Securities Company Pvt. Ltd.,Sumeru Securities Pvt. Ltd.,50,388.0,19400.0,2025-07-20T12:33:50.401836
2025-07-20,107526,2025072001019838,SBL,Online Securities Pvt. Ltd.,Sumeru Securities Pvt. Ltd.,50,388.0,19400.0,2025-07-20T12:33:50.402153
2025-07-20,106595,2025072001020152,SBL,Sani Securities Company Ltd.,Pragyan Securities (PVT) Ltd.,500,387.0,193500.0,2025-07-20T12:35:19.235924
2025-07-20,105959,2025072001020333,SBL,Sani Securities Company Ltd.,Arun Securities (PVT) Ltd.,192,387.0,74304.0,2025-07-20T12:36:18.848436
2025-07-20,105893,2025072001020384,SBL,Roadshow securities limited,Sumeru Securities Pvt. Ltd.,43,388.0,16684.0,2025-07-20T12:36:21.39009
2025-07-20,105892,2025072001020385,SBL,Roadshow securities limited,Imperial Securities Company Pvt. Ltd.,491,388.0,190508.0,2025-07-20T12:36:21.390179
2025-07-20,105677,2025072001020458,SBL,Roadshow securities limited,ABC Securities Private Limited,800,389.8,311840.0,2025-07-20T12:36:41.454213
2025-07-20,105272,2025072001020591,SBL,Trishakti Securities Public Limited,Cristal Kanchanjanga Securites Pvt. Ltd.,10,389.9,3899.0,2025-07-20T12:37:28.731076
2025-07-20,104302,2025072001020933,SBL,Trishakti Securities Public Limited,Cristal Kanchanjanga Securites Pvt. Ltd.,290,389.9,113071.0,2025-07-20T12:39:06.524944
2025-07-20,104301,2025072001020934,SBL,Trishakti Securities Public Limited,Malla & Malla Stock Broking Company Pvt. Limited,1000,389.9,389900.0,2025-07-20T12:39:06.525008
2025-07-20,104300,2025072001020935,SBL,Trishakti Securities Public Limited,Shree Krishna Securities Ltd.,10,390.0,3900.0,2025-07-20T12:39:06.525077
2025-07-20,102459,2025072001021489,SBL,Trishakti Securities Public Limited,Vision Securities Pvt. Ltd,100,389.8,38980.0,2025-07-20T12:42:16.36155
2025-07-20,102458,2025072001021490,SBL,Trishakti Securities Public Limited,Sundhara Securities Limited,211,389.8,82247.8,2025-07-20T12:42:16.361606
2025-07-20,102457,2025072001021491,SBL,Trishakti Securities Public Limited,J.F. Securites (PVT) Ltd.,69,389.9,26903.1,2025-07-20T12:42:16.361638
2025-07-20,102456,2025072001021492,SBL,Trishakti Securities Public Limited,Shree Krishna Securities Ltd.,20,390.0,7800.0,2025-07-20T12:42:16.361666
2025-07-20,102284,2025072001021540,SBL,Imperial Securities Company Pvt. Ltd.,Shree Krishna Securities Ltd.,60,390.0,23400.0,2025-07-20T12:42:33.989188
2025-07-20,102283,2025072001021541,SBL,Imperial Securities Company Pvt. Ltd.,Siprabi Securities Pvt. Ltd.,40,390.0,15600.0,2025-07-20T12:42:33.989446
2025-07-20,102273,2025072001021550,SBL,Sipla Securities Private Limited,Capital Hub P. Ltd,2000,388.0,776000.0,2025-07-20T12:42:34.994067
2025-07-20,102102,2025072001021609,SBL,Sundhara Securities Limited,KALASH STOCK MARKET PVT. LTD.,1000,387.6,387600.0,2025-07-20T12:42:48.849306
2025-07-20,102101,2025072001021610,SBL,Online Securities Pvt. Ltd.,KALASH STOCK MARKET PVT. LTD.,100,387.5,38750.0,2025-07-20T12:42:48.849562
2025-07-20,102100,2025072001021611,SBL,Vision Securities Pvt. Ltd,KALASH STOCK MARKET PVT. LTD.,886,387.5,343325.0,2025-07-20T12:42:48.849666
2025-07-20,101826,2025072001021697,SBL,Trishakti Securities Public Limited,Dipshikha Dhitopatra Karobar Co. Pvt Ltd.,10,389.9,3899.0,2025-07-20T12:43:18.241995
2025-07-20,101747,2025072001021710,SBL,Sharepro Securities Private Limited,Dipshikha Dhitopatra Karobar Co. Pvt Ltd.,990,389.9,386001.0,2025-07-20T12:43:26.540158
2025-07-20,101746,2025072001021711,SBL,Sharepro Securities Private Limited,Siprabi Securities Pvt. Ltd.,260,390.0,101400.0,2025-07-20T12:43:26.54021
2025-07-20,101745,2025072001021712,SBL,Sharepro Securities Private Limited,Cristal Kanchanjanga Securites Pvt. Ltd.,12,390.0,4680.0,2025-07-20T12:43:26.540243
2025-07-20,101744,2025072001021713,SBL,Sharepro Securities Private Limited,Sumeru Securities Pvt. Ltd.,300,390.0,117000.0,2025-07-20T12:43:26.540276
2025-07-20,101743,2025072001021714,SBL,Sharepro Securities Private Limited,Malla & Malla Stock Broking Company Pvt. Limited,118,390.0,46020.0,2025-07-20T12:43:26.5403
2025-07-20,101742,2025072001021715,SBL,Sharepro Securities Private Limited,Imperial Securities Company Pvt. Ltd.,50,390.0,19500.0,2025-07-20T12:43:26.540332
2025-07-20,101741,2025072001021716,SBL,Sharepro Securities Private Limited,Sri Hari Securities Pvt. Ltd.,200,390.0,78000.0,2025-07-20T12:43:26.540356
2025-07-20,101740,2025072001021717,SBL,Sharepro Securities Private Limited,Linch Stock Market Ltd.,695,390.0,271050.0,2025-07-20T12:43:26.540385
2025-07-20,101739,2025072001021718,SBL,Sharepro Securities Private Limited,Shree Krishna Securities Ltd.,10000,390.0,3900000.0,2025-07-20T12:43:26.540417
2025-07-20,101738,2025072001021719,SBL,Sharepro Securities Private Limited,Shree Krishna Securities Ltd.,5000,390.0,1950000.0,2025-07-20T12:43:26.540445
2025-07-20,101737,2025072001021720,SBL,Sharepro Securities Private Limited,Naasa Securities Co. Ltd.,500,390.0,195000.0,2025-07-20T12:43:26.54047
2025-07-20,101736,2025072001021721,SBL,Sharepro Securities Private Limited,Online Securities Pvt. Ltd.,20,390.0,7800.0,2025-07-20T12:43:26.540497
2025-07-20,101735,2025072001021722,SBL,Sharepro Securities Private Limited,Kumari Securities Private Limited,500,390.0,195000.0,2025-07-20T12:43:26.540524
2025-07-20,101734,2025072001021723,SBL,Sharepro Securities Private Limited,Sajilo Broker Limited,100,390.0,39000.0,2025-07-20T12:43:26.540549
2025-07-20,101733,2025072001021724,SBL,Sharepro Securities Private Limited,Sani Securities Company Ltd.,500,390.0,195000.0,2025-07-20T12:43:26.540573
2025-07-20,101732,2025072001021725,SBL,Sharepro Securities Private Limited,Dakshinkali Investment & Securities Pvt. Ltd.,755,390.0,294450.0,2025-07-20T12:43:26.540603
2025-07-20,101219,2025072001021841,SBL,Himalayan Brokerage Company Limited,Dakshinkali Investment & Securities Pvt. Ltd.,81,390.0,31590.0,2025-07-20T12:44:12.958019
2025-07-20,101218,2025072001021842,SBL,Himalayan Brokerage Company Limited,Agrawal Securities (PVT) Ltd.,100,390.0,39000.0,2025-07-20T12:44:12.958317
2025-07-20,101217,2025072001021843,SBL,Himalayan Brokerage Company Limited,Naasa Securities Co. Ltd.,51,390.0,19890.0,2025-07-20T12:44:12.95843
2025-07-20,101216,2025072001021844,SBL,Himalayan Brokerage Company Limited,Opal Securities Investment (PVT) Ltd.,1000,390.0,390000.0,2025-07-20T12:44:12.958524
2025-07-20,101215,2025072001021845,SBL,Himalayan Brokerage Company Limited,Kohinoor Investment & Securities Pvt. Ltd.,500,390.1,195050.0,2025-07-20T12:44:12.958621
2025-07-20,101214,2025072001021846,SBL,Himalayan Brokerage Company Limited,Vision Securities Pvt. Ltd,75,390.9,29317.5,2025-07-20T12:44:12.958738
2025-07-20,101213,2025072001021847,SBL,Himalayan Brokerage Company Limited,Ashutosh Brokerage & Securities (PVT) Ltd.,1000,391.0,391000.0,2025-07-20T12:44:12.958847
2025-07-20,101212,2025072001021848,SBL,Himalayan Brokerage Company Limited,Agrawal Securities (PVT) Ltd.,300,391.0,117300.0,2025-07-20T12:44:12.958966
2025-07-20,101211,2025072001021849,SBL,Himalayan Brokerage Company Limited,Trishakti Securities Public Limited,50,391.0,19550.0,2025-07-20T12:44:12.95908
2025-07-20,101210,2025072001021850,SBL,Himalayan Brokerage Company Limited,Opal Securities Investment (PVT) Ltd.,843,391.0,329613.0,2025-07-20T12:44:12.959203
2025-07-20,99785,2025072001022211,SBL,Sharepro Securities Private Limited,Opal Securities Investment (PVT) Ltd.,100,391.0,39100.0,2025-07-20T12:46:12.779526
2025-07-20,99507,2025072001022300,SBL,Vision Securities Pvt. Ltd,Dipshikha Dhitopatra Karobar Co. Pvt Ltd.,11,389.0,4279.0,2025-07-20T12:46:39.662535
2025-07-20,99506,2025072001022301,SBL,Linch Stock Market Ltd.,Dipshikha Dhitopatra Karobar Co. Pvt Ltd.,19,389.0,7391.0,2025-07-20T12:46:39.662652
2025-07-20,98964,2025072001022468,SBL,Trishakti Securities Public Limited,Opal Securities Investment (PVT) Ltd.,10,390.0,3900.0,2025-07-20T12:47:31.261596
2025-07-20,98484,2025072001022646,SBL,Imperial Securities Company Pvt. Ltd.,Opal Securities Investment (PVT) Ltd.,200,390.0,78000.0,2025-07-20T12:48:08.367185
2025-07-20,98290,2025072001022693,SBL,SUN SECURITIES PVT LTD,Opal Securities Investment (PVT) Ltd.,410,390.0,159900.0,2025-07-20T12:48:22.068134
2025-07-20,98142,2025072001022738,SBL,Trishakti Securities Public Limited,Opal Securities Investment (PVT) Ltd.,10,391.0,3910.0,2025-07-20T12:48:34.896845
2025-07-20,97711,2025072001022861,SBL,Online Securities Pvt. Ltd.,Elite Stock House Limited,100,389.9,38990.0,2025-07-20T12:49:06.563971
2025-07-20,97710,2025072001022862,SBL,Online Securities Pvt. Ltd.,Opal Securities Investment (PVT) Ltd.,47,391.0,18377.0,2025-07-20T12:49:06.564278
2025-07-20,97709,2025072001022863,SBL,Online Securities Pvt. Ltd.,Sani Securities Company Ltd.,500,391.0,195500.0,2025-07-20T12:49:06.564377
2025-07-20,97708,2025072001022864,SBL,Online Securities Pvt. Ltd.,Nepal Stock House (PVT) Ltd.,100,391.0,39100.0,2025-07-20T12:49:06.564475
2025-07-20,97707,2025072001022865,SBL,Online Securities Pvt. Ltd.,Vision Securities Pvt. Ltd,20,391.0,7820.0,2025-07-20T12:49:06.56457
2025-07-20,97706,2025072001022866,SBL,Online Securities Pvt. Ltd.,Sweta Securities Private Limited,100,391.0,39100.0,2025-07-20T12:49:06.564687
2025-07-20,97651,2025072001022895,SBL,Trishakti Securities Public Limited,Dipshikha Dhitopatra Karobar Co. Pvt Ltd.,110,391.8,43098.0,2025-07-20T12:49:12.133536
2025-07-20,97138,2025072001023052,SBL,Online Securities Pvt. Ltd.,Capital Hub P. Ltd,1133,391.0,443003.0,2025-07-20T12:49:53.290696
2025-07-20,97116,2025072001023059,SBL,Nepal Investment And Securities Trading Private Limited,Capital Hub P. Ltd,200,391.0,78200.0,2025-07-20T12:49:55.512032
2025-07-20,95812,2025072001023416,SBL,Trishakti Securities Public Limited,Capital Hub P. Ltd,667,391.0,260797.0,2025-07-20T12:51:30.473715
2025-07-20,95811,2025072001023417,SBL,Trishakti Securities Public Limited,Cristal Kanchanjanga Securites Pvt. Ltd.,33,391.7,12926.1,2025-07-20T12:51:30.473792
2025-07-20,95644,2025072001023467,SBL,Trishakti Securities Public Limited,Cristal Kanchanjanga Securites Pvt. Ltd.,267,391.7,104583.9,2025-07-20T12:51:50.628
2025-07-20,95643,2025072001023468,SBL,Trishakti Securities Public Limited,ABC Securities Private Limited,50,391.7,19585.0,2025-07-20T12:51:50.628071
2025-07-20,95642,2025072001023469,SBL,Trishakti Securities Public Limited,Dipshikha Dhitopatra Karobar Co. Pvt Ltd.,10,391.8,3918.0,2025-07-20T12:51:50.628099
2025-07-20,95339,2025072001023589,SBL,Market Securities & Exchange (PVT) Ltd.,Market Securities & Exchange (PVT) Ltd.,1000,390.0,390000.0,2025-07-20T12:52:18.868763
2025-07-20,95081,2025072001023670,SBL,SUN SECURITIES PVT LTD,Pragyan Securities (PVT) Ltd.,30,389.1,11673.0,2025-07-20T12:52:45.821532
2025-07-20,95038,2025072001023685,SBL,Trishakti Securities Public Limited,Market Securities & Exchange (PVT) Ltd.,200,390.0,78000.0,2025-07-20T12:52:50.147598
2025-07-20,95037,2025072001023686,SBL,Trishakti Securities Public Limited,ABC Securities Private Limited,10,391.5,3915.0,2025-07-20T12:52:50.14775
2025-07-20,94186,2025072001024029,SBL,Trishakti Securities Public Limited,Premier Securities Company Ltd.,181,391.0,70771.0,2025-07-20T12:54:00.926888
2025-07-20,94185,2025072001024030,SBL,Trishakti Securities Public Limited,Roadshow securities limited,19,391.0,7429.0,2025-07-20T12:54:00.926926
2025-07-20,93763,2025072001024178,SBL,ABC Securities Private Limited,Nepal Investment And Securities Trading Private Limited,100,390.0,39000.0,2025-07-20T12:54:35.925918
2025-07-20,93762,2025072001024179,SBL,K.B.L. Securities Limited ,Nepal Investment And Securities Trading Private Limited,75,390.0,29250.0,2025-07-20T12:54:35.926249
2025-07-20,93487,2025072001024294,SBL,Trishakti Securities Public Limited,Roadshow securities limited,10,391.0,3910.0,2025-07-20T12:54:57.382856
2025-07-20,93395,2025072001024323,SBL,Cristal Kanchanjanga Securites Pvt. Ltd.,Roadshow securities limited,1000,391.0,391000.0,2025-07-20T12:55:04.331511
2025-07-20,91574,2025072001024958,SBL,Himalayan Brokerage Company Limited,Kohinoor Investment & Securities Pvt. Ltd.,2000,390.1,780200.0,2025-07-20T12:57:36.685193
2025-07-20,91547,2025072001024960,SBL,Himalayan Brokerage Company Limited,Kohinoor Investment & Securities Pvt. Ltd.,500,390.1,195050.0,2025-07-20T12:57:37.695686
2025-07-20,90788,2025072001025234,SBL,Himalayan Brokerage Company Limited,Shree Krishna Securities Ltd.,3500,390.1,1365350.0,2025-07-20T12:58:32.404249
2025-07-20,90682,2025072001025247,SBL,Shree Krishna Securities Ltd.,Roadshow securities limited,10,391.0,3910.0,2025-07-20T12:58:40.48705
2025-07-20,90511,2025072001025319,SBL,Cristal Kanchanjanga Securites Pvt. Ltd.,Roadshow securities limited,500,391.0,195500.0,2025-07-20T12:58:55.923264
2025-07-20,89966,2025072001025460,SBL,Himalayan Brokerage Company Limited,Bhrikuti Stock Broking Co. Pvt. Ltd.,193,390.5,75366.5,2025-07-20T12:59:44.547575
2025-07-20,89965,2025072001025461,SBL,Himalayan Brokerage Company Limited,Roadshow securities limited,461,391.0,180251.0,2025-07-20T12:59:44.548099
2025-07-20,89964,2025072001025462,SBL,Himalayan Brokerage Company Limited,Online Securities Pvt. Ltd.,150,391.0,58650.0,2025-07-20T12:59:44.548402
2025-07-20,89963,2025072001025463,SBL,Himalayan Brokerage Company Limited,Linch Stock Market Ltd.,100,391.0,39100.0,2025-07-20T12:59:44.548704
2025-07-20,89962,2025072001025464,SBL,Himalayan Brokerage Company Limited,Kohinoor Investment & Securities Pvt. Ltd.,307,391.0,120037.0,2025-07-20T12:59:44.549015
2025-07-20,89549,2025072001025601,SBL,Shree Krishna Securities Ltd.,Kohinoor Investment & Securities Pvt. Ltd.,193,391.0,75463.0,2025-07-20T13:00:21.066569
2025-07-20,89548,2025072001025602,SBL,Shree Krishna Securities Ltd.,ABC Securities Private Limited,17,391.5,6655.5,2025-07-20T13:00:21.06661
2025-07-20,89160,2025072001025715,SBL,Online Securities Pvt. Ltd.,Nepal Stock House (PVT) Ltd.,100,391.4,39140.0,2025-07-20T13:00:55.918969
2025-07-20,88959,2025072001025765,SBL,Shree Krishna Securities Ltd.,ABC Securities Private Limited,10,391.5,3915.0,2025-07-20T13:01:12.306977
2025-07-20,88837,2025072001025810,SBL,Naasa Securities Co. Ltd.,ABC Securities Private Limited,330,391.5,129195.0,2025-07-20T13:01:21.684293
2025-07-20,88598,2025072001025882,SBL,Online Securities Pvt. Ltd.,Nepal Stock House (PVT) Ltd.,400,391.4,156560.0,2025-07-20T13:01:38.670377
2025-07-20,88564,2025072001025895,SBL,Himalayan Brokerage Company Limited,ABC Securities Private Limited,633,391.5,247819.5,2025-07-20T13:01:43.981085
2025-07-20,88467,2025072001025929,SBL,Shree Krishna Securities Ltd.,Siprabi Securities Pvt. Ltd.,10,391.4,3914.0,2025-07-20T13:01:50.50604
2025-07-20,88321,2025072001026000,SBL,Shree Krishna Securities Ltd.,Malla & Malla Stock Broking Company Pvt. Limited,100,391.3,39130.0,2025-07-20T13:02:03.564869
2025-07-20,88320,2025072001026001,SBL,Shree Krishna Securities Ltd.,Nepal Stock House (PVT) Ltd.,10,391.7,3917.0,2025-07-20T13:02:03.564961
2025-07-20,87974,2025072001026100,SBL,Trishakti Securities Public Limited,Nepal Stock House (PVT) Ltd.,90,391.7,35253.0,2025-07-20T13:02:30.620779
2025-07-20,87973,2025072001026101,SBL,Trishakti Securities Public Limited,Dipshikha Dhitopatra Karobar Co. Pvt Ltd.,10,391.8,3918.0,2025-07-20T13:02:30.620865
2025-07-20,87714,2025072001026172,SBL,K.B.L. Securities Limited ,Dipshikha Dhitopatra Karobar Co. Pvt Ltd.,870,391.8,340866.0,2025-07-20T13:02:56.265475
2025-07-20,87713,2025072001026173,SBL,K.B.L. Securities Limited ,R.B.B. Securities Company Ltd,100,391.8,39180.0,2025-07-20T13:02:56.265567
2025-07-20,87712,2025072001026174,SBL,K.B.L. Securities Limited ,Vision Securities Pvt. Ltd,75,391.9,29392.5,2025-07-20T13:02:56.265596
2025-07-20,87711,2025072001026175,SBL,K.B.L. Securities Limited ,Online Securities Pvt. Ltd.,200,391.9,78380.0,2025-07-20T13:02:56.265622
2025-07-20,87710,2025072001026176,SBL,K.B.L. Securities Limited ,Dipshikha Dhitopatra Karobar Co. Pvt Ltd.,1000,391.9,391900.0,2025-07-20T13:02:56.265656
2025-07-20,87709,2025072001026177,SBL,K.B.L. Securities Limited ,Asian Securities Private Ltd.,100,391.9,39190.0,2025-07-20T13:02:56.265679
2025-07-20,87708,2025072001026178,SBL,K.B.L. Securities Limited ,Siprabi Securities Pvt. Ltd.,38,392.0,14896.0,2025-07-20T13:02:56.2657
2025-07-20,87707,2025072001026179,SBL,K.B.L. Securities Limited ,Imperial Securities Company Pvt. Ltd.,100,392.0,39200.0,2025-07-20T13:02:56.265723
2025-07-20,87706,2025072001026180,SBL,K.B.L. Securities Limited ,Malla & Malla Stock Broking Company Pvt. Limited,20,392.0,7840.0,2025-07-20T13:02:56.265747
2025-07-20,87705,2025072001026181,SBL,K.B.L. Securities Limited ,Siprabi Securities Pvt. Ltd.,65,392.0,25480.0,2025-07-20T13:02:56.265771
2025-07-20,87704,2025072001026182,SBL,K.B.L. Securities Limited ,Linch Stock Market Ltd.,131,392.0,51352.0,2025-07-20T13:02:56.265818
2025-07-20,87703,2025072001026183,SBL,K.B.L. Securities Limited ,Sharepro Securities Private Limited,250,392.0,98000.0,2025-07-20T13:02:56.265841
2025-07-20,87702,2025072001026184,SBL,K.B.L. Securities Limited ,Imperial Securities Company Pvt. Ltd.,25,392.0,9800.0,2025-07-20T13:02:56.265864
2025-07-20,87701,2025072001026185,SBL,K.B.L. Securities Limited ,Sani Securities Company Ltd.,33,392.0,12936.0,2025-07-20T13:02:56.265885
2025-07-20,87700,2025072001026186,SBL,K.B.L. Securities Limited ,Naasa Securities Co. Ltd.,230,392.0,90160.0,2025-07-20T13:02:56.265909
2025-07-20,87699,2025072001026187,SBL,K.B.L. Securities Limited ,K.B.L. Securities Limited ,610,392.0,239120.0,2025-07-20T13:02:56.265934
2025-07-20,87698,2025072001026188,SBL,K.B.L. Securities Limited ,Thrive Brokerage House Pvt. Ltd,153,392.0,59976.0,2025-07-20T13:02:56.265964
2025-07-20,87508,2025072001026285,SBL,Trishakti Securities Public Limited,Pragyan Securities (PVT) Ltd.,156,391.7,61105.2,2025-07-20T13:03:20.064256
2025-07-20,87507,2025072001026286,SBL,Trishakti Securities Public Limited,Thrive Brokerage House Pvt. Ltd,14,392.0,5488.0,2025-07-20T13:03:20.06434
2025-07-20,87505,2025072001026288,SBL,Opal Securities Investment (PVT) Ltd.,Thrive Brokerage House Pvt. Ltd,33,392.0,12936.0,2025-07-20T13:03:20.393425
2025-07-20,87504,2025072001026289,SBL,Opal Securities Investment (PVT) Ltd.,Deevyaa Securities & Stock House Pvt. Ltd,200,392.0,78400.0,2025-07-20T13:03:20.393894
2025-07-20,87503,2025072001026290,SBL,Opal Securities Investment (PVT) Ltd.,Trishakti Securities Public Limited,3100,392.0,1215200.0,2025-07-20T13:03:20.394213
2025-07-20,87502,2025072001026291,SBL,Opal Securities Investment (PVT) Ltd.,Agrawal Securities (PVT) Ltd.,950,392.0,372400.0,2025-07-20T13:03:20.394513
2025-07-20,87501,2025072001026292,SBL,Opal Securities Investment (PVT) Ltd.,Kohinoor Investment & Securities Pvt. Ltd.,500,392.0,196000.0,2025-07-20T13:03:20.394844
2025-07-20,87500,2025072001026293,SBL,Opal Securities Investment (PVT) Ltd.,Shree Krishna Securities Ltd.,5000,392.0,1960000.0,2025-07-20T13:03:20.395296
2025-07-20,87499,2025072001026294,SBL,Opal Securities Investment (PVT) Ltd.,Shree Krishna Securities Ltd.,5000,392.0,1960000.0,2025-07-20T13:03:20.395745
2025-07-20,87303,2025072001026368,SBL,Trishakti Securities Public Limited,Sani Securities Company Ltd.,10,392.5,3925.0,2025-07-20T13:03:36.196909
2025-07-20,87064,2025072001026440,SBL,Opal Securities Investment (PVT) Ltd.,Nepal Investment And Securities Trading Private Limited,200,392.0,78400.0,2025-07-20T13:03:53.379253
2025-07-20,86587,2025072001026592,SBL,Shree Krishna Securities Ltd.,Sani Securities Company Ltd.,490,392.5,192325.0,2025-07-20T13:04:37.309064
2025-07-20,86586,2025072001026593,SBL,Shree Krishna Securities Ltd.,Vision Securities Pvt. Ltd,75,392.8,29460.0,2025-07-20T13:04:37.309115
2025-07-20,86585,2025072001026594,SBL,Shree Krishna Securities Ltd.,Aryatara Investment & Securities,435,392.9,170911.5,2025-07-20T13:04:37.309165
2025-07-20,86493,2025072001026619,SBL,Shree Krishna Securities Ltd.,Imperial Securities Company Pvt. Ltd.,75,392.5,29437.5,2025-07-20T13:04:46.39795
2025-07-20,86409,2025072001026657,SBL,Shree Krishna Securities Ltd.,Imperial Securities Company Pvt. Ltd.,25,392.5,9812.5,2025-07-20T13:04:55.44495
2025-07-20,86408,2025072001026658,SBL,Shree Krishna Securities Ltd.,Aryatara Investment & Securities,65,392.9,25538.5,2025-07-20T13:04:55.445016
2025-07-20,86407,2025072001026659,SBL,Shree Krishna Securities Ltd.,Secured Securities Ltd.,10,393.0,3930.0,2025-07-20T13:04:55.445064
2025-07-20,86161,2025072001026740,SBL,Opal Securities Investment (PVT) Ltd.,Online Securities Pvt. Ltd.,100,392.0,39200.0,2025-07-20T13:05:16.854632
2025-07-20,86061,2025072001026763,SBL,Shree Krishna Securities Ltd.,Secured Securities Ltd.,10,393.0,3930.0,2025-07-20T13:05:27.594956
2025-07-20,85336,2025072001026996,SBL,Shree Krishna Securities Ltd.,R.B.B. Securities Company Ltd,50,392.9,19645.0,2025-07-20T13:06:34.07855
2025-07-20,85335,2025072001026997,SBL,Shree Krishna Securities Ltd.,Secured Securities Ltd.,10,393.0,3930.0,2025-07-20T13:06:34.078592
2025-07-20,85209,2025072001027026,SBL,Opal Securities Investment (PVT) Ltd.,Shree Krishna Securities Ltd.,200,392.0,78400.0,2025-07-20T13:06:45.12574
2025-07-20,85116,2025072001027060,SBL,Shree Krishna Securities Ltd.,Secured Securities Ltd.,10,393.0,3930.0,2025-07-20T13:06:55.199657
2025-07-20,84891,2025072001027135,SBL,Opal Securities Investment (PVT) Ltd.,ABC Securities Private Limited,5000,392.0,1960000.0,2025-07-20T13:07:17.548377
2025-07-20,84687,2025072001027207,SBL,Shree Krishna Securities Ltd.,ABC Securities Private Limited,10,392.9,3929.0,2025-07-20T13:07:31.419315
2025-07-20,84020,2025072001027417,SBL,Opal Securities Investment (PVT) Ltd.,Linch Stock Market Ltd.,15,392.0,5880.0,2025-07-20T13:08:33.087575
2025-07-20,83996,2025072001027420,SBL,Opal Securities Investment (PVT) Ltd.,Kohinoor Investment & Securities Pvt. Ltd.,500,392.0,196000.0,2025-07-20T13:08:34.8517
2025-07-20,83782,2025072001027505,SBL,Trishakti Securities Public Limited,ABC Securities Private Limited,10,392.9,3929.0,2025-07-20T13:08:55.316974
2025-07-20,83662,2025072001027532,SBL,Opal Securities Investment (PVT) Ltd.,Kohinoor Investment & Securities Pvt. Ltd.,202,392.0,79184.0,2025-07-20T13:09:06.353494
2025-07-20,83039,2025072001027737,SBL,Kohinoor Investment & Securities Pvt. Ltd.,ABC Securities Private Limited,1000,391.0,391000.0,2025-07-20T13:10:02.586134
2025-07-20,82991,2025072001027745,SBL,Kohinoor Investment & Securities Pvt. Ltd.,Hatemalo Financial Services Private Limited,1000,391.0,391000.0,2025-07-20T13:10:08.215961
2025-07-20,82633,2025072001027862,SBL,Swarna Laxmi Securities Pvt. Ltd.,Imperial Securities Company Pvt. Ltd.,100,391.0,39100.0,2025-07-20T13:10:42.69121
2025-07-20,82384,2025072001027976,SBL,Opal Securities Investment (PVT) Ltd.,Kumari Securities Private Limited,500,391.9,195950.0,2025-07-20T13:11:01.032057
2025-07-20,82383,2025072001027977,SBL,Opal Securities Investment (PVT) Ltd.,Kohinoor Investment & Securities Pvt. Ltd.,298,392.0,116816.0,2025-07-20T13:11:01.03236
2025-07-20,82382,2025072001027978,SBL,Opal Securities Investment (PVT) Ltd.,Kohinoor Investment & Securities Pvt. Ltd.,500,392.0,196000.0,2025-07-20T13:11:01.032468
2025-07-20,82381,2025072001027979,SBL,Opal Securities Investment (PVT) Ltd.,Thrive Brokerage House Pvt. Ltd,192,392.0,75264.0,2025-07-20T13:11:01.032571
2025-07-20,82380,2025072001027980,SBL,Opal Securities Investment (PVT) Ltd.,Vision Securities Pvt. Ltd,500,392.8,196400.0,2025-07-20T13:11:01.032672
2025-07-20,82379,2025072001027981,SBL,Opal Securities Investment (PVT) Ltd.,Online Securities Pvt. Ltd.,100,392.8,39280.0,2025-07-20T13:11:01.032825
2025-07-20,82378,2025072001027982,SBL,Opal Securities Investment (PVT) Ltd.,ABC Securities Private Limited,980,392.9,385042.0,2025-07-20T13:11:01.032952
2025-07-20,82377,2025072001027983,SBL,Opal Securities Investment (PVT) Ltd.,Opal Securities Investment (PVT) Ltd.,2000,392.9,785800.0,2025-07-20T13:11:01.03306
2025-07-20,82376,2025072001027984,SBL,Opal Securities Investment (PVT) Ltd.,Secured Securities Ltd.,2962,393.0,1164066.0,2025-07-20T13:11:01.033166
2025-07-20,82375,2025072001027985,SBL,Opal Securities Investment (PVT) Ltd.,Aakashbhairab Securities Ltd.,400,393.0,157200.0,2025-07-20T13:11:01.033271
2025-07-20,82374,2025072001027986,SBL,Opal Securities Investment (PVT) Ltd.,Nepal Investment And Securities Trading Private Limited,100,393.0,39300.0,2025-07-20T13:11:01.033372
2025-07-20,82373,2025072001027987,SBL,Opal Securities Investment (PVT) Ltd.,Thrive Brokerage House Pvt. Ltd,300,393.0,117900.0,2025-07-20T13:11:01.03348
2025-07-20,82372,2025072001027988,SBL,Opal Securities Investment (PVT) Ltd.,Sharepro Securities Private Limited,100,393.0,39300.0,2025-07-20T13:11:01.033578
2025-07-20,82371,2025072001027989,SBL,Opal Securities Investment (PVT) Ltd.,Shree Krishna Securities Ltd.,28,393.0,11004.0,2025-07-20T13:11:01.033673
2025-07-20,82370,2025072001027990,SBL,Opal Securities Investment (PVT) Ltd.,Shree Krishna Securities Ltd.,5000,393.0,1965000.0,2025-07-20T13:11:01.033769
2025-07-20,82369,2025072001027991,SBL,Opal Securities Investment (PVT) Ltd.,Agrawal Securities (PVT) Ltd.,10,393.0,3930.0,2025-07-20T13:11:01.033863
2025-07-20,82368,2025072001027992,SBL,Opal Securities Investment (PVT) Ltd.,Indira securities pvt. ltd,100,393.0,39300.0,2025-07-20T13:11:01.033958
2025-07-20,82357,2025072001027995,SBL,Opal Securities Investment (PVT) Ltd.,Linch Stock Market Ltd.,134,393.0,52662.0,2025-07-20T13:11:01.937944
2025-07-20,81909,2025072001028118,SBL,Opal Securities Investment (PVT) Ltd.,Vision Securities Pvt. Ltd,796,393.0,312828.0,2025-07-20T13:11:40.68533
2025-07-20,80898,2025072001028440,SBL,Swarna Laxmi Securities Pvt. Ltd.,Thrive Brokerage House Pvt. Ltd,400,391.0,156400.0,2025-07-20T13:13:15.872018
2025-07-20,80897,2025072001028441,SBL,Naasa Securities Co. Ltd.,Thrive Brokerage House Pvt. Ltd,11,391.0,4301.0,2025-07-20T13:13:15.872322
2025-07-20,80896,2025072001028442,SBL,Online Securities Pvt. Ltd.,Thrive Brokerage House Pvt. Ltd,27,391.0,10557.0,2025-07-20T13:13:15.872428
2025-07-20,80895,2025072001028443,SBL,Online Securities Pvt. Ltd.,Thrive Brokerage House Pvt. Ltd,42,391.0,16422.0,2025-07-20T13:13:15.872534
2025-07-20,80645,2025072001028511,SBL,SUN SECURITIES PVT LTD,Market Securities & Exchange (PVT) Ltd.,100,390.3,39030.0,2025-07-20T13:13:38.926042
2025-07-20,80361,2025072001028580,SBL,SUN SECURITIES PVT LTD,Vision Securities Pvt. Ltd,204,390.3,79621.2,2025-07-20T13:13:57.972451
2025-07-20,79575,2025072001028796,SBL,SUN SECURITIES PVT LTD,Online Securities Pvt. Ltd.,256,390.3,99916.8,2025-07-20T13:14:52.437266
2025-07-20,79574,2025072001028797,SBL,Dipshikha Dhitopatra Karobar Co. Pvt Ltd.,Online Securities Pvt. Ltd.,1369,390.3,534320.7,2025-07-20T13:14:52.437497
2025-07-20,79014,2025072001028953,SBL,Dipshikha Dhitopatra Karobar Co. Pvt Ltd.,ABC Securities Private Limited,100,390.3,39030.0,2025-07-20T13:15:39.288934
2025-07-20,78772,2025072001029056,SBL,Trishakti Securities Public Limited,Dipshikha Dhitopatra Karobar Co. Pvt Ltd.,10,391.0,3910.0,2025-07-20T13:16:01.733102
2025-07-20,78294,2025072001029181,SBL,Dipshikha Dhitopatra Karobar Co. Pvt Ltd.,Deevyaa Securities & Stock House Pvt. Ltd,531,390.3,207249.3,2025-07-20T13:16:42.7102
2025-07-20,78293,2025072001029182,SBL,Midas Stock Broking Company Private Limited,Deevyaa Securities & Stock House Pvt. Ltd,220,390.2,85844.0,2025-07-20T13:16:42.710451
2025-07-20,77813,2025072001029375,SBL,SHUBHAKAMANA SECURITIES PVT. LTD,Deevyaa Securities & Stock House Pvt. Ltd,49,390.2,19119.8,2025-07-20T13:17:24.59047
2025-07-20,77812,2025072001029376,SBL,SHUBHAKAMANA SECURITIES PVT. LTD,Dipshikha Dhitopatra Karobar Co. Pvt Ltd.,290,391.0,113390.0,2025-07-20T13:17:24.590962
2025-07-20,77775,2025072001029390,SBL,SHUBHAKAMANA SECURITIES PVT. LTD,Deevyaa Securities & Stock House Pvt. Ltd,500,391.0,195500.0,2025-07-20T13:17:26.665481
2025-07-20,77322,2025072001029549,SBL,SHUBHAKAMANA SECURITIES PVT. LTD,Premier Securities Company Ltd.,35,391.0,13685.0,2025-07-20T13:18:11.391258
2025-07-20,77201,2025072001029586,SBL,Shree Krishna Securities Ltd.,Aryatara Investment & Securities,10,392.0,3920.0,2025-07-20T13:18:26.418648
2025-07-20,76978,2025072001029633,SBL,SHUBHAKAMANA SECURITIES PVT. LTD,Kohinoor Investment & Securities Pvt. Ltd.,270,391.0,105570.0,2025-07-20T13:18:46.729146
2025-07-20,76956,2025072001029650,SBL,SHUBHAKAMANA SECURITIES PVT. LTD,Pragyan Securities (PVT) Ltd.,140,391.0,54740.0,2025-07-20T13:18:47.945432
2025-07-20,76428,2025072001029807,SBL,SHUBHAKAMANA SECURITIES PVT. LTD,Deevyaa Securities & Stock House Pvt. Ltd,200,391.0,78200.0,2025-07-20T13:19:37.319633
2025-07-20,75963,2025072001029911,SBL,SHUBHAKAMANA SECURITIES PVT. LTD,S.P.S.A. Securities Limited,16,391.0,6256.0,2025-07-20T13:20:22.251709
2025-07-20,75962,2025072001029912,SBL,K.B.L. Securities Limited ,S.P.S.A. Securities Limited,115,390.0,44850.0,2025-07-20T13:20:22.251813
2025-07-20,75961,2025072001029913,SBL,Sani Securities Company Ltd.,S.P.S.A. Securities Limited,200,390.0,78000.0,2025-07-20T13:20:22.251894
2025-07-20,75960,2025072001029914,SBL,Pragyan Securities (PVT) Ltd.,S.P.S.A. Securities Limited,1000,390.0,390000.0,2025-07-20T13:20:22.251963
2025-07-20,75959,2025072001029915,SBL,ABC Securities Private Limited,S.P.S.A. Securities Limited,1000,390.0,390000.0,2025-07-20T13:20:22.252041
2025-07-20,75958,2025072001029916,SBL,Imperial Securities Company Pvt. Ltd.,S.P.S.A. Securities Limited,669,390.0,260910.0,2025-07-20T13:20:22.252112
2025-07-20,75733,2025072001029973,SBL,Online Securities Pvt. Ltd.,Nepal Stock House (PVT) Ltd.,100,391.9,39190.0,2025-07-20T13:20:40.524568
2025-07-20,75732,2025072001029974,SBL,Online Securities Pvt. Ltd.,Opal Securities Investment (PVT) Ltd.,1000,391.9,391900.0,2025-07-20T13:20:40.524816
2025-07-20,75731,2025072001029975,SBL,Online Securities Pvt. Ltd.,Aryatara Investment & Securities,100,392.0,39200.0,2025-07-20T13:20:40.524922
2025-07-20,75081,2025072001030198,SBL,Deevyaa Securities & Stock House Pvt. Ltd,Premier Securities Company Ltd.,90,391.0,35190.0,2025-07-20T13:21:42.543929
2025-07-20,75080,2025072001030199,SBL,Deevyaa Securities & Stock House Pvt. Ltd,ABC Securities Private Limited,910,391.9,356629.0,2025-07-20T13:21:42.544225
2025-07-20,74856,2025072001030247,SBL,Imperial Securities Company Pvt. Ltd.,Capital Hub P. Ltd,331,390.0,129090.0,2025-07-20T13:22:02.778865
2025-07-20,74855,2025072001030248,SBL,Dipshikha Dhitopatra Karobar Co. Pvt Ltd.,Capital Hub P. Ltd,669,390.0,260910.0,2025-07-20T13:22:02.779367
2025-07-20,74582,2025072001030333,SBL,Deevyaa Securities & Stock House Pvt. Ltd,ABC Securities Private Limited,90,391.9,35271.0,2025-07-20T13:22:34.184972
2025-07-20,74581,2025072001030334,SBL,Deevyaa Securities & Stock House Pvt. Ltd,ABC Securities Private Limited,410,391.9,160679.0,2025-07-20T13:22:34.185054
2025-07-20,74394,2025072001030386,SBL,Dipshikha Dhitopatra Karobar Co. Pvt Ltd.,Shree Krishna Securities Ltd.,26,390.0,10140.0,2025-07-20T13:22:55.992315
2025-07-20,73881,2025072001030539,SBL,Dipshikha Dhitopatra Karobar Co. Pvt Ltd.,Sweta Securities Private Limited,305,390.0,118950.0,2025-07-20T13:23:47.41277
2025-07-20,73880,2025072001030540,SBL,Cristal Kanchanjanga Securites Pvt. Ltd.,Sweta Securities Private Limited,1000,389.0,389000.0,2025-07-20T13:23:47.413006
2025-07-20,73879,2025072001030541,SBL,Linch Stock Market Ltd.,Sweta Securities Private Limited,111,389.0,43179.0,2025-07-20T13:23:47.413121
2025-07-20,73665,2025072001030595,SBL,SUN SECURITIES PVT LTD,Sweta Securities Private Limited,84,389.0,32676.0,2025-07-20T13:24:16.221321
2025-07-20,73167,2025072001030753,SBL,Deevyaa Securities & Stock House Pvt. Ltd,Primo Securities (PVT) Ltd.,100,391.0,39100.0,2025-07-20T13:25:12.999512
2025-07-20,73088,2025072001030770,SBL,Deevyaa Securities & Stock House Pvt. Ltd,Primo Securities (PVT) Ltd.,50,391.0,19550.0,2025-07-20T13:25:19.052789
2025-07-20,73044,2025072001030789,SBL,Deevyaa Securities & Stock House Pvt. Ltd,Primo Securities (PVT) Ltd.,20,391.0,7820.0,2025-07-20T13:25:25.14533
2025-07-20,72920,2025072001030810,SBL,Deevyaa Securities & Stock House Pvt. Ltd,Primo Securities (PVT) Ltd.,10,391.0,3910.0,2025-07-20T13:25:35.241094
2025-07-20,72028,2025072001031127,SBL,Thrive Brokerage House Pvt. Ltd,Primo Securities (PVT) Ltd.,400,389.0,155600.0,2025-07-20T13:27:07.758371
2025-07-20,71240,2025072001031382,SBL,Creative Securities Pvt Ltd,Primo Securities (PVT) Ltd.,558,389.0,217062.0,2025-07-20T13:28:31.480979
2025-07-20,71239,2025072001031383,SBL,Creative Securities Pvt Ltd,Premier Securities Company Ltd.,776,389.0,301864.0,2025-07-20T13:28:31.481265
2025-07-20,71238,2025072001031384,SBL,Creative Securities Pvt Ltd,Deevyaa Securities & Stock House Pvt. Ltd,101,389.9,39379.9,2025-07-20T13:28:31.481372
2025-07-20,71237,2025072001031385,SBL,Creative Securities Pvt Ltd,Premier Securities Company Ltd.,50,390.0,19500.0,2025-07-20T13:28:31.481474
2025-07-20,71236,2025072001031386,SBL,Creative Securities Pvt Ltd,Nepal Stock House (PVT) Ltd.,176,390.0,68640.0,2025-07-20T13:28:31.481593
2025-07-20,71235,2025072001031387,SBL,Creative Securities Pvt Ltd,Nepal Stock House (PVT) Ltd.,339,390.0,132210.0,2025-07-20T13:28:31.481695
2025-07-20,70610,2025072001031569,SBL,Dipshikha Dhitopatra Karobar Co. Pvt Ltd.,Nepal Stock House (PVT) Ltd.,161,390.0,62790.0,2025-07-20T13:29:41.480179
2025-07-20,70609,2025072001031570,SBL,Dipshikha Dhitopatra Karobar Co. Pvt Ltd.,ABC Securities Private Limited,839,390.0,327210.0,2025-07-20T13:29:41.480475
2025-07-20,70224,2025072001031695,SBL,Shree Krishna Securities Ltd.,ABC Securities Private Limited,161,390.0,62790.0,2025-07-20T13:30:22.75431
2025-07-20,70223,2025072001031696,SBL,Shree Krishna Securities Ltd.,Naasa Securities Co. Ltd.,10,391.0,3910.0,2025-07-20T13:30:22.75436
2025-07-20,69330,2025072001031966,SBL,Nepal Stock House (PVT) Ltd.,Naasa Securities Co. Ltd.,490,391.0,191590.0,2025-07-20T13:32:10.554142
2025-07-20,69329,2025072001031967,SBL,Nepal Stock House (PVT) Ltd.,Midas Stock Broking Company Private Limited,10,391.0,3910.0,2025-07-20T13:32:10.554451
2025-07-20,69235,2025072001032017,SBL,Trishakti Securities Public Limited,Midas Stock Broking Company Private Limited,90,391.0,35190.0,2025-07-20T13:32:22.436287
2025-07-20,69234,2025072001032018,SBL,Trishakti Securities Public Limited,Deevyaa Securities & Stock House Pvt. Ltd,10,391.5,3915.0,2025-07-20T13:32:22.436353
2025-07-20,69004,2025072001032109,SBL,Aryatara Investment & Securities,Sewa Securities Pvt. Ltd.,210,390.0,81900.0,2025-07-20T13:32:50.305666
2025-07-20,69003,2025072001032110,SBL,Sani Securities Company Ltd.,Sewa Securities Pvt. Ltd.,40,390.0,15600.0,2025-07-20T13:32:50.305937
2025-07-20,68785,2025072001032193,SBL,Trishakti Securities Public Limited,Deevyaa Securities & Stock House Pvt. Ltd,10,391.5,3915.0,2025-07-20T13:33:15.995315
2025-07-20,68345,2025072001032311,SBL,Nepal Investment And Securities Trading Private Limited,Sani Securities Company Ltd.,51,388.6,19818.6,2025-07-20T13:34:11.203079
2025-07-20,68236,2025072001032327,SBL,Trishakti Securities Public Limited,ABC Securities Private Limited,10,391.4,3914.0,2025-07-20T13:34:28.732287
2025-07-20,68235,2025072001032328,SBL,Nepal Investment And Securities Trading Private Limited,Linch Stock Market Ltd.,15,388.6,5829.0,2025-07-20T13:34:28.740229
2025-07-20,68129,2025072001032354,SBL,Trishakti Securities Public Limited,ABC Securities Private Limited,80,391.4,31312.0,2025-07-20T13:34:40.971125
2025-07-20,68128,2025072001032355,SBL,Trishakti Securities Public Limited,Deevyaa Securities & Stock House Pvt. Ltd,10,391.5,3915.0,2025-07-20T13:34:40.971234
2025-07-20,66557,2025072001032782,SBL,Trishakti Securities Public Limited,Siprabi Securities Pvt. Ltd.,116,391.0,45356.0,2025-07-20T13:38:26.161865
2025-07-20,66556,2025072001032783,SBL,Trishakti Securities Public Limited,Deevyaa Securities & Stock House Pvt. Ltd,10,391.5,3915.0,2025-07-20T13:38:26.16202
2025-07-20,64949,2025072001033217,SBL,Midas Stock Broking Company Private Limited,Sundhara Securities Limited,35,390.0,13650.0,2025-07-20T13:41:45.009698
2025-07-20,64189,2025072001033431,SBL,Investment Management Nepal Pvt. Ltd.,Sundhara Securities Limited,15,390.0,5850.0,2025-07-20T13:43:21.433828
2025-07-20,63166,2025072001033752,SBL,Secured Securities Ltd.,Miyo Securities Pvt Ltd,847,390.0,330330.0,2025-07-20T13:45:25.550942
2025-07-20,63165,2025072001033753,SBL,Secured Securities Ltd.,Kohinoor Investment & Securities Pvt. Ltd.,142,390.0,55380.0,2025-07-20T13:45:25.551491
2025-07-20,63164,2025072001033754,SBL,Secured Securities Ltd.,South Asian Bulls Pvt. Ltd.,11,390.0,4290.0,2025-07-20T13:45:25.551844
2025-07-20,62757,2025072001033874,SBL,Dipshikha Dhitopatra Karobar Co. Pvt Ltd.,South Asian Bulls Pvt. Ltd.,989,390.0,385710.0,2025-07-20T13:46:05.098557
2025-07-20,62756,2025072001033875,SBL,Dipshikha Dhitopatra Karobar Co. Pvt Ltd.,Sweta Securities Private Limited,511,390.0,199290.0,2025-07-20T13:46:05.099144
2025-07-20,62551,2025072001033923,SBL,Primo Securities (PVT) Ltd.,Sweta Securities Private Limited,23,390.0,8970.0,2025-07-20T13:46:27.627015
2025-07-20,62526,2025072001033926,SBL,Primo Securities (PVT) Ltd.,Elite Stock House Limited,27,390.0,10530.0,2025-07-20T13:46:30.759932
2025-07-20,62525,2025072001033927,SBL,Sundhara Securities Limited,Elite Stock House Limited,20,389.0,7780.0,2025-07-20T13:46:30.760225
2025-07-20,62524,2025072001033928,SBL,Kohinoor Investment & Securities Pvt. Ltd.,Elite Stock House Limited,1000,389.0,389000.0,2025-07-20T13:46:30.760342
2025-07-20,62523,2025072001033929,SBL,Premier Securities Company Ltd.,Elite Stock House Limited,200,388.8,77760.0,2025-07-20T13:46:30.760453
2025-07-20,62522,2025072001033930,SBL,Nepal Investment And Securities Trading Private Limited,Elite Stock House Limited,253,388.8,98366.4,2025-07-20T13:46:30.760566
2025-07-20,62521,2025072001033931,SBL,Nepal Investment And Securities Trading Private Limited,Nepal Investment And Securities Trading Private Limited,331,388.8,128692.8,2025-07-20T13:46:31.026341
2025-07-20,62348,2025072001034011,SBL,Imperial Securities Company Pvt. Ltd.,Nepal Investment And Securities Trading Private Limited,70,388.8,27216.0,2025-07-20T13:46:50.89491
2025-07-20,61688,2025072001034177,SBL,Capital Max Securities Ltd,Vision Securities Pvt. Ltd,49,388.7,19046.3,2025-07-20T13:48:10.636199
2025-07-20,60831,2025072001034432,SBL,Capital Max Securities Ltd,Prabhu Stock Market Limited,816,388.7,317179.2,2025-07-20T13:49:53.276989
2025-07-20,60826,2025072001034433,SBL,Capital Max Securities Ltd,Online Securities Pvt. Ltd.,60,388.7,23322.0,2025-07-20T13:49:53.341396
2025-07-20,60244,2025072001034634,SBL,Capital Max Securities Ltd,Online Securities Pvt. Ltd.,75,388.7,29152.5,2025-07-20T13:51:04.112554
2025-07-20,60243,2025072001034635,SBL,Dipshikha Dhitopatra Karobar Co. Pvt Ltd.,Online Securities Pvt. Ltd.,25,388.6,9715.0,2025-07-20T13:51:04.112931
2025-07-20,59619,2025072001034875,SBL,Cristal Kanchanjanga Securites Pvt. Ltd.,Magnet Securities and Investment Company Private Limited,1000,388.7,388700.0,2025-07-20T13:52:09.762421
2025-07-20,59236,2025072001035001,SBL,Cristal Kanchanjanga Securites Pvt. Ltd.,Sewa Securities Pvt. Ltd.,600,388.7,233220.0,2025-07-20T13:52:43.21871
2025-07-20,59003,2025072001035102,SBL,Opal Securities Investment (PVT) Ltd.,Nepal Investment And Securities Trading Private Limited,50,388.8,19440.0,2025-07-20T13:53:02.730888
2025-07-20,58515,2025072001035283,SBL,Cristal Kanchanjanga Securites Pvt. Ltd.,S.P.S.A. Securities Limited,2400,388.7,932880.0,2025-07-20T13:54:02.008664
2025-07-20,58514,2025072001035284,SBL,Dipshikha Dhitopatra Karobar Co. Pvt Ltd.,S.P.S.A. Securities Limited,1975,388.6,767485.0,2025-07-20T13:54:02.008802
2025-07-20,58513,2025072001035285,SBL,Trishakti Securities Public Limited,S.P.S.A. Securities Limited,5000,388.4,1942000.0,2025-07-20T13:54:02.008891
2025-07-20,58512,2025072001035286,SBL,K.B.L. Securities Limited ,S.P.S.A. Securities Limited,1000,388.2,388200.0,2025-07-20T13:54:02.008966
2025-07-20,58511,2025072001035287,SBL,Agrawal Securities (PVT) Ltd.,S.P.S.A. Securities Limited,130,388.1,50453.0,2025-07-20T13:54:02.009054
2025-07-20,58510,2025072001035288,SBL,Sipla Securities Private Limited,S.P.S.A. Securities Limited,3493,388.1,1355633.3,2025-07-20T13:54:02.009122
2025-07-20,57773,2025072001035479,SBL,Aryatara Investment & Securities,Naasa Securities Co. Ltd.,400,388.2,155280.0,2025-07-20T13:55:31.568869
2025-07-20,57729,2025072001035491,SBL,Aryatara Investment & Securities,Capital Hub P. Ltd,600,388.2,232920.0,2025-07-20T13:55:35.219237
2025-07-20,57728,2025072001035492,SBL,Sipla Securities Private Limited,Capital Hub P. Ltd,2416,388.1,937649.6,2025-07-20T13:55:35.219546
2025-07-20,57441,2025072001035585,SBL,Malla & Malla Stock Broking Company Pvt. Limited,Nepal Investment And Securities Trading Private Limited,10,388.8,3888.0,2025-07-20T13:56:07.321278
2025-07-20,57276,2025072001035639,SBL,Sipla Securities Private Limited,Malla & Malla Stock Broking Company Pvt. Limited,600,388.1,232860.0,2025-07-20T13:56:24.510491
2025-07-20,57236,2025072001035650,SBL,Sipla Securities Private Limited,Cristal Kanchanjanga Securites Pvt. Ltd.,112,388.1,43467.2,2025-07-20T13:56:28.610957
2025-07-20,56450,2025072001035887,SBL,Miyo Securities Pvt Ltd,Nepal Investment And Securities Trading Private Limited,39,388.8,15163.2,2025-07-20T13:57:37.990929
2025-07-20,56449,2025072001035888,SBL,Miyo Securities Pvt Ltd,Capital Hub P. Ltd,1000,390.0,390000.0,2025-07-20T13:57:37.990989
2025-07-20,56448,2025072001035889,SBL,Miyo Securities Pvt Ltd,Sumeru Securities Pvt. Ltd.,50,390.0,19500.0,2025-07-20T13:57:37.991015
2025-07-20,54458,2025072001036554,SBL,Sipla Securities Private Limited,Opal Securities Investment (PVT) Ltd.,1304,388.1,506082.4,2025-07-20T14:01:21.532866
2025-07-20,54457,2025072001036555,SBL,Sani Securities Company Ltd.,Opal Securities Investment (PVT) Ltd.,5000,388.0,1940000.0,2025-07-20T14:01:21.533546
2025-07-20,54456,2025072001036556,SBL,Dakshinkali Investment & Securities Pvt. Ltd.,Opal Securities Investment (PVT) Ltd.,500,388.0,194000.0,2025-07-20T14:01:21.534001
2025-07-20,54455,2025072001036557,SBL,Naasa Securities Co. Ltd.,Opal Securities Investment (PVT) Ltd.,41,388.0,15908.0,2025-07-20T14:01:21.534454
2025-07-20,54454,2025072001036558,SBL,Vision Securities Pvt. Ltd,Opal Securities Investment (PVT) Ltd.,114,387.5,44175.0,2025-07-20T14:01:21.534867
2025-07-20,54453,2025072001036559,SBL,Aryatara Investment & Securities,Opal Securities Investment (PVT) Ltd.,5000,387.5,1937500.0,2025-07-20T14:01:21.535319
2025-07-20,54452,2025072001036560,SBL,Vision Securities Pvt. Ltd,Opal Securities Investment (PVT) Ltd.,41,387.5,15887.5,2025-07-20T14:01:21.535734
2025-07-20,53429,2025072001036870,SBL,Sundhara Securities Limited,Trishakti Securities Public Limited,100,388.0,38800.0,2025-07-20T14:03:17.128816
2025-07-20,53428,2025072001036871,SBL,Vision Securities Pvt. Ltd,Trishakti Securities Public Limited,459,387.5,177862.5,2025-07-20T14:03:17.12887
2025-07-20,53427,2025072001036872,SBL,Online Securities Pvt. Ltd.,Trishakti Securities Public Limited,50,387.2,19360.0,2025-07-20T14:03:17.128896
2025-07-20,53426,2025072001036873,SBL,Online Securities Pvt. Ltd.,Trishakti Securities Public Limited,50,387.1,19355.0,2025-07-20T14:03:17.128948
2025-07-20,53425,2025072001036874,SBL,Sani Securities Company Ltd.,Trishakti Securities Public Limited,46,387.0,17802.0,2025-07-20T14:03:17.128972
2025-07-20,53424,2025072001036875,SBL,Nepal Stock House (PVT) Ltd.,Trishakti Securities Public Limited,310,387.0,119970.0,2025-07-20T14:03:17.129033
2025-07-20,53423,2025072001036876,SBL,Dipshikha Dhitopatra Karobar Co. Pvt Ltd.,Trishakti Securities Public Limited,100,387.0,38700.0,2025-07-20T14:03:17.129056
2025-07-20,53422,2025072001036877,SBL,Naasa Securities Co. Ltd.,Trishakti Securities Public Limited,48,386.9,18571.2,2025-07-20T14:03:17.129077
2025-07-20,53421,2025072001036878,SBL,Deevyaa Securities & Stock House Pvt. Ltd,Trishakti Securities Public Limited,337,386.4,130216.8,2025-07-20T14:03:17.129102
2025-07-20,52419,2025072001037229,SBL,Deevyaa Securities & Stock House Pvt. Ltd,Online Securities Pvt. Ltd.,100,386.4,38640.0,2025-07-20T14:04:48.77702
2025-07-20,52392,2025072001037244,SBL,INDEX SECURITIES LIMITED,Dipshikha Dhitopatra Karobar Co. Pvt Ltd.,10,388.9,3889.0,2025-07-20T14:04:51.41113
2025-07-20,51977,2025072001037344,SBL,Roadshow securities limited,Dipshikha Dhitopatra Karobar Co. Pvt Ltd.,513,388.9,199505.7,2025-07-20T14:05:34.901315
2025-07-20,51860,2025072001037377,SBL,Roadshow securities limited,Premier Securities Company Ltd.,500,389.0,194500.0,2025-07-20T14:05:48.939323
2025-07-20,49660,2025072001038201,SBL,Sumeru Securities Pvt. Ltd.,Nepal Stock House (PVT) Ltd.,100,388.0,38800.0,2025-07-20T14:09:07.194301
2025-07-20,49363,2025072001038252,SBL,Roadshow securities limited,Linch Stock Market Ltd.,341,388.0,132308.0,2025-07-20T14:09:29.815399
2025-07-20,48791,2025072001038451,SBL,Nabil Stock Dealer Ltd.,Nepal Stock House (PVT) Ltd.,150,387.0,58050.0,2025-07-20T14:10:22.432463
2025-07-20,48254,2025072001038669,SBL,Nabil Stock Dealer Ltd.,Premier Securities Company Ltd.,350,387.0,135450.0,2025-07-20T14:11:15.660457
2025-07-20,48253,2025072001038670,SBL,Deevyaa Securities & Stock House Pvt. Ltd,Premier Securities Company Ltd.,563,386.4,217543.2,2025-07-20T14:11:15.660542
2025-07-20,48252,2025072001038671,SBL,South Asian Bulls Pvt. Ltd.,Premier Securities Company Ltd.,100,386.1,38610.0,2025-07-20T14:11:15.660598
2025-07-20,48251,2025072001038672,SBL,Naasa Securities Co. Ltd.,Premier Securities Company Ltd.,500,386.1,193050.0,2025-07-20T14:11:15.660627
2025-07-20,48250,2025072001038673,SBL,Capital Max Securities Ltd,Premier Securities Company Ltd.,1000,386.0,386000.0,2025-07-20T14:11:15.66066
2025-07-20,48249,2025072001038674,SBL,Nepal Stock House (PVT) Ltd.,Premier Securities Company Ltd.,500,386.0,193000.0,2025-07-20T14:11:15.660702
2025-07-20,48248,2025072001038675,SBL,Imperial Securities Company Pvt. Ltd.,Premier Securities Company Ltd.,100,385.2,38520.0,2025-07-20T14:11:15.660736
2025-07-20,48247,2025072001038676,SBL,Citizens Share Broker Limited,Premier Securities Company Ltd.,5000,385.1,1925500.0,2025-07-20T14:11:15.660765
2025-07-20,48246,2025072001038677,SBL,Linch Stock Market Ltd.,Premier Securities Company Ltd.,150,385.0,57750.0,2025-07-20T14:11:15.660792
2025-07-20,48245,2025072001038678,SBL,Dakshinkali Investment & Securities Pvt. Ltd.,Premier Securities Company Ltd.,500,385.0,192500.0,2025-07-20T14:11:15.660828
2025-07-20,48244,2025072001038679,SBL,Premier Securities Company Ltd.,Premier Securities Company Ltd.,500,385.0,192500.0,2025-07-20T14:11:15.660858
2025-07-20,48243,2025072001038680,SBL,Sani Securities Company Ltd.,Premier Securities Company Ltd.,50,385.0,19250.0,2025-07-20T14:11:15.660887
2025-07-20,48242,2025072001038681,SBL,Sani Securities Company Ltd.,Premier Securities Company Ltd.,200,385.0,77000.0,2025-07-20T14:11:15.660917
2025-07-20,48241,2025072001038682,SBL,Malla & Malla Stock Broking Company Pvt. Limited,Premier Securities Company Ltd.,200,385.0,77000.0,2025-07-20T14:11:15.660967
2025-07-20,48240,2025072001038683,SBL,Imperial Securities Company Pvt. Ltd.,Premier Securities Company Ltd.,200,385.0,77000.0,2025-07-20T14:11:15.66101
2025-07-20,48239,2025072001038684,SBL,Kohinoor Investment & Securities Pvt. Ltd.,Premier Securities Company Ltd.,160,384.1,61456.0,2025-07-20T14:11:15.661054
2025-07-20,48238,2025072001038685,SBL,Malla & Malla Stock Broking Company Pvt. Limited,Premier Securities Company Ltd.,100,384.0,38400.0,2025-07-20T14:11:15.661094
2025-07-20,48237,2025072001038686,SBL,K.B.L. Securities Limited ,Premier Securities Company Ltd.,1000,384.0,384000.0,2025-07-20T14:11:15.661137
2025-07-20,48236,2025072001038687,SBL,ABC Securities Private Limited,Premier Securities Company Ltd.,50,384.0,19200.0,2025-07-20T14:11:15.661165
2025-07-20,48235,2025072001038688,SBL,Midas Stock Broking Company Private Limited,Premier Securities Company Ltd.,100,384.0,38400.0,2025-07-20T14:11:15.661202
2025-07-20,48234,2025072001038689,SBL,Nepal Investment And Securities Trading Private Limited,Premier Securities Company Ltd.,500,383.0,191500.0,2025-07-20T14:11:15.661236
2025-07-20,48233,2025072001038690,SBL,Sharepro Securities Private Limited,Premier Securities Company Ltd.,100,382.2,38220.0,2025-07-20T14:11:15.661264
2025-07-20,48232,2025072001038691,SBL,Nepal Investment And Securities Trading Private Limited,Premier Securities Company Ltd.,100,382.1,38210.0,2025-07-20T14:11:15.661293
2025-07-20,48231,2025072001038692,SBL,Aakashbhairab Securities Ltd.,Premier Securities Company Ltd.,3000,382.1,1146300.0,2025-07-20T14:11:15.661333
2025-07-20,48230,2025072001038693,SBL,Premier Securities Company Ltd.,Premier Securities Company Ltd.,20,382.0,7640.0,2025-07-20T14:11:15.66137
2025-07-20,48229,2025072001038694,SBL,Online Securities Pvt. Ltd.,Premier Securities Company Ltd.,3207,382.0,1225074.0,2025-07-20T14:11:15.661419
2025-07-20,47959,2025072001038795,SBL,Deevyaa Securities & Stock House Pvt. Ltd,Aryatara Investment & Securities,10,388.0,3880.0,2025-07-20T14:11:45.00655
2025-07-20,43211,2025072001040185,SBL,Opal Securities Investment (PVT) Ltd.,ABC Securities Private Limited,200,385.1,77020.0,2025-07-20T14:19:51.441718
2025-07-20,43019,2025072001040236,SBL,Trishakti Securities Public Limited,Sani Securities Company Ltd.,70,386.0,27020.0,2025-07-20T14:20:13.343573
2025-07-20,43018,2025072001040237,SBL,Trishakti Securities Public Limited,Trisul Securities & Invt. Ltd.,113,386.0,43618.0,2025-07-20T14:20:13.343675
2025-07-20,43017,2025072001040238,SBL,Trishakti Securities Public Limited,Cristal Kanchanjanga Securites Pvt. Ltd.,17,387.8,6592.6,2025-07-20T14:20:13.343749
2025-07-20,40803,2025072001040945,SBL,South Asian Bulls Pvt. Ltd.,INDEX SECURITIES LIMITED,10,385.0,3850.0,2025-07-20T14:24:13.944533
2025-07-20,40659,2025072001041003,SBL,South Asian Bulls Pvt. Ltd.,INDEX SECURITIES LIMITED,10,385.0,3850.0,2025-07-20T14:24:23.986914
2025-07-20,40546,2025072001041048,SBL,South Asian Bulls Pvt. Ltd.,Linch Stock Market Ltd.,180,385.0,69300.0,2025-07-20T14:24:34.941981
2025-07-20,40545,2025072001041049,SBL,Nepal Stock House (PVT) Ltd.,Linch Stock Market Ltd.,200,385.0,77000.0,2025-07-20T14:24:34.94227
2025-07-20,40544,2025072001041050,SBL,Oxford Securities Pvt. Ltd.,Linch Stock Market Ltd.,10,385.0,3850.0,2025-07-20T14:24:34.942418
2025-07-20,40396,2025072001041114,SBL,Machhapuchchhre Securities Limited,Linch Stock Market Ltd.,10,385.0,3850.0,2025-07-20T14:24:44.891295
2025-07-20,40395,2025072001041115,SBL,Machhapuchchhre Securities Limited,Cristal Kanchanjanga Securites Pvt. Ltd.,10,386.0,3860.0,2025-07-20T14:24:44.89142
2025-07-20,40029,2025072001041245,SBL,Sani Securities Company Ltd.,Linch Stock Market Ltd.,1,379.5,379.5,2025-07-20T14:25:25.102803
2025-07-20,39626,2025072001041459,SBL,Sani Securities Company Ltd.,Thrive Brokerage House Pvt. Ltd,2,380.0,760.0,2025-07-20T14:25:52.826749
2025-07-20,39452,2025072001041497,SBL,Premier Securities Company Ltd.,Trishakti Securities Public Limited,20,383.1,7662.0,2025-07-20T14:26:06.826771
2025-07-20,39451,2025072001041498,SBL,Swarna Laxmi Securities Pvt. Ltd.,Trishakti Securities Public Limited,255,383.0,97665.0,2025-07-20T14:26:06.827063
2025-07-20,39361,2025072001041527,SBL,Swarna Laxmi Securities Pvt. Ltd.,Premier Securities Company Ltd.,100,383.0,38300.0,2025-07-20T14:26:16.145619
2025-07-20,39319,2025072001041544,SBL,Sani Securities Company Ltd.,Dipshikha Dhitopatra Karobar Co. Pvt Ltd.,5,381.0,1905.0,2025-07-20T14:26:20.596302
2025-07-20,39167,2025072001041577,SBL,Swarna Laxmi Securities Pvt. Ltd.,Kohinoor Investment & Securities Pvt. Ltd.,145,383.0,55535.0,2025-07-20T14:26:32.428049
2025-07-20,39166,2025072001041578,SBL,Creative Securities Pvt Ltd,Kohinoor Investment & Securities Pvt. Ltd.,300,382.1,114630.0,2025-07-20T14:26:32.428089
2025-07-20,39165,2025072001041579,SBL,Creative Securities Pvt Ltd,Kohinoor Investment & Securities Pvt. Ltd.,3000,382.1,1146300.0,2025-07-20T14:26:32.428112
2025-07-20,39164,2025072001041580,SBL,Online Securities Pvt. Ltd.,Kohinoor Investment & Securities Pvt. Ltd.,1055,382.0,403010.0,2025-07-20T14:26:32.428135
2025-07-20,38824,2025072001041643,SBL,Oxford Securities Pvt. Ltd.,Linch Stock Market Ltd.,10,383.0,3830.0,2025-07-20T14:26:53.951707
2025-07-20,38823,2025072001041644,SBL,Online Securities Pvt. Ltd.,Linch Stock Market Ltd.,602,382.0,229964.0,2025-07-20T14:26:53.952306
2025-07-20,38716,2025072001041682,SBL,Online Securities Pvt. Ltd.,Creative Securities Pvt Ltd,136,382.0,51952.0,2025-07-20T14:27:02.341585
2025-07-20,38715,2025072001041683,SBL,South Asian Bulls Pvt. Ltd.,Creative Securities Pvt Ltd,1000,382.0,382000.0,2025-07-20T14:27:02.342177
