Date,S.N.,Contract ID,Symbol,Buyer Broker,Seller Broker,volume,rate,amount,transaction_time
2025-07-20,178098,2025072003000040,SFCL,Nabil Stock Dealer Ltd.,Infinity Securities Limited,103,542.8,55908.4,2025-07-20T10:46:00.034717
2025-07-20,178097,2025072003000041,SFCL,Nabil Stock Dealer Ltd.,Aryatara Investment & Securities,140,542.8,75992.0,2025-07-20T10:46:00.034781
2025-07-20,178096,2025072003000042,SFCL,Nabil Stock Dealer Ltd.,Sweta Securities Private Limited,100,542.8,54280.0,2025-07-20T10:46:00.034805
2025-07-20,178095,2025072003000043,SFCL,Nabil Stock Dealer Ltd.,Imperial Securities Company Pvt. Ltd.,200,542.8,108560.0,2025-07-20T10:46:00.034827
2025-07-20,178094,2025072003000044,SFCL,Nabil Stock Dealer Ltd.,Imperial Securities Company Pvt. Ltd.,457,542.8,248059.6,2025-07-20T10:46:00.034856
2025-07-20,178093,2025072003000045,SFCL,Oxford Securities Pvt. Ltd.,Imperial Securities Company Pvt. Ltd.,182,542.8,98789.6,2025-07-20T10:46:00.034878
2025-07-20,178092,2025072003000046,SFCL,Nepal Stock House (PVT) Ltd.,Imperial Securities Company Pvt. Ltd.,100,542.8,54280.0,2025-07-20T10:46:00.03492
2025-07-20,177880,2025072003000094,SFCL,Nepal Stock House (PVT) Ltd.,Imperial Securities Company Pvt. Ltd.,100,532.0,53200.0,2025-07-20T11:00:26.362662
2025-07-20,177853,2025072003000107,SFCL,Sumeru Securities Pvt. Ltd.,Imperial Securities Company Pvt. Ltd.,50,532.0,26600.0,2025-07-20T11:00:29.92425
2025-07-20,177848,2025072003000108,SFCL,Sumeru Securities Pvt. Ltd.,Online Securities Pvt. Ltd.,30,532.0,15960.0,2025-07-20T11:00:30.704969
2025-07-20,177845,2025072003000109,SFCL,Sumeru Securities Pvt. Ltd.,Aryatara Investment & Securities,50,532.0,26600.0,2025-07-20T11:00:30.777334
2025-07-20,177826,2025072003000112,SFCL,Sumeru Securities Pvt. Ltd.,Creative Securities Pvt Ltd,200,532.0,106400.0,2025-07-20T11:00:34.743748
2025-07-20,177818,2025072003000116,SFCL,Sumeru Securities Pvt. Ltd.,Naasa Securities Co. Ltd.,98,532.0,52136.0,2025-07-20T11:00:36.440598
2025-07-20,177806,2025072003000119,SFCL,Sumeru Securities Pvt. Ltd.,Magnet Securities and Investment Company Private Limited,472,532.0,251104.0,2025-07-20T11:00:37.478279
2025-07-20,177805,2025072003000120,SFCL,South Asian Bulls Pvt. Ltd.,Magnet Securities and Investment Company Private Limited,200,532.0,106400.0,2025-07-20T11:00:37.478369
2025-07-20,177783,2025072003000123,SFCL,Aryatara Investment & Securities,Magnet Securities and Investment Company Private Limited,30,532.0,15960.0,2025-07-20T11:00:40.92205
2025-07-20,177680,2025072003000146,SFCL,Nepal Stock House (PVT) Ltd.,Shree Krishna Securities Ltd.,200,522.0,104400.0,2025-07-20T11:00:54.934668
2025-07-20,177658,2025072003000155,SFCL,Creative Securities Pvt Ltd,Shree Krishna Securities Ltd.,50,522.0,26100.0,2025-07-20T11:00:58.852145
2025-07-20,177657,2025072003000156,SFCL,Creative Securities Pvt Ltd,Sri Hari Securities Pvt. Ltd.,20,522.0,10440.0,2025-07-20T11:00:58.852191
2025-07-20,177656,2025072003000157,SFCL,Creative Securities Pvt Ltd,Trishakti Securities Public Limited,80,522.0,41760.0,2025-07-20T11:00:58.852218
2025-07-20,177595,2025072003000173,SFCL,Dynamic Money Managers Securities Pvt. Ltd.,Trishakti Securities Public Limited,100,522.0,52200.0,2025-07-20T11:01:07.110563
2025-07-20,177570,2025072003000180,SFCL,Aryatara Investment & Securities,Naasa Securities Co. Ltd.,10,511.6,5116.0,2025-07-20T11:01:10.089922
2025-07-20,177564,2025072003000181,SFCL,Aryatara Investment & Securities,SHUBHAKAMANA SECURITIES PVT. LTD,10,511.6,5116.0,2025-07-20T11:01:10.939331
2025-07-20,177477,2025072003000200,SFCL,Asian Securities Private Ltd.,SHUBHAKAMANA SECURITIES PVT. LTD,100,501.4,50140.0,2025-07-20T11:01:20.960914
2025-07-20,177449,2025072003000212,SFCL,Nepal Stock House (PVT) Ltd.,SHUBHAKAMANA SECURITIES PVT. LTD,30,501.4,15042.0,2025-07-20T11:01:22.997536
2025-07-20,177352,2025072003000227,SFCL,Nepal Stock House (PVT) Ltd.,Bhrikuti Stock Broking Co. Pvt. Ltd.,60,510.0,30600.0,2025-07-20T11:01:32.373334
2025-07-20,177341,2025072003000229,SFCL,Nepal Stock House (PVT) Ltd.,Premier Securities Company Ltd.,100,510.0,51000.0,2025-07-20T11:01:33.085481
2025-07-20,177285,2025072003000235,SFCL,Nepal Stock House (PVT) Ltd.,Dakshinkali Investment & Securities Pvt. Ltd.,10,510.0,5100.0,2025-07-20T11:01:39.619341
2025-07-20,177284,2025072003000236,SFCL,Secured Securities Ltd.,Dakshinkali Investment & Securities Pvt. Ltd.,50,510.0,25500.0,2025-07-20T11:01:39.619492
2025-07-20,177273,2025072003000240,SFCL,Secured Securities Ltd.,SHUBHAKAMANA SECURITIES PVT. LTD,30,510.0,15300.0,2025-07-20T11:01:41.003407
2025-07-20,177272,2025072003000241,SFCL,Market Securities & Exchange (PVT) Ltd.,SHUBHAKAMANA SECURITIES PVT. LTD,70,505.0,35350.0,2025-07-20T11:01:41.003436
2025-07-20,177257,2025072003000243,SFCL,Market Securities & Exchange (PVT) Ltd.,Neev Securities Pvt. Ltd.,430,505.0,217150.0,2025-07-20T11:01:43.201479
2025-07-20,177256,2025072003000244,SFCL,Kohinoor Investment & Securities Pvt. Ltd.,Neev Securities Pvt. Ltd.,50,502.0,25100.0,2025-07-20T11:01:43.201526
2025-07-20,177255,2025072003000245,SFCL,Kohinoor Investment & Securities Pvt. Ltd.,Neev Securities Pvt. Ltd.,10,501.4,5014.0,2025-07-20T11:01:43.201575
2025-07-20,177254,2025072003000246,SFCL,Imperial Securities Company Pvt. Ltd.,Neev Securities Pvt. Ltd.,100,501.0,50100.0,2025-07-20T11:01:43.201607
2025-07-20,177234,2025072003000250,SFCL,Citizens Share Broker Limited,Neev Securities Pvt. Ltd.,1000,500.0,500000.0,2025-07-20T11:01:45.537286
2025-07-20,177177,2025072003000265,SFCL,Imperial Securities Company Pvt. Ltd.,Neev Securities Pvt. Ltd.,500,500.0,250000.0,2025-07-20T11:01:50.200873
2025-07-20,177163,2025072003000271,SFCL,Nepal Investment And Securities Trading Private Limited,Neev Securities Pvt. Ltd.,20,500.0,10000.0,2025-07-20T11:01:51.761007
2025-07-20,177125,2025072003000277,SFCL,Sumeru Securities Pvt. Ltd.,Neev Securities Pvt. Ltd.,390,500.0,195000.0,2025-07-20T11:01:53.734808
2025-07-20,177068,2025072003000289,SFCL,Sumeru Securities Pvt. Ltd.,Midas Stock Broking Company Private Limited,195,500.0,97500.0,2025-07-20T11:01:58.854239
2025-07-20,177067,2025072003000290,SFCL,Sumeru Securities Pvt. Ltd.,Infinity Securities Limited,300,500.0,150000.0,2025-07-20T11:01:58.946525
2025-07-20,177052,2025072003000295,SFCL,Aryatara Investment & Securities,Aryatara Investment & Securities,50,505.0,25250.0,2025-07-20T11:02:00.290163
2025-07-20,177051,2025072003000296,SFCL,Aryatara Investment & Securities,Sani Securities Company Ltd.,50,505.0,25250.0,2025-07-20T11:02:00.29021
2025-07-20,177026,2025072003000298,SFCL,Online Securities Pvt. Ltd.,Indira securities pvt. ltd,500,501.0,250500.0,2025-07-20T11:02:01.954069
2025-07-20,177023,2025072003000300,SFCL,Sweta Securities Private Limited,Sri Hari Securities Pvt. Ltd.,30,501.4,15042.0,2025-07-20T11:02:02.660724
2025-07-20,176958,2025072003000309,SFCL,Nepal Investment And Securities Trading Private Limited,Sani Securities Company Ltd.,10,505.0,5050.0,2025-07-20T11:02:10.025655
2025-07-20,176951,2025072003000311,SFCL,Imperial Securities Company Pvt. Ltd.,Sani Securities Company Ltd.,300,505.0,151500.0,2025-07-20T11:02:10.847089
2025-07-20,176914,2025072003000334,SFCL,Sweta Securities Private Limited,Sani Securities Company Ltd.,100,501.4,50140.0,2025-07-20T11:02:13.419458
2025-07-20,176875,2025072003000345,SFCL,Naasa Securities Co. Ltd.,Sani Securities Company Ltd.,50,505.0,25250.0,2025-07-20T11:02:15.98764
2025-07-20,176870,2025072003000349,SFCL,Sweta Securities Private Limited,Dipshikha Dhitopatra Karobar Co. Pvt Ltd.,200,501.4,100280.0,2025-07-20T11:02:16.706352
2025-07-20,176857,2025072003000350,SFCL,Sumeru Securities Pvt. Ltd.,Cristal Kanchanjanga Securites Pvt. Ltd.,60,504.0,30240.0,2025-07-20T11:02:18.65161
2025-07-20,176842,2025072003000351,SFCL,Kohinoor Investment & Securities Pvt. Ltd.,Cristal Kanchanjanga Securites Pvt. Ltd.,10,504.0,5040.0,2025-07-20T11:02:19.834409
2025-07-20,176837,2025072003000352,SFCL,Miyo Securities Pvt Ltd,Naasa Securities Co. Ltd.,200,501.5,100300.0,2025-07-20T11:02:20.01047
2025-07-20,176836,2025072003000353,SFCL,Sweta Securities Private Limited,Naasa Securities Co. Ltd.,148,501.4,74207.2,2025-07-20T11:02:20.010542
2025-07-20,176825,2025072003000358,SFCL,Aryatara Investment & Securities,Cristal Kanchanjanga Securites Pvt. Ltd.,200,504.0,100800.0,2025-07-20T11:02:20.88442
2025-07-20,176820,2025072003000359,SFCL,Imperial Securities Company Pvt. Ltd.,Cristal Kanchanjanga Securites Pvt. Ltd.,730,504.0,367920.0,2025-07-20T11:02:21.107741
2025-07-20,176819,2025072003000360,SFCL,Imperial Securities Company Pvt. Ltd.,Sani Securities Company Ltd.,90,505.0,45450.0,2025-07-20T11:02:21.107862
2025-07-20,176818,2025072003000361,SFCL,Imperial Securities Company Pvt. Ltd.,Kohinoor Investment & Securities Pvt. Ltd.,180,505.0,90900.0,2025-07-20T11:02:21.107944
2025-07-20,176813,2025072003000362,SFCL,Capital Max Securities Ltd,Kohinoor Investment & Securities Pvt. Ltd.,100,505.0,50500.0,2025-07-20T11:02:21.259759
2025-07-20,176790,2025072003000363,SFCL,Siprabi Securities Pvt. Ltd.,Naasa Securities Co. Ltd.,100,502.0,50200.0,2025-07-20T11:02:23.788487
2025-07-20,176789,2025072003000364,SFCL,Sweta Securities Private Limited,Naasa Securities Co. Ltd.,22,501.4,11030.8,2025-07-20T11:02:23.788543
2025-07-20,176788,2025072003000365,SFCL,Kumari Securities Private Limited,Naasa Securities Co. Ltd.,200,501.0,100200.0,2025-07-20T11:02:23.788578
2025-07-20,176787,2025072003000366,SFCL,J.F. Securites (PVT) Ltd.,Naasa Securities Co. Ltd.,28,501.0,14028.0,2025-07-20T11:02:23.788631
2025-07-20,176760,2025072003000371,SFCL,Kohinoor Investment & Securities Pvt. Ltd.,Kohinoor Investment & Securities Pvt. Ltd.,220,505.0,111100.0,2025-07-20T11:02:25.915846
2025-07-20,176674,2025072003000385,SFCL,Asian Securities Private Ltd.,Nepal Stock House (PVT) Ltd.,80,510.0,40800.0,2025-07-20T11:02:33.292816
2025-07-20,176673,2025072003000386,SFCL,Asian Securities Private Ltd.,Sundhara Securities Limited,20,510.0,10200.0,2025-07-20T11:02:33.292889
2025-07-20,176665,2025072003000390,SFCL,Kohinoor Investment & Securities Pvt. Ltd.,Magnet Securities and Investment Company Private Limited,280,505.0,141400.0,2025-07-20T11:02:33.72504
2025-07-20,176664,2025072003000391,SFCL,Nepal Stock House (PVT) Ltd.,Magnet Securities and Investment Company Private Limited,200,505.0,101000.0,2025-07-20T11:02:33.725099
2025-07-20,176663,2025072003000392,SFCL,Aryatara Investment & Securities,Magnet Securities and Investment Company Private Limited,100,505.0,50500.0,2025-07-20T11:02:33.725132
2025-07-20,176662,2025072003000393,SFCL,Capital Max Securities Ltd,Magnet Securities and Investment Company Private Limited,300,505.0,151500.0,2025-07-20T11:02:33.725174
2025-07-20,176661,2025072003000394,SFCL,Aryatara Investment & Securities,Magnet Securities and Investment Company Private Limited,100,505.0,50500.0,2025-07-20T11:02:33.725204
2025-07-20,176657,2025072003000395,SFCL,Midas Stock Broking Company Private Limited,Magnet Securities and Investment Company Private Limited,50,505.0,25250.0,2025-07-20T11:02:35.000408
2025-07-20,176645,2025072003000398,SFCL,Creative Securities Pvt Ltd,Magnet Securities and Investment Company Private Limited,150,505.0,75750.0,2025-07-20T11:02:35.660138
2025-07-20,176634,2025072003000401,SFCL,Sani Securities Company Ltd.,Magnet Securities and Investment Company Private Limited,1820,505.0,919100.0,2025-07-20T11:02:36.568813
2025-07-20,176549,2025072003000415,SFCL,Online Securities Pvt. Ltd.,Sundhara Securities Limited,70,510.0,35700.0,2025-07-20T11:02:44.509219
2025-07-20,176508,2025072003000423,SFCL,Secured Securities Ltd.,Deevyaa Securities & Stock House Pvt. Ltd,100,506.0,50600.0,2025-07-20T11:02:47.627656
2025-07-20,176507,2025072003000424,SFCL,Sani Securities Company Ltd.,Deevyaa Securities & Stock House Pvt. Ltd,180,505.0,90900.0,2025-07-20T11:02:47.627766
2025-07-20,176506,2025072003000425,SFCL,Dipshikha Dhitopatra Karobar Co. Pvt Ltd.,Deevyaa Securities & Stock House Pvt. Ltd,100,505.0,50500.0,2025-07-20T11:02:47.627838
2025-07-20,176505,2025072003000426,SFCL,Deevyaa Securities & Stock House Pvt. Ltd,Deevyaa Securities & Stock House Pvt. Ltd,100,505.0,50500.0,2025-07-20T11:02:47.627903
2025-07-20,176504,2025072003000427,SFCL,Sumeru Securities Pvt. Ltd.,Deevyaa Securities & Stock House Pvt. Ltd,50,505.0,25250.0,2025-07-20T11:02:47.627968
2025-07-20,176503,2025072003000428,SFCL,Primo Securities (PVT) Ltd.,Deevyaa Securities & Stock House Pvt. Ltd,100,505.0,50500.0,2025-07-20T11:02:47.628051
2025-07-20,176502,2025072003000429,SFCL,ABC Securities Private Limited,Deevyaa Securities & Stock House Pvt. Ltd,370,505.0,186850.0,2025-07-20T11:02:47.628133
2025-07-20,176430,2025072003000444,SFCL,Sweta Securities Private Limited,Sweta Securities Private Limited,10,509.0,5090.0,2025-07-20T11:02:55.140757
2025-07-20,176429,2025072003000445,SFCL,Sweta Securities Private Limited,Sundhara Securities Limited,80,510.0,40800.0,2025-07-20T11:02:55.140829
2025-07-20,176428,2025072003000446,SFCL,Sweta Securities Private Limited,Nagarik Stock Dealer ,50,510.0,25500.0,2025-07-20T11:02:55.140873
2025-07-20,176427,2025072003000447,SFCL,Sweta Securities Private Limited,Indira securities pvt. ltd,500,510.0,255000.0,2025-07-20T11:02:55.140911
2025-07-20,176362,2025072003000472,SFCL,Sweta Securities Private Limited,Magnet Securities and Investment Company Private Limited,60,510.0,30600.0,2025-07-20T11:02:59.786729
2025-07-20,176361,2025072003000473,SFCL,Creative Securities Pvt Ltd,Magnet Securities and Investment Company Private Limited,150,510.0,76500.0,2025-07-20T11:02:59.786828
2025-07-20,176360,2025072003000474,SFCL,Kumari Securities Private Limited,Magnet Securities and Investment Company Private Limited,270,506.0,136620.0,2025-07-20T11:02:59.786877
2025-07-20,176359,2025072003000475,SFCL,ABC Securities Private Limited,Magnet Securities and Investment Company Private Limited,131,505.0,66155.0,2025-07-20T11:02:59.786909
2025-07-20,176358,2025072003000476,SFCL,Dakshinkali Investment & Securities Pvt. Ltd.,Magnet Securities and Investment Company Private Limited,100,505.0,50500.0,2025-07-20T11:02:59.786941
2025-07-20,176357,2025072003000477,SFCL,Midas Stock Broking Company Private Limited,Magnet Securities and Investment Company Private Limited,100,505.0,50500.0,2025-07-20T11:02:59.786968
2025-07-20,176356,2025072003000478,SFCL,Dynamic Money Managers Securities Pvt. Ltd.,Magnet Securities and Investment Company Private Limited,200,505.0,101000.0,2025-07-20T11:02:59.786999
2025-07-20,176355,2025072003000479,SFCL,Sri Hari Securities Pvt. Ltd.,Magnet Securities and Investment Company Private Limited,100,505.0,50500.0,2025-07-20T11:02:59.787075
2025-07-20,176354,2025072003000480,SFCL,Thrive Brokerage House Pvt. Ltd,Magnet Securities and Investment Company Private Limited,100,505.0,50500.0,2025-07-20T11:02:59.78713
2025-07-20,176339,2025072003000482,SFCL,Vision Securities Pvt. Ltd,Magnet Securities and Investment Company Private Limited,50,505.0,25250.0,2025-07-20T11:03:00.985398
2025-07-20,176330,2025072003000484,SFCL,J.F. Securites (PVT) Ltd.,Magnet Securities and Investment Company Private Limited,37,505.0,18685.0,2025-07-20T11:03:01.219618
2025-07-20,176259,2025072003000497,SFCL,Secured Securities Ltd.,Sani Securities Company Ltd.,20,506.1,10122.0,2025-07-20T11:03:07.333285
2025-07-20,176258,2025072003000498,SFCL,J.F. Securites (PVT) Ltd.,Sani Securities Company Ltd.,163,505.0,82315.0,2025-07-20T11:03:07.333362
2025-07-20,176257,2025072003000499,SFCL,Dipshikha Dhitopatra Karobar Co. Pvt Ltd.,Sani Securities Company Ltd.,100,505.0,50500.0,2025-07-20T11:03:07.33341
2025-07-20,176256,2025072003000500,SFCL,Imperial Securities Company Pvt. Ltd.,Sani Securities Company Ltd.,100,505.0,50500.0,2025-07-20T11:03:07.333456
2025-07-20,176255,2025072003000501,SFCL,Midas Stock Broking Company Private Limited,Sani Securities Company Ltd.,500,505.0,252500.0,2025-07-20T11:03:07.333488
2025-07-20,176254,2025072003000502,SFCL,Sewa Securities Pvt. Ltd.,Sani Securities Company Ltd.,10,504.0,5040.0,2025-07-20T11:03:07.333517
2025-07-20,176253,2025072003000503,SFCL,Sweta Securities Private Limited,Sani Securities Company Ltd.,900,504.0,453600.0,2025-07-20T11:03:07.333547
2025-07-20,176252,2025072003000504,SFCL,Neev Securities Pvt. Ltd.,Sani Securities Company Ltd.,500,502.1,251050.0,2025-07-20T11:03:07.333577
2025-07-20,176251,2025072003000505,SFCL,Agrawal Securities (PVT) Ltd.,Sani Securities Company Ltd.,20,502.1,10042.0,2025-07-20T11:03:07.333606
2025-07-20,176250,2025072003000506,SFCL,Imperial Securities Company Pvt. Ltd.,Sani Securities Company Ltd.,187,502.1,93892.7,2025-07-20T11:03:07.333633
2025-07-20,176204,2025072003000515,SFCL,Imperial Securities Company Pvt. Ltd.,Secured Securities Ltd.,400,510.0,204000.0,2025-07-20T11:03:12.297387
2025-07-20,176108,2025072003000525,SFCL,Imperial Securities Company Pvt. Ltd.,Secured Securities Ltd.,50,510.0,25500.0,2025-07-20T11:03:18.468599
2025-07-20,176058,2025072003000534,SFCL,Creative Securities Pvt Ltd,Asian Securities Private Ltd.,150,515.0,77250.0,2025-07-20T11:03:21.985043
2025-07-20,175999,2025072003000542,SFCL,Trishakti Securities Public Limited,Sri Hari Securities Pvt. Ltd.,100,507.0,50700.0,2025-07-20T11:03:25.286436
2025-07-20,175998,2025072003000543,SFCL,Deevyaa Securities & Stock House Pvt. Ltd,Sri Hari Securities Pvt. Ltd.,150,506.2,75930.0,2025-07-20T11:03:25.286505
2025-07-20,175992,2025072003000546,SFCL,Cristal Kanchanjanga Securites Pvt. Ltd.,ABC Securities Private Limited,200,510.0,102000.0,2025-07-20T11:03:25.617363
2025-07-20,175974,2025072003000553,SFCL,Trisul Securities & Invt. Ltd.,ABC Securities Private Limited,200,510.0,102000.0,2025-07-20T11:03:27.49854
2025-07-20,175973,2025072003000554,SFCL,Sundhara Securities Limited,ABC Securities Private Limited,150,510.0,76500.0,2025-07-20T11:03:27.552413
2025-07-20,175948,2025072003000556,SFCL,Siprabi Securities Pvt. Ltd.,ABC Securities Private Limited,100,510.0,51000.0,2025-07-20T11:03:31.117229
2025-07-20,175919,2025072003000562,SFCL,J.F. Securites (PVT) Ltd.,ABC Securities Private Limited,19,510.0,9690.0,2025-07-20T11:03:33.394089
2025-07-20,175914,2025072003000563,SFCL,Sumeru Securities Pvt. Ltd.,Indira securities pvt. ltd,500,510.0,255000.0,2025-07-20T11:03:33.88704
2025-07-20,175895,2025072003000566,SFCL,Naasa Securities Co. Ltd.,Indira securities pvt. ltd,350,510.0,178500.0,2025-07-20T11:03:35.104766
2025-07-20,175870,2025072003000572,SFCL,Nepal Investment And Securities Trading Private Limited,Indira securities pvt. ltd,10,510.0,5100.0,2025-07-20T11:03:35.798556
2025-07-20,175847,2025072003000578,SFCL,Market Securities & Exchange (PVT) Ltd.,Indira securities pvt. ltd,100,510.0,51000.0,2025-07-20T11:03:38.55972
2025-07-20,175840,2025072003000580,SFCL,Online Securities Pvt. Ltd.,Indira securities pvt. ltd,50,510.0,25500.0,2025-07-20T11:03:39.212529
2025-07-20,175823,2025072003000584,SFCL,Imperial Securities Company Pvt. Ltd.,Indira securities pvt. ltd,40,510.0,20400.0,2025-07-20T11:03:41.173703
2025-07-20,175793,2025072003000592,SFCL,Imperial Securities Company Pvt. Ltd.,Dynamic Money Managers Securities Pvt. Ltd.,160,510.0,81600.0,2025-07-20T11:03:43.200333
2025-07-20,175792,2025072003000593,SFCL,Sani Securities Company Ltd.,Dynamic Money Managers Securities Pvt. Ltd.,20,510.0,10200.0,2025-07-20T11:03:43.200374
2025-07-20,175791,2025072003000594,SFCL,Aryatara Investment & Securities,Dynamic Money Managers Securities Pvt. Ltd.,320,510.0,163200.0,2025-07-20T11:03:43.200398
2025-07-20,175735,2025072003000606,SFCL,Naasa Securities Co. Ltd.,Online Securities Pvt. Ltd.,55,510.1,28055.5,2025-07-20T11:03:49.309339
2025-07-20,175714,2025072003000607,SFCL,Naasa Securities Co. Ltd.,Dynamic Money Managers Securities Pvt. Ltd.,23,510.1,11732.3,2025-07-20T11:03:50.318291
2025-07-20,175713,2025072003000608,SFCL,Aryatara Investment & Securities,Dynamic Money Managers Securities Pvt. Ltd.,477,510.0,243270.0,2025-07-20T11:03:50.318351
2025-07-20,175563,2025072003000635,SFCL,Sani Securities Company Ltd.,Nagarik Stock Dealer ,200,512.0,102400.0,2025-07-20T11:04:03.514574
2025-07-20,175562,2025072003000636,SFCL,Sweta Securities Private Limited,Nagarik Stock Dealer ,500,511.5,255750.0,2025-07-20T11:04:03.514619
2025-07-20,175561,2025072003000637,SFCL,Bhrikuti Stock Broking Co. Pvt. Ltd.,Nagarik Stock Dealer ,1000,511.0,511000.0,2025-07-20T11:04:03.514649
2025-07-20,175560,2025072003000638,SFCL,Aryatara Investment & Securities,Nagarik Stock Dealer ,103,510.0,52530.0,2025-07-20T11:04:03.514675
2025-07-20,175559,2025072003000639,SFCL,Kohinoor Investment & Securities Pvt. Ltd.,Nagarik Stock Dealer ,50,510.0,25500.0,2025-07-20T11:04:03.514706
2025-07-20,175558,2025072003000640,SFCL,Creative Securities Pvt Ltd,Nagarik Stock Dealer ,113,510.0,57630.0,2025-07-20T11:04:03.514724
2025-07-20,175556,2025072003000641,SFCL,Citizens Share Broker Limited,Aryatara Investment & Securities,500,514.0,257000.0,2025-07-20T11:04:03.757228
2025-07-20,175538,2025072003000647,SFCL,Sri Hari Securities Pvt. Ltd.,Imperial Securities Company Pvt. Ltd.,556,515.0,286340.0,2025-07-20T11:04:05.28148
2025-07-20,175511,2025072003000667,SFCL,Sri Hari Securities Pvt. Ltd.,Sani Securities Company Ltd.,107,515.0,55105.0,2025-07-20T11:04:06.964642
2025-07-20,175243,2025072003000700,SFCL,Nepal Stock House (PVT) Ltd.,Asian Securities Private Ltd.,200,525.0,105000.0,2025-07-20T11:04:24.940503
2025-07-20,175214,2025072003000709,SFCL,Dipshikha Dhitopatra Karobar Co. Pvt Ltd.,Kumari Securities Private Limited,20,520.0,10400.0,2025-07-20T11:04:27.984415
2025-07-20,175213,2025072003000710,SFCL,Naasa Securities Co. Ltd.,Kumari Securities Private Limited,160,520.0,83200.0,2025-07-20T11:04:27.984602
2025-07-20,175192,2025072003000714,SFCL,Trishakti Securities Public Limited,Kumari Securities Private Limited,50,520.0,26000.0,2025-07-20T11:04:30.291923
2025-07-20,175152,2025072003000723,SFCL,Naasa Securities Co. Ltd.,Kumari Securities Private Limited,100,520.0,52000.0,2025-07-20T11:04:33.019574
2025-07-20,175129,2025072003000734,SFCL,Naasa Securities Co. Ltd.,Kumari Securities Private Limited,170,520.0,88400.0,2025-07-20T11:04:35.032358
2025-07-20,175018,2025072003000751,SFCL,Naasa Securities Co. Ltd.,Sharepro Securities Private Limited,100,520.0,52000.0,2025-07-20T11:04:42.093545
2025-07-20,175008,2025072003000754,SFCL,Secured Securities Ltd.,Asian Securities Private Ltd.,200,525.0,105000.0,2025-07-20T11:04:42.817866
2025-07-20,174907,2025072003000771,SFCL,Sani Securities Company Ltd.,Asian Securities Private Ltd.,100,525.0,52500.0,2025-07-20T11:04:50.703265
2025-07-20,174876,2025072003000784,SFCL,Asian Securities Private Ltd.,Asian Securities Private Ltd.,250,525.0,131250.0,2025-07-20T11:04:53.194116
2025-07-20,174866,2025072003000785,SFCL,Asian Securities Private Ltd.,Sharepro Securities Private Limited,80,525.0,42000.0,2025-07-20T11:04:54.133742
2025-07-20,174803,2025072003000795,SFCL,Asian Securities Private Ltd.,BHOLE GANESH SECURITIES LTD,170,525.0,89250.0,2025-07-20T11:04:59.134384
2025-07-20,174802,2025072003000796,SFCL,Sri Hari Securities Pvt. Ltd.,BHOLE GANESH SECURITIES LTD,30,525.0,15750.0,2025-07-20T11:04:59.134429
2025-07-20,174734,2025072003000808,SFCL,Sri Hari Securities Pvt. Ltd.,Capital Max Securities Ltd,100,525.0,52500.0,2025-07-20T11:05:03.979113
2025-07-20,174694,2025072003000817,SFCL,Sri Hari Securities Pvt. Ltd.,Sundhara Securities Limited,30,525.0,15750.0,2025-07-20T11:05:06.134738
2025-07-20,174682,2025072003000819,SFCL,Sri Hari Securities Pvt. Ltd.,Sani Securities Company Ltd.,177,525.0,92925.0,2025-07-20T11:05:07.137559
2025-07-20,174681,2025072003000820,SFCL,Sani Securities Company Ltd.,Sani Securities Company Ltd.,100,525.0,52500.0,2025-07-20T11:05:07.137668
2025-07-20,174680,2025072003000821,SFCL,Imperial Securities Company Pvt. Ltd.,Sani Securities Company Ltd.,25,525.0,13125.0,2025-07-20T11:05:07.137715
2025-07-20,174679,2025072003000822,SFCL,SUN SECURITIES PVT LTD,Sani Securities Company Ltd.,400,525.0,210000.0,2025-07-20T11:05:07.13776
2025-07-20,174655,2025072003000833,SFCL,Linch Stock Market Ltd.,Sani Securities Company Ltd.,500,525.0,262500.0,2025-07-20T11:05:08.073172
2025-07-20,174651,2025072003000835,SFCL,Naasa Securities Co. Ltd.,Sani Securities Company Ltd.,200,525.0,105000.0,2025-07-20T11:05:08.419311
2025-07-20,174629,2025072003000851,SFCL,Sani Securities Company Ltd.,Sani Securities Company Ltd.,10,525.0,5250.0,2025-07-20T11:05:09.191149
2025-07-20,174554,2025072003000869,SFCL,Sani Securities Company Ltd.,Sani Securities Company Ltd.,90,525.0,47250.0,2025-07-20T11:05:13.278036
2025-07-20,174549,2025072003000871,SFCL,Capital Max Securities Ltd,Sani Securities Company Ltd.,80,525.0,42000.0,2025-07-20T11:05:14.023648
2025-07-20,174522,2025072003000874,SFCL,Kohinoor Investment & Securities Pvt. Ltd.,Sani Securities Company Ltd.,100,525.0,52500.0,2025-07-20T11:05:15.449903
2025-07-20,174504,2025072003000879,SFCL,Primo Securities (PVT) Ltd.,Sani Securities Company Ltd.,200,525.0,105000.0,2025-07-20T11:05:17.692605
2025-07-20,174482,2025072003000886,SFCL,Capital Max Securities Ltd,Sani Securities Company Ltd.,50,525.0,26250.0,2025-07-20T11:05:20.039859
2025-07-20,174481,2025072003000887,SFCL,Capital Max Securities Ltd,Sani Securities Company Ltd.,68,525.0,35700.0,2025-07-20T11:05:20.044086
2025-07-20,174480,2025072003000888,SFCL,Capital Max Securities Ltd,Linch Stock Market Ltd.,200,525.0,105000.0,2025-07-20T11:05:20.044167
2025-07-20,174289,2025072003000920,SFCL,Capital Max Securities Ltd,BHOLE GANESH SECURITIES LTD,200,525.0,105000.0,2025-07-20T11:05:31.19269
2025-07-20,174276,2025072003000926,SFCL,Naasa Securities Co. Ltd.,SUN SECURITIES PVT LTD,30,529.9,15897.0,2025-07-20T11:05:32.669071
2025-07-20,174237,2025072003000929,SFCL,Premier Securities Company Ltd.,Aryatara Investment & Securities,100,525.1,52510.0,2025-07-20T11:05:35.073245
2025-07-20,174218,2025072003000934,SFCL,Siprabi Securities Pvt. Ltd.,SUN SECURITIES PVT LTD,50,529.9,26495.0,2025-07-20T11:05:36.826042
2025-07-20,174157,2025072003000941,SFCL,Asian Securities Private Ltd.,Sharepro Securities Private Limited,100,525.1,52510.0,2025-07-20T11:05:42.33249
2025-07-20,174156,2025072003000942,SFCL,Capital Max Securities Ltd,Sharepro Securities Private Limited,100,525.0,52500.0,2025-07-20T11:05:42.332625
2025-07-20,174130,2025072003000949,SFCL,Vision Securities Pvt. Ltd,Sani Securities Company Ltd.,25,525.1,13127.5,2025-07-20T11:05:44.317434
2025-07-20,174129,2025072003000950,SFCL,Sundhara Securities Limited,Sundhara Securities Limited,100,529.8,52980.0,2025-07-20T11:05:44.377776
2025-07-20,174128,2025072003000951,SFCL,Sundhara Securities Limited,SUN SECURITIES PVT LTD,20,529.9,10598.0,2025-07-20T11:05:44.377887
2025-07-20,174127,2025072003000952,SFCL,Sundhara Securities Limited,Vision Securities Pvt. Ltd,800,530.0,424000.0,2025-07-20T11:05:44.377947
2025-07-20,174126,2025072003000953,SFCL,Sundhara Securities Limited,Linch Stock Market Ltd.,350,530.0,185500.0,2025-07-20T11:05:44.377996
2025-07-20,174029,2025072003000971,SFCL,Sundhara Securities Limited,Siprabi Securities Pvt. Ltd.,220,530.0,116600.0,2025-07-20T11:05:52.996737
2025-07-20,173943,2025072003000987,SFCL,Sundhara Securities Limited,Trisul Securities & Invt. Ltd.,500,530.0,265000.0,2025-07-20T11:05:57.484953
2025-07-20,173890,2025072003000999,SFCL,Sundhara Securities Limited,Linch Stock Market Ltd.,10,530.0,5300.0,2025-07-20T11:06:00.506132
2025-07-20,173889,2025072003001000,SFCL,Asian Securities Private Ltd.,Linch Stock Market Ltd.,90,530.0,47700.0,2025-07-20T11:06:00.506238
2025-07-20,173855,2025072003001012,SFCL,Asian Securities Private Ltd.,Capital Max Securities Ltd,10,530.0,5300.0,2025-07-20T11:06:02.185156
2025-07-20,173842,2025072003001013,SFCL,Sewa Securities Pvt. Ltd.,Capital Max Securities Ltd,90,530.0,47700.0,2025-07-20T11:06:03.003039
2025-07-20,173805,2025072003001025,SFCL,Siprabi Securities Pvt. Ltd.,Sani Securities Company Ltd.,100,531.5,53150.0,2025-07-20T11:06:05.433097
2025-07-20,173731,2025072003001036,SFCL,Sewa Securities Pvt. Ltd.,Creative Securities Pvt Ltd,60,530.0,31800.0,2025-07-20T11:06:09.632839
2025-07-20,173730,2025072003001037,SFCL,ABC Securities Private Limited,Creative Securities Pvt Ltd,10,526.0,5260.0,2025-07-20T11:06:09.633
2025-07-20,173729,2025072003001038,SFCL,Opal Securities Investment (PVT) Ltd.,Creative Securities Pvt Ltd,100,526.0,52600.0,2025-07-20T11:06:09.633093
2025-07-20,173728,2025072003001039,SFCL,Vision Securities Pvt. Ltd,Creative Securities Pvt Ltd,25,525.1,13127.5,2025-07-20T11:06:09.633172
2025-07-20,173727,2025072003001040,SFCL,Capital Max Securities Ltd,Creative Securities Pvt Ltd,432,525.0,226800.0,2025-07-20T11:06:09.633233
2025-07-20,173726,2025072003001041,SFCL,Asian Securities Private Ltd.,Creative Securities Pvt Ltd,513,525.0,269325.0,2025-07-20T11:06:09.633284
2025-07-20,173610,2025072003001053,SFCL,Asian Securities Private Ltd.,Vision Securities Pvt. Ltd,89,525.0,46725.0,2025-07-20T11:06:14.744759
2025-07-20,173609,2025072003001054,SFCL,Agrawal Securities (PVT) Ltd.,Vision Securities Pvt. Ltd,11,525.0,5775.0,2025-07-20T11:06:14.744819
2025-07-20,173497,2025072003001090,SFCL,Sani Securities Company Ltd.,Dipshikha Dhitopatra Karobar Co. Pvt Ltd.,19,530.0,10070.0,2025-07-20T11:06:20.908158
2025-07-20,173490,2025072003001091,SFCL,Sani Securities Company Ltd.,Siprabi Securities Pvt. Ltd.,56,531.0,29736.0,2025-07-20T11:06:21.603706
2025-07-20,173388,2025072003001105,SFCL,Creative Securities Pvt Ltd,Siprabi Securities Pvt. Ltd.,10,530.0,5300.0,2025-07-20T11:06:27.820018
2025-07-20,173185,2025072003001136,SFCL,Aryatara Investment & Securities,Sani Securities Company Ltd.,100,526.0,52600.0,2025-07-20T11:06:41.416447
2025-07-20,173091,2025072003001171,SFCL,Trishakti Securities Public Limited,Imperial Securities Company Pvt. Ltd.,200,529.9,105980.0,2025-07-20T11:06:49.530485
2025-07-20,173090,2025072003001172,SFCL,Trishakti Securities Public Limited,Siprabi Securities Pvt. Ltd.,67,530.0,35510.0,2025-07-20T11:06:49.530623
2025-07-20,173078,2025072003001173,SFCL,Online Securities Pvt. Ltd.,Online Securities Pvt. Ltd.,30,527.0,15810.0,2025-07-20T11:06:50.098159
2025-07-20,173077,2025072003001174,SFCL,Sani Securities Company Ltd.,Online Securities Pvt. Ltd.,58,527.0,30566.0,2025-07-20T11:06:50.098395
2025-07-20,172987,2025072003001200,SFCL,South Asian Bulls Pvt. Ltd.,Naasa Securities Co. Ltd.,193,529.0,102097.0,2025-07-20T11:06:55.300837
2025-07-20,172986,2025072003001201,SFCL,South Asian Bulls Pvt. Ltd.,Siprabi Securities Pvt. Ltd.,307,530.0,162710.0,2025-07-20T11:06:55.301113
2025-07-20,172939,2025072003001211,SFCL,Dipshikha Dhitopatra Karobar Co. Pvt Ltd.,Sundhara Securities Limited,15,529.9,7948.5,2025-07-20T11:06:58.445078
2025-07-20,172862,2025072003001219,SFCL,Vision Securities Pvt. Ltd,Sundhara Securities Limited,20,529.9,10598.0,2025-07-20T11:07:03.918409
2025-07-20,172762,2025072003001252,SFCL,Sani Securities Company Ltd.,Kohinoor Investment & Securities Pvt. Ltd.,32,527.0,16864.0,2025-07-20T11:07:08.540234
2025-07-20,172761,2025072003001253,SFCL,Sharepro Securities Private Limited,Kohinoor Investment & Securities Pvt. Ltd.,200,527.0,105400.0,2025-07-20T11:07:08.540396
2025-07-20,172760,2025072003001254,SFCL,Kohinoor Investment & Securities Pvt. Ltd.,Kohinoor Investment & Securities Pvt. Ltd.,268,527.0,141236.0,2025-07-20T11:07:08.540453
2025-07-20,172727,2025072003001263,SFCL,Dynamic Money Managers Securities Pvt. Ltd.,Sundhara Securities Limited,65,529.9,34443.5,2025-07-20T11:07:11.726945
2025-07-20,172726,2025072003001264,SFCL,Dynamic Money Managers Securities Pvt. Ltd.,Siprabi Securities Pvt. Ltd.,60,530.0,31800.0,2025-07-20T11:07:11.727085
2025-07-20,172725,2025072003001265,SFCL,Dynamic Money Managers Securities Pvt. Ltd.,Sani Securities Company Ltd.,500,530.0,265000.0,2025-07-20T11:07:11.727145
2025-07-20,172724,2025072003001266,SFCL,Dynamic Money Managers Securities Pvt. Ltd.,Sri Hari Securities Pvt. Ltd.,100,530.0,53000.0,2025-07-20T11:07:11.727203
2025-07-20,172723,2025072003001267,SFCL,Dynamic Money Managers Securities Pvt. Ltd.,Online Securities Pvt. Ltd.,60,530.0,31800.0,2025-07-20T11:07:11.727258
2025-07-20,172722,2025072003001268,SFCL,Dynamic Money Managers Securities Pvt. Ltd.,Naasa Securities Co. Ltd.,50,530.0,26500.0,2025-07-20T11:07:11.727315
2025-07-20,172716,2025072003001270,SFCL,Dynamic Money Managers Securities Pvt. Ltd.,Oxford Securities Pvt. Ltd.,165,530.0,87450.0,2025-07-20T11:07:12.269077
2025-07-20,172689,2025072003001274,SFCL,Vision Securities Pvt. Ltd,Oxford Securities Pvt. Ltd.,335,528.0,176880.0,2025-07-20T11:07:14.12891
2025-07-20,172647,2025072003001290,SFCL,Vision Securities Pvt. Ltd,Deevyaa Securities & Stock House Pvt. Ltd,165,530.0,87450.0,2025-07-20T11:07:16.873662
2025-07-20,172418,2025072003001337,SFCL,Kohinoor Investment & Securities Pvt. Ltd.,Naasa Securities Co. Ltd.,176,527.0,92752.0,2025-07-20T11:07:28.674275
2025-07-20,172417,2025072003001338,SFCL,Kumari Securities Private Limited,Naasa Securities Co. Ltd.,260,527.0,137020.0,2025-07-20T11:07:28.674334
2025-07-20,172416,2025072003001339,SFCL,Aryatara Investment & Securities,Naasa Securities Co. Ltd.,364,526.0,191464.0,2025-07-20T11:07:28.674361
2025-07-20,172360,2025072003001360,SFCL,Secured Securities Ltd.,Online Securities Pvt. Ltd.,100,528.0,52800.0,2025-07-20T11:07:32.339784
2025-07-20,172220,2025072003001392,SFCL,Secured Securities Ltd.,Naasa Securities Co. Ltd.,235,528.0,124080.0,2025-07-20T11:07:40.995959
2025-07-20,172219,2025072003001393,SFCL,Aryatara Investment & Securities,Naasa Securities Co. Ltd.,36,526.0,18936.0,2025-07-20T11:07:40.996122
2025-07-20,172218,2025072003001394,SFCL,Dynamic Money Managers Securities Pvt. Ltd.,Naasa Securities Co. Ltd.,429,526.0,225654.0,2025-07-20T11:07:40.996185
2025-07-20,171931,2025072003001453,SFCL,Creative Securities Pvt Ltd,Linch Stock Market Ltd.,20,529.0,10580.0,2025-07-20T11:07:59.654074
2025-07-20,171831,2025072003001479,SFCL,Nepal Investment And Securities Trading Private Limited,ABC Securities Private Limited,120,527.0,63240.0,2025-07-20T11:08:05.246403
2025-07-20,171830,2025072003001480,SFCL,Dynamic Money Managers Securities Pvt. Ltd.,ABC Securities Private Limited,380,526.0,199880.0,2025-07-20T11:08:05.246532
2025-07-20,171745,2025072003001506,SFCL,Dynamic Money Managers Securities Pvt. Ltd.,Deevyaa Securities & Stock House Pvt. Ltd,35,526.0,18410.0,2025-07-20T11:08:12.607272
2025-07-20,171741,2025072003001508,SFCL,Dynamic Money Managers Securities Pvt. Ltd.,ABC Securities Private Limited,156,526.0,82056.0,2025-07-20T11:08:13.337029
2025-07-20,171740,2025072003001509,SFCL,Trishakti Securities Public Limited,ABC Securities Private Limited,344,526.0,180944.0,2025-07-20T11:08:13.33706
2025-07-20,171570,2025072003001533,SFCL,Trishakti Securities Public Limited,Creative Securities Pvt Ltd,156,526.0,82056.0,2025-07-20T11:08:24.936529
2025-07-20,171569,2025072003001534,SFCL,KALASH STOCK MARKET PVT. LTD.,Creative Securities Pvt Ltd,100,525.5,52550.0,2025-07-20T11:08:24.936691
2025-07-20,171568,2025072003001535,SFCL,Naasa Securities Co. Ltd.,Creative Securities Pvt Ltd,100,525.0,52500.0,2025-07-20T11:08:24.936758
2025-07-20,171567,2025072003001536,SFCL,Sweta Securities Private Limited,Creative Securities Pvt Ltd,244,525.0,128100.0,2025-07-20T11:08:24.936821
2025-07-20,171500,2025072003001546,SFCL,Sweta Securities Private Limited,Naasa Securities Co. Ltd.,256,525.0,134400.0,2025-07-20T11:08:28.302533
2025-07-20,171499,2025072003001547,SFCL,Linch Stock Market Ltd.,Naasa Securities Co. Ltd.,300,525.0,157500.0,2025-07-20T11:08:28.302654
2025-07-20,171498,2025072003001548,SFCL,Online Securities Pvt. Ltd.,Naasa Securities Co. Ltd.,228,525.0,119700.0,2025-07-20T11:08:28.302719
2025-07-20,171497,2025072003001549,SFCL,Midas Stock Broking Company Private Limited,Naasa Securities Co. Ltd.,16,525.0,8400.0,2025-07-20T11:08:28.302775
2025-07-20,171489,2025072003001552,SFCL,Midas Stock Broking Company Private Limited,Siprabi Securities Pvt. Ltd.,84,525.0,44100.0,2025-07-20T11:08:28.828487
2025-07-20,171476,2025072003001557,SFCL,Asian Securities Private Ltd.,SHUBHAKAMANA SECURITIES PVT. LTD,211,523.0,110353.0,2025-07-20T11:08:30.39671
2025-07-20,171475,2025072003001558,SFCL,Trishakti Securities Public Limited,SHUBHAKAMANA SECURITIES PVT. LTD,100,521.6,52160.0,2025-07-20T11:08:30.396748
2025-07-20,171474,2025072003001559,SFCL,Vision Securities Pvt. Ltd,SHUBHAKAMANA SECURITIES PVT. LTD,25,521.5,13037.5,2025-07-20T11:08:30.396775
2025-07-20,171473,2025072003001560,SFCL,Siprabi Securities Pvt. Ltd.,SHUBHAKAMANA SECURITIES PVT. LTD,250,521.5,130375.0,2025-07-20T11:08:30.396808
2025-07-20,171472,2025072003001561,SFCL,Bhrikuti Stock Broking Co. Pvt. Ltd.,SHUBHAKAMANA SECURITIES PVT. LTD,200,521.1,104220.0,2025-07-20T11:08:30.396847
2025-07-20,171471,2025072003001562,SFCL,Imperial Securities Company Pvt. Ltd.,SHUBHAKAMANA SECURITIES PVT. LTD,100,521.0,52100.0,2025-07-20T11:08:30.396874
2025-07-20,171470,2025072003001563,SFCL,Online Securities Pvt. Ltd.,SHUBHAKAMANA SECURITIES PVT. LTD,100,521.0,52100.0,2025-07-20T11:08:30.396898
2025-07-20,171469,2025072003001564,SFCL,Online Securities Pvt. Ltd.,SHUBHAKAMANA SECURITIES PVT. LTD,14,520.5,7287.0,2025-07-20T11:08:30.396921
2025-07-20,171193,2025072003001647,SFCL,Online Securities Pvt. Ltd.,Dakshinkali Investment & Securities Pvt. Ltd.,20,520.5,10410.0,2025-07-20T11:08:42.573956
2025-07-20,171100,2025072003001666,SFCL,Online Securities Pvt. Ltd.,Midas Stock Broking Company Private Limited,16,520.5,8328.0,2025-07-20T11:08:47.170423
2025-07-20,171096,2025072003001667,SFCL,Online Securities Pvt. Ltd.,Siprabi Securities Pvt. Ltd.,16,525.0,8400.0,2025-07-20T11:08:47.825409
2025-07-20,171095,2025072003001668,SFCL,Online Securities Pvt. Ltd.,Vision Securities Pvt. Ltd,20,525.0,10500.0,2025-07-20T11:08:47.825529
2025-07-20,171084,2025072003001679,SFCL,Online Securities Pvt. Ltd.,Vision Securities Pvt. Ltd,334,525.2,175416.8,2025-07-20T11:08:48.244036
2025-07-20,171049,2025072003001689,SFCL,Kohinoor Investment & Securities Pvt. Ltd.,Sundhara Securities Limited,11,520.1,5721.1,2025-07-20T11:08:49.599864
2025-07-20,171048,2025072003001690,SFCL,Naasa Securities Co. Ltd.,Sundhara Securities Limited,30,520.0,15600.0,2025-07-20T11:08:49.599989
2025-07-20,171047,2025072003001691,SFCL,Vision Securities Pvt. Ltd,Sundhara Securities Limited,200,520.0,104000.0,2025-07-20T11:08:49.600057
2025-07-20,171046,2025072003001692,SFCL,Sumeru Securities Pvt. Ltd.,Sundhara Securities Limited,700,520.0,364000.0,2025-07-20T11:08:49.600111
2025-07-20,171045,2025072003001693,SFCL,Online Securities Pvt. Ltd.,Sundhara Securities Limited,50,520.0,26000.0,2025-07-20T11:08:49.600177
2025-07-20,171044,2025072003001694,SFCL,Dynamic Money Managers Securities Pvt. Ltd.,Sundhara Securities Limited,500,520.0,260000.0,2025-07-20T11:08:49.600236
2025-07-20,171043,2025072003001695,SFCL,Sani Securities Company Ltd.,Sundhara Securities Limited,59,520.0,30680.0,2025-07-20T11:08:49.6003
2025-07-20,170964,2025072003001720,SFCL,Imperial Securities Company Pvt. Ltd.,Vision Securities Pvt. Ltd,321,525.0,168525.0,2025-07-20T11:08:53.184557
2025-07-20,170963,2025072003001721,SFCL,Imperial Securities Company Pvt. Ltd.,Capital Max Securities Ltd,100,525.0,52500.0,2025-07-20T11:08:53.184669
2025-07-20,170956,2025072003001722,SFCL,Kohinoor Investment & Securities Pvt. Ltd.,Naasa Securities Co. Ltd.,130,525.0,68250.0,2025-07-20T11:08:53.386816
2025-07-20,170793,2025072003001759,SFCL,Aryatara Investment & Securities,ABC Securities Private Limited,500,521.0,260500.0,2025-07-20T11:09:03.898314
2025-07-20,170792,2025072003001760,SFCL,Naasa Securities Co. Ltd.,Naasa Securities Co. Ltd.,200,525.0,105000.0,2025-07-20T11:09:03.945361
2025-07-20,170777,2025072003001761,SFCL,Creative Securities Pvt Ltd,Naasa Securities Co. Ltd.,10,525.0,5250.0,2025-07-20T11:09:05.295336
2025-07-20,170775,2025072003001763,SFCL,Midas Stock Broking Company Private Limited,Naasa Securities Co. Ltd.,57,525.0,29925.0,2025-07-20T11:09:05.331096
2025-07-20,170697,2025072003001779,SFCL,Kalika Securities Pvt. Ltd.,Dakshinkali Investment & Securities Pvt. Ltd.,30,524.0,15720.0,2025-07-20T11:09:09.76077
2025-07-20,170696,2025072003001780,SFCL,Kalika Securities Pvt. Ltd.,Naasa Securities Co. Ltd.,13,525.0,6825.0,2025-07-20T11:09:09.76102
2025-07-20,170695,2025072003001781,SFCL,Kalika Securities Pvt. Ltd.,Creative Securities Pvt Ltd,400,525.0,210000.0,2025-07-20T11:09:09.761224
2025-07-20,170694,2025072003001782,SFCL,Kalika Securities Pvt. Ltd.,Sani Securities Company Ltd.,44,525.0,23100.0,2025-07-20T11:09:09.761384
2025-07-20,170693,2025072003001783,SFCL,Kalika Securities Pvt. Ltd.,Opal Securities Investment (PVT) Ltd.,13,526.0,6838.0,2025-07-20T11:09:09.761543
2025-07-20,170592,2025072003001810,SFCL,Imperial Securities Company Pvt. Ltd.,Vision Securities Pvt. Ltd,50,521.1,26055.0,2025-07-20T11:09:16.981371
2025-07-20,170591,2025072003001811,SFCL,Naasa Securities Co. Ltd.,Vision Securities Pvt. Ltd,150,521.1,78165.0,2025-07-20T11:09:16.981521
2025-07-20,170493,2025072003001825,SFCL,Naasa Securities Co. Ltd.,Kumari Securities Private Limited,50,521.1,26055.0,2025-07-20T11:09:24.636693
2025-07-20,170492,2025072003001826,SFCL,Online Securities Pvt. Ltd.,Kumari Securities Private Limited,190,521.0,98990.0,2025-07-20T11:09:24.636814
2025-07-20,170491,2025072003001827,SFCL,Aryatara Investment & Securities,Kumari Securities Private Limited,50,521.0,26050.0,2025-07-20T11:09:24.636886
2025-07-20,170304,2025072003001866,SFCL,Premier Securities Company Ltd.,Kumari Securities Private Limited,210,521.0,109410.0,2025-07-20T11:09:37.177542
2025-07-20,170193,2025072003001892,SFCL,Premier Securities Company Ltd.,Sri Hari Securities Pvt. Ltd.,200,521.0,104200.0,2025-07-20T11:09:43.497811
2025-07-20,170153,2025072003001903,SFCL,Premier Securities Company Ltd.,Sundhara Securities Limited,90,521.0,46890.0,2025-07-20T11:09:45.988394
2025-07-20,170109,2025072003001922,SFCL,Kohinoor Investment & Securities Pvt. Ltd.,Sundhara Securities Limited,50,521.0,26050.0,2025-07-20T11:09:47.707732
2025-07-20,170060,2025072003001938,SFCL,Creative Securities Pvt Ltd,Sundhara Securities Limited,20,521.0,10420.0,2025-07-20T11:09:51.580897
2025-07-20,170033,2025072003001940,SFCL,Secured Securities Ltd.,Sundhara Securities Limited,40,521.0,20840.0,2025-07-20T11:09:53.542443
2025-07-20,169840,2025072003001983,SFCL,Secured Securities Ltd.,Aryatara Investment & Securities,20,521.2,10424.0,2025-07-20T11:10:05.535107
2025-07-20,169626,2025072003002044,SFCL,Sewa Securities Pvt. Ltd.,Linch Stock Market Ltd.,80,523.9,41912.0,2025-07-20T11:10:18.813448
2025-07-20,169625,2025072003002045,SFCL,Sewa Securities Pvt. Ltd.,Sharepro Securities Private Limited,120,524.0,62880.0,2025-07-20T11:10:18.813714
2025-07-20,169624,2025072003002046,SFCL,Sewa Securities Pvt. Ltd.,Sundhara Securities Limited,100,524.9,52490.0,2025-07-20T11:10:18.813885
2025-07-20,169623,2025072003002047,SFCL,Sewa Securities Pvt. Ltd.,Deevyaa Securities & Stock House Pvt. Ltd,200,524.9,104980.0,2025-07-20T11:10:18.814066
2025-07-20,169535,2025072003002064,SFCL,Naasa Securities Co. Ltd.,Oxford Securities Pvt. Ltd.,15,521.3,7819.5,2025-07-20T11:10:25.620624
2025-07-20,169458,2025072003002087,SFCL,Aryatara Investment & Securities,South Asian Bulls Pvt. Ltd.,700,522.0,365400.0,2025-07-20T11:10:31.168895
2025-07-20,169457,2025072003002088,SFCL,Naasa Securities Co. Ltd.,South Asian Bulls Pvt. Ltd.,85,521.3,44310.5,2025-07-20T11:10:31.169156
2025-07-20,169456,2025072003002089,SFCL,Kalika Securities Pvt. Ltd.,South Asian Bulls Pvt. Ltd.,200,521.0,104200.0,2025-07-20T11:10:31.169338
2025-07-20,169455,2025072003002090,SFCL,Property Wiard Limited,South Asian Bulls Pvt. Ltd.,100,520.1,52010.0,2025-07-20T11:10:31.169517
2025-07-20,169454,2025072003002091,SFCL,Sani Securities Company Ltd.,South Asian Bulls Pvt. Ltd.,91,520.0,47320.0,2025-07-20T11:10:31.169685
2025-07-20,169453,2025072003002092,SFCL,Thrive Brokerage House Pvt. Ltd,South Asian Bulls Pvt. Ltd.,300,520.0,156000.0,2025-07-20T11:10:31.169854
2025-07-20,169452,2025072003002093,SFCL,Online Securities Pvt. Ltd.,South Asian Bulls Pvt. Ltd.,50,520.0,26000.0,2025-07-20T11:10:31.170042
2025-07-20,169451,2025072003002094,SFCL,Dakshinkali Investment & Securities Pvt. Ltd.,South Asian Bulls Pvt. Ltd.,336,520.0,174720.0,2025-07-20T11:10:31.170221
2025-07-20,169450,2025072003002095,SFCL,Vision Securities Pvt. Ltd,South Asian Bulls Pvt. Ltd.,75,520.0,39000.0,2025-07-20T11:10:31.170403
2025-07-20,169449,2025072003002096,SFCL,Trisul Securities & Invt. Ltd.,South Asian Bulls Pvt. Ltd.,63,520.0,32760.0,2025-07-20T11:10:31.170561
2025-07-20,169385,2025072003002118,SFCL,Nabil Stock Dealer Ltd.,Linch Stock Market Ltd.,300,525.0,157500.0,2025-07-20T11:10:38.648574
2025-07-20,169279,2025072003002137,SFCL,Sani Securities Company Ltd.,Sundhara Securities Limited,100,525.9,52590.0,2025-07-20T11:10:47.537536
2025-07-20,169278,2025072003002138,SFCL,Sani Securities Company Ltd.,Opal Securities Investment (PVT) Ltd.,20,526.0,10520.0,2025-07-20T11:10:47.537654
2025-07-20,169246,2025072003002143,SFCL,Kohinoor Investment & Securities Pvt. Ltd.,Opal Securities Investment (PVT) Ltd.,300,526.0,157800.0,2025-07-20T11:10:48.380251
2025-07-20,169154,2025072003002167,SFCL,Nabil Stock Dealer Ltd.,Vision Securities Pvt. Ltd,200,525.0,105000.0,2025-07-20T11:10:57.022077
2025-07-20,169091,2025072003002186,SFCL,Vision Securities Pvt. Ltd,Thrive Brokerage House Pvt. Ltd,200,525.0,105000.0,2025-07-20T11:11:01.178215
2025-07-20,169090,2025072003002187,SFCL,Vision Securities Pvt. Ltd,Opal Securities Investment (PVT) Ltd.,59,526.0,31034.0,2025-07-20T11:11:01.178344
2025-07-20,169089,2025072003002188,SFCL,Vision Securities Pvt. Ltd,Prabhu Stock Market Limited,15,526.0,7890.0,2025-07-20T11:11:01.178408
2025-07-20,168972,2025072003002205,SFCL,S.P.S.A. Securities Limited,Shree Krishna Securities Ltd.,40,528.9,21156.0,2025-07-20T11:11:10.428435
2025-07-20,168941,2025072003002211,SFCL,Vision Securities Pvt. Ltd,SUN SECURITIES PVT LTD,200,528.0,105600.0,2025-07-20T11:11:12.858728
2025-07-20,168781,2025072003002238,SFCL,Vision Securities Pvt. Ltd,Naasa Securities Co. Ltd.,26,528.0,13728.0,2025-07-20T11:11:19.538681
2025-07-20,168656,2025072003002259,SFCL,Thrive Brokerage House Pvt. Ltd,Naasa Securities Co. Ltd.,100,526.0,52600.0,2025-07-20T11:11:28.314817
2025-07-20,168604,2025072003002269,SFCL,Thrive Brokerage House Pvt. Ltd,Kohinoor Investment & Securities Pvt. Ltd.,90,526.0,47340.0,2025-07-20T11:11:32.73817
2025-07-20,168594,2025072003002271,SFCL,Online Securities Pvt. Ltd.,Kohinoor Investment & Securities Pvt. Ltd.,10,526.0,5260.0,2025-07-20T11:11:33.350443
2025-07-20,168477,2025072003002290,SFCL,Online Securities Pvt. Ltd.,Vision Securities Pvt. Ltd,90,526.0,47340.0,2025-07-20T11:11:41.70642
2025-07-20,168412,2025072003002304,SFCL,Vision Securities Pvt. Ltd,Trisul Securities & Invt. Ltd.,500,522.0,261000.0,2025-07-20T11:11:45.663315
2025-07-20,168411,2025072003002305,SFCL,Sharepro Securities Private Limited,Trisul Securities & Invt. Ltd.,200,522.0,104400.0,2025-07-20T11:11:45.663352
2025-07-20,168410,2025072003002306,SFCL,S.P.S.A. Securities Limited,Trisul Securities & Invt. Ltd.,10,521.2,5212.0,2025-07-20T11:11:45.663376
2025-07-20,168409,2025072003002307,SFCL,Naasa Securities Co. Ltd.,Trisul Securities & Invt. Ltd.,50,521.0,26050.0,2025-07-20T11:11:45.663507
2025-07-20,168408,2025072003002308,SFCL,Secured Securities Ltd.,Trisul Securities & Invt. Ltd.,15,521.0,7815.0,2025-07-20T11:11:45.663555
2025-07-20,168254,2025072003002337,SFCL,Secured Securities Ltd.,Creative Securities Pvt Ltd,35,521.0,18235.0,2025-07-20T11:11:56.259407
2025-07-20,168253,2025072003002338,SFCL,Naasa Securities Co. Ltd.,Creative Securities Pvt Ltd,50,521.0,26050.0,2025-07-20T11:11:56.259583
2025-07-20,168252,2025072003002339,SFCL,Neev Securities Pvt. Ltd.,Creative Securities Pvt Ltd,235,521.0,122435.0,2025-07-20T11:11:56.259647
2025-07-20,168134,2025072003002363,SFCL,Sewa Securities Pvt. Ltd.,Sewa Securities Pvt. Ltd.,130,521.5,67795.0,2025-07-20T11:12:05.460899
2025-07-20,168121,2025072003002366,SFCL,Trishakti Securities Public Limited,Vision Securities Pvt. Ltd,14,524.0,7336.0,2025-07-20T11:12:06.04243
2025-07-20,168026,2025072003002389,SFCL,Naasa Securities Co. Ltd.,Naasa Securities Co. Ltd.,12,522.0,6264.0,2025-07-20T11:12:13.52651
2025-07-20,167819,2025072003002460,SFCL,Aryatara Investment & Securities,Vision Securities Pvt. Ltd,80,524.0,41920.0,2025-07-20T11:12:30.104877
2025-07-20,167562,2025072003002531,SFCL,South Asian Bulls Pvt. Ltd.,BHOLE GANESH SECURITIES LTD,500,522.1,261050.0,2025-07-20T11:12:45.882773
2025-07-20,167561,2025072003002532,SFCL,Market Securities & Exchange (PVT) Ltd.,BHOLE GANESH SECURITIES LTD,200,522.0,104400.0,2025-07-20T11:12:45.882906
2025-07-20,167560,2025072003002533,SFCL,Kumari Securities Private Limited,BHOLE GANESH SECURITIES LTD,200,522.0,104400.0,2025-07-20T11:12:45.882979
2025-07-20,167559,2025072003002534,SFCL,Naasa Securities Co. Ltd.,BHOLE GANESH SECURITIES LTD,100,522.0,52200.0,2025-07-20T11:12:45.883058
2025-07-20,167526,2025072003002543,SFCL,Garima Securities Limited,Vision Securities Pvt. Ltd,66,524.0,34584.0,2025-07-20T11:12:47.980613
2025-07-20,167394,2025072003002566,SFCL,Kohinoor Investment & Securities Pvt. Ltd.,Prabhu Stock Market Limited,150,527.9,79185.0,2025-07-20T11:12:55.610265
2025-07-20,167217,2025072003002611,SFCL,Asian Securities Private Ltd.,BHOLE GANESH SECURITIES LTD,350,524.0,183400.0,2025-07-20T11:13:09.917894
2025-07-20,167216,2025072003002612,SFCL,J.F. Securites (PVT) Ltd.,BHOLE GANESH SECURITIES LTD,150,524.0,78600.0,2025-07-20T11:13:09.918072
2025-07-20,166906,2025072003002658,SFCL,Primo Securities (PVT) Ltd.,SUN SECURITIES PVT LTD,50,523.1,26155.0,2025-07-20T11:13:31.665015
2025-07-20,166905,2025072003002659,SFCL,Imperial Securities Company Pvt. Ltd.,SUN SECURITIES PVT LTD,55,523.0,28765.0,2025-07-20T11:13:31.665172
2025-07-20,166829,2025072003002679,SFCL,Kohinoor Investment & Securities Pvt. Ltd.,Deevyaa Securities & Stock House Pvt. Ltd,50,524.0,26200.0,2025-07-20T11:13:36.64976
2025-07-20,166828,2025072003002680,SFCL,Imperial Securities Company Pvt. Ltd.,Deevyaa Securities & Stock House Pvt. Ltd,445,523.0,232735.0,2025-07-20T11:13:36.649913
2025-07-20,166634,2025072003002716,SFCL,Opal Securities Investment (PVT) Ltd.,Sani Securities Company Ltd.,150,523.1,78465.0,2025-07-20T11:13:53.181127
2025-07-20,166531,2025072003002741,SFCL,Opal Securities Investment (PVT) Ltd.,Cristal Kanchanjanga Securites Pvt. Ltd.,31,523.1,16216.1,2025-07-20T11:14:01.680096
2025-07-20,166530,2025072003002742,SFCL,Thrive Brokerage House Pvt. Ltd,Cristal Kanchanjanga Securites Pvt. Ltd.,19,522.1,9919.9,2025-07-20T11:14:01.680292
2025-07-20,166529,2025072003002743,SFCL,Naasa Securities Co. Ltd.,Cristal Kanchanjanga Securites Pvt. Ltd.,400,522.0,208800.0,2025-07-20T11:14:01.680392
2025-07-20,166488,2025072003002758,SFCL,Naasa Securities Co. Ltd.,Cristal Kanchanjanga Securites Pvt. Ltd.,50,522.0,26100.0,2025-07-20T11:14:05.149116
2025-07-20,166418,2025072003002777,SFCL,Vision Securities Pvt. Ltd,Cristal Kanchanjanga Securites Pvt. Ltd.,20,522.0,10440.0,2025-07-20T11:14:10.135194
2025-07-20,166417,2025072003002778,SFCL,Siprabi Securities Pvt. Ltd.,Cristal Kanchanjanga Securites Pvt. Ltd.,10,522.0,5220.0,2025-07-20T11:14:10.312841
2025-07-20,166409,2025072003002780,SFCL,ABC Securities Private Limited,Cristal Kanchanjanga Securites Pvt. Ltd.,150,522.0,78300.0,2025-07-20T11:14:11.635979
2025-07-20,166368,2025072003002797,SFCL,Dynamic Money Managers Securities Pvt. Ltd.,Cristal Kanchanjanga Securites Pvt. Ltd.,100,522.0,52200.0,2025-07-20T11:14:15.427181
2025-07-20,166318,2025072003002805,SFCL,Aryatara Investment & Securities,Cristal Kanchanjanga Securites Pvt. Ltd.,50,522.0,26100.0,2025-07-20T11:14:19.461911
2025-07-20,166303,2025072003002811,SFCL,Siprabi Securities Pvt. Ltd.,Cristal Kanchanjanga Securites Pvt. Ltd.,100,522.0,52200.0,2025-07-20T11:14:20.42371
2025-07-20,166191,2025072003002840,SFCL,Sewa Securities Pvt. Ltd.,Vision Securities Pvt. Ltd,70,521.5,36505.0,2025-07-20T11:14:29.504982
2025-07-20,166190,2025072003002841,SFCL,Asian Securities Private Ltd.,Vision Securities Pvt. Ltd,16,521.2,8339.2,2025-07-20T11:14:29.50504
2025-07-20,166189,2025072003002842,SFCL,Magnet Securities and Investment Company Private Limited,Vision Securities Pvt. Ltd,414,521.1,215735.4,2025-07-20T11:14:29.505065
2025-07-20,166148,2025072003002854,SFCL,S.P.S.A. Securities Limited,Pragyan Securities (PVT) Ltd.,15,521.6,7824.0,2025-07-20T11:14:32.361646
2025-07-20,166112,2025072003002856,SFCL,Magnet Securities and Investment Company Private Limited,Bhrikuti Stock Broking Co. Pvt. Ltd.,100,521.1,52110.0,2025-07-20T11:14:33.418781
2025-07-20,166038,2025072003002881,SFCL,Magnet Securities and Investment Company Private Limited,SUN SECURITIES PVT LTD,486,521.1,253254.6,2025-07-20T11:14:40.884509
2025-07-20,166037,2025072003002882,SFCL,Asian Securities Private Ltd.,SUN SECURITIES PVT LTD,150,521.0,78150.0,2025-07-20T11:14:40.88481
2025-07-20,166036,2025072003002883,SFCL,Midas Stock Broking Company Private Limited,SUN SECURITIES PVT LTD,246,521.0,128166.0,2025-07-20T11:14:40.885002
2025-07-20,166035,2025072003002884,SFCL,Naasa Securities Co. Ltd.,Pragyan Securities (PVT) Ltd.,300,521.6,156480.0,2025-07-20T11:14:41.100036
2025-07-20,166028,2025072003002886,SFCL,Midas Stock Broking Company Private Limited,Nabil Stock Dealer Ltd.,254,521.0,132334.0,2025-07-20T11:14:42.049245
2025-07-20,166027,2025072003002887,SFCL,Midas Stock Broking Company Private Limited,Nabil Stock Dealer Ltd.,500,521.0,260500.0,2025-07-20T11:14:42.049456
2025-07-20,166026,2025072003002888,SFCL,Sumeru Securities Pvt. Ltd.,Nabil Stock Dealer Ltd.,10,521.0,5210.0,2025-07-20T11:14:42.049597
2025-07-20,165894,2025072003002902,SFCL,Sri Hari Securities Pvt. Ltd.,Opal Securities Investment (PVT) Ltd.,100,520.5,52050.0,2025-07-20T11:14:52.533604
2025-07-20,165893,2025072003002903,SFCL,Premier Securities Company Ltd.,Opal Securities Investment (PVT) Ltd.,500,520.4,260200.0,2025-07-20T11:14:52.533766
2025-07-20,165892,2025072003002904,SFCL,Aryatara Investment & Securities,Opal Securities Investment (PVT) Ltd.,180,520.1,93618.0,2025-07-20T11:14:52.533839
2025-07-20,165848,2025072003002907,SFCL,Cristal Kanchanjanga Securites Pvt. Ltd.,Nabil Stock Dealer Ltd.,236,521.0,122956.0,2025-07-20T11:14:55.086761
2025-07-20,165847,2025072003002908,SFCL,Cristal Kanchanjanga Securites Pvt. Ltd.,Sundhara Securities Limited,264,521.1,137570.4,2025-07-20T11:14:55.086935
2025-07-20,165752,2025072003002937,SFCL,Dynamic Money Managers Securities Pvt. Ltd.,Cristal Kanchanjanga Securites Pvt. Ltd.,200,521.0,104200.0,2025-07-20T11:15:01.099989
2025-07-20,165738,2025072003002939,SFCL,Aryatara Investment & Securities,Vision Securities Pvt. Ltd,12,520.1,6241.2,2025-07-20T11:15:02.992249
2025-07-20,165687,2025072003002946,SFCL,Naasa Securities Co. Ltd.,Cristal Kanchanjanga Securites Pvt. Ltd.,50,521.0,26050.0,2025-07-20T11:15:06.71006
2025-07-20,165657,2025072003002957,SFCL,Nepal Investment And Securities Trading Private Limited,Cristal Kanchanjanga Securites Pvt. Ltd.,10,521.0,5210.0,2025-07-20T11:15:10.734734
2025-07-20,165616,2025072003002967,SFCL,Aryatara Investment & Securities,Sani Securities Company Ltd.,125,520.1,65012.5,2025-07-20T11:15:14.395194
2025-07-20,165532,2025072003002986,SFCL,Sumeru Securities Pvt. Ltd.,Cristal Kanchanjanga Securites Pvt. Ltd.,150,521.0,78150.0,2025-07-20T11:15:20.888884
2025-07-20,165466,2025072003002988,SFCL,Kalika Securities Pvt. Ltd.,Cristal Kanchanjanga Securites Pvt. Ltd.,100,521.0,52100.0,2025-07-20T11:15:25.427486
2025-07-20,165444,2025072003002990,SFCL,Magnet Securities and Investment Company Private Limited,Sundhara Securities Limited,322,520.2,167504.4,2025-07-20T11:15:26.322705
2025-07-20,165320,2025072003003004,SFCL,Asian Securities Private Ltd.,Vision Securities Pvt. Ltd,60,520.5,31230.0,2025-07-20T11:15:31.629201
2025-07-20,165319,2025072003003005,SFCL,Kumari Securities Private Limited,Vision Securities Pvt. Ltd,100,520.3,52030.0,2025-07-20T11:15:31.629375
2025-07-20,165318,2025072003003006,SFCL,Magnet Securities and Investment Company Private Limited,Vision Securities Pvt. Ltd,440,520.2,228888.0,2025-07-20T11:15:31.629446
2025-07-20,165294,2025072003003011,SFCL,Linch Stock Market Ltd.,Cristal Kanchanjanga Securites Pvt. Ltd.,490,521.0,255290.0,2025-07-20T11:15:33.342373
2025-07-20,165293,2025072003003012,SFCL,Linch Stock Market Ltd.,Cristal Kanchanjanga Securites Pvt. Ltd.,10,521.0,5210.0,2025-07-20T11:15:33.342578
2025-07-20,165132,2025072003003047,SFCL,Imperial Securities Company Pvt. Ltd.,Cristal Kanchanjanga Securites Pvt. Ltd.,50,521.0,26050.0,2025-07-20T11:15:43.624926
2025-07-20,165084,2025072003003060,SFCL,Cristal Kanchanjanga Securites Pvt. Ltd.,Cristal Kanchanjanga Securites Pvt. Ltd.,10,521.0,5210.0,2025-07-20T11:15:47.428777
2025-07-20,165083,2025072003003061,SFCL,Cristal Kanchanjanga Securites Pvt. Ltd.,Aryatara Investment & Securities,200,521.0,104200.0,2025-07-20T11:15:47.428936
2025-07-20,165082,2025072003003062,SFCL,Cristal Kanchanjanga Securites Pvt. Ltd.,J.F. Securites (PVT) Ltd.,290,521.1,151119.0,2025-07-20T11:15:47.429012
2025-07-20,164923,2025072003003110,SFCL,Linch Stock Market Ltd.,J.F. Securites (PVT) Ltd.,210,521.1,109431.0,2025-07-20T11:15:56.695875
2025-07-20,164922,2025072003003111,SFCL,Linch Stock Market Ltd.,Property Wiard Limited,50,521.1,26055.0,2025-07-20T11:15:56.696206
2025-07-20,164872,2025072003003121,SFCL,Aakashbhairab Securities Ltd.,Vision Securities Pvt. Ltd,500,521.5,260750.0,2025-07-20T11:15:59.253657
2025-07-20,164871,2025072003003122,SFCL,Aakashbhairab Securities Ltd.,Pragyan Securities (PVT) Ltd.,1992,521.6,1039027.2,2025-07-20T11:15:59.253977
2025-07-20,164870,2025072003003123,SFCL,Aakashbhairab Securities Ltd.,Naasa Securities Co. Ltd.,300,527.0,158100.0,2025-07-20T11:15:59.254231
2025-07-20,164869,2025072003003124,SFCL,Aakashbhairab Securities Ltd.,Naasa Securities Co. Ltd.,60,527.0,31620.0,2025-07-20T11:15:59.254444
2025-07-20,164868,2025072003003125,SFCL,Aakashbhairab Securities Ltd.,Linch Stock Market Ltd.,400,527.0,210800.0,2025-07-20T11:15:59.254665
2025-07-20,164783,2025072003003135,SFCL,Aakashbhairab Securities Ltd.,South Asian Bulls Pvt. Ltd.,1748,527.0,921196.0,2025-07-20T11:16:05.835504
2025-07-20,164782,2025072003003136,SFCL,Linch Stock Market Ltd.,South Asian Bulls Pvt. Ltd.,240,521.1,125064.0,2025-07-20T11:16:05.835688
2025-07-20,164781,2025072003003137,SFCL,Sumeru Securities Pvt. Ltd.,South Asian Bulls Pvt. Ltd.,12,521.1,6253.2,2025-07-20T11:16:05.835758
2025-07-20,164467,2025072003003198,SFCL,Siprabi Securities Pvt. Ltd.,SHUBHAKAMANA SECURITIES PVT. LTD,100,521.0,52100.0,2025-07-20T11:16:24.344818
2025-07-20,164466,2025072003003199,SFCL,Linch Stock Market Ltd.,SHUBHAKAMANA SECURITIES PVT. LTD,100,521.0,52100.0,2025-07-20T11:16:24.344875
2025-07-20,164465,2025072003003200,SFCL,Kumari Securities Private Limited,SHUBHAKAMANA SECURITIES PVT. LTD,500,521.0,260500.0,2025-07-20T11:16:24.344904
2025-07-20,164464,2025072003003201,SFCL,Kalika Securities Pvt. Ltd.,SHUBHAKAMANA SECURITIES PVT. LTD,15,521.0,7815.0,2025-07-20T11:16:24.344928
2025-07-20,164463,2025072003003202,SFCL,Imperial Securities Company Pvt. Ltd.,SHUBHAKAMANA SECURITIES PVT. LTD,100,521.0,52100.0,2025-07-20T11:16:24.344958
2025-07-20,164462,2025072003003203,SFCL,Online Securities Pvt. Ltd.,SHUBHAKAMANA SECURITIES PVT. LTD,100,521.0,52100.0,2025-07-20T11:16:24.344989
2025-07-20,164461,2025072003003204,SFCL,Magnet Securities and Investment Company Private Limited,SHUBHAKAMANA SECURITIES PVT. LTD,85,520.2,44217.0,2025-07-20T11:16:24.345034
2025-07-20,164243,2025072003003246,SFCL,ABC Securities Private Limited,Dipshikha Dhitopatra Karobar Co. Pvt Ltd.,10,521.0,5210.0,2025-07-20T11:16:35.556188
2025-07-20,164175,2025072003003295,SFCL,Secured Securities Ltd.,Dipshikha Dhitopatra Karobar Co. Pvt Ltd.,56,521.0,29176.0,2025-07-20T11:16:36.912433
2025-07-20,164025,2025072003003331,SFCL,Oxford Securities Pvt. Ltd.,Dipshikha Dhitopatra Karobar Co. Pvt Ltd.,100,521.0,52100.0,2025-07-20T11:16:46.515062
2025-07-20,163993,2025072003003336,SFCL,Sumeru Securities Pvt. Ltd.,Dipshikha Dhitopatra Karobar Co. Pvt Ltd.,21,521.0,10941.0,2025-07-20T11:16:48.633826
2025-07-20,163969,2025072003003343,SFCL,Linch Stock Market Ltd.,Dipshikha Dhitopatra Karobar Co. Pvt Ltd.,128,521.0,66688.0,2025-07-20T11:16:50.459588
2025-07-20,163336,2025072003003443,SFCL,Secured Securities Ltd.,Sundhara Securities Limited,14,524.9,7348.6,2025-07-20T11:17:31.332853
2025-07-20,163335,2025072003003444,SFCL,Secured Securities Ltd.,Thrive Brokerage House Pvt. Ltd,86,524.9,45141.4,2025-07-20T11:17:31.333197
2025-07-20,163298,2025072003003447,SFCL,Online Securities Pvt. Ltd.,Aryatara Investment & Securities,50,522.2,26110.0,2025-07-20T11:17:33.238336
2025-07-20,163297,2025072003003448,SFCL,Sumeru Securities Pvt. Ltd.,Aryatara Investment & Securities,20,522.1,10442.0,2025-07-20T11:17:33.23851
2025-07-20,163217,2025072003003487,SFCL,Neev Securities Pvt. Ltd.,Asian Securities Private Ltd.,200,524.0,104800.0,2025-07-20T11:17:37.918164
2025-07-20,162996,2025072003003535,SFCL,Dynamic Money Managers Securities Pvt. Ltd.,Asian Securities Private Ltd.,30,524.0,15720.0,2025-07-20T11:17:50.135836
2025-07-20,162961,2025072003003541,SFCL,Online Securities Pvt. Ltd.,Asian Securities Private Ltd.,97,524.0,50828.0,2025-07-20T11:17:51.582896
2025-07-20,162945,2025072003003545,SFCL,Secured Securities Ltd.,Asian Securities Private Ltd.,43,524.0,22532.0,2025-07-20T11:17:54.212485
2025-07-20,162873,2025072003003571,SFCL,Swarna Laxmi Securities Pvt. Ltd.,Asian Securities Private Ltd.,100,524.0,52400.0,2025-07-20T11:17:58.388934
2025-07-20,162809,2025072003003588,SFCL,Vision Securities Pvt. Ltd,Asian Securities Private Ltd.,50,524.0,26200.0,2025-07-20T11:18:03.58633
2025-07-20,162803,2025072003003589,SFCL,Capital Max Securities Ltd,Asian Securities Private Ltd.,100,524.0,52400.0,2025-07-20T11:18:04.193716
2025-07-20,162693,2025072003003597,SFCL,Global IME Securities Limited,Asian Securities Private Ltd.,200,524.0,104800.0,2025-07-20T11:18:10.000355
2025-07-20,162607,2025072003003627,SFCL,Dipshikha Dhitopatra Karobar Co. Pvt Ltd.,Asian Securities Private Ltd.,180,524.0,94320.0,2025-07-20T11:18:14.370327
2025-07-20,162570,2025072003003631,SFCL,Dipshikha Dhitopatra Karobar Co. Pvt Ltd.,Creative Securities Pvt Ltd,88,524.0,46112.0,2025-07-20T11:18:16.310211
2025-07-20,162543,2025072003003642,SFCL,Dipshikha Dhitopatra Karobar Co. Pvt Ltd.,Asian Securities Private Ltd.,32,524.0,16768.0,2025-07-20T11:18:16.963989
2025-07-20,162492,2025072003003656,SFCL,Sri Hari Securities Pvt. Ltd.,Asian Securities Private Ltd.,200,524.0,104800.0,2025-07-20T11:18:20.983962
2025-07-20,162424,2025072003003669,SFCL,Linch Stock Market Ltd.,Asian Securities Private Ltd.,400,524.0,209600.0,2025-07-20T11:18:24.57428
2025-07-20,162306,2025072003003684,SFCL,Imperial Securities Company Pvt. Ltd.,Asian Securities Private Ltd.,100,524.0,52400.0,2025-07-20T11:18:30.942959
2025-07-20,162271,2025072003003691,SFCL,Agrawal Securities (PVT) Ltd.,Asian Securities Private Ltd.,50,524.0,26200.0,2025-07-20T11:18:33.688284
2025-07-20,162251,2025072003003698,SFCL,Shree Krishna Securities Ltd.,Asian Securities Private Ltd.,218,524.0,114232.0,2025-07-20T11:18:35.871514
2025-07-20,162250,2025072003003699,SFCL,Shree Krishna Securities Ltd.,Shree Krishna Securities Ltd.,82,524.8,43033.6,2025-07-20T11:18:35.871698
2025-07-20,162134,2025072003003725,SFCL,Aryatara Investment & Securities,Shree Krishna Securities Ltd.,18,524.8,9446.4,2025-07-20T11:18:45.364106
2025-07-20,162133,2025072003003726,SFCL,Aryatara Investment & Securities,Thrive Brokerage House Pvt. Ltd,51,524.9,26769.9,2025-07-20T11:18:45.364328
2025-07-20,162132,2025072003003727,SFCL,Aryatara Investment & Securities,Sundhara Securities Limited,100,524.9,52490.0,2025-07-20T11:18:45.364417
2025-07-20,162131,2025072003003728,SFCL,Aryatara Investment & Securities,Asian Securities Private Ltd.,331,525.0,173775.0,2025-07-20T11:18:45.364494
2025-07-20,162055,2025072003003735,SFCL,Investment Management Nepal Pvt. Ltd.,Asian Securities Private Ltd.,100,525.0,52500.0,2025-07-20T11:18:52.580778
2025-07-20,162026,2025072003003745,SFCL,Vision Securities Pvt. Ltd,Asian Securities Private Ltd.,10,525.0,5250.0,2025-07-20T11:18:53.684316
2025-07-20,161999,2025072003003755,SFCL,J.F. Securites (PVT) Ltd.,Asian Securities Private Ltd.,500,525.0,262500.0,2025-07-20T11:18:55.156117
2025-07-20,161997,2025072003003756,SFCL,Imperial Securities Company Pvt. Ltd.,Asian Securities Private Ltd.,59,525.0,30975.0,2025-07-20T11:18:55.520721
2025-07-20,161996,2025072003003757,SFCL,Imperial Securities Company Pvt. Ltd.,Midas Stock Broking Company Private Limited,141,525.0,74025.0,2025-07-20T11:18:55.520895
2025-07-20,161973,2025072003003766,SFCL,Aryatara Investment & Securities,Midas Stock Broking Company Private Limited,500,525.0,262500.0,2025-07-20T11:18:57.236777
2025-07-20,161941,2025072003003774,SFCL,Naasa Securities Co. Ltd.,Midas Stock Broking Company Private Limited,30,525.0,15750.0,2025-07-20T11:18:59.163355
2025-07-20,161934,2025072003003776,SFCL,Aryatara Investment & Securities,Midas Stock Broking Company Private Limited,683,525.0,358575.0,2025-07-20T11:19:00.265472
2025-07-20,161928,2025072003003778,SFCL,Imperial Securities Company Pvt. Ltd.,Midas Stock Broking Company Private Limited,100,525.0,52500.0,2025-07-20T11:19:00.602633
2025-07-20,161847,2025072003003800,SFCL,Aryatara Investment & Securities,Midas Stock Broking Company Private Limited,100,525.0,52500.0,2025-07-20T11:19:06.31748
2025-07-20,161792,2025072003003817,SFCL,Kumari Securities Private Limited,Midas Stock Broking Company Private Limited,50,525.0,26250.0,2025-07-20T11:19:09.711282
2025-07-20,161704,2025072003003851,SFCL,Sumeru Securities Pvt. Ltd.,Midas Stock Broking Company Private Limited,50,525.0,26250.0,2025-07-20T11:19:13.80181
2025-07-20,161697,2025072003003854,SFCL,Kumari Securities Private Limited,Midas Stock Broking Company Private Limited,411,525.0,215775.0,2025-07-20T11:19:14.078364
2025-07-20,161696,2025072003003855,SFCL,Kumari Securities Private Limited,Sani Securities Company Ltd.,50,525.0,26250.0,2025-07-20T11:19:14.078693
2025-07-20,161695,2025072003003856,SFCL,Kumari Securities Private Limited,Sri Hari Securities Pvt. Ltd.,39,525.0,20475.0,2025-07-20T11:19:14.07892
2025-07-20,161667,2025072003003862,SFCL,Vision Securities Pvt. Ltd,Sri Hari Securities Pvt. Ltd.,18,525.0,9450.0,2025-07-20T11:19:16.084339
2025-07-20,161665,2025072003003864,SFCL,Online Securities Pvt. Ltd.,Sri Hari Securities Pvt. Ltd.,40,525.0,21000.0,2025-07-20T11:19:16.384764
2025-07-20,161632,2025072003003868,SFCL,Sweta Securities Private Limited,Sri Hari Securities Pvt. Ltd.,103,525.0,54075.0,2025-07-20T11:19:17.979278
2025-07-20,161628,2025072003003870,SFCL,Sweta Securities Private Limited,Asian Securities Private Ltd.,97,525.0,50925.0,2025-07-20T11:19:18.232466
2025-07-20,161583,2025072003003878,SFCL,Aryatara Investment & Securities,Asian Securities Private Ltd.,500,525.0,262500.0,2025-07-20T11:19:22.547315
2025-07-20,161564,2025072003003882,SFCL,Aryatara Investment & Securities,Oxford Securities Pvt. Ltd.,100,524.5,52450.0,2025-07-20T11:19:23.22097
2025-07-20,161563,2025072003003883,SFCL,Trishakti Securities Public Limited,Oxford Securities Pvt. Ltd.,100,524.5,52450.0,2025-07-20T11:19:23.221364
2025-07-20,161562,2025072003003884,SFCL,Vision Securities Pvt. Ltd,Oxford Securities Pvt. Ltd.,200,524.2,104840.0,2025-07-20T11:19:23.22166
2025-07-20,161561,2025072003003885,SFCL,South Asian Bulls Pvt. Ltd.,Oxford Securities Pvt. Ltd.,300,524.1,157230.0,2025-07-20T11:19:23.221978
2025-07-20,161495,2025072003003898,SFCL,Naasa Securities Co. Ltd.,Asian Securities Private Ltd.,403,525.0,211575.0,2025-07-20T11:19:26.796633
2025-07-20,161472,2025072003003902,SFCL,Naasa Securities Co. Ltd.,Vision Securities Pvt. Ltd,181,525.0,95025.0,2025-07-20T11:19:28.272786
2025-07-20,161237,2025072003003949,SFCL,Naasa Securities Co. Ltd.,Imperial Securities Company Pvt. Ltd.,400,525.0,210000.0,2025-07-20T11:19:45.63536
2025-07-20,161142,2025072003003959,SFCL,Midas Stock Broking Company Private Limited,Asian Securities Private Ltd.,500,526.0,263000.0,2025-07-20T11:19:53.190685
2025-07-20,161084,2025072003003970,SFCL,Online Securities Pvt. Ltd.,Asian Securities Private Ltd.,50,526.0,26300.0,2025-07-20T11:19:57.583085
2025-07-20,161080,2025072003003972,SFCL,Sewa Securities Pvt. Ltd.,Asian Securities Private Ltd.,200,526.0,105200.0,2025-07-20T11:19:58.373354
2025-07-20,160790,2025072003004016,SFCL,Capital Max Securities Ltd,Asian Securities Private Ltd.,250,526.0,131500.0,2025-07-20T11:20:20.870202
2025-07-20,160564,2025072003004055,SFCL,Imperial Securities Company Pvt. Ltd.,Shree Krishna Securities Ltd.,100,526.9,52690.0,2025-07-20T11:20:37.798059
2025-07-20,160355,2025072003004111,SFCL,Sani Securities Company Ltd.,Sumeru Securities Pvt. Ltd.,60,527.0,31620.0,2025-07-20T11:20:49.886424
2025-07-20,160354,2025072003004112,SFCL,Sani Securities Company Ltd.,Siprabi Securities Pvt. Ltd.,240,527.0,126480.0,2025-07-20T11:20:49.886659
2025-07-20,160322,2025072003004120,SFCL,Secured Securities Ltd.,Siprabi Securities Pvt. Ltd.,310,527.0,163370.0,2025-07-20T11:20:50.71598
2025-07-20,160321,2025072003004121,SFCL,Secured Securities Ltd.,Vision Securities Pvt. Ltd,50,527.0,26350.0,2025-07-20T11:20:50.716161
2025-07-20,160320,2025072003004122,SFCL,Secured Securities Ltd.,Kumari Securities Private Limited,80,527.0,42160.0,2025-07-20T11:20:50.716244
2025-07-20,160144,2025072003004164,SFCL,Secured Securities Ltd.,Swarna Laxmi Securities Pvt. Ltd.,60,527.0,31620.0,2025-07-20T11:21:02.657455
2025-07-20,160143,2025072003004165,SFCL,Aryatara Investment & Securities,Swarna Laxmi Securities Pvt. Ltd.,40,527.0,21080.0,2025-07-20T11:21:02.657648
2025-07-20,160113,2025072003004172,SFCL,Naasa Securities Co. Ltd.,Sundhara Securities Limited,80,527.7,42216.0,2025-07-20T11:21:05.324247
2025-07-20,160102,2025072003004174,SFCL,Opal Securities Investment (PVT) Ltd.,Sundhara Securities Limited,20,527.7,10554.0,2025-07-20T11:21:06.53957
2025-07-20,160068,2025072003004180,SFCL,Opal Securities Investment (PVT) Ltd.,Vision Securities Pvt. Ltd,10,527.7,5277.0,2025-07-20T11:21:08.810549
2025-07-20,159957,2025072003004198,SFCL,Global IME Securities Limited,Sundhara Securities Limited,100,527.8,52780.0,2025-07-20T11:21:14.815963
2025-07-20,159945,2025072003004205,SFCL,Global IME Securities Limited,Asian Securities Private Ltd.,100,527.8,52780.0,2025-07-20T11:21:15.446321
2025-07-20,159944,2025072003004206,SFCL,Opal Securities Investment (PVT) Ltd.,Asian Securities Private Ltd.,70,527.7,36939.0,2025-07-20T11:21:15.446677
2025-07-20,159943,2025072003004207,SFCL,Premier Securities Company Ltd.,Asian Securities Private Ltd.,30,527.1,15813.0,2025-07-20T11:21:15.446911
2025-07-20,159942,2025072003004208,SFCL,Aryatara Investment & Securities,Asian Securities Private Ltd.,460,527.0,242420.0,2025-07-20T11:21:15.447152
2025-07-20,159941,2025072003004209,SFCL,Dynamic Money Managers Securities Pvt. Ltd.,Asian Securities Private Ltd.,100,527.0,52700.0,2025-07-20T11:21:15.447427
2025-07-20,159940,2025072003004210,SFCL,Kumari Securities Private Limited,Asian Securities Private Ltd.,50,527.0,26350.0,2025-07-20T11:21:15.447654
2025-07-20,159939,2025072003004211,SFCL,Online Securities Pvt. Ltd.,Asian Securities Private Ltd.,190,527.0,100130.0,2025-07-20T11:21:15.447875
2025-07-20,159922,2025072003004213,SFCL,Investment Management Nepal Pvt. Ltd.,Secured Securities Ltd.,100,528.0,52800.0,2025-07-20T11:21:16.499619
2025-07-20,159921,2025072003004214,SFCL,Investment Management Nepal Pvt. Ltd.,SHUBHAKAMANA SECURITIES PVT. LTD,900,528.4,475560.0,2025-07-20T11:21:16.499976
2025-07-20,159728,2025072003004267,SFCL,Investment Management Nepal Pvt. Ltd.,SHUBHAKAMANA SECURITIES PVT. LTD,100,528.4,52840.0,2025-07-20T11:21:28.620164
2025-07-20,159727,2025072003004268,SFCL,Investment Management Nepal Pvt. Ltd.,Linch Stock Market Ltd.,200,529.0,105800.0,2025-07-20T11:21:28.620342
2025-07-20,159726,2025072003004269,SFCL,Investment Management Nepal Pvt. Ltd.,Dakshinkali Investment & Securities Pvt. Ltd.,100,529.0,52900.0,2025-07-20T11:21:28.620418
2025-07-20,159725,2025072003004270,SFCL,Investment Management Nepal Pvt. Ltd.,Vision Securities Pvt. Ltd,50,529.0,26450.0,2025-07-20T11:21:28.620491
2025-07-20,159724,2025072003004271,SFCL,Investment Management Nepal Pvt. Ltd.,Sani Securities Company Ltd.,100,530.0,53000.0,2025-07-20T11:21:28.620567
2025-07-20,159723,2025072003004272,SFCL,Investment Management Nepal Pvt. Ltd.,Dakshinkali Investment & Securities Pvt. Ltd.,50,530.0,26500.0,2025-07-20T11:21:28.620641
2025-07-20,159722,2025072003004273,SFCL,Investment Management Nepal Pvt. Ltd.,SHUBHAKAMANA SECURITIES PVT. LTD,900,530.0,477000.0,2025-07-20T11:21:28.620719
2025-07-20,159590,2025072003004287,SFCL,Asian Securities Private Ltd.,Dynamic Money Managers Securities Pvt. Ltd.,50,529.0,26450.0,2025-07-20T11:21:33.698103
2025-07-20,159574,2025072003004290,SFCL,Asian Securities Private Ltd.,Swarna Laxmi Securities Pvt. Ltd.,100,529.0,52900.0,2025-07-20T11:21:34.967593
2025-07-20,159484,2025072003004324,SFCL,Asian Securities Private Ltd.,Asian Securities Private Ltd.,30,529.0,15870.0,2025-07-20T11:21:42.669045
2025-07-20,159472,2025072003004326,SFCL,Imperial Securities Company Pvt. Ltd.,Asian Securities Private Ltd.,100,529.0,52900.0,2025-07-20T11:21:43.668527
2025-07-20,159409,2025072003004334,SFCL,Kohinoor Investment & Securities Pvt. Ltd.,Asian Securities Private Ltd.,400,529.0,211600.0,2025-07-20T11:21:47.745869
2025-07-20,159387,2025072003004339,SFCL,Investment Management Nepal Pvt. Ltd.,Asian Securities Private Ltd.,270,529.0,142830.0,2025-07-20T11:21:48.905544
2025-07-20,159386,2025072003004340,SFCL,Investment Management Nepal Pvt. Ltd.,SHUBHAKAMANA SECURITIES PVT. LTD,100,530.0,53000.0,2025-07-20T11:21:48.905722
2025-07-20,159385,2025072003004341,SFCL,Investment Management Nepal Pvt. Ltd.,Cristal Kanchanjanga Securites Pvt. Ltd.,1000,530.0,530000.0,2025-07-20T11:21:48.9058
2025-07-20,159384,2025072003004342,SFCL,Investment Management Nepal Pvt. Ltd.,Linch Stock Market Ltd.,130,530.0,68900.0,2025-07-20T11:21:48.905872
2025-07-20,159276,2025072003004377,SFCL,Investment Management Nepal Pvt. Ltd.,Linch Stock Market Ltd.,90,530.0,47700.0,2025-07-20T11:21:57.981741
2025-07-20,159275,2025072003004378,SFCL,Investment Management Nepal Pvt. Ltd.,Secured Securities Ltd.,10,530.0,5300.0,2025-07-20T11:21:57.981907
2025-07-20,159274,2025072003004379,SFCL,Investment Management Nepal Pvt. Ltd.,Vision Securities Pvt. Ltd,200,530.0,106000.0,2025-07-20T11:21:57.981981
2025-07-20,159273,2025072003004380,SFCL,Investment Management Nepal Pvt. Ltd.,Secured Securities Ltd.,100,530.0,53000.0,2025-07-20T11:21:57.982062
2025-07-20,159239,2025072003004390,SFCL,Deevyaa Securities & Stock House Pvt. Ltd,Vision Securities Pvt. Ltd,50,529.0,26450.0,2025-07-20T11:21:59.526805
2025-07-20,159238,2025072003004391,SFCL,Nepal Investment And Securities Trading Private Limited,Vision Securities Pvt. Ltd,50,529.0,26450.0,2025-07-20T11:21:59.52698
2025-07-20,159130,2025072003004419,SFCL,J.F. Securites (PVT) Ltd.,Dynamic Money Managers Securities Pvt. Ltd.,100,530.0,53000.0,2025-07-20T11:22:07.333816
2025-07-20,159089,2025072003004425,SFCL,J.F. Securites (PVT) Ltd.,Trishakti Securities Public Limited,400,530.0,212000.0,2025-07-20T11:22:09.77354
2025-07-20,159088,2025072003004426,SFCL,Siprabi Securities Pvt. Ltd.,Trishakti Securities Public Limited,500,530.0,265000.0,2025-07-20T11:22:09.773723
2025-07-20,159087,2025072003004427,SFCL,Midas Stock Broking Company Private Limited,Trishakti Securities Public Limited,80,530.0,42400.0,2025-07-20T11:22:09.773797
2025-07-20,159045,2025072003004442,SFCL,Naasa Securities Co. Ltd.,Trishakti Securities Public Limited,20,530.0,10600.0,2025-07-20T11:22:11.81288
2025-07-20,159044,2025072003004443,SFCL,Naasa Securities Co. Ltd.,Sweta Securities Private Limited,10,530.0,5300.0,2025-07-20T11:22:11.81306
2025-07-20,159019,2025072003004447,SFCL,Opal Securities Investment (PVT) Ltd.,Sweta Securities Private Limited,50,530.0,26500.0,2025-07-20T11:22:15.056213
2025-07-20,159003,2025072003004453,SFCL,Sani Securities Company Ltd.,Sweta Securities Private Limited,300,530.0,159000.0,2025-07-20T11:22:15.789644
2025-07-20,158989,2025072003004455,SFCL,Kumari Securities Private Limited,Sweta Securities Private Limited,25,530.0,13250.0,2025-07-20T11:22:16.306602
2025-07-20,158929,2025072003004471,SFCL,South Asian Bulls Pvt. Ltd.,Sweta Securities Private Limited,100,530.0,53000.0,2025-07-20T11:22:20.170395
2025-07-20,158918,2025072003004475,SFCL,Premier Securities Company Ltd.,Sweta Securities Private Limited,15,530.0,7950.0,2025-07-20T11:22:21.733085
2025-07-20,158763,2025072003004498,SFCL,Kohinoor Investment & Securities Pvt. Ltd.,Investment Management Nepal Pvt. Ltd.,20,531.0,10620.0,2025-07-20T11:22:32.200805
2025-07-20,158748,2025072003004499,SFCL,Cristal Kanchanjanga Securites Pvt. Ltd.,Investment Management Nepal Pvt. Ltd.,180,531.0,95580.0,2025-07-20T11:22:32.33882
2025-07-20,158716,2025072003004503,SFCL,Cristal Kanchanjanga Securites Pvt. Ltd.,Oxford Securities Pvt. Ltd.,120,531.0,63720.0,2025-07-20T11:22:34.637943
2025-07-20,158715,2025072003004504,SFCL,Sweta Securities Private Limited,Oxford Securities Pvt. Ltd.,63,531.0,33453.0,2025-07-20T11:22:34.638337
2025-07-20,158548,2025072003004545,SFCL,Online Securities Pvt. Ltd.,Deevyaa Securities & Stock House Pvt. Ltd,100,531.4,53140.0,2025-07-20T11:22:45.138547
2025-07-20,158544,2025072003004547,SFCL,Pragyan Securities (PVT) Ltd.,Deevyaa Securities & Stock House Pvt. Ltd,30,531.4,15942.0,2025-07-20T11:22:45.409539
2025-07-20,158504,2025072003004556,SFCL,Neev Securities Pvt. Ltd.,Sani Securities Company Ltd.,167,531.5,88760.5,2025-07-20T11:22:48.44606
2025-07-20,158503,2025072003004557,SFCL,Neev Securities Pvt. Ltd.,Linch Stock Market Ltd.,100,534.4,53440.0,2025-07-20T11:22:48.446385
2025-07-20,158502,2025072003004558,SFCL,Neev Securities Pvt. Ltd.,Vision Securities Pvt. Ltd,200,534.9,106980.0,2025-07-20T11:22:48.446611
2025-07-20,158501,2025072003004559,SFCL,Neev Securities Pvt. Ltd.,Naasa Securities Co. Ltd.,300,535.0,160500.0,2025-07-20T11:22:48.446837
2025-07-20,158500,2025072003004560,SFCL,Neev Securities Pvt. Ltd.,Kohinoor Investment & Securities Pvt. Ltd.,35,535.0,18725.0,2025-07-20T11:22:48.447087
2025-07-20,158499,2025072003004561,SFCL,Neev Securities Pvt. Ltd.,Linch Stock Market Ltd.,50,535.0,26750.0,2025-07-20T11:22:48.44735
2025-07-20,158498,2025072003004562,SFCL,Neev Securities Pvt. Ltd.,Vision Securities Pvt. Ltd,148,535.0,79180.0,2025-07-20T11:22:48.447671
2025-07-20,158376,2025072003004588,SFCL,ABC Securities Private Limited,Vision Securities Pvt. Ltd,102,535.0,54570.0,2025-07-20T11:22:58.738264
2025-07-20,158375,2025072003004589,SFCL,ABC Securities Private Limited,Dynamic Money Managers Securities Pvt. Ltd.,500,535.0,267500.0,2025-07-20T11:22:58.738427
2025-07-20,158374,2025072003004590,SFCL,ABC Securities Private Limited,Aryatara Investment & Securities,100,535.0,53500.0,2025-07-20T11:22:58.980811
2025-07-20,158204,2025072003004644,SFCL,Investment Management Nepal Pvt. Ltd.,Imperial Securities Company Pvt. Ltd.,100,536.0,53600.0,2025-07-20T11:23:08.932918
2025-07-20,157988,2025072003004692,SFCL,Aryatara Investment & Securities,Linch Stock Market Ltd.,100,536.4,53640.0,2025-07-20T11:23:24.685988
2025-07-20,157830,2025072003004727,SFCL,Vision Securities Pvt. Ltd,Linch Stock Market Ltd.,20,536.4,10728.0,2025-07-20T11:23:31.405018
2025-07-20,157771,2025072003004735,SFCL,Secured Securities Ltd.,Linch Stock Market Ltd.,55,536.4,29502.0,2025-07-20T11:23:36.27343
2025-07-20,157767,2025072003004738,SFCL,Nepal Investment And Securities Trading Private Limited,Linch Stock Market Ltd.,50,536.4,26820.0,2025-07-20T11:23:36.71558
2025-07-20,157751,2025072003004742,SFCL,Investment Management Nepal Pvt. Ltd.,Linch Stock Market Ltd.,100,536.4,53640.0,2025-07-20T11:23:38.413642
2025-07-20,157749,2025072003004743,SFCL,Linch Stock Market Ltd.,Linch Stock Market Ltd.,100,536.4,53640.0,2025-07-20T11:23:38.580444
2025-07-20,157740,2025072003004747,SFCL,Vision Securities Pvt. Ltd,Linch Stock Market Ltd.,20,536.4,10728.0,2025-07-20T11:23:39.574639
2025-07-20,157635,2025072003004768,SFCL,ABC Securities Private Limited,Asian Securities Private Ltd.,62,536.3,33250.6,2025-07-20T11:23:46.732276
2025-07-20,157634,2025072003004769,SFCL,Aryatara Investment & Securities,Asian Securities Private Ltd.,32,536.0,17152.0,2025-07-20T11:23:46.732473
2025-07-20,157593,2025072003004794,SFCL,Trisul Securities & Invt. Ltd.,Linch Stock Market Ltd.,100,536.4,53640.0,2025-07-20T11:23:49.715755
2025-07-20,157403,2025072003004848,SFCL,Imperial Securities Company Pvt. Ltd.,Linch Stock Market Ltd.,55,536.4,29502.0,2025-07-20T11:24:01.446723
2025-07-20,157402,2025072003004849,SFCL,Imperial Securities Company Pvt. Ltd.,Vision Securities Pvt. Ltd,200,536.5,107300.0,2025-07-20T11:24:01.446762
2025-07-20,157401,2025072003004850,SFCL,Imperial Securities Company Pvt. Ltd.,Aryatara Investment & Securities,300,539.0,161700.0,2025-07-20T11:24:01.446803
2025-07-20,157400,2025072003004851,SFCL,Imperial Securities Company Pvt. Ltd.,Imperial Securities Company Pvt. Ltd.,945,539.5,509827.5,2025-07-20T11:24:01.446835
2025-07-20,157383,2025072003004852,SFCL,Linch Stock Market Ltd.,Imperial Securities Company Pvt. Ltd.,55,539.5,29672.5,2025-07-20T11:24:02.79362
2025-07-20,157382,2025072003004853,SFCL,Linch Stock Market Ltd.,Shree Krishna Securities Ltd.,45,539.9,24295.5,2025-07-20T11:24:02.793662
2025-07-20,157246,2025072003004879,SFCL,Nepal Investment And Securities Trading Private Limited,SUN SECURITIES PVT LTD,300,536.4,160920.0,2025-07-20T11:24:13.226959
2025-07-20,157245,2025072003004880,SFCL,Sani Securities Company Ltd.,SUN SECURITIES PVT LTD,200,536.0,107200.0,2025-07-20T11:24:13.227143
2025-07-20,156974,2025072003004977,SFCL,Online Securities Pvt. Ltd.,BHOLE GANESH SECURITIES LTD,40,536.4,21456.0,2025-07-20T11:24:28.355346
2025-07-20,156973,2025072003004978,SFCL,Sani Securities Company Ltd.,BHOLE GANESH SECURITIES LTD,55,536.4,29502.0,2025-07-20T11:24:28.355714
2025-07-20,156972,2025072003004979,SFCL,Sani Securities Company Ltd.,BHOLE GANESH SECURITIES LTD,80,536.0,42880.0,2025-07-20T11:24:28.355953
2025-07-20,156971,2025072003004980,SFCL,Nepal Investment And Securities Trading Private Limited,BHOLE GANESH SECURITIES LTD,325,536.0,174200.0,2025-07-20T11:24:28.356215
2025-07-20,156899,2025072003004999,SFCL,J.F. Securites (PVT) Ltd.,Vision Securities Pvt. Ltd,100,537.0,53700.0,2025-07-20T11:24:35.145958
2025-07-20,156898,2025072003005000,SFCL,Nepal Investment And Securities Trading Private Limited,Vision Securities Pvt. Ltd,175,536.0,93800.0,2025-07-20T11:24:35.146198
2025-07-20,156749,2025072003005034,SFCL,Aryatara Investment & Securities,Vision Securities Pvt. Ltd,25,535.0,13375.0,2025-07-20T11:24:44.860818
2025-07-20,156748,2025072003005035,SFCL,Aryatara Investment & Securities,Malla & Malla Stock Broking Company Pvt. Limited,175,539.0,94325.0,2025-07-20T11:24:44.861
2025-07-20,156552,2025072003005079,SFCL,Nepal Investment And Securities Trading Private Limited,SUN SECURITIES PVT LTD,125,536.0,67000.0,2025-07-20T11:25:02.630304
2025-07-20,156460,2025072003005091,SFCL,Nepal Investment And Securities Trading Private Limited,Bhrikuti Stock Broking Co. Pvt. Ltd.,25,537.0,13425.0,2025-07-20T11:25:09.62648
2025-07-20,156071,2025072003005167,SFCL,Deevyaa Securities & Stock House Pvt. Ltd,Nepal Stock House (PVT) Ltd.,200,537.5,107500.0,2025-07-20T11:25:31.87142
2025-07-20,156070,2025072003005168,SFCL,Nepal Investment And Securities Trading Private Limited,Nepal Stock House (PVT) Ltd.,150,537.0,80550.0,2025-07-20T11:25:31.871602
2025-07-20,155895,2025072003005198,SFCL,Oxford Securities Pvt. Ltd.,Trishakti Securities Public Limited,100,536.0,53600.0,2025-07-20T11:25:44.728108
2025-07-20,155668,2025072003005256,SFCL,K.B.L. Securities Limited ,Trishakti Securities Public Limited,50,536.0,26800.0,2025-07-20T11:26:02.9392
2025-07-20,155667,2025072003005257,SFCL,K.B.L. Securities Limited ,Trishakti Securities Public Limited,100,536.0,53600.0,2025-07-20T11:26:02.939411
2025-07-20,155666,2025072003005258,SFCL,K.B.L. Securities Limited ,Nepal Stock House (PVT) Ltd.,150,537.0,80550.0,2025-07-20T11:26:02.939513
2025-07-20,155665,2025072003005259,SFCL,K.B.L. Securities Limited ,Imperial Securities Company Pvt. Ltd.,200,538.9,107780.0,2025-07-20T11:26:02.939596
2025-07-20,155627,2025072003005271,SFCL,Trisul Securities & Invt. Ltd.,SUN SECURITIES PVT LTD,100,536.0,53600.0,2025-07-20T11:26:07.694266
2025-07-20,155508,2025072003005299,SFCL,J.F. Securites (PVT) Ltd.,Sundhara Securities Limited,100,535.9,53590.0,2025-07-20T11:26:17.646951
2025-07-20,155507,2025072003005300,SFCL,J.F. Securites (PVT) Ltd.,SUN SECURITIES PVT LTD,100,536.0,53600.0,2025-07-20T11:26:17.647179
2025-07-20,155092,2025072003005377,SFCL,Naasa Securities Co. Ltd.,Aryatara Investment & Securities,10,537.0,5370.0,2025-07-20T11:26:47.949002
2025-07-20,154804,2025072003005447,SFCL,Kohinoor Investment & Securities Pvt. Ltd.,SHUBHAKAMANA SECURITIES PVT. LTD,37,535.0,19795.0,2025-07-20T11:27:09.037062
2025-07-20,154689,2025072003005457,SFCL,Linch Stock Market Ltd.,Vision Securities Pvt. Ltd,30,534.1,16023.0,2025-07-20T11:27:16.044855
2025-07-20,154498,2025072003005509,SFCL,Linch Stock Market Ltd.,SHUBHAKAMANA SECURITIES PVT. LTD,20,534.1,10682.0,2025-07-20T11:27:30.699202
2025-07-20,154497,2025072003005510,SFCL,Citizens Share Broker Limited,SHUBHAKAMANA SECURITIES PVT. LTD,200,534.0,106800.0,2025-07-20T11:27:30.699389
2025-07-20,154496,2025072003005511,SFCL,Nepal Investment And Securities Trading Private Limited,SHUBHAKAMANA SECURITIES PVT. LTD,50,534.0,26700.0,2025-07-20T11:27:30.699469
2025-07-20,154495,2025072003005512,SFCL,Bhrikuti Stock Broking Co. Pvt. Ltd.,SHUBHAKAMANA SECURITIES PVT. LTD,100,534.0,53400.0,2025-07-20T11:27:30.699547
2025-07-20,154494,2025072003005513,SFCL,Ashutosh Brokerage & Securities (PVT) Ltd.,SHUBHAKAMANA SECURITIES PVT. LTD,72,534.0,38448.0,2025-07-20T11:27:30.699623
2025-07-20,154493,2025072003005514,SFCL,Sewa Securities Pvt. Ltd.,SHUBHAKAMANA SECURITIES PVT. LTD,521,533.0,277693.0,2025-07-20T11:27:30.6997
2025-07-20,154414,2025072003005531,SFCL,Deevyaa Securities & Stock House Pvt. Ltd,Sundhara Securities Limited,100,534.9,53490.0,2025-07-20T11:27:35.989168
2025-07-20,154413,2025072003005532,SFCL,Deevyaa Securities & Stock House Pvt. Ltd,Sweta Securities Private Limited,400,535.0,214000.0,2025-07-20T11:27:35.989587
2025-07-20,154368,2025072003005549,SFCL,Online Securities Pvt. Ltd.,Sweta Securities Private Limited,100,535.0,53500.0,2025-07-20T11:27:38.967692
2025-07-20,154367,2025072003005550,SFCL,Online Securities Pvt. Ltd.,Malla & Malla Stock Broking Company Pvt. Limited,35,536.0,18760.0,2025-07-20T11:27:38.967872
2025-07-20,154257,2025072003005575,SFCL,BHOLE GANESH SECURITIES LTD,Creative Securities Pvt Ltd,50,534.9,26745.0,2025-07-20T11:27:47.121648
2025-07-20,154256,2025072003005576,SFCL,Sewa Securities Pvt. Ltd.,Creative Securities Pvt Ltd,150,533.0,79950.0,2025-07-20T11:27:47.121851
2025-07-20,154251,2025072003005578,SFCL,Sewa Securities Pvt. Ltd.,SUN SECURITIES PVT LTD,229,533.0,122057.0,2025-07-20T11:27:48.081197
2025-07-20,154250,2025072003005579,SFCL,Roadshow securities limited,SUN SECURITIES PVT LTD,750,533.0,399750.0,2025-07-20T11:27:48.081419
2025-07-20,154249,2025072003005580,SFCL,Online Securities Pvt. Ltd.,SUN SECURITIES PVT LTD,21,533.0,11193.0,2025-07-20T11:27:48.08152
2025-07-20,154084,2025072003005612,SFCL,Oxford Securities Pvt. Ltd.,Vision Securities Pvt. Ltd,20,534.9,10698.0,2025-07-20T11:28:01.920789
2025-07-20,154083,2025072003005613,SFCL,Oxford Securities Pvt. Ltd.,Kumari Securities Private Limited,480,535.0,256800.0,2025-07-20T11:28:01.920984
2025-07-20,154064,2025072003005617,SFCL,Asian Securities Private Ltd.,Kumari Securities Private Limited,13,535.0,6955.0,2025-07-20T11:28:02.875574
2025-07-20,153798,2025072003005705,SFCL,K.B.L. Securities Limited ,Malla & Malla Stock Broking Company Pvt. Limited,24,535.0,12840.0,2025-07-20T11:28:19.557423
2025-07-20,153797,2025072003005706,SFCL,Trishakti Securities Public Limited,Malla & Malla Stock Broking Company Pvt. Limited,100,535.0,53500.0,2025-07-20T11:28:20.044069
2025-07-20,153662,2025072003005752,SFCL,Nepal Stock House (PVT) Ltd.,Malla & Malla Stock Broking Company Pvt. Limited,126,535.0,67410.0,2025-07-20T11:28:28.420134
2025-07-20,153661,2025072003005753,SFCL,Nepal Stock House (PVT) Ltd.,SUN SECURITIES PVT LTD,174,536.0,93264.0,2025-07-20T11:28:28.420348
2025-07-20,153413,2025072003005809,SFCL,Naasa Securities Co. Ltd.,Dynamic Money Managers Securities Pvt. Ltd.,42,535.9,22507.8,2025-07-20T11:28:45.4151
2025-07-20,153330,2025072003005842,SFCL,Himalayan Brokerage Company Limited,Sweta Securities Private Limited,500,534.0,267000.0,2025-07-20T11:28:51.616939
2025-07-20,153058,2025072003005907,SFCL,Naasa Securities Co. Ltd.,Cristal Kanchanjanga Securites Pvt. Ltd.,16,534.0,8544.0,2025-07-20T11:29:12.560146
2025-07-20,153057,2025072003005908,SFCL,Naasa Securities Co. Ltd.,Cristal Kanchanjanga Securites Pvt. Ltd.,100,533.3,53330.0,2025-07-20T11:29:12.560333
2025-07-20,153056,2025072003005909,SFCL,Midas Stock Broking Company Private Limited,Cristal Kanchanjanga Securites Pvt. Ltd.,50,533.2,26660.0,2025-07-20T11:29:12.560418
2025-07-20,153055,2025072003005910,SFCL,Naasa Securities Co. Ltd.,Cristal Kanchanjanga Securites Pvt. Ltd.,21,533.2,11197.2,2025-07-20T11:29:12.560498
2025-07-20,153054,2025072003005911,SFCL,Dipshikha Dhitopatra Karobar Co. Pvt Ltd.,Cristal Kanchanjanga Securites Pvt. Ltd.,250,533.1,133275.0,2025-07-20T11:29:12.560599
2025-07-20,153053,2025072003005912,SFCL,Online Securities Pvt. Ltd.,Cristal Kanchanjanga Securites Pvt. Ltd.,179,533.0,95407.0,2025-07-20T11:29:12.56069
2025-07-20,153052,2025072003005913,SFCL,Dipshikha Dhitopatra Karobar Co. Pvt Ltd.,Cristal Kanchanjanga Securites Pvt. Ltd.,100,533.0,53300.0,2025-07-20T11:29:12.560773
2025-07-20,153051,2025072003005914,SFCL,Naasa Securities Co. Ltd.,Cristal Kanchanjanga Securites Pvt. Ltd.,100,533.0,53300.0,2025-07-20T11:29:12.560852
2025-07-20,153050,2025072003005915,SFCL,Nepal Investment And Securities Trading Private Limited,Cristal Kanchanjanga Securites Pvt. Ltd.,100,532.0,53200.0,2025-07-20T11:29:12.560942
2025-07-20,153049,2025072003005916,SFCL,ABC Securities Private Limited,Cristal Kanchanjanga Securites Pvt. Ltd.,84,532.0,44688.0,2025-07-20T11:29:12.561047
2025-07-20,153036,2025072003005918,SFCL,Imperial Securities Company Pvt. Ltd.,SHUBHAKAMANA SECURITIES PVT. LTD,100,535.0,53500.0,2025-07-20T11:29:13.927112
2025-07-20,152982,2025072003005933,SFCL,Vision Securities Pvt. Ltd,SUN SECURITIES PVT LTD,100,533.0,53300.0,2025-07-20T11:29:17.754215
2025-07-20,152850,2025072003005961,SFCL,Aryatara Investment & Securities,SUN SECURITIES PVT LTD,100,533.0,53300.0,2025-07-20T11:29:24.262726
2025-07-20,152820,2025072003005963,SFCL,Naasa Securities Co. Ltd.,SHUBHAKAMANA SECURITIES PVT. LTD,50,535.0,26750.0,2025-07-20T11:29:26.841641
2025-07-20,152616,2025072003006022,SFCL,South Asian Bulls Pvt. Ltd.,Property Wiard Limited,10,533.0,5330.0,2025-07-20T11:29:40.151417
2025-07-20,152615,2025072003006023,SFCL,Kohinoor Investment & Securities Pvt. Ltd.,Property Wiard Limited,40,533.0,21320.0,2025-07-20T11:29:40.151601
2025-07-20,152416,2025072003006072,SFCL,Dipshikha Dhitopatra Karobar Co. Pvt Ltd.,SHUBHAKAMANA SECURITIES PVT. LTD,15,535.0,8025.0,2025-07-20T11:29:56.128328
2025-07-20,152369,2025072003006084,SFCL,Dynamic Money Managers Securities Pvt. Ltd.,SHUBHAKAMANA SECURITIES PVT. LTD,200,535.0,107000.0,2025-07-20T11:29:58.060051
2025-07-20,152173,2025072003006150,SFCL,Kohinoor Investment & Securities Pvt. Ltd.,Sundhara Securities Limited,20,534.9,10698.0,2025-07-20T11:30:15.214561
2025-07-20,152142,2025072003006157,SFCL,Kohinoor Investment & Securities Pvt. Ltd.,Online Securities Pvt. Ltd.,33,534.0,17622.0,2025-07-20T11:30:18.578259
2025-07-20,152141,2025072003006158,SFCL,Kohinoor Investment & Securities Pvt. Ltd.,Online Securities Pvt. Ltd.,10,533.0,5330.0,2025-07-20T11:30:18.578632
2025-07-20,152140,2025072003006159,SFCL,South Asian Bulls Pvt. Ltd.,Online Securities Pvt. Ltd.,100,532.1,53210.0,2025-07-20T11:30:18.578873
2025-07-20,152139,2025072003006160,SFCL,ABC Securities Private Limited,Online Securities Pvt. Ltd.,157,532.0,83524.0,2025-07-20T11:30:18.579126
2025-07-20,151935,2025072003006200,SFCL,ABC Securities Private Limited,J.F. Securites (PVT) Ltd.,57,532.0,30324.0,2025-07-20T11:30:35.203998
2025-07-20,151934,2025072003006201,SFCL,Asian Securities Private Ltd.,J.F. Securites (PVT) Ltd.,128,532.0,68096.0,2025-07-20T11:30:35.204389
2025-07-20,151933,2025072003006202,SFCL,Asian Securities Private Ltd.,Trishakti Securities Public Limited,72,532.0,38304.0,2025-07-20T11:30:35.372766
2025-07-20,151932,2025072003006203,SFCL,Aryatara Investment & Securities,Trishakti Securities Public Limited,228,532.0,121296.0,2025-07-20T11:30:35.372846
2025-07-20,151857,2025072003006226,SFCL,Aryatara Investment & Securities,Cristal Kanchanjanga Securites Pvt. Ltd.,200,532.0,106400.0,2025-07-20T11:30:41.191037
2025-07-20,151847,2025072003006228,SFCL,Aryatara Investment & Securities,SUN SECURITIES PVT LTD,72,532.0,38304.0,2025-07-20T11:30:42.902006
2025-07-20,151846,2025072003006229,SFCL,Cristal Kanchanjanga Securites Pvt. Ltd.,SUN SECURITIES PVT LTD,300,532.0,159600.0,2025-07-20T11:30:42.902217
2025-07-20,151813,2025072003006243,SFCL,Sumeru Securities Pvt. Ltd.,SUN SECURITIES PVT LTD,20,532.0,10640.0,2025-07-20T11:30:44.978361
2025-07-20,151803,2025072003006246,SFCL,KALASH STOCK MARKET PVT. LTD.,SUN SECURITIES PVT LTD,608,532.0,323456.0,2025-07-20T11:30:46.12279
2025-07-20,151802,2025072003006247,SFCL,KALASH STOCK MARKET PVT. LTD.,Deevyaa Securities & Stock House Pvt. Ltd,200,532.0,106400.0,2025-07-20T11:30:46.123
2025-07-20,151801,2025072003006248,SFCL,KALASH STOCK MARKET PVT. LTD.,Dakshinkali Investment & Securities Pvt. Ltd.,392,532.0,208544.0,2025-07-20T11:30:46.123109
2025-07-20,151697,2025072003006276,SFCL,Naasa Securities Co. Ltd.,Sri Hari Securities Pvt. Ltd.,10,531.5,5315.0,2025-07-20T11:30:55.92648
2025-07-20,151696,2025072003006277,SFCL,Vision Securities Pvt. Ltd,Sri Hari Securities Pvt. Ltd.,17,531.5,9035.5,2025-07-20T11:30:55.926883
2025-07-20,151484,2025072003006323,SFCL,Vision Securities Pvt. Ltd,Dynamic Money Managers Securities Pvt. Ltd.,33,531.5,17539.5,2025-07-20T11:31:14.12922
2025-07-20,151483,2025072003006324,SFCL,S.P.S.A. Securities Limited,Dynamic Money Managers Securities Pvt. Ltd.,11,531.5,5846.5,2025-07-20T11:31:14.129621
2025-07-20,151397,2025072003006343,SFCL,Midas Stock Broking Company Private Limited,Dynamic Money Managers Securities Pvt. Ltd.,14,531.5,7441.0,2025-07-20T11:31:21.966219
2025-07-20,151396,2025072003006344,SFCL,Midas Stock Broking Company Private Limited,Dakshinkali Investment & Securities Pvt. Ltd.,608,532.0,323456.0,2025-07-20T11:31:21.966712
2025-07-20,151395,2025072003006345,SFCL,Midas Stock Broking Company Private Limited,Nepal Investment And Securities Trading Private Limited,378,532.0,201096.0,2025-07-20T11:31:21.96699
2025-07-20,151362,2025072003006350,SFCL,Vision Securities Pvt. Ltd,Nepal Investment And Securities Trading Private Limited,622,532.0,330904.0,2025-07-20T11:31:22.962385
2025-07-20,151361,2025072003006351,SFCL,Vision Securities Pvt. Ltd,Sani Securities Company Ltd.,188,532.0,100016.0,2025-07-20T11:31:22.962581
2025-07-20,151204,2025072003006391,SFCL,Pragyan Securities (PVT) Ltd.,Agrawal Securities (PVT) Ltd.,470,531.4,249758.0,2025-07-20T11:31:33.939367
2025-07-20,151203,2025072003006392,SFCL,Imperial Securities Company Pvt. Ltd.,Agrawal Securities (PVT) Ltd.,160,531.2,84992.0,2025-07-20T11:31:33.939779
2025-07-20,151187,2025072003006400,SFCL,South Asian Bulls Pvt. Ltd.,Trishakti Securities Public Limited,290,531.4,154106.0,2025-07-20T11:31:35.563585
2025-07-20,151009,2025072003006432,SFCL,Imperial Securities Company Pvt. Ltd.,Vision Securities Pvt. Ltd,40,531.2,21248.0,2025-07-20T11:31:48.510316
2025-07-20,151008,2025072003006433,SFCL,Nepal Investment And Securities Trading Private Limited,Vision Securities Pvt. Ltd,64,531.0,33984.0,2025-07-20T11:31:48.510367
2025-07-20,150967,2025072003006444,SFCL,Nepal Investment And Securities Trading Private Limited,Kohinoor Investment & Securities Pvt. Ltd.,90,531.0,47790.0,2025-07-20T11:31:52.425349
2025-07-20,150966,2025072003006445,SFCL,Nepal Investment And Securities Trading Private Limited,Imperial Securities Company Pvt. Ltd.,46,531.0,24426.0,2025-07-20T11:31:52.482159
2025-07-20,150965,2025072003006446,SFCL,South Asian Bulls Pvt. Ltd.,Imperial Securities Company Pvt. Ltd.,100,530.1,53010.0,2025-07-20T11:31:52.482343
2025-07-20,150949,2025072003006453,SFCL,Vision Securities Pvt. Ltd,Trishakti Securities Public Limited,180,531.4,95652.0,2025-07-20T11:31:53.58312
2025-07-20,150849,2025072003006470,SFCL,South Asian Bulls Pvt. Ltd.,Vision Securities Pvt. Ltd,100,530.1,53010.0,2025-07-20T11:31:58.652404
2025-07-20,150792,2025072003006477,SFCL,Thrive Brokerage House Pvt. Ltd,Linch Stock Market Ltd.,100,531.4,53140.0,2025-07-20T11:32:03.531906
2025-07-20,150791,2025072003006478,SFCL,Thrive Brokerage House Pvt. Ltd,Arun Securities (PVT) Ltd.,200,532.0,106400.0,2025-07-20T11:32:03.532101
2025-07-20,150735,2025072003006489,SFCL,Thrive Brokerage House Pvt. Ltd,Property Wiard Limited,100,532.0,53200.0,2025-07-20T11:32:06.698329
2025-07-20,150679,2025072003006500,SFCL,Thrive Brokerage House Pvt. Ltd,Oxford Securities Pvt. Ltd.,12,532.0,6384.0,2025-07-20T11:32:10.750888
2025-07-20,150584,2025072003006514,SFCL,Thrive Brokerage House Pvt. Ltd,Investment Management Nepal Pvt. Ltd.,500,534.0,267000.0,2025-07-20T11:32:14.582715
2025-07-20,150574,2025072003006523,SFCL,Thrive Brokerage House Pvt. Ltd,Naasa Securities Co. Ltd.,66,532.0,35112.0,2025-07-20T11:32:15.45487
2025-07-20,150420,2025072003006561,SFCL,Thrive Brokerage House Pvt. Ltd,Kumari Securities Private Limited,22,532.0,11704.0,2025-07-20T11:32:28.775103
2025-07-20,150419,2025072003006562,SFCL,Citizens Share Broker Limited,Kumari Securities Private Limited,50,532.0,26600.0,2025-07-20T11:32:28.77531
2025-07-20,150418,2025072003006563,SFCL,Capital Max Securities Ltd,Kumari Securities Private Limited,30,531.4,15942.0,2025-07-20T11:32:28.775401
2025-07-20,150417,2025072003006564,SFCL,Sewa Securities Pvt. Ltd.,Kumari Securities Private Limited,148,531.1,78602.8,2025-07-20T11:32:28.775486
2025-07-20,150247,2025072003006597,SFCL,Creative Securities Pvt Ltd,Sundhara Securities Limited,80,533.9,42712.0,2025-07-20T11:32:38.485463
2025-07-20,150246,2025072003006598,SFCL,Creative Securities Pvt Ltd,Dipshikha Dhitopatra Karobar Co. Pvt Ltd.,200,534.0,106800.0,2025-07-20T11:32:38.485655
2025-07-20,150244,2025072003006599,SFCL,Creative Securities Pvt Ltd,Thrive Brokerage House Pvt. Ltd,10,534.0,5340.0,2025-07-20T11:32:38.72138
2025-07-20,150180,2025072003006627,SFCL,Creative Securities Pvt Ltd,Investment Management Nepal Pvt. Ltd.,210,534.0,112140.0,2025-07-20T11:32:43.219428
2025-07-20,150155,2025072003006631,SFCL,Asian Securities Private Ltd.,Sundhara Securities Limited,10,532.1,5321.0,2025-07-20T11:32:45.577194
2025-07-20,150115,2025072003006638,SFCL,Naasa Securities Co. Ltd.,Investment Management Nepal Pvt. Ltd.,100,533.0,53300.0,2025-07-20T11:32:47.470573
2025-07-20,150037,2025072003006645,SFCL,Premier Securities Company Ltd.,Investment Management Nepal Pvt. Ltd.,135,533.0,71955.0,2025-07-20T11:32:51.832041
2025-07-20,149929,2025072003006667,SFCL,Naasa Securities Co. Ltd.,Investment Management Nepal Pvt. Ltd.,55,533.0,29315.0,2025-07-20T11:32:59.606157
2025-07-20,149780,2025072003006705,SFCL,Malla & Malla Stock Broking Company Pvt. Limited,Prabhu Stock Market Limited,20,534.0,10680.0,2025-07-20T11:33:10.302339
