Date,S.N.,contract_id,symbol,buyer_broker,seller_broker,volume,price,amount,transaction_time
2025-07-20,177641,2025072004000165,SHPC,Naasa Securities Co. Ltd.,Vision Securities Pvt. Ltd,118,645.0,76110.0,2025-07-20T11:01:00.845877
2025-07-20,177507,2025072004000214,SHPC,Ashutosh Brokerage & Securities (PVT) Ltd.,Neev Securities Pvt. Ltd.,100,644.0,64400.0,2025-07-20T11:01:17.139963
2025-07-20,177476,2025072004000225,SHPC,Siprabi Securities Pvt. Ltd.,Neev Securities Pvt. Ltd.,400,644.0,257600.0,2025-07-20T11:01:21.0063
2025-07-20,177418,2025072004000240,SHPC,Vision Securities Pvt. Ltd,Opal Securities Investment (PVT) Ltd.,300,644.9,193470.0,2025-07-20T11:01:26.398033
2025-07-20,177417,2025072004000241,SHPC,Cristal Kanchanjanga Securites Pvt. Ltd.,Opal Securities Investment (PVT) Ltd.,700,644.9,451430.0,2025-07-20T11:01:26.831292
2025-07-20,177416,2025072004000242,SHPC,Cristal Kanchanjanga Securites Pvt. Ltd.,Vision Securities Pvt. Ltd,382,645.0,246390.0,2025-07-20T11:01:26.831362
2025-07-20,177397,2025072004000247,SHPC,Cristal Kanchanjanga Securites Pvt. Ltd.,Sri Hari Securities Pvt. Ltd.,500,645.0,322500.0,2025-07-20T11:01:27.504283
2025-07-20,177245,2025072004000294,SHPC,Sani Securities Company Ltd.,Neev Securities Pvt. Ltd.,100,649.0,64900.0,2025-07-20T11:01:44.825669
2025-07-20,177088,2025072004000363,SHPC,Vision Securities Pvt. Ltd,Dynamic Money Managers Securities Pvt. Ltd.,50,645.1,32255.0,2025-07-20T11:01:56.80774
2025-07-20,177087,2025072004000364,SHPC,Cristal Kanchanjanga Securites Pvt. Ltd.,Dynamic Money Managers Securities Pvt. Ltd.,1418,645.0,914610.0,2025-07-20T11:01:56.807884
2025-07-20,177086,2025072004000365,SHPC,Naasa Securities Co. Ltd.,Dynamic Money Managers Securities Pvt. Ltd.,155,645.0,99975.0,2025-07-20T11:01:56.808053
2025-07-20,177085,2025072004000366,SHPC,Online Securities Pvt. Ltd.,Dynamic Money Managers Securities Pvt. Ltd.,200,645.0,129000.0,2025-07-20T11:01:56.808167
2025-07-20,176979,2025072004000407,SHPC,Siprabi Securities Pvt. Ltd.,Kohinoor Investment & Securities Pvt. Ltd.,200,644.0,128800.0,2025-07-20T11:02:07.734026
2025-07-20,176978,2025072004000408,SHPC,Magnet Securities and Investment Company Private Limited,Kohinoor Investment & Securities Pvt. Ltd.,800,644.0,515200.0,2025-07-20T11:02:07.734112
2025-07-20,176796,2025072004000460,SHPC,Sri Hari Securities Pvt. Ltd.,Dynamic Money Managers Securities Pvt. Ltd.,177,645.0,114165.0,2025-07-20T11:02:23.119658
2025-07-20,176568,2025072004000559,SHPC,S.P.S.A. Securities Limited,Neev Securities Pvt. Ltd.,100,648.0,64800.0,2025-07-20T11:02:43.600753
2025-07-20,176567,2025072004000560,SHPC,S.P.S.A. Securities Limited,Vision Securities Pvt. Ltd,400,648.0,259200.0,2025-07-20T11:02:43.600788
2025-07-20,176516,2025072004000581,SHPC,Sri Hari Securities Pvt. Ltd.,J.F. Securites (PVT) Ltd.,100,645.0,64500.0,2025-07-20T11:02:47.154234
2025-07-20,176496,2025072004000585,SHPC,Sri Hari Securities Pvt. Ltd.,Linch Stock Market Ltd.,223,645.0,143835.0,2025-07-20T11:02:48.351838
2025-07-20,176495,2025072004000586,SHPC,Miyo Securities Pvt Ltd,Linch Stock Market Ltd.,77,645.0,49665.0,2025-07-20T11:02:48.351988
2025-07-20,176450,2025072004000604,SHPC,Online Securities Pvt. Ltd.,Vision Securities Pvt. Ltd,100,648.0,64800.0,2025-07-20T11:02:52.599827
2025-07-20,176449,2025072004000605,SHPC,Online Securities Pvt. Ltd.,Sri Hari Securities Pvt. Ltd.,30,648.9,19467.0,2025-07-20T11:02:52.599867
2025-07-20,176448,2025072004000606,SHPC,Online Securities Pvt. Ltd.,Neev Securities Pvt. Ltd.,70,649.0,45430.0,2025-07-20T11:02:52.599897
2025-07-20,176332,2025072004000640,SHPC,Miyo Securities Pvt Ltd,Dynamic Money Managers Securities Pvt. Ltd.,73,645.0,47085.0,2025-07-20T11:03:01.140198
2025-07-20,176283,2025072004000661,SHPC,Magnet Securities and Investment Company Private Limited,Blue Chip Securities Ltd,200,644.0,128800.0,2025-07-20T11:03:05.582658
2025-07-20,176282,2025072004000662,SHPC,Siprabi Securities Pvt. Ltd.,Blue Chip Securities Ltd,20,644.0,12880.0,2025-07-20T11:03:05.582726
2025-07-20,175990,2025072004000809,SHPC,S.P.S.A. Securities Limited,Blue Chip Securities Ltd,473,644.0,304612.0,2025-07-20T11:03:25.684674
2025-07-20,175989,2025072004000810,SHPC,S.P.S.A. Securities Limited,Dynamic Money Managers Securities Pvt. Ltd.,27,645.0,17415.0,2025-07-20T11:03:25.684718
2025-07-20,175936,2025072004000831,SHPC,Online Securities Pvt. Ltd.,Sewa Securities Pvt. Ltd.,100,643.84,64384.0,2025-07-20T11:03:32.02584
2025-07-20,175869,2025072004000856,SHPC,Sani Securities Company Ltd.,Dynamic Money Managers Securities Pvt. Ltd.,40,645.0,25800.0,2025-07-20T11:03:35.986412
2025-07-20,175633,2025072004000947,SHPC,Naasa Securities Co. Ltd.,J.F. Securites (PVT) Ltd.,100,644.0,64400.0,2025-07-20T11:03:57.793679
2025-07-20,175632,2025072004000948,SHPC,Naasa Securities Co. Ltd.,Trishakti Securities Public Limited,200,644.0,128800.0,2025-07-20T11:03:57.793872
2025-07-20,175248,2025072004001088,SHPC,Vision Securities Pvt. Ltd,Online Securities Pvt. Ltd.,100,644.9,64490.0,2025-07-20T11:04:24.437371
2025-07-20,175238,2025072004001089,SHPC,Naasa Securities Co. Ltd.,Imperial Securities Company Pvt. Ltd.,500,644.0,322000.0,2025-07-20T11:04:25.811536
2025-07-20,174852,2025072004001211,SHPC,Naasa Securities Co. Ltd.,Himalayan Brokerage Company Limited,8000,644.0,5152000.0,2025-07-20T11:04:55.302116
2025-07-20,174751,2025072004001258,SHPC,Naasa Securities Co. Ltd.,Investment Management Nepal Pvt. Ltd.,2000,644.0,1288000.0,2025-07-20T11:05:02.671077
2025-07-20,174729,2025072004001259,SHPC,Naasa Securities Co. Ltd.,Magnet Securities and Investment Company Private Limited,200,644.0,128800.0,2025-07-20T11:05:04.075834
2025-07-20,174703,2025072004001268,SHPC,Naasa Securities Co. Ltd.,Property Wiard Limited,1500,644.0,966000.0,2025-07-20T11:05:05.588595
2025-07-20,174610,2025072004001293,SHPC,Naasa Securities Co. Ltd.,Cristal Kanchanjanga Securites Pvt. Ltd.,7020,644.0,4520880.0,2025-07-20T11:05:10.307208
2025-07-20,174559,2025072004001312,SHPC,Naasa Securities Co. Ltd.,J.F. Securites (PVT) Ltd.,480,644.0,309120.0,2025-07-20T11:05:12.874877
2025-07-20,174282,2025072004001424,SHPC,Naasa Securities Co. Ltd.,Naasa Securities Co. Ltd.,155,642.0,99510.0,2025-07-20T11:05:32.090406
2025-07-20,174084,2025072004001467,SHPC,Kohinoor Investment & Securities Pvt. Ltd.,Vision Securities Pvt. Ltd,50,640.0,32000.0,2025-07-20T11:05:48.396414
2025-07-20,174054,2025072004001480,SHPC,Kohinoor Investment & Securities Pvt. Ltd.,KALASH STOCK MARKET PVT. LTD.,30,640.0,19200.0,2025-07-20T11:05:50.606272
2025-07-20,174053,2025072004001481,SHPC,Capital Hub P. Ltd,KALASH STOCK MARKET PVT. LTD.,170,639.0,108630.0,2025-07-20T11:05:50.606362
2025-07-20,174018,2025072004001488,SHPC,S.P.S.A. Securities Limited,Naasa Securities Co. Ltd.,500,642.0,321000.0,2025-07-20T11:05:53.90172
2025-07-20,173833,2025072004001553,SHPC,Capital Hub P. Ltd,Imperial Securities Company Pvt. Ltd.,500,639.0,319500.0,2025-07-20T11:06:03.727194
2025-07-20,173759,2025072004001583,SHPC,Capital Hub P. Ltd,Neev Securities Pvt. Ltd.,330,639.0,210870.0,2025-07-20T11:06:07.885058
2025-07-20,173758,2025072004001584,SHPC,Sani Securities Company Ltd.,Neev Securities Pvt. Ltd.,170,638.0,108460.0,2025-07-20T11:06:07.885103
2025-07-20,173679,2025072004001608,SHPC,Sani Securities Company Ltd.,Neev Securities Pvt. Ltd.,160,638.0,102080.0,2025-07-20T11:06:11.909331
2025-07-20,173678,2025072004001609,SHPC,Online Securities Pvt. Ltd.,Neev Securities Pvt. Ltd.,100,635.0,63500.0,2025-07-20T11:06:11.909367
2025-07-20,173677,2025072004001610,SHPC,Vision Securities Pvt. Ltd,Neev Securities Pvt. Ltd.,240,633.1,151944.0,2025-07-20T11:06:11.909393
2025-07-20,173459,2025072004001669,SHPC,Vision Securities Pvt. Ltd,Neev Securities Pvt. Ltd.,330,633.1,208923.0,2025-07-20T11:06:23.977093
2025-07-20,173390,2025072004001692,SHPC,Sani Securities Company Ltd.,SHUBHAKAMANA SECURITIES PVT. LTD,200,634.0,126800.0,2025-07-20T11:06:27.815255
2025-07-20,173389,2025072004001693,SHPC,Vision Securities Pvt. Ltd,SHUBHAKAMANA SECURITIES PVT. LTD,300,633.1,189930.0,2025-07-20T11:06:27.815295
2025-07-20,173079,2025072004001773,SHPC,Capital Hub P. Ltd,Investment Management Nepal Pvt. Ltd.,100,634.0,63400.0,2025-07-20T11:06:50.015157
2025-07-20,172908,2025072004001834,SHPC,Trishakti Securities Public Limited,Magnet Securities and Investment Company Private Limited,300,634.1,190230.0,2025-07-20T11:07:00.305457
2025-07-20,172907,2025072004001835,SHPC,Capital Hub P. Ltd,Magnet Securities and Investment Company Private Limited,400,634.0,253600.0,2025-07-20T11:07:00.305562
2025-07-20,172906,2025072004001836,SHPC,Online Securities Pvt. Ltd.,Magnet Securities and Investment Company Private Limited,500,633.3,316650.0,2025-07-20T11:07:00.305645
2025-07-20,172905,2025072004001837,SHPC,Nabil Stock Dealer Ltd.,Magnet Securities and Investment Company Private Limited,1000,633.3,633300.0,2025-07-20T11:07:00.305714
2025-07-20,172904,2025072004001838,SHPC,Linch Stock Market Ltd.,Magnet Securities and Investment Company Private Limited,100,633.2,63320.0,2025-07-20T11:07:00.305778
2025-07-20,172903,2025072004001839,SHPC,Vision Securities Pvt. Ltd,Magnet Securities and Investment Company Private Limited,130,633.1,82303.0,2025-07-20T11:07:00.305841
2025-07-20,172902,2025072004001840,SHPC,Aryatara Investment & Securities,Magnet Securities and Investment Company Private Limited,70,633.1,44317.0,2025-07-20T11:07:00.305888
2025-07-20,172833,2025072004001861,SHPC,Shree Krishna Securities Ltd.,KALASH STOCK MARKET PVT. LTD.,100,637.9,63790.0,2025-07-20T11:07:04.814203
2025-07-20,171320,2025072004002355,SHPC,Online Securities Pvt. Ltd.,Bhrikuti Stock Broking Co. Pvt. Ltd.,500,635.1,317550.0,2025-07-20T11:08:36.701953
2025-07-20,171111,2025072004002422,SHPC,Sri Hari Securities Pvt. Ltd.,Bhrikuti Stock Broking Co. Pvt. Ltd.,80,637.0,50960.0,2025-07-20T11:08:46.951461
2025-07-20,171110,2025072004002423,SHPC,Vision Securities Pvt. Ltd,Bhrikuti Stock Broking Co. Pvt. Ltd.,420,635.2,266784.0,2025-07-20T11:08:46.951591
2025-07-20,170990,2025072004002447,SHPC,Vision Securities Pvt. Ltd,KALASH STOCK MARKET PVT. LTD.,10,637.9,6379.0,2025-07-20T11:08:52.28452
2025-07-20,170670,2025072004002537,SHPC,Vision Securities Pvt. Ltd,Deevyaa Securities & Stock House Pvt. Ltd,300,635.2,190560.0,2025-07-20T11:09:11.380491
2025-07-20,170653,2025072004002541,SHPC,Capital Hub P. Ltd,KALASH STOCK MARKET PVT. LTD.,70,637.9,44653.0,2025-07-20T11:09:12.412692
2025-07-20,170530,2025072004002580,SHPC,Vision Securities Pvt. Ltd,Naasa Securities Co. Ltd.,280,635.2,177856.0,2025-07-20T11:09:22.275641
2025-07-20,170350,2025072004002641,SHPC,Sani Securities Company Ltd.,Sanima Securities Limited,100,635.0,63500.0,2025-07-20T11:09:34.450739
2025-07-20,170349,2025072004002642,SHPC,Siprabi Securities Pvt. Ltd.,Sanima Securities Limited,100,635.0,63500.0,2025-07-20T11:09:34.450928
2025-07-20,170348,2025072004002643,SHPC,Vision Securities Pvt. Ltd,Sanima Securities Limited,100,635.0,63500.0,2025-07-20T11:09:34.451011
2025-07-20,170347,2025072004002644,SHPC,S.P.S.A. Securities Limited,Sanima Securities Limited,500,635.0,317500.0,2025-07-20T11:09:34.451115
2025-07-20,170346,2025072004002645,SHPC,Vision Securities Pvt. Ltd,Sanima Securities Limited,120,634.2,76104.0,2025-07-20T11:09:34.451181
2025-07-20,170345,2025072004002646,SHPC,Premier Securities Company Ltd.,Sanima Securities Limited,100,634.1,63410.0,2025-07-20T11:09:34.451278
2025-07-20,170344,2025072004002647,SHPC,Linch Stock Market Ltd.,Sanima Securities Limited,100,634.0,63400.0,2025-07-20T11:09:34.451426
2025-07-20,170343,2025072004002648,SHPC,Kohinoor Investment & Securities Pvt. Ltd.,Sanima Securities Limited,30,634.0,19020.0,2025-07-20T11:09:34.451498
2025-07-20,170342,2025072004002649,SHPC,Aryatara Investment & Securities,Sanima Securities Limited,100,633.4,63340.0,2025-07-20T11:09:34.451566
2025-07-20,170341,2025072004002650,SHPC,Dipshikha Dhitopatra Karobar Co. Pvt Ltd.,Sanima Securities Limited,150,633.2,94980.0,2025-07-20T11:09:34.45163
2025-07-20,170340,2025072004002651,SHPC,Aryatara Investment & Securities,Sanima Securities Limited,120,633.1,75972.0,2025-07-20T11:09:34.451695
2025-07-20,170065,2025072004002736,SHPC,Agrawal Securities (PVT) Ltd.,Sharepro Securities Private Limited,100,635.0,63500.0,2025-07-20T11:09:51.38958
2025-07-20,170020,2025072004002758,SHPC,Agrawal Securities (PVT) Ltd.,Naasa Securities Co. Ltd.,100,635.2,63520.0,2025-07-20T11:09:54.636044
2025-07-20,170005,2025072004002767,SHPC,Midas Stock Broking Company Private Limited,Naasa Securities Co. Ltd.,120,635.2,76224.0,2025-07-20T11:09:55.562073
2025-07-20,169709,2025072004002840,SHPC,Midas Stock Broking Company Private Limited,Sani Securities Company Ltd.,100,635.2,63520.0,2025-07-20T11:10:12.818622
2025-07-20,169314,2025072004002960,SHPC,Midas Stock Broking Company Private Limited,N.M.B. SECURITIES LIMITED,400,635.5,254200.0,2025-07-20T11:10:44.364645
2025-07-20,168968,2025072004003079,SHPC,Vision Securities Pvt. Ltd,SUN SECURITIES PVT LTD,60,635.6,38136.0,2025-07-20T11:11:10.849497
2025-07-20,168967,2025072004003080,SHPC,Midas Stock Broking Company Private Limited,SUN SECURITIES PVT LTD,380,635.5,241490.0,2025-07-20T11:11:10.849647
2025-07-20,168966,2025072004003081,SHPC,Vision Securities Pvt. Ltd,SUN SECURITIES PVT LTD,560,635.4,355824.0,2025-07-20T11:11:10.849724
2025-07-20,168958,2025072004003087,SHPC,Vision Securities Pvt. Ltd,Sewa Securities Pvt. Ltd.,10,637.0,6370.0,2025-07-20T11:11:11.301824
2025-07-20,168810,2025072004003142,SHPC,Vision Securities Pvt. Ltd,Dynamic Money Managers Securities Pvt. Ltd.,440,635.4,279576.0,2025-07-20T11:11:18.253695
2025-07-20,168809,2025072004003143,SHPC,Kohinoor Investment & Securities Pvt. Ltd.,Dynamic Money Managers Securities Pvt. Ltd.,100,635.2,63520.0,2025-07-20T11:11:18.253856
2025-07-20,168808,2025072004003144,SHPC,Agrawal Securities (PVT) Ltd.,Dynamic Money Managers Securities Pvt. Ltd.,250,635.0,158750.0,2025-07-20T11:11:18.253921
2025-07-20,168581,2025072004003228,SHPC,Cristal Kanchanjanga Securites Pvt. Ltd.,Dynamic Money Managers Securities Pvt. Ltd.,210,635.0,133350.0,2025-07-20T11:11:34.329601
2025-07-20,168536,2025072004003242,SHPC,Cristal Kanchanjanga Securites Pvt. Ltd.,Bhrikuti Stock Broking Co. Pvt. Ltd.,98,635.0,62230.0,2025-07-20T11:11:37.41084
2025-07-20,168433,2025072004003282,SHPC,Roadshow securities limited,Vision Securities Pvt. Ltd,200,635.4,127080.0,2025-07-20T11:11:44.668732
2025-07-20,168405,2025072004003284,SHPC,Cristal Kanchanjanga Securites Pvt. Ltd.,Himalayan Brokerage Company Limited,500,635.0,317500.0,2025-07-20T11:11:46.237447
2025-07-20,168396,2025072004003286,SHPC,Cristal Kanchanjanga Securites Pvt. Ltd.,Kumari Securities Private Limited,100,635.0,63500.0,2025-07-20T11:11:47.47302
2025-07-20,168275,2025072004003322,SHPC,Midas Stock Broking Company Private Limited,Asian Securities Private Ltd.,200,635.4,127080.0,2025-07-20T11:11:54.117924
2025-07-20,168274,2025072004003323,SHPC,Cristal Kanchanjanga Securites Pvt. Ltd.,Asian Securities Private Ltd.,92,635.0,58420.0,2025-07-20T11:11:54.118049
2025-07-20,168040,2025072004003374,SHPC,Machhapuchchhre Securities Limited,Himalayan Brokerage Company Limited,100,633.3,63330.0,2025-07-20T11:12:12.307656
2025-07-20,168039,2025072004003375,SHPC,Vision Securities Pvt. Ltd,Himalayan Brokerage Company Limited,60,633.2,37992.0,2025-07-20T11:12:12.307718
2025-07-20,168038,2025072004003376,SHPC,Opal Securities Investment (PVT) Ltd.,Himalayan Brokerage Company Limited,49,633.2,31026.8,2025-07-20T11:12:12.307746
2025-07-20,168037,2025072004003377,SHPC,Aryatara Investment & Securities,Himalayan Brokerage Company Limited,291,633.1,184232.1,2025-07-20T11:12:12.307765
2025-07-20,167718,2025072004003467,SHPC,Vision Securities Pvt. Ltd,Online Securities Pvt. Ltd.,22,633.2,13930.4,2025-07-20T11:12:36.784913
2025-07-20,167616,2025072004003489,SHPC,Vision Securities Pvt. Ltd,Ashutosh Brokerage & Securities (PVT) Ltd.,283,633.3,179223.9,2025-07-20T11:12:43.487254
2025-07-20,167541,2025072004003503,SHPC,Vision Securities Pvt. Ltd,APPLE SECURITIES PRIVATE LIMITED,217,633.3,137426.1,2025-07-20T11:12:47.453881
2025-07-20,167540,2025072004003504,SHPC,Vision Securities Pvt. Ltd,APPLE SECURITIES PRIVATE LIMITED,60,633.3,37998.0,2025-07-20T11:12:47.454101
2025-07-20,167539,2025072004003505,SHPC,Vision Securities Pvt. Ltd,APPLE SECURITIES PRIVATE LIMITED,128,633.2,81049.6,2025-07-20T11:12:47.454184
2025-07-20,167538,2025072004003506,SHPC,Aryatara Investment & Securities,APPLE SECURITIES PRIVATE LIMITED,19,633.1,12028.9,2025-07-20T11:12:47.454262
2025-07-20,167537,2025072004003507,SHPC,Nabil Stock Dealer Ltd.,APPLE SECURITIES PRIVATE LIMITED,500,633.1,316550.0,2025-07-20T11:12:47.454351
2025-07-20,167536,2025072004003508,SHPC,Vision Securities Pvt. Ltd,APPLE SECURITIES PRIVATE LIMITED,76,633.1,48115.6,2025-07-20T11:12:47.454429
2025-07-20,167193,2025072004003623,SHPC,Ashutosh Brokerage & Securities (PVT) Ltd.,Vision Securities Pvt. Ltd,100,633.5,63350.0,2025-07-20T11:13:13.668801
2025-07-20,167191,2025072004003624,SHPC,Online Securities Pvt. Ltd.,Vision Securities Pvt. Ltd,200,633.5,126700.0,2025-07-20T11:13:13.735814
2025-07-20,166934,2025072004003685,SHPC,Vision Securities Pvt. Ltd,Asian Securities Private Ltd.,100,633.1,63310.0,2025-07-20T11:13:29.198954
2025-07-20,166572,2025072004003779,SHPC,Sipla Securities Private Limited,Linch Stock Market Ltd.,23,633.3,14565.9,2025-07-20T11:13:58.789522
2025-07-20,166554,2025072004003784,SHPC,Kohinoor Investment & Securities Pvt. Ltd.,Vision Securities Pvt. Ltd,67,633.5,42444.5,2025-07-20T11:13:59.902284
2025-07-20,166504,2025072004003810,SHPC,Prabhu Stock Market Limited,Vision Securities Pvt. Ltd,133,633.5,84255.5,2025-07-20T11:14:03.580181
2025-07-20,166503,2025072004003811,SHPC,Prabhu Stock Market Limited,Kohinoor Investment & Securities Pvt. Ltd.,50,634.0,31700.0,2025-07-20T11:14:03.580344
2025-07-20,166502,2025072004003812,SHPC,Prabhu Stock Market Limited,Naasa Securities Co. Ltd.,50,634.0,31700.0,2025-07-20T11:14:03.580415
2025-07-20,166489,2025072004003814,SHPC,Vision Securities Pvt. Ltd,Asian Securities Private Ltd.,20,635.0,12700.0,2025-07-20T11:14:05.065993
2025-07-20,166295,2025072004003870,SHPC,Vision Securities Pvt. Ltd,Asian Securities Private Ltd.,88,635.0,55880.0,2025-07-20T11:14:21.383605
2025-07-20,166294,2025072004003871,SHPC,Vision Securities Pvt. Ltd,Midas Stock Broking Company Private Limited,50,635.0,31750.0,2025-07-20T11:14:21.383743
2025-07-20,166293,2025072004003872,SHPC,Vision Securities Pvt. Ltd,APPLE SECURITIES PRIVATE LIMITED,62,635.0,39370.0,2025-07-20T11:14:21.383853
2025-07-20,166265,2025072004003883,SHPC,Kohinoor Investment & Securities Pvt. Ltd.,APPLE SECURITIES PRIVATE LIMITED,434,635.0,275590.0,2025-07-20T11:14:23.123069
2025-07-20,166264,2025072004003884,SHPC,Kohinoor Investment & Securities Pvt. Ltd.,Malla & Malla Stock Broking Company Pvt. Limited,100,635.0,63500.0,2025-07-20T11:14:23.123366
2025-07-20,166263,2025072004003885,SHPC,Kohinoor Investment & Securities Pvt. Ltd.,Indira securities pvt. ltd,23,635.0,14605.0,2025-07-20T11:14:23.123553
2025-07-20,166262,2025072004003886,SHPC,Kohinoor Investment & Securities Pvt. Ltd.,Market Securities & Exchange (PVT) Ltd.,143,635.0,90805.0,2025-07-20T11:14:23.123757
2025-07-20,166167,2025072004003920,SHPC,Vision Securities Pvt. Ltd,Market Securities & Exchange (PVT) Ltd.,57,635.0,36195.0,2025-07-20T11:14:30.556843
2025-07-20,166127,2025072004003930,SHPC,Vision Securities Pvt. Ltd,Sani Securities Company Ltd.,39,635.0,24765.0,2025-07-20T11:14:33.102971
2025-07-20,166103,2025072004003932,SHPC,Vision Securities Pvt. Ltd,Market Securities & Exchange (PVT) Ltd.,60,635.6,38136.0,2025-07-20T11:14:34.607257
2025-07-20,166102,2025072004003933,SHPC,Vision Securities Pvt. Ltd,Dipshikha Dhitopatra Karobar Co. Pvt Ltd.,10,636.0,6360.0,2025-07-20T11:14:34.607321
2025-07-20,166072,2025072004003939,SHPC,Vision Securities Pvt. Ltd,Property Wiard Limited,200,635.0,127000.0,2025-07-20T11:14:36.928825
2025-07-20,166071,2025072004003940,SHPC,Vision Securities Pvt. Ltd,Market Securities & Exchange (PVT) Ltd.,200,635.0,127000.0,2025-07-20T11:14:37.362888
2025-07-20,165972,2025072004003961,SHPC,Vision Securities Pvt. Ltd,KALASH STOCK MARKET PVT. LTD.,474,635.0,300990.0,2025-07-20T11:14:47.042056
2025-07-20,165961,2025072004003964,SHPC,J.F. Securites (PVT) Ltd.,KALASH STOCK MARKET PVT. LTD.,150,635.0,95250.0,2025-07-20T11:14:48.364235
2025-07-20,165958,2025072004003965,SHPC,Aryatara Investment & Securities,KALASH STOCK MARKET PVT. LTD.,276,635.0,175260.0,2025-07-20T11:14:48.848859
2025-07-20,165957,2025072004003966,SHPC,Aryatara Investment & Securities,Dipshikha Dhitopatra Karobar Co. Pvt Ltd.,90,636.0,57240.0,2025-07-20T11:14:48.848909
2025-07-20,165956,2025072004003967,SHPC,Aryatara Investment & Securities,Bhrikuti Stock Broking Co. Pvt. Ltd.,100,636.0,63600.0,2025-07-20T11:14:48.848935
2025-07-20,165955,2025072004003968,SHPC,Aryatara Investment & Securities,Sewa Securities Pvt. Ltd.,34,637.0,21658.0,2025-07-20T11:14:48.848962
2025-07-20,165910,2025072004003989,SHPC,Vision Securities Pvt. Ltd,Sewa Securities Pvt. Ltd.,56,637.0,35672.0,2025-07-20T11:14:50.790774
2025-07-20,165909,2025072004003990,SHPC,Vision Securities Pvt. Ltd,KALASH STOCK MARKET PVT. LTD.,44,637.9,28067.6,2025-07-20T11:14:50.790815
2025-07-20,165870,2025072004004003,SHPC,Prabhu Stock Market Limited,Roadshow securities limited,1267,634.0,803278.0,2025-07-20T11:14:53.470278
2025-07-20,165704,2025072004004033,SHPC,Market Securities & Exchange (PVT) Ltd.,Roadshow securities limited,233,634.0,147722.0,2025-07-20T11:15:04.645616
2025-07-20,165703,2025072004004034,SHPC,Market Securities & Exchange (PVT) Ltd.,Nepal Stock House (PVT) Ltd.,110,635.0,69850.0,2025-07-20T11:15:04.645781
2025-07-20,165681,2025072004004038,SHPC,Vision Securities Pvt. Ltd,KALASH STOCK MARKET PVT. LTD.,14,637.9,8930.6,2025-07-20T11:15:07.177817
2025-07-20,165558,2025072004004078,SHPC,Vision Securities Pvt. Ltd,KALASH STOCK MARKET PVT. LTD.,16,637.9,10206.4,2025-07-20T11:15:19.376673
2025-07-20,165416,2025072004004121,SHPC,Aryatara Investment & Securities,KALASH STOCK MARKET PVT. LTD.,50,637.9,31895.0,2025-07-20T11:15:27.645073
2025-07-20,165036,2025072004004233,SHPC,Market Securities & Exchange (PVT) Ltd.,KALASH STOCK MARKET PVT. LTD.,157,637.9,100150.3,2025-07-20T11:15:49.207718
2025-07-20,164925,2025072004004259,SHPC,Secured Securities Ltd.,KALASH STOCK MARKET PVT. LTD.,39,637.9,24878.1,2025-07-20T11:15:56.62416
2025-07-20,164733,2025072004004313,SHPC,Naasa Securities Co. Ltd.,Naasa Securities Co. Ltd.,345,638.0,220110.0,2025-07-20T11:16:07.966358
2025-07-20,164720,2025072004004319,SHPC,Vision Securities Pvt. Ltd,Sani Securities Company Ltd.,30,638.1,19143.0,2025-07-20T11:16:08.366575
2025-07-20,164719,2025072004004320,SHPC,Vision Securities Pvt. Ltd,Dynamic Money Managers Securities Pvt. Ltd.,200,639.8,127960.0,2025-07-20T11:16:08.366634
2025-07-20,164718,2025072004004321,SHPC,Vision Securities Pvt. Ltd,Online Securities Pvt. Ltd.,770,640.0,492800.0,2025-07-20T11:16:08.366662
2025-07-20,164581,2025072004004364,SHPC,Primo Securities (PVT) Ltd.,Online Securities Pvt. Ltd.,500,640.0,320000.0,2025-07-20T11:16:15.654694
2025-07-20,164568,2025072004004366,SHPC,J.F. Securites (PVT) Ltd.,Online Securities Pvt. Ltd.,155,640.0,99200.0,2025-07-20T11:16:16.874121
2025-07-20,164283,2025072004004455,SHPC,Asian Securities Private Ltd.,Online Securities Pvt. Ltd.,500,640.0,320000.0,2025-07-20T11:16:32.461942
2025-07-20,164042,2025072004004521,SHPC,Vision Securities Pvt. Ltd,Online Securities Pvt. Ltd.,75,640.0,48000.0,2025-07-20T11:16:45.990197
2025-07-20,164041,2025072004004522,SHPC,Vision Securities Pvt. Ltd,Naasa Securities Co. Ltd.,225,640.0,144000.0,2025-07-20T11:16:45.990374
2025-07-20,163687,2025072004004617,SHPC,Deevyaa Securities & Stock House Pvt. Ltd,J.F. Securites (PVT) Ltd.,20,639.0,12780.0,2025-07-20T11:17:08.124018
2025-07-20,163552,2025072004004682,SHPC,Trishakti Securities Public Limited,Naasa Securities Co. Ltd.,258,640.0,165120.0,2025-07-20T11:17:17.634684
2025-07-20,163551,2025072004004683,SHPC,Trishakti Securities Public Limited,Sani Securities Company Ltd.,20,640.0,12800.0,2025-07-20T11:17:17.634848
2025-07-20,163550,2025072004004684,SHPC,Trishakti Securities Public Limited,Investment Management Nepal Pvt. Ltd.,90,640.0,57600.0,2025-07-20T11:17:17.634938
2025-07-20,163549,2025072004004685,SHPC,Trishakti Securities Public Limited,Property Wiard Limited,32,640.0,20480.0,2025-07-20T11:17:17.635002
2025-07-20,163539,2025072004004692,SHPC,Kumari Securities Private Limited,Property Wiard Limited,168,640.0,107520.0,2025-07-20T11:17:18.383802
2025-07-20,162757,2025072004004920,SHPC,Midas Stock Broking Company Private Limited,APPLE SECURITIES PRIVATE LIMITED,300,643.9,193170.0,2025-07-20T11:18:06.126681
2025-07-20,162756,2025072004004921,SHPC,Midas Stock Broking Company Private Limited,SHUBHAKAMANA SECURITIES PVT. LTD,200,644.0,128800.0,2025-07-20T11:18:06.126828
2025-07-20,162611,2025072004004949,SHPC,Sumeru Securities Pvt. Ltd.,SHUBHAKAMANA SECURITIES PVT. LTD,200,644.0,128800.0,2025-07-20T11:18:14.274929
2025-07-20,162610,2025072004004950,SHPC,Sumeru Securities Pvt. Ltd.,Trishakti Securities Public Limited,10,644.0,6440.0,2025-07-20T11:18:14.275108
2025-07-20,162609,2025072004004951,SHPC,Sumeru Securities Pvt. Ltd.,Himalayan Brokerage Company Limited,790,644.0,508760.0,2025-07-20T11:18:14.275183
2025-07-20,162489,2025072004004977,SHPC,Opal Securities Investment (PVT) Ltd.,Himalayan Brokerage Company Limited,210,644.0,135240.0,2025-07-20T11:18:21.19462
2025-07-20,162488,2025072004004978,SHPC,Opal Securities Investment (PVT) Ltd.,J.F. Securites (PVT) Ltd.,500,644.0,322000.0,2025-07-20T11:18:21.194795
2025-07-20,162487,2025072004004979,SHPC,Opal Securities Investment (PVT) Ltd.,Online Securities Pvt. Ltd.,15,644.9,9673.5,2025-07-20T11:18:21.194864
2025-07-20,162486,2025072004004980,SHPC,Opal Securities Investment (PVT) Ltd.,Dynamic Money Managers Securities Pvt. Ltd.,1860,645.0,1199700.0,2025-07-20T11:18:21.194933
2025-07-20,162485,2025072004004981,SHPC,Opal Securities Investment (PVT) Ltd.,Linch Stock Market Ltd.,432,645.0,278640.0,2025-07-20T11:18:21.195002
2025-07-20,162484,2025072004004982,SHPC,Opal Securities Investment (PVT) Ltd.,Naasa Securities Co. Ltd.,500,645.0,322500.0,2025-07-20T11:18:21.195073
2025-07-20,162483,2025072004004983,SHPC,Opal Securities Investment (PVT) Ltd.,Opal Securities Investment (PVT) Ltd.,150,645.0,96750.0,2025-07-20T11:18:21.19514
2025-07-20,162482,2025072004004984,SHPC,Opal Securities Investment (PVT) Ltd.,Nepal Stock House (PVT) Ltd.,750,645.0,483750.0,2025-07-20T11:18:21.195205
2025-07-20,162481,2025072004004985,SHPC,Opal Securities Investment (PVT) Ltd.,Citizens Share Broker Limited,1000,645.0,645000.0,2025-07-20T11:18:21.195269
2025-07-20,162480,2025072004004986,SHPC,Opal Securities Investment (PVT) Ltd.,Trishakti Securities Public Limited,30,645.0,19350.0,2025-07-20T11:18:21.195345
2025-07-20,162479,2025072004004987,SHPC,Opal Securities Investment (PVT) Ltd.,Ashutosh Brokerage & Securities (PVT) Ltd.,100,645.0,64500.0,2025-07-20T11:18:21.195411
2025-07-20,162478,2025072004004988,SHPC,Opal Securities Investment (PVT) Ltd.,Sri Hari Securities Pvt. Ltd.,500,645.0,322500.0,2025-07-20T11:18:21.195475
2025-07-20,162477,2025072004004989,SHPC,Opal Securities Investment (PVT) Ltd.,Vision Securities Pvt. Ltd,500,645.0,322500.0,2025-07-20T11:18:21.195539
2025-07-20,162476,2025072004004990,SHPC,Opal Securities Investment (PVT) Ltd.,Kohinoor Investment & Securities Pvt. Ltd.,50,645.7,32285.0,2025-07-20T11:18:21.195608
2025-07-20,162475,2025072004004991,SHPC,Opal Securities Investment (PVT) Ltd.,Nepal Stock House (PVT) Ltd.,200,645.7,129140.0,2025-07-20T11:18:21.195679
2025-07-20,162474,2025072004004992,SHPC,Opal Securities Investment (PVT) Ltd.,Ashutosh Brokerage & Securities (PVT) Ltd.,600,647.0,388200.0,2025-07-20T11:18:21.195745
2025-07-20,162473,2025072004004993,SHPC,Opal Securities Investment (PVT) Ltd.,Agrawal Securities (PVT) Ltd.,1000,647.0,647000.0,2025-07-20T11:18:21.19581
2025-07-20,162472,2025072004004994,SHPC,Opal Securities Investment (PVT) Ltd.,Nepal Stock House (PVT) Ltd.,430,647.0,278210.0,2025-07-20T11:18:21.195872
2025-07-20,162471,2025072004004995,SHPC,Opal Securities Investment (PVT) Ltd.,Bhrikuti Stock Broking Co. Pvt. Ltd.,500,647.0,323500.0,2025-07-20T11:18:21.195935
2025-07-20,162470,2025072004004996,SHPC,Opal Securities Investment (PVT) Ltd.,Naasa Securities Co. Ltd.,673,647.0,435431.0,2025-07-20T11:18:21.195998
2025-07-20,162171,2025072004005076,SHPC,Premier Securities Company Ltd.,APPLE SECURITIES PRIVATE LIMITED,200,646.9,129380.0,2025-07-20T11:18:41.946607
2025-07-20,162170,2025072004005077,SHPC,Premier Securities Company Ltd.,Naasa Securities Co. Ltd.,500,647.0,323500.0,2025-07-20T11:18:41.946772
2025-07-20,161961,2025072004005145,SHPC,Vision Securities Pvt. Ltd,J.F. Securites (PVT) Ltd.,1000,646.9,646900.0,2025-07-20T11:18:57.786821
2025-07-20,161953,2025072004005146,SHPC,Capital Max Securities Ltd,Naasa Securities Co. Ltd.,50,647.0,32350.0,2025-07-20T11:18:58.462866
2025-07-20,161873,2025072004005170,SHPC,Primo Securities (PVT) Ltd.,Naasa Securities Co. Ltd.,777,647.0,502719.0,2025-07-20T11:19:04.735417
2025-07-20,161872,2025072004005171,SHPC,Primo Securities (PVT) Ltd.,Sharepro Securities Private Limited,223,647.0,144281.0,2025-07-20T11:19:04.735695
2025-07-20,161648,2025072004005218,SHPC,Premier Securities Company Ltd.,APPLE SECURITIES PRIVATE LIMITED,400,646.9,258760.0,2025-07-20T11:19:16.586711
2025-07-20,161494,2025072004005253,SHPC,Aryatara Investment & Securities,Sharepro Securities Private Limited,200,647.0,129400.0,2025-07-20T11:19:26.814838
2025-07-20,161091,2025072004005335,SHPC,Premier Securities Company Ltd.,J.F. Securites (PVT) Ltd.,300,646.9,194070.0,2025-07-20T11:19:57.210836
2025-07-20,160647,2025072004005499,SHPC,Agrawal Securities (PVT) Ltd.,Dynamic Money Managers Securities Pvt. Ltd.,200,646.0,129200.0,2025-07-20T11:20:32.081694
2025-07-20,160168,2025072004005597,SHPC,Aryatara Investment & Securities,Dynamic Money Managers Securities Pvt. Ltd.,200,646.0,129200.0,2025-07-20T11:21:00.757654
2025-07-20,160038,2025072004005624,SHPC,Cristal Kanchanjanga Securites Pvt. Ltd.,Dynamic Money Managers Securities Pvt. Ltd.,100,645.0,64500.0,2025-07-20T11:21:11.19968
2025-07-20,160037,2025072004005625,SHPC,Sani Securities Company Ltd.,Dynamic Money Managers Securities Pvt. Ltd.,400,645.0,258000.0,2025-07-20T11:21:11.199992
2025-07-20,159776,2025072004005682,SHPC,Deevyaa Securities & Stock House Pvt. Ltd,Dynamic Money Managers Securities Pvt. Ltd.,20,646.0,12920.0,2025-07-20T11:21:25.301517
2025-07-20,159325,2025072004005806,SHPC,Sani Securities Company Ltd.,Market Securities & Exchange (PVT) Ltd.,50,645.0,32250.0,2025-07-20T11:21:52.471551
2025-07-20,159224,2025072004005825,SHPC,Primo Securities (PVT) Ltd.,Market Securities & Exchange (PVT) Ltd.,950,645.0,612750.0,2025-07-20T11:22:00.768603
2025-07-20,159223,2025072004005826,SHPC,Primo Securities (PVT) Ltd.,SUN SECURITIES PVT LTD,500,645.0,322500.0,2025-07-20T11:22:00.768801
2025-07-20,159222,2025072004005827,SHPC,Primo Securities (PVT) Ltd.,Sani Securities Company Ltd.,50,645.0,32250.0,2025-07-20T11:22:00.768894
2025-07-20,158928,2025072004005897,SHPC,J.F. Securites (PVT) Ltd.,Arun Securities (PVT) Ltd.,500,645.9,322950.0,2025-07-20T11:22:20.283569
2025-07-20,158131,2025072004006137,SHPC,Secured Securities Ltd.,Arun Securities (PVT) Ltd.,70,645.9,45213.0,2025-07-20T11:23:14.60346
2025-07-20,157583,2025072004006275,SHPC,Nagarik Stock Dealer ,Arun Securities (PVT) Ltd.,300,645.9,193770.0,2025-07-20T11:23:50.329372
2025-07-20,157479,2025072004006304,SHPC,Opal Securities Investment (PVT) Ltd.,Dynamic Money Managers Securities Pvt. Ltd.,200,646.0,129200.0,2025-07-20T11:23:56.926378
2025-07-20,157181,2025072004006378,SHPC,Sani Securities Company Ltd.,Dynamic Money Managers Securities Pvt. Ltd.,10,646.0,6460.0,2025-07-20T11:24:17.810077
2025-07-20,156945,2025072004006420,SHPC,J.F. Securites (PVT) Ltd.,Imperial Securities Company Pvt. Ltd.,45,645.0,29025.0,2025-07-20T11:24:31.247175
2025-07-20,156944,2025072004006421,SHPC,Midas Stock Broking Company Private Limited,Imperial Securities Company Pvt. Ltd.,500,644.2,322100.0,2025-07-20T11:24:31.247548
2025-07-20,156943,2025072004006422,SHPC,Nepal Investment And Securities Trading Private Limited,Imperial Securities Company Pvt. Ltd.,56,643.1,36013.6,2025-07-20T11:24:31.247826
2025-07-20,156942,2025072004006423,SHPC,J.F. Securites (PVT) Ltd.,Imperial Securities Company Pvt. Ltd.,399,643.0,256557.0,2025-07-20T11:24:31.248061
2025-07-20,155469,2025072004006829,SHPC,Roadshow securities limited,Sumeru Securities Pvt. Ltd.,50,644.0,32200.0,2025-07-20T11:26:20.754463
2025-07-20,155468,2025072004006830,SHPC,Roadshow securities limited,Investment Management Nepal Pvt. Ltd.,50,645.0,32250.0,2025-07-20T11:26:20.754504
2025-07-20,155312,2025072004006876,SHPC,J.F. Securites (PVT) Ltd.,Sundhara Securities Limited,101,643.0,64943.0,2025-07-20T11:26:32.847176
2025-07-20,155311,2025072004006877,SHPC,Naasa Securities Co. Ltd.,Sundhara Securities Limited,200,643.0,128600.0,2025-07-20T11:26:32.847234
2025-07-20,155310,2025072004006878,SHPC,Dipshikha Dhitopatra Karobar Co. Pvt Ltd.,Sundhara Securities Limited,50,643.0,32150.0,2025-07-20T11:26:32.847259
2025-07-20,155309,2025072004006879,SHPC,Sri Hari Securities Pvt. Ltd.,Sundhara Securities Limited,105,642.0,67410.0,2025-07-20T11:26:32.847285
2025-07-20,155308,2025072004006880,SHPC,Thrive Brokerage House Pvt. Ltd,Sundhara Securities Limited,44,642.0,28248.0,2025-07-20T11:26:32.847323
2025-07-20,155113,2025072004006946,SHPC,Roadshow securities limited,Investment Management Nepal Pvt. Ltd.,50,645.0,32250.0,2025-07-20T11:26:45.908007
2025-07-20,155112,2025072004006947,SHPC,Roadshow securities limited,Dynamic Money Managers Securities Pvt. Ltd.,50,645.0,32250.0,2025-07-20T11:26:45.908092
2025-07-20,155044,2025072004006963,SHPC,Oxford Securities Pvt. Ltd.,Dynamic Money Managers Securities Pvt. Ltd.,155,645.0,99975.0,2025-07-20T11:26:50.189613
2025-07-20,154589,2025072004007115,SHPC,Thrive Brokerage House Pvt. Ltd,INDEX SECURITIES LIMITED,186,642.0,119412.0,2025-07-20T11:27:25.431142
2025-07-20,154588,2025072004007116,SHPC,Trisul Securities & Invt. Ltd.,INDEX SECURITIES LIMITED,75,642.0,48150.0,2025-07-20T11:27:25.431341
2025-07-20,154587,2025072004007117,SHPC,Linch Stock Market Ltd.,INDEX SECURITIES LIMITED,569,641.2,364842.8,2025-07-20T11:27:25.431438
2025-07-20,153648,2025072004007339,SHPC,Sagarmatha Securities Private Limited,Sanima Securities Limited,197,642.0,126474.0,2025-07-20T11:28:29.797412
2025-07-20,153599,2025072004007360,SHPC,Roadshow securities limited,ABC Securities Private Limited,460,644.0,296240.0,2025-07-20T11:28:34.308548
2025-07-20,153598,2025072004007361,SHPC,Roadshow securities limited,Imperial Securities Company Pvt. Ltd.,90,644.0,57960.0,2025-07-20T11:28:34.30866
2025-07-20,153358,2025072004007467,SHPC,Sagarmatha Securities Private Limited,Property Wiard Limited,303,642.0,194526.0,2025-07-20T11:28:49.969661
2025-07-20,153187,2025072004007519,SHPC,BHOLE GANESH SECURITIES LTD,INDEX SECURITIES LIMITED,500,642.0,321000.0,2025-07-20T11:29:02.755226
2025-07-20,153111,2025072004007537,SHPC,Sani Securities Company Ltd.,INDEX SECURITIES LIMITED,300,642.1,192630.0,2025-07-20T11:29:09.785249
2025-07-20,153110,2025072004007538,SHPC,BHOLE GANESH SECURITIES LTD,INDEX SECURITIES LIMITED,200,642.0,128400.0,2025-07-20T11:29:09.78571
2025-07-20,153067,2025072004007547,SHPC,BHOLE GANESH SECURITIES LTD,Sundhara Securities Limited,200,642.0,128400.0,2025-07-20T11:29:11.873434
2025-07-20,153066,2025072004007548,SHPC,Sani Securities Company Ltd.,Sundhara Securities Limited,300,642.0,192600.0,2025-07-20T11:29:11.873481
2025-07-20,152958,2025072004007584,SHPC,Sani Securities Company Ltd.,Sundhara Securities Limited,200,642.0,128400.0,2025-07-20T11:29:18.916078
2025-07-20,152957,2025072004007585,SHPC,Arun Securities (PVT) Ltd.,Sundhara Securities Limited,198,642.0,127116.0,2025-07-20T11:29:18.916179
2025-07-20,152874,2025072004007598,SHPC,Arun Securities (PVT) Ltd.,INDEX SECURITIES LIMITED,112,642.0,71904.0,2025-07-20T11:29:23.84148
2025-07-20,152873,2025072004007599,SHPC,Online Securities Pvt. Ltd.,INDEX SECURITIES LIMITED,25,641.4,16035.0,2025-07-20T11:29:23.841823
2025-07-20,152872,2025072004007600,SHPC,Naasa Securities Co. Ltd.,INDEX SECURITIES LIMITED,363,641.3,232791.9,2025-07-20T11:29:23.842111
2025-07-20,152781,2025072004007618,SHPC,Kumari Securities Private Limited,Opal Securities Investment (PVT) Ltd.,50,642.0,32100.0,2025-07-20T11:29:30.076057
2025-07-20,152747,2025072004007632,SHPC,Kumari Securities Private Limited,INDEX SECURITIES LIMITED,500,642.0,321000.0,2025-07-20T11:29:31.866548
2025-07-20,152623,2025072004007660,SHPC,Kumari Securities Private Limited,INDEX SECURITIES LIMITED,50,642.0,32100.0,2025-07-20T11:29:39.890287
2025-07-20,152622,2025072004007661,SHPC,Kohinoor Investment & Securities Pvt. Ltd.,INDEX SECURITIES LIMITED,20,642.0,12840.0,2025-07-20T11:29:39.890487
2025-07-20,152621,2025072004007662,SHPC,Naasa Securities Co. Ltd.,INDEX SECURITIES LIMITED,137,641.3,87858.1,2025-07-20T11:29:39.890574
2025-07-20,152620,2025072004007663,SHPC,Linch Stock Market Ltd.,INDEX SECURITIES LIMITED,293,641.2,187871.6,2025-07-20T11:29:39.890659
2025-07-20,152551,2025072004007677,SHPC,Agrawal Securities (PVT) Ltd.,Market Securities & Exchange (PVT) Ltd.,150,643.0,96450.0,2025-07-20T11:29:44.123574
2025-07-20,152542,2025072004007679,SHPC,Opal Securities Investment (PVT) Ltd.,Market Securities & Exchange (PVT) Ltd.,49,643.0,31507.0,2025-07-20T11:29:44.727304
2025-07-20,152541,2025072004007680,SHPC,Opal Securities Investment (PVT) Ltd.,Imperial Securities Company Pvt. Ltd.,11,644.0,7084.0,2025-07-20T11:29:44.72771
2025-07-20,152522,2025072004007692,SHPC,Linch Stock Market Ltd.,INDEX SECURITIES LIMITED,438,641.2,280845.6,2025-07-20T11:29:46.930218
2025-07-20,152521,2025072004007693,SHPC,Thrive Brokerage House Pvt. Ltd,INDEX SECURITIES LIMITED,62,641.0,39742.0,2025-07-20T11:29:46.930436
2025-07-20,152494,2025072004007700,SHPC,Thrive Brokerage House Pvt. Ltd,Sundhara Securities Limited,438,641.0,280758.0,2025-07-20T11:29:51.140919
2025-07-20,152493,2025072004007701,SHPC,SHUBHAKAMANA SECURITIES PVT. LTD,Sundhara Securities Limited,62,641.0,39742.0,2025-07-20T11:29:51.141008
2025-07-20,152414,2025072004007721,SHPC,SHUBHAKAMANA SECURITIES PVT. LTD,Sundhara Securities Limited,138,641.0,88458.0,2025-07-20T11:29:56.218049
2025-07-20,152413,2025072004007722,SHPC,Dipshikha Dhitopatra Karobar Co. Pvt Ltd.,Sundhara Securities Limited,162,640.1,103696.2,2025-07-20T11:29:56.218148
2025-07-20,152390,2025072004007729,SHPC,Oxford Securities Pvt. Ltd.,Imperial Securities Company Pvt. Ltd.,1000,644.0,644000.0,2025-07-20T11:29:57.131535
2025-07-20,152302,2025072004007758,SHPC,Dipshikha Dhitopatra Karobar Co. Pvt Ltd.,INDEX SECURITIES LIMITED,36,641.0,23076.0,2025-07-20T11:30:04.015663
2025-07-20,152301,2025072004007759,SHPC,Dipshikha Dhitopatra Karobar Co. Pvt Ltd.,INDEX SECURITIES LIMITED,24,640.1,15362.4,2025-07-20T11:30:04.01589
2025-07-20,151746,2025072004007924,SHPC,Dipshikha Dhitopatra Karobar Co. Pvt Ltd.,Sundhara Securities Limited,99,640.1,63369.9,2025-07-20T11:30:51.685491
2025-07-20,151430,2025072004008002,SHPC,Dipshikha Dhitopatra Karobar Co. Pvt Ltd.,Dynamic Money Managers Securities Pvt. Ltd.,215,640.1,137621.5,2025-07-20T11:31:18.817222
2025-07-20,151429,2025072004008003,SHPC,Bhrikuti Stock Broking Co. Pvt. Ltd.,Dynamic Money Managers Securities Pvt. Ltd.,35,640.1,22403.5,2025-07-20T11:31:18.817637
2025-07-20,151304,2025072004008032,SHPC,Himalayan Brokerage Company Limited,Neev Securities Pvt. Ltd.,200,643.0,128600.0,2025-07-20T11:31:27.193996
2025-07-20,151303,2025072004008033,SHPC,Himalayan Brokerage Company Limited,Investment Management Nepal Pvt. Ltd.,50,643.9,32195.0,2025-07-20T11:31:27.194202
2025-07-20,151115,2025072004008084,SHPC,Malla & Malla Stock Broking Company Pvt. Limited,Sani Securities Company Ltd.,100,642.0,64200.0,2025-07-20T11:31:42.551839
2025-07-20,150984,2025072004008121,SHPC,Kumari Securities Private Limited,Kohinoor Investment & Securities Pvt. Ltd.,200,640.2,128040.0,2025-07-20T11:31:51.412914
2025-07-20,150983,2025072004008122,SHPC,Bhrikuti Stock Broking Co. Pvt. Ltd.,Kohinoor Investment & Securities Pvt. Ltd.,465,640.1,297646.5,2025-07-20T11:31:51.413157
2025-07-20,150982,2025072004008123,SHPC,Cristal Kanchanjanga Securites Pvt. Ltd.,Kohinoor Investment & Securities Pvt. Ltd.,1335,640.0,854400.0,2025-07-20T11:31:51.413253
2025-07-20,150921,2025072004008131,SHPC,Online Securities Pvt. Ltd.,Sani Securities Company Ltd.,1000,642.0,642000.0,2025-07-20T11:31:55.309722
2025-07-20,150546,2025072004008206,SHPC,Sani Securities Company Ltd.,Elite Stock House Limited,74,642.0,47508.0,2025-07-20T11:32:18.779286
2025-07-20,150486,2025072004008223,SHPC,Elite Stock House Limited,Elite Stock House Limited,100,642.0,64200.0,2025-07-20T11:32:24.328725
2025-07-20,150102,2025072004008339,SHPC,Thrive Brokerage House Pvt. Ltd,Cristal Kanchanjanga Securites Pvt. Ltd.,100,640.1,64010.0,2025-07-20T11:32:47.974259
2025-07-20,150023,2025072004008357,SHPC,Thrive Brokerage House Pvt. Ltd,Capital Max Securities Ltd,30,640.1,19203.0,2025-07-20T11:32:53.541703
2025-07-20,149622,2025072004008467,SHPC,Himalayan Brokerage Company Limited,Elite Stock House Limited,26,642.0,16692.0,2025-07-20T11:33:23.576034
2025-07-20,149621,2025072004008468,SHPC,Himalayan Brokerage Company Limited,ABC Securities Private Limited,174,642.0,111708.0,2025-07-20T11:33:23.576259
2025-07-20,149369,2025072004008537,SHPC,Thrive Brokerage House Pvt. Ltd,ABC Securities Private Limited,270,642.0,173340.0,2025-07-20T11:33:47.177979
2025-07-20,149208,2025072004008601,SHPC,Primo Securities (PVT) Ltd.,ABC Securities Private Limited,56,642.0,35952.0,2025-07-20T11:33:58.286367
2025-07-20,149207,2025072004008602,SHPC,Primo Securities (PVT) Ltd.,Naasa Securities Co. Ltd.,200,642.0,128400.0,2025-07-20T11:33:58.286611
2025-07-20,149206,2025072004008603,SHPC,Primo Securities (PVT) Ltd.,Online Securities Pvt. Ltd.,150,642.0,96300.0,2025-07-20T11:33:58.286708
2025-07-20,149086,2025072004008647,SHPC,Sumeru Securities Pvt. Ltd.,Kohinoor Investment & Securities Pvt. Ltd.,100,643.0,64300.0,2025-07-20T11:34:06.453059
2025-07-20,149022,2025072004008661,SHPC,Deevyaa Securities & Stock House Pvt. Ltd,Kohinoor Investment & Securities Pvt. Ltd.,10,643.0,6430.0,2025-07-20T11:34:11.295288
2025-07-20,148993,2025072004008664,SHPC,Vision Securities Pvt. Ltd,Kohinoor Investment & Securities Pvt. Ltd.,500,643.0,321500.0,2025-07-20T11:34:13.643165
2025-07-20,148932,2025072004008686,SHPC,Naasa Securities Co. Ltd.,Kohinoor Investment & Securities Pvt. Ltd.,300,643.0,192900.0,2025-07-20T11:34:17.332948
2025-07-20,148791,2025072004008708,SHPC,Primo Securities (PVT) Ltd.,Property Wiard Limited,94,642.0,60348.0,2025-07-20T11:34:29.379012
2025-07-20,148790,2025072004008709,SHPC,Primo Securities (PVT) Ltd.,Property Wiard Limited,500,642.0,321000.0,2025-07-20T11:34:29.379257
2025-07-20,148562,2025072004008766,SHPC,Imperial Securities Company Pvt. Ltd.,Kohinoor Investment & Securities Pvt. Ltd.,90,643.0,57870.0,2025-07-20T11:34:46.010137
2025-07-20,148503,2025072004008784,SHPC,Imperial Securities Company Pvt. Ltd.,Online Securities Pvt. Ltd.,10,643.0,6430.0,2025-07-20T11:34:51.74693
2025-07-20,148181,2025072004008927,SHPC,Siprabi Securities Pvt. Ltd.,Sri Hari Securities Pvt. Ltd.,35,642.1,22473.5,2025-07-20T11:35:09.719517
2025-07-20,147963,2025072004008997,SHPC,Siprabi Securities Pvt. Ltd.,Imperial Securities Company Pvt. Ltd.,190,642.1,121999.0,2025-07-20T11:35:26.293065
2025-07-20,147962,2025072004008998,SHPC,Naasa Securities Co. Ltd.,Imperial Securities Company Pvt. Ltd.,126,641.1,80778.6,2025-07-20T11:35:26.293292
2025-07-20,147961,2025072004008999,SHPC,Malla & Malla Stock Broking Company Pvt. Limited,Imperial Securities Company Pvt. Ltd.,100,641.0,64100.0,2025-07-20T11:35:26.29341
2025-07-20,147960,2025072004009000,SHPC,Market Securities & Exchange (PVT) Ltd.,Imperial Securities Company Pvt. Ltd.,500,641.0,320500.0,2025-07-20T11:35:26.293515
2025-07-20,147959,2025072004009001,SHPC,Cristal Kanchanjanga Securites Pvt. Ltd.,Imperial Securities Company Pvt. Ltd.,140,641.0,89740.0,2025-07-20T11:35:26.293616
2025-07-20,147958,2025072004009002,SHPC,Ashutosh Brokerage & Securities (PVT) Ltd.,Imperial Securities Company Pvt. Ltd.,770,641.0,493570.0,2025-07-20T11:35:26.293714
2025-07-20,147727,2025072004009066,SHPC,Nabil Stock Dealer Ltd.,Imperial Securities Company Pvt. Ltd.,500,640.1,320050.0,2025-07-20T11:35:39.624669
2025-07-20,147726,2025072004009067,SHPC,Cristal Kanchanjanga Securites Pvt. Ltd.,Imperial Securities Company Pvt. Ltd.,665,640.0,425600.0,2025-07-20T11:35:39.625113
2025-07-20,147725,2025072004009068,SHPC,KALASH STOCK MARKET PVT. LTD.,Imperial Securities Company Pvt. Ltd.,200,640.0,128000.0,2025-07-20T11:35:39.625414
2025-07-20,147724,2025072004009069,SHPC,Nabil Stock Dealer Ltd.,Imperial Securities Company Pvt. Ltd.,1560,640.0,998400.0,2025-07-20T11:35:39.6257
2025-07-20,147723,2025072004009070,SHPC,Trisul Securities & Invt. Ltd.,Imperial Securities Company Pvt. Ltd.,75,640.0,48000.0,2025-07-20T11:35:39.62598
2025-07-20,147628,2025072004009097,SHPC,Deevyaa Securities & Stock House Pvt. Ltd,Imperial Securities Company Pvt. Ltd.,20,641.0,12820.0,2025-07-20T11:35:45.53373
2025-07-20,147622,2025072004009098,SHPC,Trisul Securities & Invt. Ltd.,J.F. Securites (PVT) Ltd.,125,640.0,80000.0,2025-07-20T11:35:46.35215
2025-07-20,147621,2025072004009099,SHPC,Nagarik Stock Dealer ,J.F. Securites (PVT) Ltd.,75,640.0,48000.0,2025-07-20T11:35:46.352622
2025-07-20,147499,2025072004009158,SHPC,Nagarik Stock Dealer ,Dipshikha Dhitopatra Karobar Co. Pvt Ltd.,125,640.0,80000.0,2025-07-20T11:35:54.227464
2025-07-20,147498,2025072004009159,SHPC,Cristal Kanchanjanga Securites Pvt. Ltd.,Dipshikha Dhitopatra Karobar Co. Pvt Ltd.,649,640.0,415360.0,2025-07-20T11:35:54.227722
2025-07-20,147280,2025072004009212,SHPC,Cristal Kanchanjanga Securites Pvt. Ltd.,Dynamic Money Managers Securities Pvt. Ltd.,3351,640.0,2144640.0,2025-07-20T11:36:11.092528
2025-07-20,147279,2025072004009213,SHPC,Capital Max Securities Ltd,Dynamic Money Managers Securities Pvt. Ltd.,100,640.0,64000.0,2025-07-20T11:36:11.092731
2025-07-20,147278,2025072004009214,SHPC,Magnet Securities and Investment Company Private Limited,Dynamic Money Managers Securities Pvt. Ltd.,300,640.0,192000.0,2025-07-20T11:36:11.092853
2025-07-20,147277,2025072004009215,SHPC,BHOLE GANESH SECURITIES LTD,Dynamic Money Managers Securities Pvt. Ltd.,50,640.0,32000.0,2025-07-20T11:36:11.092957
2025-07-20,147276,2025072004009216,SHPC,Sundhara Securities Limited,Dynamic Money Managers Securities Pvt. Ltd.,250,640.0,160000.0,2025-07-20T11:36:11.093086
2025-07-20,147275,2025072004009217,SHPC,Asian Securities Private Ltd.,Dynamic Money Managers Securities Pvt. Ltd.,1000,640.0,640000.0,2025-07-20T11:36:11.093199
2025-07-20,147274,2025072004009218,SHPC,Asian Securities Private Ltd.,Dynamic Money Managers Securities Pvt. Ltd.,1000,640.0,640000.0,2025-07-20T11:36:11.093291
2025-07-20,147169,2025072004009265,SHPC,Roadshow securities limited,Naasa Securities Co. Ltd.,210,639.5,134295.0,2025-07-20T11:36:19.636261
2025-07-20,146969,2025072004009300,SHPC,Sundhara Securities Limited,Imperial Securities Company Pvt. Ltd.,120,641.0,76920.0,2025-07-20T11:36:36.164521
2025-07-20,146952,2025072004009307,SHPC,Roadshow securities limited,Sundhara Securities Limited,790,639.5,505205.0,2025-07-20T11:36:37.171382
2025-07-20,146951,2025072004009308,SHPC,Sharepro Securities Private Limited,Sundhara Securities Limited,500,639.0,319500.0,2025-07-20T11:36:37.171632
2025-07-20,146950,2025072004009309,SHPC,Vision Securities Pvt. Ltd,Sundhara Securities Limited,50,638.1,31905.0,2025-07-20T11:36:37.171735
2025-07-20,146949,2025072004009310,SHPC,Naasa Securities Co. Ltd.,Sundhara Securities Limited,655,638.0,417890.0,2025-07-20T11:36:37.17183
2025-07-20,146862,2025072004009353,SHPC,Sumeru Securities Pvt. Ltd.,Imperial Securities Company Pvt. Ltd.,34,641.0,21794.0,2025-07-20T11:36:43.580271
2025-07-20,146861,2025072004009354,SHPC,Sumeru Securities Pvt. Ltd.,Midas Stock Broking Company Private Limited,866,641.0,555106.0,2025-07-20T11:36:43.580709
2025-07-20,146265,2025072004009533,SHPC,Vision Securities Pvt. Ltd,Naasa Securities Co. Ltd.,10,640.0,6400.0,2025-07-20T11:37:25.578829
2025-07-20,146038,2025072004009605,SHPC,Vision Securities Pvt. Ltd,Naasa Securities Co. Ltd.,130,640.0,83200.0,2025-07-20T11:37:42.369349
2025-07-20,145921,2025072004009631,SHPC,Vision Securities Pvt. Ltd,Sani Securities Company Ltd.,270,640.9,173043.0,2025-07-20T11:37:51.458704
2025-07-20,145920,2025072004009632,SHPC,Vision Securities Pvt. Ltd,Nepal Stock House (PVT) Ltd.,110,640.9,70499.0,2025-07-20T11:37:51.458911
2025-07-20,145916,2025072004009633,SHPC,Vision Securities Pvt. Ltd,Linch Stock Market Ltd.,120,640.9,76908.0,2025-07-20T11:37:51.804725
2025-07-20,145133,2025072004009817,SHPC,Sundhara Securities Limited,Linch Stock Market Ltd.,143,640.0,91520.0,2025-07-20T11:38:53.194061
2025-07-20,144903,2025072004009901,SHPC,Sundhara Securities Limited,Dipshikha Dhitopatra Karobar Co. Pvt Ltd.,12,640.0,7680.0,2025-07-20T11:39:10.93819
2025-07-20,144782,2025072004009940,SHPC,Kohinoor Investment & Securities Pvt. Ltd.,Dipshikha Dhitopatra Karobar Co. Pvt Ltd.,48,640.0,30720.0,2025-07-20T11:39:17.920399
2025-07-20,144441,2025072004009992,SHPC,Premier Securities Company Ltd.,Sani Securities Company Ltd.,10,640.9,6409.0,2025-07-20T11:39:41.848175
2025-07-20,143550,2025072004010273,SHPC,Neev Securities Pvt. Ltd.,K.B.L. Securities Limited ,100,640.9,64090.0,2025-07-20T11:40:57.941426
2025-07-20,143549,2025072004010274,SHPC,Neev Securities Pvt. Ltd.,Midas Stock Broking Company Private Limited,134,641.0,85894.0,2025-07-20T11:40:57.941682
2025-07-20,143548,2025072004010275,SHPC,Neev Securities Pvt. Ltd.,Kumari Securities Private Limited,100,641.0,64100.0,2025-07-20T11:40:57.941805
2025-07-20,143415,2025072004010309,SHPC,Neev Securities Pvt. Ltd.,Property Wiard Limited,166,641.0,106406.0,2025-07-20T11:41:05.92264
2025-07-20,143414,2025072004010310,SHPC,Dynamic Money Managers Securities Pvt. Ltd.,Property Wiard Limited,1000,640.9,640900.0,2025-07-20T11:41:05.922912
2025-07-20,143413,2025072004010311,SHPC,Kohinoor Investment & Securities Pvt. Ltd.,Property Wiard Limited,52,640.0,33280.0,2025-07-20T11:41:05.923021
2025-07-20,143412,2025072004010312,SHPC,Vision Securities Pvt. Ltd,Property Wiard Limited,100,640.0,64000.0,2025-07-20T11:41:05.923141
2025-07-20,143411,2025072004010313,SHPC,Market Securities & Exchange (PVT) Ltd.,Property Wiard Limited,200,639.0,127800.0,2025-07-20T11:41:05.923248
2025-07-20,143410,2025072004010314,SHPC,Naasa Securities Co. Ltd.,Property Wiard Limited,200,638.2,127640.0,2025-07-20T11:41:05.923367
2025-07-20,143409,2025072004010315,SHPC,Sani Securities Company Ltd.,Property Wiard Limited,200,638.1,127620.0,2025-07-20T11:41:05.92347
2025-07-20,143408,2025072004010316,SHPC,Naasa Securities Co. Ltd.,Property Wiard Limited,82,638.1,52324.2,2025-07-20T11:41:05.923576
2025-07-20,143222,2025072004010383,SHPC,Infinity Securities Limited,Sri Hari Securities Pvt. Ltd.,1000,641.0,641000.0,2025-07-20T11:41:18.322791
2025-07-20,143167,2025072004010397,SHPC,Sani Securities Company Ltd.,Indira securities pvt. ltd,500,642.0,321000.0,2025-07-20T11:41:20.673231
2025-07-20,143009,2025072004010452,SHPC,Infinity Securities Limited,KALASH STOCK MARKET PVT. LTD.,1000,641.0,641000.0,2025-07-20T11:41:33.098302
2025-07-20,142942,2025072004010460,SHPC,South Asian Bulls Pvt. Ltd.,Secured Securities Ltd.,15,641.1,9616.5,2025-07-20T11:41:37.823638
2025-07-20,142743,2025072004010512,SHPC,Imperial Securities Company Pvt. Ltd.,Oxford Securities Pvt. Ltd.,19,642.0,12198.0,2025-07-20T11:41:52.955637
2025-07-20,142742,2025072004010513,SHPC,Imperial Securities Company Pvt. Ltd.,Vision Securities Pvt. Ltd,12,642.0,7704.0,2025-07-20T11:41:52.955883
2025-07-20,142095,2025072004010707,SHPC,Imperial Securities Company Pvt. Ltd.,Siprabi Securities Pvt. Ltd.,19,642.0,12198.0,2025-07-20T11:42:35.529761
2025-07-20,141885,2025072004010787,SHPC,South Asian Bulls Pvt. Ltd.,Siprabi Securities Pvt. Ltd.,81,642.0,52002.0,2025-07-20T11:42:48.791798
2025-07-20,141884,2025072004010788,SHPC,South Asian Bulls Pvt. Ltd.,Dynamic Money Managers Securities Pvt. Ltd.,1904,642.0,1222368.0,2025-07-20T11:42:48.792059
2025-07-20,141854,2025072004010792,SHPC,KALASH STOCK MARKET PVT. LTD.,Sundhara Securities Limited,185,641.2,118622.0,2025-07-20T11:42:49.825254
2025-07-20,141786,2025072004010802,SHPC,KALASH STOCK MARKET PVT. LTD.,Trademow Securities Private Limited,500,641.2,320600.0,2025-07-20T11:42:54.275651
2025-07-20,141763,2025072004010808,SHPC,KALASH STOCK MARKET PVT. LTD.,Property Wiard Limited,90,641.2,57708.0,2025-07-20T11:42:56.343574
2025-07-20,141762,2025072004010809,SHPC,Infinity Securities Limited,Property Wiard Limited,2031,641.0,1301871.0,2025-07-20T11:42:56.343825
2025-07-20,141713,2025072004010818,SHPC,Infinity Securities Limited,Vision Securities Pvt. Ltd,1000,641.0,641000.0,2025-07-20T11:42:58.615685
2025-07-20,141654,2025072004010857,SHPC,Infinity Securities Limited,Agrawal Securities (PVT) Ltd.,1000,641.0,641000.0,2025-07-20T11:43:00.959398
2025-07-20,141652,2025072004010859,SHPC,Infinity Securities Limited,Sanima Securities Limited,3969,641.0,2544129.0,2025-07-20T11:43:01.378163
2025-07-20,141651,2025072004010860,SHPC,Nepal Investment And Securities Trading Private Limited,Sanima Securities Limited,100,641.0,64100.0,2025-07-20T11:43:01.378428
2025-07-20,141650,2025072004010861,SHPC,Imperial Securities Company Pvt. Ltd.,Sanima Securities Limited,1000,641.0,641000.0,2025-07-20T11:43:01.378545
2025-07-20,141573,2025072004010896,SHPC,Naasa Securities Co. Ltd.,Sanima Securities Limited,308,641.0,197428.0,2025-07-20T11:43:05.897608
2025-07-20,141492,2025072004010915,SHPC,Market Securities & Exchange (PVT) Ltd.,Imperial Securities Company Pvt. Ltd.,100,640.9,64090.0,2025-07-20T11:43:10.170961
2025-07-20,141491,2025072004010916,SHPC,Vision Securities Pvt. Ltd,Imperial Securities Company Pvt. Ltd.,500,640.5,320250.0,2025-07-20T11:43:10.17126
2025-07-20,141260,2025072004010999,SHPC,Secured Securities Ltd.,Imperial Securities Company Pvt. Ltd.,40,640.0,25600.0,2025-07-20T11:43:24.319824
2025-07-20,141173,2025072004011016,SHPC,Investment Management Nepal Pvt. Ltd.,Imperial Securities Company Pvt. Ltd.,300,640.0,192000.0,2025-07-20T11:43:29.220131
2025-07-20,141163,2025072004011023,SHPC,Kohinoor Investment & Securities Pvt. Ltd.,Vision Securities Pvt. Ltd,300,638.1,191430.0,2025-07-20T11:43:30.185748
2025-07-20,141162,2025072004011024,SHPC,Agrawal Securities (PVT) Ltd.,Vision Securities Pvt. Ltd,201,638.1,128258.1,2025-07-20T11:43:30.186291
2025-07-20,140806,2025072004011151,SHPC,Capital Max Securities Ltd,Imperial Securities Company Pvt. Ltd.,99,640.0,63360.0,2025-07-20T11:43:51.591307
2025-07-20,140703,2025072004011175,SHPC,Capital Max Securities Ltd,Imperial Securities Company Pvt. Ltd.,30,640.5,19215.0,2025-07-20T11:43:57.19158
2025-07-20,140443,2025072004011238,SHPC,Capital Max Securities Ltd,Kohinoor Investment & Securities Pvt. Ltd.,290,640.5,185745.0,2025-07-20T11:44:13.475116
2025-07-20,140233,2025072004011327,SHPC,Capital Max Securities Ltd,Primo Securities (PVT) Ltd.,14,640.5,8967.0,2025-07-20T11:44:28.287664
2025-07-20,140231,2025072004011328,SHPC,SHUBHAKAMANA SECURITIES PVT. LTD,Primo Securities (PVT) Ltd.,200,640.5,128100.0,2025-07-20T11:44:28.287979
2025-07-20,139911,2025072004011417,SHPC,Sani Securities Company Ltd.,Nepal Investment And Securities Trading Private Limited,200,639.0,127800.0,2025-07-20T11:44:51.236162
2025-07-20,139617,2025072004011490,SHPC,Naasa Securities Co. Ltd.,Primo Securities (PVT) Ltd.,150,639.0,95850.0,2025-07-20T11:45:13.541558
2025-07-20,139616,2025072004011491,SHPC,Arun Securities (PVT) Ltd.,Primo Securities (PVT) Ltd.,158,638.2,100835.6,2025-07-20T11:45:13.54184
2025-07-20,139615,2025072004011492,SHPC,Agrawal Securities (PVT) Ltd.,Primo Securities (PVT) Ltd.,299,638.1,190791.9,2025-07-20T11:45:13.541951
2025-07-20,139614,2025072004011493,SHPC,Kumari Securities Private Limited,Primo Securities (PVT) Ltd.,345,638.0,220110.0,2025-07-20T11:45:13.542059
2025-07-20,139613,2025072004011494,SHPC,Bhrikuti Stock Broking Co. Pvt. Ltd.,Primo Securities (PVT) Ltd.,100,638.0,63800.0,2025-07-20T11:45:13.542175
2025-07-20,139612,2025072004011495,SHPC,Premier Securities Company Ltd.,Primo Securities (PVT) Ltd.,200,638.0,127600.0,2025-07-20T11:45:13.542278
2025-07-20,139611,2025072004011496,SHPC,Imperial Securities Company Pvt. Ltd.,Primo Securities (PVT) Ltd.,200,638.0,127600.0,2025-07-20T11:45:13.542387
2025-07-20,139610,2025072004011497,SHPC,Himalayan Brokerage Company Limited,Primo Securities (PVT) Ltd.,250,638.0,159500.0,2025-07-20T11:45:13.54251
2025-07-20,139609,2025072004011498,SHPC,Infinity Securities Limited,Primo Securities (PVT) Ltd.,84,638.0,53592.0,2025-07-20T11:45:13.54263
2025-07-20,139501,2025072004011517,SHPC,Imperial Securities Company Pvt. Ltd.,Naasa Securities Co. Ltd.,50,640.0,32000.0,2025-07-20T11:45:18.862375
2025-07-20,139243,2025072004011593,SHPC,Sundhara Securities Limited,Naasa Securities Co. Ltd.,950,640.0,608000.0,2025-07-20T11:45:36.081105
2025-07-20,139242,2025072004011594,SHPC,Sundhara Securities Limited,NIMB Stock Markets Limited,150,640.0,96000.0,2025-07-20T11:45:36.081444
2025-07-20,139020,2025072004011684,SHPC,Trishakti Securities Public Limited,Sanima Securities Limited,800,639.0,511200.0,2025-07-20T11:45:48.057241
2025-07-20,138832,2025072004011730,SHPC,Nagarik Stock Dealer ,NIMB Stock Markets Limited,500,640.0,320000.0,2025-07-20T11:45:59.804643
2025-07-20,138731,2025072004011764,SHPC,Trishakti Securities Public Limited,Trishakti Securities Public Limited,200,639.0,127800.0,2025-07-20T11:46:04.723367
2025-07-20,138730,2025072004011765,SHPC,Primo Securities (PVT) Ltd.,Trishakti Securities Public Limited,110,638.3,70213.0,2025-07-20T11:46:04.723625
2025-07-20,138729,2025072004011766,SHPC,Infinity Securities Limited,Trishakti Securities Public Limited,690,638.0,440220.0,2025-07-20T11:46:04.723746
2025-07-20,138521,2025072004011814,SHPC,Infinity Securities Limited,Sagarmatha Securities Private Limited,500,638.0,319000.0,2025-07-20T11:46:17.767911
2025-07-20,138184,2025072004011925,SHPC,Deevyaa Securities & Stock House Pvt. Ltd,Property Wiard Limited,200,638.0,127600.0,2025-07-20T11:46:40.248568
2025-07-20,138183,2025072004011926,SHPC,Magnet Securities and Investment Company Private Limited,Property Wiard Limited,300,638.0,191400.0,2025-07-20T11:46:40.248833
2025-07-20,138182,2025072004011927,SHPC,SHUBHAKAMANA SECURITIES PVT. LTD,Property Wiard Limited,50,638.0,31900.0,2025-07-20T11:46:40.248944
2025-07-20,138032,2025072004011985,SHPC,Siprabi Securities Pvt. Ltd.,Neev Securities Pvt. Ltd.,35,638.0,22330.0,2025-07-20T11:46:48.711773
2025-07-20,137719,2025072004012055,SHPC,Dynamic Money Managers Securities Pvt. Ltd.,Neev Securities Pvt. Ltd.,465,638.0,296670.0,2025-07-20T11:47:08.887379
2025-07-20,137718,2025072004012056,SHPC,Dynamic Money Managers Securities Pvt. Ltd.,Oxford Securities Pvt. Ltd.,35,638.0,22330.0,2025-07-20T11:47:08.887944
2025-07-20,137649,2025072004012076,SHPC,Thrive Brokerage House Pvt. Ltd,Kalika Securities Pvt. Ltd.,40,637.1,25484.0,2025-07-20T11:47:15.152816
2025-07-20,137313,2025072004012143,SHPC,Thrive Brokerage House Pvt. Ltd,Himalayan Securities Limited,460,637.1,293066.0,2025-07-20T11:47:37.39134
2025-07-20,137300,2025072004012145,SHPC,Online Securities Pvt. Ltd.,Himalayan Securities Limited,40,637.1,25484.0,2025-07-20T11:47:38.729246
2025-07-20,137223,2025072004012167,SHPC,Online Securities Pvt. Ltd.,Nepal Stock House (PVT) Ltd.,160,637.2,101952.0,2025-07-20T11:47:43.779982
2025-07-20,137175,2025072004012175,SHPC,Vision Securities Pvt. Ltd,Nepal Stock House (PVT) Ltd.,40,637.1,25484.0,2025-07-20T11:47:46.877077
2025-07-20,137093,2025072004012199,SHPC,Vision Securities Pvt. Ltd,Sri Hari Securities Pvt. Ltd.,52,637.3,33139.6,2025-07-20T11:47:53.828636
2025-07-20,136889,2025072004012247,SHPC,Vision Securities Pvt. Ltd,Oxford Securities Pvt. Ltd.,65,637.3,41424.5,2025-07-20T11:48:07.056795
2025-07-20,136839,2025072004012266,SHPC,Vision Securities Pvt. Ltd,ABC Securities Private Limited,43,637.3,27403.9,2025-07-20T11:48:10.839538
2025-07-20,136838,2025072004012267,SHPC,Imperial Securities Company Pvt. Ltd.,ABC Securities Private Limited,500,637.3,318650.0,2025-07-20T11:48:10.839586
2025-07-20,136837,2025072004012268,SHPC,Linch Stock Market Ltd.,ABC Securities Private Limited,100,637.0,63700.0,2025-07-20T11:48:10.839614
2025-07-20,136836,2025072004012269,SHPC,Online Securities Pvt. Ltd.,ABC Securities Private Limited,200,636.8,127360.0,2025-07-20T11:48:10.839646
2025-07-20,136835,2025072004012270,SHPC,Naasa Securities Co. Ltd.,ABC Securities Private Limited,157,636.5,99930.5,2025-07-20T11:48:10.839684
2025-07-20,136416,2025072004012401,SHPC,Kohinoor Investment & Securities Pvt. Ltd.,KALASH STOCK MARKET PVT. LTD.,40,637.0,25480.0,2025-07-20T11:48:44.169378
2025-07-20,136327,2025072004012427,SHPC,Thrive Brokerage House Pvt. Ltd,KALASH STOCK MARKET PVT. LTD.,200,637.0,127400.0,2025-07-20T11:48:50.818834
2025-07-20,136144,2025072004012488,SHPC,Market Securities & Exchange (PVT) Ltd.,KALASH STOCK MARKET PVT. LTD.,200,637.0,127400.0,2025-07-20T11:49:05.050306
2025-07-20,136096,2025072004012504,SHPC,Naasa Securities Co. Ltd.,Dynamic Money Managers Securities Pvt. Ltd.,843,636.5,536569.5,2025-07-20T11:49:09.130749
2025-07-20,136095,2025072004012505,SHPC,Miyo Securities Pvt Ltd,Dynamic Money Managers Securities Pvt. Ltd.,100,636.0,63600.0,2025-07-20T11:49:09.131052
2025-07-20,136094,2025072004012506,SHPC,Market Securities & Exchange (PVT) Ltd.,Dynamic Money Managers Securities Pvt. Ltd.,500,636.0,318000.0,2025-07-20T11:49:09.131183
2025-07-20,136093,2025072004012507,SHPC,Sumeru Securities Pvt. Ltd.,Dynamic Money Managers Securities Pvt. Ltd.,200,636.0,127200.0,2025-07-20T11:49:09.131298
2025-07-20,136092,2025072004012508,SHPC,Imperial Securities Company Pvt. Ltd.,Dynamic Money Managers Securities Pvt. Ltd.,200,636.0,127200.0,2025-07-20T11:49:09.131423
2025-07-20,136091,2025072004012509,SHPC,Vision Securities Pvt. Ltd,Dynamic Money Managers Securities Pvt. Ltd.,500,635.1,317550.0,2025-07-20T11:49:09.131572
2025-07-20,136090,2025072004012510,SHPC,Prabhu Stock Market Limited,Dynamic Money Managers Securities Pvt. Ltd.,1600,635.1,1016160.0,2025-07-20T11:49:09.13171
2025-07-20,136089,2025072004012511,SHPC,Naasa Securities Co. Ltd.,Dynamic Money Managers Securities Pvt. Ltd.,2000,635.0,1270000.0,2025-07-20T11:49:09.131832
2025-07-20,136088,2025072004012512,SHPC,Bhrikuti Stock Broking Co. Pvt. Ltd.,Dynamic Money Managers Securities Pvt. Ltd.,500,635.0,317500.0,2025-07-20T11:49:09.131983
2025-07-20,136087,2025072004012513,SHPC,Midas Stock Broking Company Private Limited,Dynamic Money Managers Securities Pvt. Ltd.,500,635.0,317500.0,2025-07-20T11:49:09.132133
2025-07-20,136086,2025072004012514,SHPC,Midas Stock Broking Company Private Limited,Dynamic Money Managers Securities Pvt. Ltd.,500,635.0,317500.0,2025-07-20T11:49:09.132251
2025-07-20,136085,2025072004012515,SHPC,Agrawal Securities (PVT) Ltd.,Dynamic Money Managers Securities Pvt. Ltd.,200,635.0,127000.0,2025-07-20T11:49:09.132368
2025-07-20,136084,2025072004012516,SHPC,SUN SECURITIES PVT LTD,Dynamic Money Managers Securities Pvt. Ltd.,100,635.0,63500.0,2025-07-20T11:49:09.132501
2025-07-20,136083,2025072004012517,SHPC,Shree Krishna Securities Ltd.,Dynamic Money Managers Securities Pvt. Ltd.,50,635.0,31750.0,2025-07-20T11:49:09.132665
2025-07-20,136082,2025072004012518,SHPC,SHUBHAKAMANA SECURITIES PVT. LTD,Dynamic Money Managers Securities Pvt. Ltd.,500,635.0,317500.0,2025-07-20T11:49:09.132806
2025-07-20,136081,2025072004012519,SHPC,Opal Securities Investment (PVT) Ltd.,Dynamic Money Managers Securities Pvt. Ltd.,6707,635.0,4258945.0,2025-07-20T11:49:09.132943
2025-07-20,135861,2025072004012576,SHPC,Opal Securities Investment (PVT) Ltd.,Aryatara Investment & Securities,1073,635.0,681355.0,2025-07-20T11:49:24.622293
2025-07-20,135568,2025072004012682,SHPC,Property Wiard Limited,J.F. Securites (PVT) Ltd.,200,635.4,127080.0,2025-07-20T11:49:43.63368
2025-07-20,135312,2025072004012807,SHPC,Naasa Securities Co. Ltd.,Aryatara Investment & Securities,100,636.5,63650.0,2025-07-20T11:49:57.330781
2025-07-20,135165,2025072004012858,SHPC,Property Wiard Limited,KALASH STOCK MARKET PVT. LTD.,60,635.4,38124.0,2025-07-20T11:50:08.487028
2025-07-20,134885,2025072004012998,SHPC,Property Wiard Limited,Online Securities Pvt. Ltd.,40,635.4,25416.0,2025-07-20T11:50:28.574426
2025-07-20,134884,2025072004012999,SHPC,Opal Securities Investment (PVT) Ltd.,Online Securities Pvt. Ltd.,60,635.0,38100.0,2025-07-20T11:50:28.574698
2025-07-20,134782,2025072004013025,SHPC,Miyo Securities Pvt Ltd,Midas Stock Broking Company Private Limited,40,635.1,25404.0,2025-07-20T11:50:36.683153
2025-07-20,134684,2025072004013055,SHPC,Miyo Securities Pvt Ltd,Kohinoor Investment & Securities Pvt. Ltd.,192,635.1,121939.2,2025-07-20T11:50:46.133734
2025-07-20,134683,2025072004013056,SHPC,Opal Securities Investment (PVT) Ltd.,Kohinoor Investment & Securities Pvt. Ltd.,808,635.0,513080.0,2025-07-20T11:50:46.133991
2025-07-20,134456,2025072004013131,SHPC,Opal Securities Investment (PVT) Ltd.,Dipshikha Dhitopatra Karobar Co. Pvt Ltd.,500,635.0,317500.0,2025-07-20T11:51:07.75812
2025-07-20,134434,2025072004013137,SHPC,Opal Securities Investment (PVT) Ltd.,Midas Stock Broking Company Private Limited,852,635.0,541020.0,2025-07-20T11:51:10.006421
2025-07-20,134433,2025072004013138,SHPC,Cristal Kanchanjanga Securites Pvt. Ltd.,Midas Stock Broking Company Private Limited,2000,635.0,1270000.0,2025-07-20T11:51:10.006691
2025-07-20,134432,2025072004013139,SHPC,Kohinoor Investment & Securities Pvt. Ltd.,Midas Stock Broking Company Private Limited,48,635.0,30480.0,2025-07-20T11:51:10.006805
2025-07-20,134404,2025072004013151,SHPC,Kohinoor Investment & Securities Pvt. Ltd.,Aryatara Investment & Securities,100,635.0,63500.0,2025-07-20T11:51:11.659857
2025-07-20,134175,2025072004013207,SHPC,Secured Securities Ltd.,Hatemalo Financial Services Private Limited,125,635.1,79387.5,2025-07-20T11:51:31.667469
2025-07-20,133946,2025072004013252,SHPC,Secured Securities Ltd.,Capital Max Securities Ltd,125,635.1,79387.5,2025-07-20T11:51:49.136547
2025-07-20,133859,2025072004013266,SHPC,South Asian Bulls Pvt. Ltd.,SUN SECURITIES PVT LTD,50,635.0,31750.0,2025-07-20T11:51:56.607632
2025-07-20,133858,2025072004013267,SHPC,Nagarik Stock Dealer ,SUN SECURITIES PVT LTD,450,635.0,285750.0,2025-07-20T11:51:56.607912
2025-07-20,133841,2025072004013273,SHPC,Kalika Securities Pvt. Ltd.,Capital Max Securities Ltd,42,635.1,26674.2,2025-07-20T11:51:58.337726
2025-07-20,133746,2025072004013301,SHPC,Trisul Securities & Invt. Ltd.,Capital Max Securities Ltd,100,635.1,63510.0,2025-07-20T11:52:07.527975
2025-07-20,133711,2025072004013313,SHPC,Nagarik Stock Dealer ,Investment Management Nepal Pvt. Ltd.,50,635.0,31750.0,2025-07-20T11:52:11.052398
2025-07-20,133710,2025072004013314,SHPC,Sani Securities Company Ltd.,Investment Management Nepal Pvt. Ltd.,20,635.0,12700.0,2025-07-20T11:52:11.052673
2025-07-20,133709,2025072004013315,SHPC,Malla & Malla Stock Broking Company Pvt. Limited,Investment Management Nepal Pvt. Ltd.,100,635.0,63500.0,2025-07-20T11:52:11.052787
2025-07-20,133708,2025072004013316,SHPC,Naasa Securities Co. Ltd.,Investment Management Nepal Pvt. Ltd.,100,635.0,63500.0,2025-07-20T11:52:11.052898
2025-07-20,133707,2025072004013317,SHPC,Infinity Securities Limited,Investment Management Nepal Pvt. Ltd.,300,635.0,190500.0,2025-07-20T11:52:11.053014
2025-07-20,133706,2025072004013318,SHPC,Linch Stock Market Ltd.,Investment Management Nepal Pvt. Ltd.,100,635.0,63500.0,2025-07-20T11:52:11.053123
2025-07-20,133705,2025072004013319,SHPC,Thrive Brokerage House Pvt. Ltd,Investment Management Nepal Pvt. Ltd.,330,635.0,209550.0,2025-07-20T11:52:11.053236
2025-07-20,133701,2025072004013321,SHPC,Thrive Brokerage House Pvt. Ltd,ABC Securities Private Limited,170,635.0,107950.0,2025-07-20T11:52:11.398435
2025-07-20,133700,2025072004013322,SHPC,Online Securities Pvt. Ltd.,ABC Securities Private Limited,210,635.0,133350.0,2025-07-20T11:52:11.398504
2025-07-20,133699,2025072004013323,SHPC,Premier Securities Company Ltd.,ABC Securities Private Limited,120,634.0,76080.0,2025-07-20T11:52:11.398533
2025-07-20,133667,2025072004013330,SHPC,Premier Securities Company Ltd.,Imperial Securities Company Pvt. Ltd.,280,634.0,177520.0,2025-07-20T11:52:13.237702
2025-07-20,133666,2025072004013331,SHPC,Dipshikha Dhitopatra Karobar Co. Pvt Ltd.,Imperial Securities Company Pvt. Ltd.,100,634.0,63400.0,2025-07-20T11:52:13.23796
2025-07-20,133665,2025072004013332,SHPC,Online Securities Pvt. Ltd.,Imperial Securities Company Pvt. Ltd.,145,634.0,91930.0,2025-07-20T11:52:13.238074
2025-07-20,133664,2025072004013333,SHPC,Vision Securities Pvt. Ltd,Imperial Securities Company Pvt. Ltd.,200,634.0,126800.0,2025-07-20T11:52:13.238184
2025-07-20,133663,2025072004013334,SHPC,Sani Securities Company Ltd.,Imperial Securities Company Pvt. Ltd.,110,634.0,69740.0,2025-07-20T11:52:13.238293
2025-07-20,133662,2025072004013335,SHPC,Infinity Securities Limited,Imperial Securities Company Pvt. Ltd.,1165,634.0,738610.0,2025-07-20T11:52:13.238424
2025-07-20,133523,2025072004013370,SHPC,Midas Stock Broking Company Private Limited,ABC Securities Private Limited,200,634.1,126820.0,2025-07-20T11:52:26.540764
2025-07-20,133436,2025072004013398,SHPC,Sumeru Securities Pvt. Ltd.,Capital Max Securities Ltd,1132,635.1,718933.2,2025-07-20T11:52:33.62876
2025-07-20,133431,2025072004013399,SHPC,Midas Stock Broking Company Private Limited,ABC Securities Private Limited,200,634.1,126820.0,2025-07-20T11:52:34.621419
2025-07-20,133124,2025072004013479,SHPC,Indira securities pvt. ltd,Imperial Securities Company Pvt. Ltd.,50,635.0,31750.0,2025-07-20T11:53:06.134522
2025-07-20,132887,2025072004013530,SHPC,Trishakti Securities Public Limited,Dakshinkali Investment & Securities Pvt. Ltd.,50,635.1,31755.0,2025-07-20T11:53:23.511987
2025-07-20,132746,2025072004013581,SHPC,Trishakti Securities Public Limited,Sanima Securities Limited,450,635.1,285795.0,2025-07-20T11:53:35.372739
2025-07-20,132745,2025072004013582,SHPC,Indira securities pvt. ltd,Sanima Securities Limited,100,635.0,63500.0,2025-07-20T11:53:35.373037
2025-07-20,132624,2025072004013634,SHPC,Online Securities Pvt. Ltd.,Sanima Securities Limited,73,635.0,46355.0,2025-07-20T11:53:48.443279
2025-07-20,132344,2025072004013708,SHPC,Cristal Kanchanjanga Securites Pvt. Ltd.,Ashutosh Brokerage & Securities (PVT) Ltd.,60,635.1,38106.0,2025-07-20T11:54:15.285046
2025-07-20,132158,2025072004013762,SHPC,Kumari Securities Private Limited,Imperial Securities Company Pvt. Ltd.,50,636.0,31800.0,2025-07-20T11:54:32.53353
2025-07-20,132157,2025072004013763,SHPC,Kumari Securities Private Limited,Naasa Securities Co. Ltd.,50,636.0,31800.0,2025-07-20T11:54:32.534072
2025-07-20,132097,2025072004013788,SHPC,Aryatara Investment & Securities,Naasa Securities Co. Ltd.,50,636.0,31800.0,2025-07-20T11:54:37.662304
2025-07-20,131936,2025072004013837,SHPC,Bhrikuti Stock Broking Co. Pvt. Ltd.,Aryatara Investment & Securities,50,636.5,31825.0,2025-07-20T11:54:49.642695
2025-07-20,131703,2025072004013902,SHPC,Sweta Securities Private Limited,Aryatara Investment & Securities,100,636.1,63610.0,2025-07-20T11:55:13.498944
2025-07-20,131702,2025072004013903,SHPC,Aryatara Investment & Securities,Aryatara Investment & Securities,50,636.0,31800.0,2025-07-20T11:55:13.499213
2025-07-20,131701,2025072004013904,SHPC,Trishakti Securities Public Limited,Aryatara Investment & Securities,100,635.2,63520.0,2025-07-20T11:55:13.49934
2025-07-20,131700,2025072004013905,SHPC,Cristal Kanchanjanga Securites Pvt. Ltd.,Aryatara Investment & Securities,100,635.1,63510.0,2025-07-20T11:55:13.499453
2025-07-20,131692,2025072004013907,SHPC,Cristal Kanchanjanga Securites Pvt. Ltd.,ABC Securities Private Limited,840,635.1,533484.0,2025-07-20T11:55:14.623729
2025-07-20,131691,2025072004013908,SHPC,Online Securities Pvt. Ltd.,ABC Securities Private Limited,160,635.0,101600.0,2025-07-20T11:55:14.623771
2025-07-20,131582,2025072004013945,SHPC,Online Securities Pvt. Ltd.,Sani Securities Company Ltd.,30,635.0,19050.0,2025-07-20T11:55:27.523504
2025-07-20,131465,2025072004013969,SHPC,Sewa Securities Pvt. Ltd.,Aryatara Investment & Securities,200,636.5,127300.0,2025-07-20T11:55:38.176506
2025-07-20,131416,2025072004013990,SHPC,Sani Securities Company Ltd.,Aryatara Investment & Securities,14,636.0,8904.0,2025-07-20T11:55:43.166021
2025-07-20,131322,2025072004014022,SHPC,Dynamic Money Managers Securities Pvt. Ltd.,Aryatara Investment & Securities,20,636.5,12730.0,2025-07-20T11:55:54.718635
2025-07-20,131124,2025072004014070,SHPC,Sani Securities Company Ltd.,Sri Hari Securities Pvt. Ltd.,36,636.0,22896.0,2025-07-20T11:56:15.736123
2025-07-20,131123,2025072004014071,SHPC,Nagarik Stock Dealer ,Sri Hari Securities Pvt. Ltd.,324,636.0,206064.0,2025-07-20T11:56:15.736439
2025-07-20,131106,2025072004014077,SHPC,Nagarik Stock Dealer ,Sanima Securities Limited,183,636.0,116388.0,2025-07-20T11:56:17.90559
2025-07-20,131057,2025072004014096,SHPC,Indira securities pvt. ltd,Aryatara Investment & Securities,130,636.5,82745.0,2025-07-20T11:56:22.770506
2025-07-20,130979,2025072004014109,SHPC,Nagarik Stock Dealer ,Deevyaa Securities & Stock House Pvt. Ltd,493,636.0,313548.0,2025-07-20T11:56:25.871642
2025-07-20,130869,2025072004014155,SHPC,Aakashbhairab Securities Ltd.,Nepal Stock House (PVT) Ltd.,20,637.0,12740.0,2025-07-20T11:56:34.795684
2025-07-20,130793,2025072004014189,SHPC,Thrive Brokerage House Pvt. Ltd,Nepal Stock House (PVT) Ltd.,130,637.0,82810.0,2025-07-20T11:56:40.220919
2025-07-20,130777,2025072004014200,SHPC,Thrive Brokerage House Pvt. Ltd,Sumeru Securities Pvt. Ltd.,70,637.0,44590.0,2025-07-20T11:56:42.946861
2025-07-20,130776,2025072004014201,SHPC,SUN SECURITIES PVT LTD,Sumeru Securities Pvt. Ltd.,30,636.0,19080.0,2025-07-20T11:56:42.947405
2025-07-20,130685,2025072004014231,SHPC,Vision Securities Pvt. Ltd,Creative Securities Pvt Ltd,100,636.5,63650.0,2025-07-20T11:56:54.079941
2025-07-20,130684,2025072004014232,SHPC,SUN SECURITIES PVT LTD,Creative Securities Pvt Ltd,170,636.0,108120.0,2025-07-20T11:56:54.080294
2025-07-20,130683,2025072004014233,SHPC,Secured Securities Ltd.,Creative Securities Pvt Ltd,150,635.1,95265.0,2025-07-20T11:56:54.080426
2025-07-20,130682,2025072004014234,SHPC,Online Securities Pvt. Ltd.,Creative Securities Pvt Ltd,37,635.0,23495.0,2025-07-20T11:56:54.080541
2025-07-20,130681,2025072004014235,SHPC,Bhrikuti Stock Broking Co. Pvt. Ltd.,Creative Securities Pvt Ltd,73,635.0,46355.0,2025-07-20T11:56:54.080655
2025-07-20,130680,2025072004014236,SHPC,Naasa Securities Co. Ltd.,Creative Securities Pvt Ltd,70,635.0,44450.0,2025-07-20T11:56:54.0808
2025-07-20,130504,2025072004014288,SHPC,Agrawal Securities (PVT) Ltd.,Creative Securities Pvt Ltd,60,635.2,38112.0,2025-07-20T11:57:09.21806
2025-07-20,130503,2025072004014289,SHPC,Naasa Securities Co. Ltd.,Creative Securities Pvt Ltd,80,635.0,50800.0,2025-07-20T11:57:09.218326
2025-07-20,130502,2025072004014290,SHPC,Nagarik Stock Dealer ,Creative Securities Pvt Ltd,160,635.0,101600.0,2025-07-20T11:57:09.218446
2025-07-20,130119,2025072004014410,SHPC,Deevyaa Securities & Stock House Pvt. Ltd,Himalayan Brokerage Company Limited,15,637.0,9555.0,2025-07-20T11:57:52.104842
2025-07-20,130118,2025072004014411,SHPC,Trishakti Securities Public Limited,Himalayan Brokerage Company Limited,485,636.1,308508.5,2025-07-20T11:57:52.105127
2025-07-20,129973,2025072004014440,SHPC,Imperial Securities Company Pvt. Ltd.,Online Securities Pvt. Ltd.,200,636.5,127300.0,2025-07-20T11:58:05.842615
2025-07-20,129972,2025072004014441,SHPC,Imperial Securities Company Pvt. Ltd.,Dipshikha Dhitopatra Karobar Co. Pvt Ltd.,100,638.0,63800.0,2025-07-20T11:58:05.842878
2025-07-20,129971,2025072004014442,SHPC,Imperial Securities Company Pvt. Ltd.,Linch Stock Market Ltd.,350,638.0,223300.0,2025-07-20T11:58:05.842998
2025-07-20,129970,2025072004014443,SHPC,Imperial Securities Company Pvt. Ltd.,Imperial Securities Company Pvt. Ltd.,231,638.0,147378.0,2025-07-20T11:58:05.843115
2025-07-20,129969,2025072004014444,SHPC,Imperial Securities Company Pvt. Ltd.,Midas Stock Broking Company Private Limited,700,638.0,446600.0,2025-07-20T11:58:05.843233
2025-07-20,129900,2025072004014459,SHPC,Imperial Securities Company Pvt. Ltd.,Naasa Securities Co. Ltd.,50,638.0,31900.0,2025-07-20T11:58:14.085544
2025-07-20,129464,2025072004014619,SHPC,Neev Securities Pvt. Ltd.,Sanima Securities Limited,500,638.9,319450.0,2025-07-20T11:59:03.924685
2025-07-20,129445,2025072004014622,SHPC,Kohinoor Investment & Securities Pvt. Ltd.,Linch Stock Market Ltd.,2,635.0,1270.0,2025-07-20T11:59:06.301136
2025-07-20,128406,2025072004015007,SHPC,Arun Securities (PVT) Ltd.,Sanima Securities Limited,30,638.9,19167.0,2025-07-20T12:00:41.643714
2025-07-20,128040,2025072004015105,SHPC,Sri Hari Securities Pvt. Ltd.,Trisul Securities & Invt. Ltd.,155,638.1,98905.5,2025-07-20T12:01:12.078444
2025-07-20,127776,2025072004015172,SHPC,Sri Hari Securities Pvt. Ltd.,Secured Securities Ltd.,20,638.1,12762.0,2025-07-20T12:01:40.136653
2025-07-20,127543,2025072004015242,SHPC,Naasa Securities Co. Ltd.,Sanima Securities Limited,200,638.9,127780.0,2025-07-20T12:02:04.193744
2025-07-20,127534,2025072004015246,SHPC,Sri Hari Securities Pvt. Ltd.,Kalika Securities Pvt. Ltd.,19,638.1,12123.9,2025-07-20T12:02:05.074421
2025-07-20,127458,2025072004015267,SHPC,Kohinoor Investment & Securities Pvt. Ltd.,Sani Securities Company Ltd.,50,638.0,31900.0,2025-07-20T12:02:17.604279
2025-07-20,127457,2025072004015268,SHPC,SHUBHAKAMANA SECURITIES PVT. LTD,Sani Securities Company Ltd.,50,638.0,31900.0,2025-07-20T12:02:17.604576
2025-07-20,127078,2025072004015373,SHPC,Aryatara Investment & Securities,Secured Securities Ltd.,100,636.2,63620.0,2025-07-20T12:02:56.85959
2025-07-20,126910,2025072004015410,SHPC,Trishakti Securities Public Limited,South Asian Bulls Pvt. Ltd.,15,636.1,9541.5,2025-07-20T12:03:17.472892
2025-07-20,126909,2025072004015411,SHPC,Siprabi Securities Pvt. Ltd.,South Asian Bulls Pvt. Ltd.,450,636.1,286245.0,2025-07-20T12:03:17.473207
2025-07-20,126908,2025072004015412,SHPC,Naasa Securities Co. Ltd.,South Asian Bulls Pvt. Ltd.,200,636.0,127200.0,2025-07-20T12:03:17.473351
2025-07-20,126907,2025072004015413,SHPC,Imperial Securities Company Pvt. Ltd.,South Asian Bulls Pvt. Ltd.,335,636.0,213060.0,2025-07-20T12:03:17.473473
2025-07-20,126804,2025072004015457,SHPC,Imperial Securities Company Pvt. Ltd.,Hatemalo Financial Services Private Limited,500,636.0,318000.0,2025-07-20T12:03:25.922233
2025-07-20,126779,2025072004015463,SHPC,Imperial Securities Company Pvt. Ltd.,Siprabi Securities Pvt. Ltd.,1534,636.0,975624.0,2025-07-20T12:03:29.178598
2025-07-20,126437,2025072004015549,SHPC,Primo Securities (PVT) Ltd.,Siprabi Securities Pvt. Ltd.,20,636.0,12720.0,2025-07-20T12:04:03.594531
2025-07-20,126290,2025072004015594,SHPC,KALASH STOCK MARKET PVT. LTD.,Siprabi Securities Pvt. Ltd.,100,636.0,63600.0,2025-07-20T12:04:16.805772
2025-07-20,126273,2025072004015597,SHPC,Trishakti Securities Public Limited,Property Wiard Limited,50,635.4,31770.0,2025-07-20T12:04:18.353511
2025-07-20,126272,2025072004015598,SHPC,Dynamic Money Managers Securities Pvt. Ltd.,Property Wiard Limited,500,635.4,317700.0,2025-07-20T12:04:18.353863
2025-07-20,126252,2025072004015611,SHPC,Sumeru Securities Pvt. Ltd.,Siprabi Securities Pvt. Ltd.,50,636.0,31800.0,2025-07-20T12:04:21.13373
2025-07-20,125959,2025072004015683,SHPC,Oxford Securities Pvt. Ltd.,Siprabi Securities Pvt. Ltd.,20,636.0,12720.0,2025-07-20T12:04:49.521946
2025-07-20,125951,2025072004015688,SHPC,Agrawal Securities (PVT) Ltd.,Siprabi Securities Pvt. Ltd.,100,636.0,63600.0,2025-07-20T12:04:50.923739
2025-07-20,125805,2025072004015712,SHPC,Sumeru Securities Pvt. Ltd.,Vision Securities Pvt. Ltd,50,635.4,31770.0,2025-07-20T12:05:06.832589
2025-07-20,125804,2025072004015713,SHPC,Indira securities pvt. ltd,Vision Securities Pvt. Ltd,70,635.3,44471.0,2025-07-20T12:05:06.832912
2025-07-20,125803,2025072004015714,SHPC,Sewa Securities Pvt. Ltd.,Vision Securities Pvt. Ltd,20,635.2,12704.0,2025-07-20T12:05:06.833041
2025-07-20,125802,2025072004015715,SHPC,Nagarik Stock Dealer ,Vision Securities Pvt. Ltd,10,635.0,6350.0,2025-07-20T12:05:06.833166
2025-07-20,125769,2025072004015728,SHPC,Kalika Securities Pvt. Ltd.,Siprabi Securities Pvt. Ltd.,176,636.0,111936.0,2025-07-20T12:05:10.698519
2025-07-20,125718,2025072004015746,SHPC,Kalika Securities Pvt. Ltd.,Midas Stock Broking Company Private Limited,324,636.0,206064.0,2025-07-20T12:05:15.937775
2025-07-20,125717,2025072004015747,SHPC,Nagarik Stock Dealer ,Midas Stock Broking Company Private Limited,330,635.0,209550.0,2025-07-20T12:05:15.938065
2025-07-20,125716,2025072004015748,SHPC,Naasa Securities Co. Ltd.,Midas Stock Broking Company Private Limited,100,635.0,63500.0,2025-07-20T12:05:15.938189
2025-07-20,125715,2025072004015749,SHPC,Sharepro Securities Private Limited,Midas Stock Broking Company Private Limited,500,635.0,317500.0,2025-07-20T12:05:15.938324
2025-07-20,125714,2025072004015750,SHPC,Asian Securities Private Ltd.,Midas Stock Broking Company Private Limited,1746,635.0,1108710.0,2025-07-20T12:05:15.938446
2025-07-20,125366,2025072004015860,SHPC,Asian Securities Private Ltd.,Midas Stock Broking Company Private Limited,254,635.0,161290.0,2025-07-20T12:05:47.177044
2025-07-20,125365,2025072004015861,SHPC,Naasa Securities Co. Ltd.,Midas Stock Broking Company Private Limited,200,635.0,127000.0,2025-07-20T12:05:47.177348
2025-07-20,125364,2025072004015862,SHPC,Himalayan Securities Limited,Midas Stock Broking Company Private Limited,20,635.0,12700.0,2025-07-20T12:05:47.177554
2025-07-20,125330,2025072004015867,SHPC,Himalayan Securities Limited,Sri Hari Securities Pvt. Ltd.,249,635.0,158115.0,2025-07-20T12:05:47.877417
2025-07-20,125003,2025072004015986,SHPC,Himalayan Securities Limited,Property Wiard Limited,231,635.0,146685.0,2025-07-20T12:06:21.790412
2025-07-20,125002,2025072004015987,SHPC,Opal Securities Investment (PVT) Ltd.,Property Wiard Limited,133,635.0,84455.0,2025-07-20T12:06:21.790777
2025-07-20,124901,2025072004016016,SHPC,Agrawal Securities (PVT) Ltd.,Sipla Securities Private Limited,100,635.0,63500.0,2025-07-20T12:06:31.700592
2025-07-20,124900,2025072004016017,SHPC,Agrawal Securities (PVT) Ltd.,Investment Management Nepal Pvt. Ltd.,100,635.0,63500.0,2025-07-20T12:06:31.701184
2025-07-20,124479,2025072004016130,SHPC,Sundhara Securities Limited,Naasa Securities Co. Ltd.,100,635.6,63560.0,2025-07-20T12:07:22.813577
2025-07-20,124478,2025072004016131,SHPC,South Asian Bulls Pvt. Ltd.,Naasa Securities Co. Ltd.,35,635.5,22242.5,2025-07-20T12:07:22.813913
2025-07-20,124446,2025072004016143,SHPC,South Asian Bulls Pvt. Ltd.,Imperial Securities Company Pvt. Ltd.,90,635.5,57195.0,2025-07-20T12:07:27.223468
2025-07-20,124344,2025072004016169,SHPC,South Asian Bulls Pvt. Ltd.,Online Securities Pvt. Ltd.,234,635.5,148707.0,2025-07-20T12:07:39.868853
2025-07-20,124319,2025072004016180,SHPC,South Asian Bulls Pvt. Ltd.,Kumari Securities Private Limited,42,635.5,26691.0,2025-07-20T12:07:42.297411
2025-07-20,124152,2025072004016230,SHPC,Sumeru Securities Pvt. Ltd.,Kumari Securities Private Limited,100,635.5,63550.0,2025-07-20T12:07:58.422579
2025-07-20,124044,2025072004016250,SHPC,Prabhu Stock Market Limited,Kumari Securities Private Limited,58,635.5,36859.0,2025-07-20T12:08:13.624739
2025-07-20,124043,2025072004016251,SHPC,Prabhu Stock Market Limited,Midas Stock Broking Company Private Limited,18,635.6,11440.8,2025-07-20T12:08:13.625067
2025-07-20,124042,2025072004016252,SHPC,Prabhu Stock Market Limited,Dakshinkali Investment & Securities Pvt. Ltd.,174,636.1,110681.4,2025-07-20T12:08:13.625215
2025-07-20,123878,2025072004016294,SHPC,Thrive Brokerage House Pvt. Ltd,Sri Hari Securities Pvt. Ltd.,200,635.2,127040.0,2025-07-20T12:08:26.279427
2025-07-20,123877,2025072004016295,SHPC,Agrawal Securities (PVT) Ltd.,Sri Hari Securities Pvt. Ltd.,200,635.1,127020.0,2025-07-20T12:08:26.279879
2025-07-20,123774,2025072004016320,SHPC,Agrawal Securities (PVT) Ltd.,Sri Hari Securities Pvt. Ltd.,400,635.1,254040.0,2025-07-20T12:08:39.475036
2025-07-20,123719,2025072004016334,SHPC,Agrawal Securities (PVT) Ltd.,Sri Hari Securities Pvt. Ltd.,200,635.1,127020.0,2025-07-20T12:08:46.528059
2025-07-20,123103,2025072004016524,SHPC,Sewa Securities Pvt. Ltd.,South Asian Bulls Pvt. Ltd.,10,636.0,6360.0,2025-07-20T12:09:48.080639
2025-07-20,122974,2025072004016570,SHPC,Sundhara Securities Limited,Naasa Securities Co. Ltd.,99,635.2,62884.8,2025-07-20T12:09:58.870858
2025-07-20,122567,2025072004016707,SHPC,Siprabi Securities Pvt. Ltd.,South Asian Bulls Pvt. Ltd.,40,636.0,25440.0,2025-07-20T12:10:42.702644
2025-07-20,122504,2025072004016725,SHPC,Siprabi Securities Pvt. Ltd.,Bhrikuti Stock Broking Co. Pvt. Ltd.,35,636.0,22260.0,2025-07-20T12:10:50.065516
2025-07-20,122503,2025072004016726,SHPC,Aryatara Investment & Securities,Bhrikuti Stock Broking Co. Pvt. Ltd.,50,635.5,31775.0,2025-07-20T12:10:50.065851
2025-07-20,122502,2025072004016727,SHPC,Sagarmatha Securities Private Limited,Bhrikuti Stock Broking Co. Pvt. Ltd.,250,635.2,158800.0,2025-07-20T12:10:50.066005
2025-07-20,122501,2025072004016728,SHPC,Dipshikha Dhitopatra Karobar Co. Pvt Ltd.,Bhrikuti Stock Broking Co. Pvt. Ltd.,100,635.1,63510.0,2025-07-20T12:10:50.066135
2025-07-20,122500,2025072004016729,SHPC,Linch Stock Market Ltd.,Bhrikuti Stock Broking Co. Pvt. Ltd.,100,635.1,63510.0,2025-07-20T12:10:50.066265
2025-07-20,122499,2025072004016730,SHPC,Sajilo Broker Limited,Bhrikuti Stock Broking Co. Pvt. Ltd.,15,635.1,9526.5,2025-07-20T12:10:50.066402
2025-07-20,122213,2025072004016830,SHPC,Sundhara Securities Limited,Online Securities Pvt. Ltd.,14,635.3,8894.2,2025-07-20T12:11:25.459605
2025-07-20,122069,2025072004016868,SHPC,Sundhara Securities Limited,Imperial Securities Company Pvt. Ltd.,87,635.3,55271.1,2025-07-20T12:11:41.749777
2025-07-20,122068,2025072004016869,SHPC,Sajilo Broker Limited,Imperial Securities Company Pvt. Ltd.,485,635.1,308023.5,2025-07-20T12:11:41.750086
2025-07-20,122067,2025072004016870,SHPC,South Asian Bulls Pvt. Ltd.,Imperial Securities Company Pvt. Ltd.,50,635.1,31755.0,2025-07-20T12:11:41.750234
2025-07-20,122066,2025072004016871,SHPC,Sajilo Broker Limited,Imperial Securities Company Pvt. Ltd.,247,635.1,156869.7,2025-07-20T12:11:41.750385
2025-07-20,122065,2025072004016872,SHPC,SUN SECURITIES PVT LTD,Imperial Securities Company Pvt. Ltd.,131,635.0,83185.0,2025-07-20T12:11:41.750522
2025-07-20,122005,2025072004016886,SHPC,Magnet Securities and Investment Company Private Limited,Linch Stock Market Ltd.,53,636.0,33708.0,2025-07-20T12:11:49.117723
2025-07-20,121805,2025072004016955,SHPC,Nagarik Stock Dealer ,Dakshinkali Investment & Securities Pvt. Ltd.,127,636.1,80784.7,2025-07-20T12:12:09.977295
2025-07-20,121804,2025072004016956,SHPC,Nagarik Stock Dealer ,Secured Securities Ltd.,100,636.1,63610.0,2025-07-20T12:12:09.977617
2025-07-20,121710,2025072004017000,SHPC,Vision Securities Pvt. Ltd,Secured Securities Ltd.,80,636.2,50896.0,2025-07-20T12:12:22.368346
2025-07-20,121679,2025072004017021,SHPC,Agrawal Securities (PVT) Ltd.,Naasa Securities Co. Ltd.,200,637.9,127580.0,2025-07-20T12:12:26.36068
2025-07-20,121258,2025072004017109,SHPC,Sani Securities Company Ltd.,Linch Stock Market Ltd.,27,636.2,17177.4,2025-07-20T12:13:07.819756
2025-07-20,121179,2025072004017125,SHPC,Sundhara Securities Limited,Naasa Securities Co. Ltd.,200,637.9,127580.0,2025-07-20T12:13:18.955533
2025-07-20,121063,2025072004017145,SHPC,Online Securities Pvt. Ltd.,Naasa Securities Co. Ltd.,14,637.9,8930.6,2025-07-20T12:13:28.405644
2025-07-20,120318,2025072004017386,SHPC,South Asian Bulls Pvt. Ltd.,Sani Securities Company Ltd.,100,636.3,63630.0,2025-07-20T12:14:51.143034
2025-07-20,120317,2025072004017387,SHPC,Cristal Kanchanjanga Securites Pvt. Ltd.,Sani Securities Company Ltd.,350,636.3,222705.0,2025-07-20T12:14:51.143099
2025-07-20,119951,2025072004017516,SHPC,Cristal Kanchanjanga Securites Pvt. Ltd.,Imperial Securities Company Pvt. Ltd.,150,636.3,95445.0,2025-07-20T12:15:24.203489
2025-07-20,119101,2025072004017931,SHPC,Nabil Stock Dealer Ltd.,Naasa Securities Co. Ltd.,86,637.9,54859.4,2025-07-20T12:16:25.872976
2025-07-20,119100,2025072004017932,SHPC,Nabil Stock Dealer Ltd.,Sanima Securities Limited,214,638.9,136724.6,2025-07-20T12:16:25.873028
2025-07-20,118929,2025072004017996,SHPC,Nabil Stock Dealer Ltd.,Secured Securities Ltd.,100,636.3,63630.0,2025-07-20T12:16:50.325119
2025-07-20,117057,2025072004018707,SHPC,Oxford Securities Pvt. Ltd.,Nepal Stock House (PVT) Ltd.,10,637.0,6370.0,2025-07-20T12:19:44.535099
2025-07-20,116754,2025072004018860,SHPC,Sani Securities Company Ltd.,Imperial Securities Company Pvt. Ltd.,26,638.0,16588.0,2025-07-20T12:20:05.711896
2025-07-20,116451,2025072004018971,SHPC,Sani Securities Company Ltd.,Nepal Stock House (PVT) Ltd.,74,638.0,47212.0,2025-07-20T12:20:28.242212
2025-07-20,116450,2025072004018972,SHPC,Oxford Securities Pvt. Ltd.,Nepal Stock House (PVT) Ltd.,150,637.0,95550.0,2025-07-20T12:20:28.242262
2025-07-20,116449,2025072004018973,SHPC,Oxford Securities Pvt. Ltd.,Nepal Stock House (PVT) Ltd.,16,637.0,10192.0,2025-07-20T12:20:28.242293
2025-07-20,116389,2025072004018989,SHPC,Oxford Securities Pvt. Ltd.,ABC Securities Private Limited,84,637.0,53508.0,2025-07-20T12:20:32.08529
2025-07-20,116388,2025072004018990,SHPC,Swarna Laxmi Securities Pvt. Ltd.,ABC Securities Private Limited,16,637.0,10192.0,2025-07-20T12:20:32.085646
2025-07-20,115867,2025072004019120,SHPC,Roadshow securities limited,Nepal Stock House (PVT) Ltd.,300,638.7,191610.0,2025-07-20T12:21:19.759598
2025-07-20,115714,2025072004019147,SHPC,Trishakti Securities Public Limited,Nagarik Stock Dealer ,100,638.8,63880.0,2025-07-20T12:21:31.559349
2025-07-20,115495,2025072004019202,SHPC,Magnet Securities and Investment Company Private Limited,Sanima Securities Limited,56,638.9,35778.4,2025-07-20T12:21:57.982123
2025-07-20,115483,2025072004019205,SHPC,Naasa Securities Co. Ltd.,Linch Stock Market Ltd.,88,639.0,56232.0,2025-07-20T12:21:59.583974
2025-07-20,115482,2025072004019206,SHPC,Naasa Securities Co. Ltd.,Shree Krishna Securities Ltd.,200,639.0,127800.0,2025-07-20T12:21:59.584331
2025-07-20,115481,2025072004019207,SHPC,Naasa Securities Co. Ltd.,Nabil Stock Dealer Ltd.,80,639.0,51120.0,2025-07-20T12:21:59.584479
2025-07-20,115480,2025072004019208,SHPC,Naasa Securities Co. Ltd.,MILKY WAY SHARE BROKER COMPANY LTD ,90,639.0,57510.0,2025-07-20T12:21:59.584679
2025-07-20,115479,2025072004019209,SHPC,Naasa Securities Co. Ltd.,Investment Management Nepal Pvt. Ltd.,100,639.0,63900.0,2025-07-20T12:21:59.584853
2025-07-20,115478,2025072004019210,SHPC,Naasa Securities Co. Ltd.,Kumari Securities Private Limited,109,639.5,69705.5,2025-07-20T12:21:59.585017
2025-07-20,115477,2025072004019211,SHPC,Naasa Securities Co. Ltd.,Midas Stock Broking Company Private Limited,333,639.9,213086.7,2025-07-20T12:21:59.585162
2025-07-20,115291,2025072004019260,SHPC,Magnet Securities and Investment Company Private Limited,Midas Stock Broking Company Private Limited,291,639.9,186210.9,2025-07-20T12:22:16.028933
2025-07-20,115027,2025072004019326,SHPC,Naasa Securities Co. Ltd.,Dynamic Money Managers Securities Pvt. Ltd.,500,639.0,319500.0,2025-07-20T12:22:39.898811
2025-07-20,115024,2025072004019327,SHPC,Trishakti Securities Public Limited,Malla & Malla Stock Broking Company Pvt. Limited,30,638.9,19167.0,2025-07-20T12:22:40.531199
2025-07-20,114889,2025072004019387,SHPC,Trishakti Securities Public Limited,Dynamic Money Managers Securities Pvt. Ltd.,70,639.0,44730.0,2025-07-20T12:22:54.500487
2025-07-20,114664,2025072004019454,SHPC,Aryatara Investment & Securities,Nepal Stock House (PVT) Ltd.,25,638.9,15972.5,2025-07-20T12:23:12.545199
2025-07-20,114593,2025072004019483,SHPC,Sagarmatha Securities Private Limited,Aryatara Investment & Securities,10,638.0,6380.0,2025-07-20T12:23:20.014021
2025-07-20,114592,2025072004019484,SHPC,Sagarmatha Securities Private Limited,Nepal Stock House (PVT) Ltd.,40,638.9,25556.0,2025-07-20T12:23:20.014385
2025-07-20,114591,2025072004019485,SHPC,Sagarmatha Securities Private Limited,Dynamic Money Managers Securities Pvt. Ltd.,250,639.0,159750.0,2025-07-20T12:23:20.014538
2025-07-20,114523,2025072004019506,SHPC,Pragyan Securities (PVT) Ltd.,Aryatara Investment & Securities,50,638.9,31945.0,2025-07-20T12:23:28.454199
2025-07-20,114388,2025072004019533,SHPC,Trishakti Securities Public Limited,Midas Stock Broking Company Private Limited,500,638.0,319000.0,2025-07-20T12:23:40.204994
2025-07-20,114387,2025072004019534,SHPC,Naasa Securities Co. Ltd.,Midas Stock Broking Company Private Limited,200,637.6,127520.0,2025-07-20T12:23:40.20504
2025-07-20,114386,2025072004019535,SHPC,Sani Securities Company Ltd.,Midas Stock Broking Company Private Limited,50,637.5,31875.0,2025-07-20T12:23:40.205067
2025-07-20,114385,2025072004019536,SHPC,Sani Securities Company Ltd.,Midas Stock Broking Company Private Limited,1750,637.5,1115625.0,2025-07-20T12:23:40.205108
2025-07-20,114310,2025072004019568,SHPC,Roadshow securities limited,Dynamic Money Managers Securities Pvt. Ltd.,1180,639.0,754020.0,2025-07-20T12:23:48.078854
2025-07-20,114126,2025072004019622,SHPC,Naasa Securities Co. Ltd.,Midas Stock Broking Company Private Limited,150,639.9,95985.0,2025-07-20T12:23:59.197272
2025-07-20,114045,2025072004019658,SHPC,Sumeru Securities Pvt. Ltd.,Midas Stock Broking Company Private Limited,500,639.9,319950.0,2025-07-20T12:24:08.599862
2025-07-20,113267,2025072004019949,SHPC,Indira securities pvt. ltd,Midas Stock Broking Company Private Limited,123,639.9,78707.7,2025-07-20T12:25:21.643528
2025-07-20,113040,2025072004020041,SHPC,Aryatara Investment & Securities,Midas Stock Broking Company Private Limited,50,639.9,31995.0,2025-07-20T12:25:45.629986
2025-07-20,112857,2025072004020112,SHPC,Citizens Share Broker Limited,Midas Stock Broking Company Private Limited,300,639.9,191970.0,2025-07-20T12:26:00.47383
2025-07-20,112773,2025072004020145,SHPC,Online Securities Pvt. Ltd.,Midas Stock Broking Company Private Limited,10,639.9,6399.0,2025-07-20T12:26:08.877946
2025-07-20,112615,2025072004020199,SHPC,Nabil Stock Dealer Ltd.,Midas Stock Broking Company Private Limited,243,639.9,155495.7,2025-07-20T12:26:21.585535
2025-07-20,112480,2025072004020261,SHPC,Imperial Securities Company Pvt. Ltd.,NIMB Stock Markets Limited,115,640.0,73600.0,2025-07-20T12:26:31.997102
2025-07-20,111959,2025072004020458,SHPC,South Asian Bulls Pvt. Ltd.,Imperial Securities Company Pvt. Ltd.,50,639.1,31955.0,2025-07-20T12:27:07.958195
2025-07-20,111904,2025072004020501,SHPC,Roadshow securities limited,NIMB Stock Markets Limited,535,640.0,342400.0,2025-07-20T12:27:11.55747
2025-07-20,111903,2025072004020502,SHPC,Roadshow securities limited,Himalayan Brokerage Company Limited,600,640.0,384000.0,2025-07-20T12:27:11.557533
2025-07-20,111902,2025072004020503,SHPC,Roadshow securities limited,Nepal Stock House (PVT) Ltd.,200,640.0,128000.0,2025-07-20T12:27:11.557558
2025-07-20,111901,2025072004020504,SHPC,Roadshow securities limited,Dynamic Money Managers Securities Pvt. Ltd.,50,640.0,32000.0,2025-07-20T12:27:11.55758
2025-07-20,111900,2025072004020505,SHPC,Roadshow securities limited,South Asian Bulls Pvt. Ltd.,298,640.0,190720.0,2025-07-20T12:27:11.557604
2025-07-20,111899,2025072004020506,SHPC,Roadshow securities limited,South Asian Bulls Pvt. Ltd.,66,640.0,42240.0,2025-07-20T12:27:11.557652
2025-07-20,111898,2025072004020507,SHPC,Roadshow securities limited,Vision Securities Pvt. Ltd,1675,640.0,1072000.0,2025-07-20T12:27:11.557679
2025-07-20,111897,2025072004020508,SHPC,Roadshow securities limited,Sani Securities Company Ltd.,1000,640.0,640000.0,2025-07-20T12:27:11.557703
2025-07-20,111896,2025072004020509,SHPC,Roadshow securities limited,Naasa Securities Co. Ltd.,50,640.0,32000.0,2025-07-20T12:27:11.557741
2025-07-20,111895,2025072004020510,SHPC,Roadshow securities limited,Linch Stock Market Ltd.,32,640.0,20480.0,2025-07-20T12:27:11.557768
2025-07-20,111894,2025072004020511,SHPC,Roadshow securities limited,Capital Max Securities Ltd,500,640.0,320000.0,2025-07-20T12:27:11.557791
2025-07-20,111893,2025072004020512,SHPC,Roadshow securities limited,Sundhara Securities Limited,200,640.0,128000.0,2025-07-20T12:27:11.557824
2025-07-20,111892,2025072004020513,SHPC,Roadshow securities limited,Capital Max Securities Ltd,280,640.0,179200.0,2025-07-20T12:27:11.557855
2025-07-20,111891,2025072004020514,SHPC,Roadshow securities limited,Aryatara Investment & Securities,10,640.0,6400.0,2025-07-20T12:27:11.557886
2025-07-20,111890,2025072004020515,SHPC,Roadshow securities limited,Bhrikuti Stock Broking Co. Pvt. Ltd.,100,640.0,64000.0,2025-07-20T12:27:11.557915
2025-07-20,111563,2025072004020652,SHPC,Dipshikha Dhitopatra Karobar Co. Pvt Ltd.,Primo Securities (PVT) Ltd.,55,640.0,35200.0,2025-07-20T12:27:36.611838
2025-07-20,111319,2025072004020716,SHPC,Vision Securities Pvt. Ltd,Creative Securities Pvt Ltd,400,640.5,256200.0,2025-07-20T12:27:52.649394
2025-07-20,111231,2025072004020756,SHPC,Dipshikha Dhitopatra Karobar Co. Pvt Ltd.,South Asian Bulls Pvt. Ltd.,445,640.0,284800.0,2025-07-20T12:27:59.603235
2025-07-20,111170,2025072004020773,SHPC,Siprabi Securities Pvt. Ltd.,South Asian Bulls Pvt. Ltd.,100,640.0,64000.0,2025-07-20T12:28:04.943669
2025-07-20,110800,2025072004020863,SHPC,South Asian Bulls Pvt. Ltd.,Dynamic Money Managers Securities Pvt. Ltd.,50,639.1,31955.0,2025-07-20T12:28:40.86871
2025-07-20,110799,2025072004020864,SHPC,Naasa Securities Co. Ltd.,Dynamic Money Managers Securities Pvt. Ltd.,131,639.1,83722.1,2025-07-20T12:28:40.869077
2025-07-20,110656,2025072004020912,SHPC,Naasa Securities Co. Ltd.,Agrawal Securities (PVT) Ltd.,369,639.1,235827.9,2025-07-20T12:28:55.77147
2025-07-20,110655,2025072004020913,SHPC,Cristal Kanchanjanga Securites Pvt. Ltd.,Agrawal Securities (PVT) Ltd.,131,639.0,83709.0,2025-07-20T12:28:55.771574
2025-07-20,110356,2025072004021025,SHPC,Cristal Kanchanjanga Securites Pvt. Ltd.,Agrawal Securities (PVT) Ltd.,500,639.0,319500.0,2025-07-20T12:29:23.185718
2025-07-20,110341,2025072004021030,SHPC,Secured Securities Ltd.,South Asian Bulls Pvt. Ltd.,38,640.0,24320.0,2025-07-20T12:29:25.015204
2025-07-20,110324,2025072004021034,SHPC,Vision Securities Pvt. Ltd,South Asian Bulls Pvt. Ltd.,417,640.0,266880.0,2025-07-20T12:29:26.279947
2025-07-20,110111,2025072004021108,SHPC,Vision Securities Pvt. Ltd,Neev Securities Pvt. Ltd.,38,640.0,24320.0,2025-07-20T12:29:42.259673
2025-07-20,109917,2025072004021172,SHPC,Cristal Kanchanjanga Securites Pvt. Ltd.,Online Securities Pvt. Ltd.,369,639.0,235791.0,2025-07-20T12:30:06.000882
2025-07-20,109916,2025072004021173,SHPC,Aryatara Investment & Securities,Online Securities Pvt. Ltd.,1000,639.0,639000.0,2025-07-20T12:30:06.001237
2025-07-20,109915,2025072004021174,SHPC,Primo Securities (PVT) Ltd.,Online Securities Pvt. Ltd.,500,639.0,319500.0,2025-07-20T12:30:06.0016
2025-07-20,109607,2025072004021260,SHPC,Swarna Laxmi Securities Pvt. Ltd.,Neev Securities Pvt. Ltd.,20,638.3,12766.0,2025-07-20T12:30:39.628736
2025-07-20,109590,2025072004021264,SHPC,Dynamic Money Managers Securities Pvt. Ltd.,Online Securities Pvt. Ltd.,1131,639.0,722709.0,2025-07-20T12:30:40.723134
2025-07-20,109355,2025072004021330,SHPC,Trishakti Securities Public Limited,Linch Stock Market Ltd.,53,640.0,33920.0,2025-07-20T12:31:06.72983
