Date,S.N.,Contract ID,Symbol,Buyer Broker,Seller Broker,volume,rate,amount,transaction_time
2025-07-20,177651,2025072003000158,SINDU,Hatemalo Financial Services Private Limited,Thrive Brokerage House Pvt. Ltd,10,891.0,8910.0,2025-07-20T11:00:58.889776
2025-07-20,177372,2025072003000221,SINDU,Opal Securities Investment (PVT) Ltd.,Sani Securities Company Ltd.,10,890.0,8900.0,2025-07-20T11:01:29.845115
2025-07-20,177222,2025072003000253,SINDU,Aryatara Investment & Securities,Vision Securities Pvt. Ltd,50,891.0,44550.0,2025-07-20T11:01:46.108786
2025-07-20,177221,2025072003000254,SINDU,Aryatara Investment & Securities,Sweta Securities Private Limited,100,891.0,89100.0,2025-07-20T11:01:46.108834
2025-07-20,177074,2025072003000287,SINDU,Aryatara Investment & Securities,Linch Stock Market Ltd.,20,891.0,17820.0,2025-07-20T11:01:57.805682
2025-07-20,177019,2025072003000301,SINDU,Aryatara Investment & Securities,Hatemalo Financial Services Private Limited,830,891.0,739530.0,2025-07-20T11:02:03.019297
2025-07-20,177018,2025072003000302,SINDU,Opal Securities Investment (PVT) Ltd.,Hatemalo Financial Services Private Limited,40,890.0,35600.0,2025-07-20T11:02:03.01944
2025-07-20,175364,2025072003000689,SINDU,SUN SECURITIES PVT LTD,Hatemalo Financial Services Private Limited,10,874.0,8740.0,2025-07-20T11:04:17.273079
2025-07-20,174565,2025072003000865,SINDU,Sweta Securities Private Limited,Naasa Securities Co. Ltd.,30,875.0,26250.0,2025-07-20T11:05:12.385045
2025-07-20,174564,2025072003000866,SINDU,SUN SECURITIES PVT LTD,Naasa Securities Co. Ltd.,10,874.0,8740.0,2025-07-20T11:05:12.385136
2025-07-20,174563,2025072003000867,SINDU,Premier Securities Company Ltd.,Naasa Securities Co. Ltd.,44,874.0,38456.0,2025-07-20T11:05:12.385191
2025-07-20,174551,2025072003000870,SINDU,Nepal Stock House (PVT) Ltd.,Naasa Securities Co. Ltd.,10,888.9,8889.0,2025-07-20T11:05:13.808265
2025-07-20,174142,2025072003000945,SINDU,Nepal Stock House (PVT) Ltd.,Aryatara Investment & Securities,10,888.9,8889.0,2025-07-20T11:05:43.235305
2025-07-20,171373,2025072003001593,SINDU,Shree Krishna Securities Ltd.,Hatemalo Financial Services Private Limited,10,875.0,8750.0,2025-07-20T11:08:33.798095
2025-07-20,170652,2025072003001795,SINDU,Secured Securities Ltd.,Magnet Securities and Investment Company Private Limited,200,883.0,176600.0,2025-07-20T11:09:12.750965
2025-07-20,170651,2025072003001796,SINDU,Secured Securities Ltd.,Naasa Securities Co. Ltd.,300,884.0,265200.0,2025-07-20T11:09:12.75109
2025-07-20,170559,2025072003001815,SINDU,Shree Krishna Securities Ltd.,Sagarmatha Securities Private Limited,100,875.0,87500.0,2025-07-20T11:09:20.049415
2025-07-20,168547,2025072003002283,SINDU,Shree Krishna Securities Ltd.,Shree Krishna Securities Ltd.,90,875.0,78750.0,2025-07-20T11:11:37.280926
2025-07-20,168546,2025072003002284,SINDU,Online Securities Pvt. Ltd.,Shree Krishna Securities Ltd.,210,875.0,183750.0,2025-07-20T11:11:37.281183
2025-07-20,168167,2025072003002354,SINDU,Online Securities Pvt. Ltd.,Sani Securities Company Ltd.,90,875.0,78750.0,2025-07-20T11:12:03.736193
2025-07-20,167921,2025072003002423,SINDU,Online Securities Pvt. Ltd.,Sani Securities Company Ltd.,100,875.0,87500.0,2025-07-20T11:12:21.931581
2025-07-20,167920,2025072003002424,SINDU,Malla & Malla Stock Broking Company Pvt. Limited,Sani Securities Company Ltd.,95,875.0,83125.0,2025-07-20T11:12:21.931831
2025-07-20,167914,2025072003002426,SINDU,Aryatara Investment & Securities,Online Securities Pvt. Ltd.,1000,873.0,873000.0,2025-07-20T11:12:22.561033
2025-07-20,167802,2025072003002461,SINDU,Oxford Securities Pvt. Ltd.,South Asian Bulls Pvt. Ltd.,500,873.0,436500.0,2025-07-20T11:12:31.106207
2025-07-20,167558,2025072003002535,SINDU,Nagarik Stock Dealer ,Naasa Securities Co. Ltd.,10,872.2,8722.0,2025-07-20T11:12:46.182362
2025-07-20,167557,2025072003002536,SINDU,Vision Securities Pvt. Ltd,Naasa Securities Co. Ltd.,50,872.0,43600.0,2025-07-20T11:12:46.1825
2025-07-20,167556,2025072003002537,SINDU,Sri Hari Securities Pvt. Ltd.,Naasa Securities Co. Ltd.,374,870.0,325380.0,2025-07-20T11:12:46.182589
2025-07-20,167548,2025072003002540,SINDU,Sri Hari Securities Pvt. Ltd.,Asian Securities Private Ltd.,50,870.0,43500.0,2025-07-20T11:12:46.966061
2025-07-20,167412,2025072003002564,SINDU,Sri Hari Securities Pvt. Ltd.,Naasa Securities Co. Ltd.,25,870.0,21750.0,2025-07-20T11:12:55.209632
2025-07-20,166860,2025072003002671,SINDU,Sri Hari Securities Pvt. Ltd.,Sani Securities Company Ltd.,16,870.0,13920.0,2025-07-20T11:13:34.770666
2025-07-20,166859,2025072003002672,SINDU,Aryatara Investment & Securities,Sani Securities Company Ltd.,50,870.0,43500.0,2025-07-20T11:13:34.770793
2025-07-20,166618,2025072003002718,SINDU,Pragyan Securities (PVT) Ltd.,Hatemalo Financial Services Private Limited,10,860.0,8600.0,2025-07-20T11:13:53.806405
2025-07-20,163164,2025072003003492,SINDU,Dipshikha Dhitopatra Karobar Co. Pvt Ltd.,Naasa Securities Co. Ltd.,30,876.0,26280.0,2025-07-20T11:17:39.50729
2025-07-20,163080,2025072003003513,SINDU,Imperial Securities Company Pvt. Ltd.,Sani Securities Company Ltd.,20,871.1,17422.0,2025-07-20T11:17:44.797917
2025-07-20,162954,2025072003003544,SINDU,Nepal Stock House (PVT) Ltd.,Naasa Securities Co. Ltd.,20,876.0,17520.0,2025-07-20T11:17:52.68644
2025-07-20,162044,2025072003003743,SINDU,Naasa Securities Co. Ltd.,Naasa Securities Co. Ltd.,10,876.0,8760.0,2025-07-20T11:18:53.038189
2025-07-20,161596,2025072003003876,SINDU,Dynamic Money Managers Securities Pvt. Ltd.,Naasa Securities Co. Ltd.,50,876.0,43800.0,2025-07-20T11:19:20.698787
2025-07-20,161470,2025072003003904,SINDU,Malla & Malla Stock Broking Company Pvt. Limited,Naasa Securities Co. Ltd.,340,876.0,297840.0,2025-07-20T11:19:28.349942
2025-07-20,161469,2025072003003905,SINDU,Malla & Malla Stock Broking Company Pvt. Limited,Naasa Securities Co. Ltd.,20,876.0,17520.0,2025-07-20T11:19:28.350076
2025-07-20,161259,2025072003003944,SINDU,Malla & Malla Stock Broking Company Pvt. Limited,Siprabi Securities Pvt. Ltd.,10,877.0,8770.0,2025-07-20T11:19:43.452999
2025-07-20,161140,2025072003003960,SINDU,Malla & Malla Stock Broking Company Pvt. Limited,Sani Securities Company Ltd.,40,877.0,35080.0,2025-07-20T11:19:53.289524
2025-07-20,161139,2025072003003961,SINDU,Naasa Securities Co. Ltd.,Sani Securities Company Ltd.,10,877.0,8770.0,2025-07-20T11:19:53.289658
2025-07-20,161138,2025072003003962,SINDU,Neev Securities Pvt. Ltd.,Sani Securities Company Ltd.,10,877.0,8770.0,2025-07-20T11:19:53.28972
2025-07-20,161137,2025072003003963,SINDU,Property Wiard Limited,Sani Securities Company Ltd.,40,876.0,35040.0,2025-07-20T11:19:53.289775
2025-07-20,160279,2025072003004138,SINDU,Agrawal Securities (PVT) Ltd.,Linch Stock Market Ltd.,100,879.0,87900.0,2025-07-20T11:20:53.524211
2025-07-20,159269,2025072003004384,SINDU,Property Wiard Limited,Linch Stock Market Ltd.,200,879.0,175800.0,2025-07-20T11:21:58.455201
2025-07-20,159247,2025072003004386,SINDU,Property Wiard Limited,Neev Securities Pvt. Ltd.,45,879.0,39555.0,2025-07-20T11:21:59.075077
2025-07-20,158859,2025072003004485,SINDU,Property Wiard Limited,Naasa Securities Co. Ltd.,10,879.0,8790.0,2025-07-20T11:22:26.549286
2025-07-20,158705,2025072003004508,SINDU,Neev Securities Pvt. Ltd.,Hatemalo Financial Services Private Limited,10,883.8,8838.0,2025-07-20T11:22:35.341038
2025-07-20,158605,2025072003004535,SINDU,Naasa Securities Co. Ltd.,Sani Securities Company Ltd.,15,879.0,13185.0,2025-07-20T11:22:41.264325
2025-07-20,157812,2025072003004728,SINDU,Naasa Securities Co. Ltd.,Naasa Securities Co. Ltd.,16,880.0,14080.0,2025-07-20T11:23:32.848543
2025-07-20,157645,2025072003004766,SINDU,Naasa Securities Co. Ltd.,Sani Securities Company Ltd.,469,880.0,412720.0,2025-07-20T11:23:46.117303
2025-07-20,156555,2025072003005077,SINDU,Neev Securities Pvt. Ltd.,Global IME Securities Limited,10,882.0,8820.0,2025-07-20T11:25:02.349279
2025-07-20,156289,2025072003005133,SINDU,Kohinoor Investment & Securities Pvt. Ltd.,Sani Securities Company Ltd.,10,882.0,8820.0,2025-07-20T11:25:19.541568
2025-07-20,156288,2025072003005134,SINDU,Kohinoor Investment & Securities Pvt. Ltd.,Hatemalo Financial Services Private Limited,10,883.9,8839.0,2025-07-20T11:25:19.541718
2025-07-20,156287,2025072003005135,SINDU,Kohinoor Investment & Securities Pvt. Ltd.,Aryatara Investment & Securities,130,884.8,115024.0,2025-07-20T11:25:19.541785
2025-07-20,155337,2025072003005333,SINDU,Agrawal Securities (PVT) Ltd.,Neev Securities Pvt. Ltd.,100,883.5,88350.0,2025-07-20T11:26:30.165234
2025-07-20,155316,2025072003005338,SINDU,Secured Securities Ltd.,Sani Securities Company Ltd.,120,881.1,105732.0,2025-07-20T11:26:32.775585
2025-07-20,155315,2025072003005339,SINDU,Sani Securities Company Ltd.,Sani Securities Company Ltd.,100,881.0,88100.0,2025-07-20T11:26:32.775871
2025-07-20,155314,2025072003005340,SINDU,Aryatara Investment & Securities,Sani Securities Company Ltd.,188,881.0,165628.0,2025-07-20T11:26:32.776073
2025-07-20,154637,2025072003005475,SINDU,Aryatara Investment & Securities,Naasa Securities Co. Ltd.,19,881.0,16739.0,2025-07-20T11:27:20.364307
2025-07-20,154429,2025072003005525,SINDU,Naasa Securities Co. Ltd.,Naasa Securities Co. Ltd.,250,883.9,220975.0,2025-07-20T11:27:34.828357
2025-07-20,154428,2025072003005526,SINDU,Naasa Securities Co. Ltd.,Malla & Malla Stock Broking Company Pvt. Limited,50,884.0,44200.0,2025-07-20T11:27:34.828676
2025-07-20,154427,2025072003005527,SINDU,Naasa Securities Co. Ltd.,Dakshinkali Investment & Securities Pvt. Ltd.,200,884.0,176800.0,2025-07-20T11:27:34.828873
2025-07-20,152584,2025072003006024,SINDU,Deevyaa Securities & Stock House Pvt. Ltd,Sri Hari Securities Pvt. Ltd.,40,881.1,35244.0,2025-07-20T11:29:40.774082
2025-07-20,152562,2025072003006031,SINDU,Aryatara Investment & Securities,Aryatara Investment & Securities,193,881.0,170033.0,2025-07-20T11:29:43.550156
2025-07-20,152561,2025072003006032,SINDU,Primo Securities (PVT) Ltd.,Aryatara Investment & Securities,30,881.0,26430.0,2025-07-20T11:29:43.550322
2025-07-20,152560,2025072003006033,SINDU,Investment Management Nepal Pvt. Ltd.,Aryatara Investment & Securities,50,880.0,44000.0,2025-07-20T11:29:43.550391
2025-07-20,151734,2025072003006263,SINDU,Naasa Securities Co. Ltd.,Kohinoor Investment & Securities Pvt. Ltd.,100,877.0,87700.0,2025-07-20T11:30:52.826163
2025-07-20,151733,2025072003006264,SINDU,Aryatara Investment & Securities,Kohinoor Investment & Securities Pvt. Ltd.,400,876.1,350440.0,2025-07-20T11:30:52.826328
2025-07-20,151596,2025072003006301,SINDU,Dynamic Money Managers Securities Pvt. Ltd.,Sani Securities Company Ltd.,100,879.0,87900.0,2025-07-20T11:31:05.264158
2025-07-20,151490,2025072003006317,SINDU,Dynamic Money Managers Securities Pvt. Ltd.,South Asian Bulls Pvt. Ltd.,50,879.0,43950.0,2025-07-20T11:31:14.003272
2025-07-20,151489,2025072003006318,SINDU,Aryatara Investment & Securities,South Asian Bulls Pvt. Ltd.,100,876.1,87610.0,2025-07-20T11:31:14.003453
2025-07-20,151488,2025072003006319,SINDU,Vision Securities Pvt. Ltd,South Asian Bulls Pvt. Ltd.,40,876.0,35040.0,2025-07-20T11:31:14.003523
2025-07-20,151487,2025072003006320,SINDU,Blue Chip Securities Ltd,South Asian Bulls Pvt. Ltd.,200,875.0,175000.0,2025-07-20T11:31:14.003587
2025-07-20,151486,2025072003006321,SINDU,Naasa Securities Co. Ltd.,South Asian Bulls Pvt. Ltd.,55,875.0,48125.0,2025-07-20T11:31:14.003653
2025-07-20,151138,2025072003006404,SINDU,Aryatara Investment & Securities,South Asian Bulls Pvt. Ltd.,55,875.0,48125.0,2025-07-20T11:31:40.695803
2025-07-20,150871,2025072003006468,SINDU,Malla & Malla Stock Broking Company Pvt. Limited,Deevyaa Securities & Stock House Pvt. Ltd,35,875.0,30625.0,2025-07-20T11:31:57.146422
2025-07-20,148732,2025072003006934,SINDU,Arun Securities (PVT) Ltd.,Sani Securities Company Ltd.,100,877.0,87700.0,2025-07-20T11:34:32.34964
2025-07-20,148652,2025072003006956,SINDU,Vision Securities Pvt. Ltd,Opal Securities Investment (PVT) Ltd.,35,877.9,30726.5,2025-07-20T11:34:40.246262
2025-07-20,148053,2025072003007066,SINDU,Vision Securities Pvt. Ltd,ABC Securities Private Limited,65,879.0,57135.0,2025-07-20T11:35:18.727645
2025-07-20,147215,2025072003007273,SINDU,Sumeru Securities Pvt. Ltd.,Premier Securities Company Ltd.,35,877.9,30726.5,2025-07-20T11:36:15.549694
2025-07-20,147214,2025072003007274,SINDU,Malla & Malla Stock Broking Company Pvt. Limited,Premier Securities Company Ltd.,65,877.9,57063.5,2025-07-20T11:36:15.549745
2025-07-20,146995,2025072003007334,SINDU,Malla & Malla Stock Broking Company Pvt. Limited,Dakshinkali Investment & Securities Pvt. Ltd.,300,877.9,263370.0,2025-07-20T11:36:33.059515
2025-07-20,146927,2025072003007345,SINDU,Malla & Malla Stock Broking Company Pvt. Limited,Nepal Investment And Securities Trading Private Limited,30,877.9,26337.0,2025-07-20T11:36:38.43298
2025-07-20,146718,2025072003007375,SINDU,Malla & Malla Stock Broking Company Pvt. Limited,Nepal Investment And Securities Trading Private Limited,30,877.9,26337.0,2025-07-20T11:36:53.642428
2025-07-20,145533,2025072003007617,SINDU,Malla & Malla Stock Broking Company Pvt. Limited,Imperial Securities Company Pvt. Ltd.,75,877.9,65842.5,2025-07-20T11:38:18.876765
2025-07-20,145031,2025072003007728,SINDU,Sani Securities Company Ltd.,Sani Securities Company Ltd.,180,878.0,158040.0,2025-07-20T11:39:01.171198
2025-07-20,144810,2025072003007777,SINDU,Sani Securities Company Ltd.,Imperial Securities Company Pvt. Ltd.,20,878.0,17560.0,2025-07-20T11:39:16.006521
2025-07-20,144182,2025072003007920,SINDU,Online Securities Pvt. Ltd.,Dipshikha Dhitopatra Karobar Co. Pvt Ltd.,34,877.0,29818.0,2025-07-20T11:40:07.694522
2025-07-20,144170,2025072003007925,SINDU,Online Securities Pvt. Ltd.,Imperial Securities Company Pvt. Ltd.,46,877.0,40342.0,2025-07-20T11:40:09.033256
2025-07-20,143340,2025072003008102,SINDU,Kohinoor Investment & Securities Pvt. Ltd.,Imperial Securities Company Pvt. Ltd.,19,877.9,16680.1,2025-07-20T11:41:10.639476
2025-07-20,143048,2025072003008156,SINDU,Kohinoor Investment & Securities Pvt. Ltd.,South Asian Bulls Pvt. Ltd.,16,877.9,14046.4,2025-07-20T11:41:31.399264
2025-07-20,139547,2025072003008999,SINDU,Imperial Securities Company Pvt. Ltd.,Dipshikha Dhitopatra Karobar Co. Pvt Ltd.,50,877.8,43890.0,2025-07-20T11:45:16.840652
2025-07-20,138966,2025072003009110,SINDU,Malla & Malla Stock Broking Company Pvt. Limited,Naasa Securities Co. Ltd.,11,874.1,9615.1,2025-07-20T11:45:50.867361
2025-07-20,138965,2025072003009111,SINDU,Bhrikuti Stock Broking Co. Pvt. Ltd.,Naasa Securities Co. Ltd.,10,874.0,8740.0,2025-07-20T11:45:50.867538
2025-07-20,138964,2025072003009112,SINDU,Opal Securities Investment (PVT) Ltd.,Naasa Securities Co. Ltd.,228,874.0,199272.0,2025-07-20T11:45:50.867619
2025-07-20,138445,2025072003009199,SINDU,Malla & Malla Stock Broking Company Pvt. Limited,Naasa Securities Co. Ltd.,90,874.0,78660.0,2025-07-20T11:46:21.945007
2025-07-20,137988,2025072003009292,SINDU,Online Securities Pvt. Ltd.,Imperial Securities Company Pvt. Ltd.,15,873.2,13098.0,2025-07-20T11:46:51.613944
2025-07-20,136843,2025072003009620,SINDU,Opal Securities Investment (PVT) Ltd.,Naasa Securities Co. Ltd.,125,874.0,109250.0,2025-07-20T11:48:10.478934
2025-07-20,135408,2025072003009933,SINDU,Imperial Securities Company Pvt. Ltd.,South Asian Bulls Pvt. Ltd.,10,873.2,8732.0,2025-07-20T11:49:53.008495
2025-07-20,135407,2025072003009934,SINDU,Sumeru Securities Pvt. Ltd.,South Asian Bulls Pvt. Ltd.,10,873.1,8731.0,2025-07-20T11:49:53.008674
2025-07-20,135406,2025072003009935,SINDU,Aryatara Investment & Securities,South Asian Bulls Pvt. Ltd.,100,873.0,87300.0,2025-07-20T11:49:53.008749
2025-07-20,135405,2025072003009936,SINDU,Malla & Malla Stock Broking Company Pvt. Limited,South Asian Bulls Pvt. Ltd.,50,873.0,43650.0,2025-07-20T11:49:53.008821
2025-07-20,133863,2025072003010244,SINDU,Sumeru Securities Pvt. Ltd.,South Asian Bulls Pvt. Ltd.,10,871.1,8711.0,2025-07-20T11:51:56.520548
2025-07-20,133862,2025072003010245,SINDU,Sewa Securities Pvt. Ltd.,South Asian Bulls Pvt. Ltd.,20,871.0,17420.0,2025-07-20T11:51:56.520749
2025-07-20,133861,2025072003010246,SINDU,Dynamic Money Managers Securities Pvt. Ltd.,South Asian Bulls Pvt. Ltd.,40,871.0,34840.0,2025-07-20T11:51:56.520834
2025-07-20,133635,2025072003010300,SINDU,Asian Securities Private Ltd.,Sundhara Securities Limited,40,873.0,34920.0,2025-07-20T11:52:17.009153
2025-07-20,133432,2025072003010349,SINDU,Sipla Securities Private Limited,Sundhara Securities Limited,20,873.0,17460.0,2025-07-20T11:52:34.538097
2025-07-20,132806,2025072003010505,SINDU,Imperial Securities Company Pvt. Ltd.,Sri Hari Securities Pvt. Ltd.,10,871.2,8712.0,2025-07-20T11:53:30.706485
2025-07-20,132544,2025072003010550,SINDU,Dynamic Money Managers Securities Pvt. Ltd.,Naasa Securities Co. Ltd.,56,871.0,48776.0,2025-07-20T11:53:56.136174
2025-07-20,132517,2025072003010561,SINDU,Deevyaa Securities & Stock House Pvt. Ltd,Sundhara Securities Limited,100,873.0,87300.0,2025-07-20T11:53:59.238923
2025-07-20,132516,2025072003010562,SINDU,Trishakti Securities Public Limited,Aryatara Investment & Securities,50,871.0,43550.0,2025-07-20T11:53:59.285222
2025-07-20,132515,2025072003010563,SINDU,Nepal Stock House (PVT) Ltd.,Aryatara Investment & Securities,30,870.0,26100.0,2025-07-20T11:53:59.285555
2025-07-20,132514,2025072003010564,SINDU,Secured Securities Ltd.,Aryatara Investment & Securities,100,870.0,87000.0,2025-07-20T11:53:59.285792
2025-07-20,132513,2025072003010565,SINDU,Secured Securities Ltd.,Aryatara Investment & Securities,100,870.0,87000.0,2025-07-20T11:53:59.286004
2025-07-20,131824,2025072003010718,SINDU,Imperial Securities Company Pvt. Ltd.,Sri Hari Securities Pvt. Ltd.,10,868.1,8681.0,2025-07-20T11:54:59.416719
2025-07-20,131699,2025072003010737,SINDU,Nepal Stock House (PVT) Ltd.,Midas Stock Broking Company Private Limited,20,868.0,17360.0,2025-07-20T11:55:13.651998
2025-07-20,131698,2025072003010738,SINDU,Online Securities Pvt. Ltd.,Midas Stock Broking Company Private Limited,50,866.0,43300.0,2025-07-20T11:55:13.652231
2025-07-20,131697,2025072003010739,SINDU,Malla & Malla Stock Broking Company Pvt. Limited,Midas Stock Broking Company Private Limited,25,865.2,21630.0,2025-07-20T11:55:13.652331
2025-07-20,130868,2025072003010959,SINDU,Malla & Malla Stock Broking Company Pvt. Limited,Sri Hari Securities Pvt. Ltd.,25,865.6,21640.0,2025-07-20T11:56:34.944689
2025-07-20,130595,2025072003011001,SINDU,Pragyan Securities (PVT) Ltd.,Sri Hari Securities Pvt. Ltd.,40,865.7,34628.0,2025-07-20T11:57:02.538581
2025-07-20,129271,2025072003011274,SINDU,Shree Krishna Securities Ltd.,Aryatara Investment & Securities,10,866.0,8660.0,2025-07-20T11:59:25.49294
2025-07-20,129270,2025072003011275,SINDU,Aryatara Investment & Securities,Aryatara Investment & Securities,43,866.0,37238.0,2025-07-20T11:59:25.493166
2025-07-20,128136,2025072003011515,SINDU,Sweta Securities Private Limited,Aryatara Investment & Securities,50,867.0,43350.0,2025-07-20T12:01:02.168606
2025-07-20,127787,2025072003011592,SINDU,Imperial Securities Company Pvt. Ltd.,Secured Securities Ltd.,10,866.1,8661.0,2025-07-20T12:01:39.407071
2025-07-20,127786,2025072003011593,SINDU,Aryatara Investment & Securities,Secured Securities Ltd.,40,866.1,34644.0,2025-07-20T12:01:39.407347
2025-07-20,126265,2025072003011988,SINDU,Neev Securities Pvt. Ltd.,Creative Securities Pvt Ltd,10,870.0,8700.0,2025-07-20T12:04:19.412308
2025-07-20,126111,2025072003012004,SINDU,Neev Securities Pvt. Ltd.,Dipshikha Dhitopatra Karobar Co. Pvt Ltd.,10,870.0,8700.0,2025-07-20T12:04:35.609824
2025-07-20,125305,2025072003012216,SINDU,Neev Securities Pvt. Ltd.,Asian Securities Private Ltd.,10,869.9,8699.0,2025-07-20T12:05:50.780155
2025-07-20,124907,2025072003012301,SINDU,Naasa Securities Co. Ltd.,Imperial Securities Company Pvt. Ltd.,10,868.0,8680.0,2025-07-20T12:06:31.063953
2025-07-20,124727,2025072003012332,SINDU,Trishakti Securities Public Limited,Imperial Securities Company Pvt. Ltd.,30,868.0,26040.0,2025-07-20T12:06:49.415102
2025-07-20,124701,2025072003012338,SINDU,Kalika Securities Pvt. Ltd.,Asian Securities Private Ltd.,60,869.9,52194.0,2025-07-20T12:06:52.566632
2025-07-20,124642,2025072003012357,SINDU,Trishakti Securities Public Limited,Naasa Securities Co. Ltd.,20,868.0,17360.0,2025-07-20T12:06:59.788822
2025-07-20,124376,2025072003012431,SINDU,Kumari Securities Private Limited,Dipshikha Dhitopatra Karobar Co. Pvt Ltd.,30,867.0,26010.0,2025-07-20T12:07:35.586652
2025-07-20,124375,2025072003012432,SINDU,Aryatara Investment & Securities,Dipshikha Dhitopatra Karobar Co. Pvt Ltd.,200,867.0,173400.0,2025-07-20T12:07:35.586893
2025-07-20,124314,2025072003012442,SINDU,Dipshikha Dhitopatra Karobar Co. Pvt Ltd.,Dipshikha Dhitopatra Karobar Co. Pvt Ltd.,70,867.0,60690.0,2025-07-20T12:07:42.697721
2025-07-20,123943,2025072003012563,SINDU,Dipshikha Dhitopatra Karobar Co. Pvt Ltd.,Sani Securities Company Ltd.,230,868.0,199640.0,2025-07-20T12:08:19.990753
2025-07-20,123942,2025072003012564,SINDU,Oxford Securities Pvt. Ltd.,Sani Securities Company Ltd.,194,868.0,168392.0,2025-07-20T12:08:19.990972
2025-07-20,123924,2025072003012569,SINDU,Dipshikha Dhitopatra Karobar Co. Pvt Ltd.,Sani Securities Company Ltd.,10,868.0,8680.0,2025-07-20T12:08:21.38621
2025-07-20,123179,2025072003012756,SINDU,Malla & Malla Stock Broking Company Pvt. Limited,Aryatara Investment & Securities,50,866.3,43315.0,2025-07-20T12:09:42.047136
2025-07-20,123178,2025072003012757,SINDU,Aryatara Investment & Securities,Aryatara Investment & Securities,42,866.3,36384.6,2025-07-20T12:09:42.047369
2025-07-20,123089,2025072003012764,SINDU,Aryatara Investment & Securities,ABC Securities Private Limited,7,866.0,6062.0,2025-07-20T12:09:50.468241
2025-07-20,122922,2025072003012792,SINDU,Aryatara Investment & Securities,Sani Securities Company Ltd.,54,866.3,46780.2,2025-07-20T12:10:05.226507
2025-07-20,122736,2025072003012831,SINDU,Naasa Securities Co. Ltd.,Dipshikha Dhitopatra Karobar Co. Pvt Ltd.,44,866.2,38112.8,2025-07-20T12:10:24.167794
2025-07-20,122704,2025072003012838,SINDU,Imperial Securities Company Pvt. Ltd.,Dipshikha Dhitopatra Karobar Co. Pvt Ltd.,10,866.2,8662.0,2025-07-20T12:10:28.168973
2025-07-20,122517,2025072003012887,SINDU,Bhrikuti Stock Broking Co. Pvt. Ltd.,Sani Securities Company Ltd.,42,866.1,36376.2,2025-07-20T12:10:48.315184
2025-07-20,122471,2025072003012892,SINDU,Malla & Malla Stock Broking Company Pvt. Limited,Dipshikha Dhitopatra Karobar Co. Pvt Ltd.,86,866.2,74493.2,2025-07-20T12:10:53.237834
2025-07-20,122179,2025072003012962,SINDU,Malla & Malla Stock Broking Company Pvt. Limited,Sri Hari Securities Pvt. Ltd.,40,868.0,34720.0,2025-07-20T12:11:30.48372
2025-07-20,122178,2025072003012963,SINDU,Malla & Malla Stock Broking Company Pvt. Limited,Vision Securities Pvt. Ltd,160,868.0,138880.0,2025-07-20T12:11:30.483951
2025-07-20,122045,2025072003012987,SINDU,Malla & Malla Stock Broking Company Pvt. Limited,Vision Securities Pvt. Ltd,31,868.0,26908.0,2025-07-20T12:11:43.586
2025-07-20,121855,2025072003013020,SINDU,Malla & Malla Stock Broking Company Pvt. Limited,Asian Securities Private Ltd.,430,869.9,374057.0,2025-07-20T12:12:03.789125
2025-07-20,121854,2025072003013021,SINDU,Malla & Malla Stock Broking Company Pvt. Limited,Naasa Securities Co. Ltd.,1570,870.0,1365900.0,2025-07-20T12:12:03.789372
2025-07-20,121750,2025072003013037,SINDU,Sumeru Securities Pvt. Ltd.,Naasa Securities Co. Ltd.,132,870.0,114840.0,2025-07-20T12:12:18.650492
2025-07-20,121628,2025072003013062,SINDU,Imperial Securities Company Pvt. Ltd.,Imperial Securities Company Pvt. Ltd.,12,871.0,10452.0,2025-07-20T12:12:33.134842
2025-07-20,121627,2025072003013063,SINDU,Imperial Securities Company Pvt. Ltd.,Trishakti Securities Public Limited,88,872.0,76736.0,2025-07-20T12:12:33.135078
2025-07-20,121329,2025072003013132,SINDU,Cristal Kanchanjanga Securites Pvt. Ltd.,Trishakti Securities Public Limited,62,872.0,54064.0,2025-07-20T12:12:59.324324
2025-07-20,121261,2025072003013154,SINDU,Cristal Kanchanjanga Securites Pvt. Ltd.,Sundhara Securities Limited,20,873.0,17460.0,2025-07-20T12:13:07.442851
2025-07-20,121185,2025072003013169,SINDU,Cristal Kanchanjanga Securites Pvt. Ltd.,Sundhara Securities Limited,20,873.0,17460.0,2025-07-20T12:13:17.525302
2025-07-20,121161,2025072003013179,SINDU,Asian Securities Private Ltd.,Sundhara Securities Limited,340,873.0,296820.0,2025-07-20T12:13:21.140569
2025-07-20,121039,2025072003013216,SINDU,Premier Securities Company Ltd.,Naasa Securities Co. Ltd.,36,874.0,31464.0,2025-07-20T12:13:30.709908
2025-07-20,121038,2025072003013217,SINDU,Premier Securities Company Ltd.,Naasa Securities Co. Ltd.,164,874.0,143336.0,2025-07-20T12:13:30.710199
2025-07-20,121020,2025072003013228,SINDU,Malla & Malla Stock Broking Company Pvt. Limited,Naasa Securities Co. Ltd.,70,874.0,61180.0,2025-07-20T12:13:35.457455
2025-07-20,120982,2025072003013244,SINDU,Nepal Investment And Securities Trading Private Limited,Naasa Securities Co. Ltd.,350,874.0,305900.0,2025-07-20T12:13:39.165248
2025-07-20,120981,2025072003013245,SINDU,Nepal Stock House (PVT) Ltd.,Naasa Securities Co. Ltd.,60,874.0,52440.0,2025-07-20T12:13:39.166512
2025-07-20,120938,2025072003013250,SINDU,Asian Securities Private Ltd.,Vision Securities Pvt. Ltd,160,873.0,139680.0,2025-07-20T12:13:44.429314
2025-07-20,120937,2025072003013251,SINDU,Hatemalo Financial Services Private Limited,Vision Securities Pvt. Ltd,40,873.0,34920.0,2025-07-20T12:13:44.429526
2025-07-20,120775,2025072003013283,SINDU,Sweta Securities Private Limited,Naasa Securities Co. Ltd.,55,874.0,48070.0,2025-07-20T12:14:04.260925
2025-07-20,120766,2025072003013284,SINDU,Cristal Kanchanjanga Securites Pvt. Ltd.,Naasa Securities Co. Ltd.,138,874.0,120612.0,2025-07-20T12:14:04.838139
2025-07-20,120706,2025072003013297,SINDU,Aryatara Investment & Securities,Naasa Securities Co. Ltd.,100,874.0,87400.0,2025-07-20T12:14:10.800939
2025-07-20,120547,2025072003013329,SINDU,Neev Securities Pvt. Ltd.,Dipshikha Dhitopatra Karobar Co. Pvt Ltd.,10,875.0,8750.0,2025-07-20T12:14:26.200866
2025-07-20,120458,2025072003013341,SINDU,Kohinoor Investment & Securities Pvt. Ltd.,Dipshikha Dhitopatra Karobar Co. Pvt Ltd.,20,877.0,17540.0,2025-07-20T12:14:33.437087
2025-07-20,120326,2025072003013368,SINDU,Thrive Brokerage House Pvt. Ltd,Dipshikha Dhitopatra Karobar Co. Pvt Ltd.,30,877.0,26310.0,2025-07-20T12:14:49.969394
2025-07-20,120199,2025072003013389,SINDU,Cristal Kanchanjanga Securites Pvt. Ltd.,Online Securities Pvt. Ltd.,10,878.0,8780.0,2025-07-20T12:15:02.246317
2025-07-20,120191,2025072003013393,SINDU,Thrive Brokerage House Pvt. Ltd,Hatemalo Financial Services Private Limited,70,877.0,61390.0,2025-07-20T12:15:03.206169
2025-07-20,120171,2025072003013397,SINDU,Bhrikuti Stock Broking Co. Pvt. Ltd.,Online Securities Pvt. Ltd.,115,878.0,100970.0,2025-07-20T12:15:05.099707
2025-07-20,119999,2025072003013436,SINDU,Dynamic Money Managers Securities Pvt. Ltd.,Hatemalo Financial Services Private Limited,10,878.6,8786.0,2025-07-20T12:15:20.789589
2025-07-20,119998,2025072003013437,SINDU,Dynamic Money Managers Securities Pvt. Ltd.,Hatemalo Financial Services Private Limited,10,878.7,8787.0,2025-07-20T12:15:20.790003
2025-07-20,119997,2025072003013438,SINDU,Dynamic Money Managers Securities Pvt. Ltd.,Hatemalo Financial Services Private Limited,10,878.8,8788.0,2025-07-20T12:15:20.790289
2025-07-20,119996,2025072003013439,SINDU,Dynamic Money Managers Securities Pvt. Ltd.,ABC Securities Private Limited,435,879.0,382365.0,2025-07-20T12:15:20.790539
2025-07-20,119995,2025072003013440,SINDU,Dynamic Money Managers Securities Pvt. Ltd.,Midas Stock Broking Company Private Limited,220,879.0,193380.0,2025-07-20T12:15:20.790787
2025-07-20,119994,2025072003013441,SINDU,Dynamic Money Managers Securities Pvt. Ltd.,Neev Securities Pvt. Ltd.,27,880.0,23760.0,2025-07-20T12:15:20.79105
2025-07-20,119993,2025072003013442,SINDU,Dynamic Money Managers Securities Pvt. Ltd.,Dipshikha Dhitopatra Karobar Co. Pvt Ltd.,288,880.0,253440.0,2025-07-20T12:15:20.7913
2025-07-20,119269,2025072003013599,SINDU,Neev Securities Pvt. Ltd.,Hatemalo Financial Services Private Limited,10,878.0,8780.0,2025-07-20T12:16:13.423072
2025-07-20,119268,2025072003013600,SINDU,Neev Securities Pvt. Ltd.,Hatemalo Financial Services Private Limited,10,877.0,8770.0,2025-07-20T12:16:13.423132
2025-07-20,119267,2025072003013601,SINDU,Neev Securities Pvt. Ltd.,Hatemalo Financial Services Private Limited,10,876.0,8760.0,2025-07-20T12:16:13.423164
2025-07-20,116716,2025072003013982,SINDU,Nepal Stock House (PVT) Ltd.,Naasa Securities Co. Ltd.,20,875.1,17502.0,2025-07-20T12:20:08.469297
2025-07-20,116715,2025072003013983,SINDU,SUN SECURITIES PVT LTD,Naasa Securities Co. Ltd.,10,875.0,8750.0,2025-07-20T12:20:08.469758
2025-07-20,116714,2025072003013984,SINDU,Kumari Securities Private Limited,Naasa Securities Co. Ltd.,50,875.0,43750.0,2025-07-20T12:20:08.470038
2025-07-20,116713,2025072003013985,SINDU,Vision Securities Pvt. Ltd,Naasa Securities Co. Ltd.,200,875.0,175000.0,2025-07-20T12:20:08.470296
2025-07-20,116712,2025072003013986,SINDU,ABC Securities Private Limited,Naasa Securities Co. Ltd.,70,875.0,61250.0,2025-07-20T12:20:08.470551
2025-07-20,116318,2025072003014059,SINDU,Hatemalo Financial Services Private Limited,Market Securities & Exchange (PVT) Ltd.,10,879.7,8797.0,2025-07-20T12:20:39.206933
2025-07-20,116090,2025072003014104,SINDU,ABC Securities Private Limited,Aryatara Investment & Securities,130,875.0,113750.0,2025-07-20T12:20:57.476648
2025-07-20,116089,2025072003014105,SINDU,Deevyaa Securities & Stock House Pvt. Ltd,Aryatara Investment & Securities,30,875.0,26250.0,2025-07-20T12:20:57.476679
2025-07-20,116088,2025072003014106,SINDU,Siprabi Securities Pvt. Ltd.,Aryatara Investment & Securities,200,875.0,175000.0,2025-07-20T12:20:57.476703
2025-07-20,116087,2025072003014107,SINDU,Oxford Securities Pvt. Ltd.,Aryatara Investment & Securities,200,875.0,175000.0,2025-07-20T12:20:57.476726
2025-07-20,116086,2025072003014108,SINDU,Malla & Malla Stock Broking Company Pvt. Limited,Aryatara Investment & Securities,64,874.0,55936.0,2025-07-20T12:20:57.47675
2025-07-20,116085,2025072003014109,SINDU,Hatemalo Financial Services Private Limited,Aryatara Investment & Securities,463,874.0,404662.0,2025-07-20T12:20:57.476777
2025-07-20,115914,2025072003014153,SINDU,Hatemalo Financial Services Private Limited,Market Securities & Exchange (PVT) Ltd.,10,879.7,8797.0,2025-07-20T12:21:15.311113
2025-07-20,115906,2025072003014156,SINDU,Hatemalo Financial Services Private Limited,J.F. Securites (PVT) Ltd.,200,874.0,174800.0,2025-07-20T12:21:16.050807
2025-07-20,115806,2025072003014180,SINDU,Hatemalo Financial Services Private Limited,Market Securities & Exchange (PVT) Ltd.,10,879.7,8797.0,2025-07-20T12:21:24.341065
2025-07-20,115544,2025072003014263,SINDU,Naasa Securities Co. Ltd.,Online Securities Pvt. Ltd.,16,879.0,14064.0,2025-07-20T12:21:51.765431
2025-07-20,115411,2025072003014286,SINDU,Midas Stock Broking Company Private Limited,Online Securities Pvt. Ltd.,35,879.0,30765.0,2025-07-20T12:22:05.407646
2025-07-20,114640,2025072003014489,SINDU,Nepal Stock House (PVT) Ltd.,Kohinoor Investment & Securities Pvt. Ltd.,22,874.5,19239.0,2025-07-20T12:23:16.63212
2025-07-20,114639,2025072003014490,SINDU,Hatemalo Financial Services Private Limited,Kohinoor Investment & Securities Pvt. Ltd.,478,874.0,417772.0,2025-07-20T12:23:16.632332
2025-07-20,114406,2025072003014519,SINDU,Bhrikuti Stock Broking Co. Pvt. Ltd.,Hatemalo Financial Services Private Limited,100,874.5,87450.0,2025-07-20T12:23:38.780404
2025-07-20,114405,2025072003014520,SINDU,Aryatara Investment & Securities,Hatemalo Financial Services Private Limited,100,873.1,87310.0,2025-07-20T12:23:38.780638
2025-07-20,114404,2025072003014521,SINDU,Malla & Malla Stock Broking Company Pvt. Limited,Hatemalo Financial Services Private Limited,123,870.0,107010.0,2025-07-20T12:23:38.780726
2025-07-20,113514,2025072003014681,SINDU,Naasa Securities Co. Ltd.,Hatemalo Financial Services Private Limited,50,870.0,43500.0,2025-07-20T12:24:59.051796
2025-07-20,113369,2025072003014701,SINDU,Dynamic Money Managers Securities Pvt. Ltd.,Hatemalo Financial Services Private Limited,500,870.0,435000.0,2025-07-20T12:25:10.239752
2025-07-20,113310,2025072003014716,SINDU,Opal Securities Investment (PVT) Ltd.,Midas Stock Broking Company Private Limited,15,867.0,13005.0,2025-07-20T12:25:15.875594
2025-07-20,112828,2025072003014801,SINDU,Opal Securities Investment (PVT) Ltd.,Dipshikha Dhitopatra Karobar Co. Pvt Ltd.,100,867.0,86700.0,2025-07-20T12:26:03.236415
2025-07-20,111167,2025072003015085,SINDU,Sewa Securities Pvt. Ltd.,Hatemalo Financial Services Private Limited,10,870.0,8700.0,2025-07-20T12:28:05.163772
2025-07-20,111058,2025072003015107,SINDU,Sani Securities Company Ltd.,Hatemalo Financial Services Private Limited,10,870.0,8700.0,2025-07-20T12:28:16.514608
2025-07-20,109274,2025072003015481,SINDU,Agrawal Securities (PVT) Ltd.,Hatemalo Financial Services Private Limited,100,870.0,87000.0,2025-07-20T12:31:14.174681
2025-07-20,108819,2025072003015615,SINDU,Opal Securities Investment (PVT) Ltd.,Neev Securities Pvt. Ltd.,85,869.9,73941.5,2025-07-20T12:31:52.887317
2025-07-20,108694,2025072003015641,SINDU,Online Securities Pvt. Ltd.,Neev Securities Pvt. Ltd.,10,869.9,8699.0,2025-07-20T12:32:03.840268
2025-07-20,108581,2025072003015696,SINDU,Vision Securities Pvt. Ltd,Neev Securities Pvt. Ltd.,305,869.9,265319.5,2025-07-20T12:32:11.304071
2025-07-20,108399,2025072003015738,SINDU,Agrawal Securities (PVT) Ltd.,Dynamic Money Managers Securities Pvt. Ltd.,50,870.0,43500.0,2025-07-20T12:32:28.472812
2025-07-20,108162,2025072003015796,SINDU,Kumari Securities Private Limited,Dynamic Money Managers Securities Pvt. Ltd.,65,870.0,56550.0,2025-07-20T12:32:45.848833
2025-07-20,107934,2025072003015834,SINDU,Kumari Securities Private Limited,Sweta Securities Private Limited,35,870.0,30450.0,2025-07-20T12:33:10.311229
2025-07-20,107933,2025072003015835,SINDU,Kumari Securities Private Limited,Sweta Securities Private Limited,65,870.0,56550.0,2025-07-20T12:33:10.311465
2025-07-20,107601,2025072003015877,SINDU,Kumari Securities Private Limited,Hatemalo Financial Services Private Limited,35,870.0,30450.0,2025-07-20T12:33:45.740498
2025-07-20,107531,2025072003015901,SINDU,Malla & Malla Stock Broking Company Pvt. Limited,Hatemalo Financial Services Private Limited,10,870.0,8700.0,2025-07-20T12:33:49.687499
2025-07-20,107336,2025072003015963,SINDU,Vision Securities Pvt. Ltd,Nepal Investment And Securities Trading Private Limited,195,869.9,169630.5,2025-07-20T12:34:06.357598
2025-07-20,107101,2025072003016038,SINDU,Dakshinkali Investment & Securities Pvt. Ltd.,Imperial Securities Company Pvt. Ltd.,20,868.0,17360.0,2025-07-20T12:34:31.654479
2025-07-20,106989,2025072003016061,SINDU,Dakshinkali Investment & Securities Pvt. Ltd.,Nepal Investment And Securities Trading Private Limited,680,869.9,591532.0,2025-07-20T12:34:43.409725
2025-07-20,106649,2025072003016117,SINDU,Malla & Malla Stock Broking Company Pvt. Limited,Nepal Investment And Securities Trading Private Limited,116,869.9,100908.4,2025-07-20T12:35:15.419282
2025-07-20,106132,2025072003016247,SINDU,Dakshinkali Investment & Securities Pvt. Ltd.,Dynamic Money Managers Securities Pvt. Ltd.,50,867.7,43385.0,2025-07-20T12:36:01.865337
2025-07-20,106038,2025072003016262,SINDU,Hatemalo Financial Services Private Limited,Sweta Securities Private Limited,10,878.0,8780.0,2025-07-20T12:36:13.230158
2025-07-20,105345,2025072003016408,SINDU,Imperial Securities Company Pvt. Ltd.,Naasa Securities Co. Ltd.,50,870.0,43500.0,2025-07-20T12:37:19.944816
2025-07-20,105336,2025072003016411,SINDU,Kumari Securities Private Limited,Naasa Securities Co. Ltd.,15,870.0,13050.0,2025-07-20T12:37:21.447159
2025-07-20,105207,2025072003016435,SINDU,Aryatara Investment & Securities,Naasa Securities Co. Ltd.,100,870.0,87000.0,2025-07-20T12:37:36.185909
2025-07-20,104875,2025072003016514,SINDU,Malla & Malla Stock Broking Company Pvt. Limited,Naasa Securities Co. Ltd.,76,870.0,66120.0,2025-07-20T12:38:07.56909
2025-07-20,104784,2025072003016528,SINDU,Hatemalo Financial Services Private Limited,Sweta Securities Private Limited,10,878.0,8780.0,2025-07-20T12:38:18.61309
2025-07-20,103544,2025072003016749,SINDU,Secured Securities Ltd.,Sweta Securities Private Limited,10,878.0,8780.0,2025-07-20T12:40:28.519732
2025-07-20,103513,2025072003016761,SINDU,Sani Securities Company Ltd.,South Asian Bulls Pvt. Ltd.,50,877.0,43850.0,2025-07-20T12:40:34.007283
2025-07-20,103512,2025072003016762,SINDU,Sani Securities Company Ltd.,Sweta Securities Private Limited,70,878.0,61460.0,2025-07-20T12:40:34.007522
2025-07-20,103511,2025072003016763,SINDU,Sani Securities Company Ltd.,Dipshikha Dhitopatra Karobar Co. Pvt Ltd.,100,878.0,87800.0,2025-07-20T12:40:34.007617
2025-07-20,103510,2025072003016764,SINDU,Sani Securities Company Ltd.,Online Securities Pvt. Ltd.,29,879.0,25491.0,2025-07-20T12:40:34.007709
2025-07-20,103509,2025072003016765,SINDU,Sani Securities Company Ltd.,Online Securities Pvt. Ltd.,60,879.0,52740.0,2025-07-20T12:40:34.0078
2025-07-20,103508,2025072003016766,SINDU,Sani Securities Company Ltd.,Agrawal Securities (PVT) Ltd.,50,879.0,43950.0,2025-07-20T12:40:34.007888
2025-07-20,103507,2025072003016767,SINDU,Sani Securities Company Ltd.,Sundhara Securities Limited,141,879.0,123939.0,2025-07-20T12:40:34.007993
2025-07-20,101987,2025072003017106,SINDU,Malla & Malla Stock Broking Company Pvt. Limited,Hatemalo Financial Services Private Limited,10,875.0,8750.0,2025-07-20T12:43:03.462207
2025-07-20,99647,2025072003017744,SINDU,Vision Securities Pvt. Ltd,Linch Stock Market Ltd.,10,875.0,8750.0,2025-07-20T12:46:25.089595
2025-07-20,98984,2025072003017905,SINDU,Vision Securities Pvt. Ltd,Naasa Securities Co. Ltd.,15,875.1,13126.5,2025-07-20T12:47:27.980927
2025-07-20,97740,2025072003018212,SINDU,Siprabi Securities Pvt. Ltd.,Naasa Securities Co. Ltd.,35,875.0,30625.0,2025-07-20T12:49:04.668413
2025-07-20,97299,2025072003018319,SINDU,Imperial Securities Company Pvt. Ltd.,Naasa Securities Co. Ltd.,20,876.0,17520.0,2025-07-20T12:49:41.365185
2025-07-20,97147,2025072003018358,SINDU,Online Securities Pvt. Ltd.,Naasa Securities Co. Ltd.,30,876.0,26280.0,2025-07-20T12:49:52.434788
2025-07-20,97017,2025072003018395,SINDU,Online Securities Pvt. Ltd.,Primo Securities (PVT) Ltd.,90,877.0,78930.0,2025-07-20T12:50:07.891783
2025-07-20,96649,2025072003018482,SINDU,Siprabi Securities Pvt. Ltd.,Sweta Securities Private Limited,38,875.0,33250.0,2025-07-20T12:50:33.210777
2025-07-20,96648,2025072003018483,SINDU,Aryatara Investment & Securities,Sweta Securities Private Limited,62,875.0,54250.0,2025-07-20T12:50:33.211015
2025-07-20,96295,2025072003018515,SINDU,Sipla Securities Private Limited,Online Securities Pvt. Ltd.,20,877.8,17556.0,2025-07-20T12:50:55.904493
2025-07-20,96139,2025072003018525,SINDU,Aryatara Investment & Securities,Aryatara Investment & Securities,30,875.0,26250.0,2025-07-20T12:51:06.03084
2025-07-20,94988,2025072003018780,SINDU,Midas Stock Broking Company Private Limited,Aryatara Investment & Securities,20,875.0,17500.0,2025-07-20T12:52:54.102752
2025-07-20,94987,2025072003018781,SINDU,Midas Stock Broking Company Private Limited,Sweta Securities Private Limited,100,875.0,87500.0,2025-07-20T12:52:54.103007
2025-07-20,93326,2025072003019115,SINDU,Midas Stock Broking Company Private Limited,Sweta Securities Private Limited,30,874.9,26247.0,2025-07-20T12:55:11.209171
2025-07-20,93325,2025072003019116,SINDU,Midas Stock Broking Company Private Limited,Agrawal Securities (PVT) Ltd.,50,874.9,43745.0,2025-07-20T12:55:11.209397
2025-07-20,92988,2025072003019199,SINDU,Kumari Securities Private Limited,Hatemalo Financial Services Private Limited,30,875.0,26250.0,2025-07-20T12:55:41.312258
2025-07-20,92693,2025072003019292,SINDU,Kumari Securities Private Limited,Hatemalo Financial Services Private Limited,99,875.0,86625.0,2025-07-20T12:55:59.540947
2025-07-20,92528,2025072003019305,SINDU,Kumari Securities Private Limited,Hatemalo Financial Services Private Limited,71,875.0,62125.0,2025-07-20T12:56:09.594272
2025-07-20,92527,2025072003019306,SINDU,Kumari Securities Private Limited,Online Securities Pvt. Ltd.,10,875.0,8750.0,2025-07-20T12:56:09.594515
2025-07-20,90933,2025072003019672,SINDU,Linch Stock Market Ltd.,Hatemalo Financial Services Private Limited,103,875.0,90125.0,2025-07-20T12:58:21.903882
2025-07-20,90374,2025072003019793,SINDU,Agrawal Securities (PVT) Ltd.,BHOLE GANESH SECURITIES LTD,10,872.5,8725.0,2025-07-20T12:59:09.396423
2025-07-20,90344,2025072003019800,SINDU,Online Securities Pvt. Ltd.,Hatemalo Financial Services Private Limited,397,875.0,347375.0,2025-07-20T12:59:11.222152
2025-07-20,89756,2025072003019946,SINDU,ABC Securities Private Limited,Hatemalo Financial Services Private Limited,150,875.0,131250.0,2025-07-20T13:00:01.370289
2025-07-20,89381,2025072003020049,SINDU,Vision Securities Pvt. Ltd,Online Securities Pvt. Ltd.,50,872.6,43630.0,2025-07-20T13:00:36.657857
2025-07-20,88869,2025072003020219,SINDU,Sumeru Securities Pvt. Ltd.,Hatemalo Financial Services Private Limited,350,875.0,306250.0,2025-07-20T13:01:19.191743
2025-07-20,88707,2025072003020262,SINDU,Imperial Securities Company Pvt. Ltd.,Nepal Investment And Securities Trading Private Limited,20,873.0,17460.0,2025-07-20T13:01:33.119848
2025-07-20,88706,2025072003020263,SINDU,Linch Stock Market Ltd.,Nepal Investment And Securities Trading Private Limited,500,873.0,436500.0,2025-07-20T13:01:33.120324
2025-07-20,88705,2025072003020264,SINDU,Kumari Securities Private Limited,Nepal Investment And Securities Trading Private Limited,19,873.0,16587.0,2025-07-20T13:01:33.120632
2025-07-20,88699,2025072003020265,SINDU,Hatemalo Financial Services Private Limited,Nepal Investment And Securities Trading Private Limited,1146,873.0,1000458.0,2025-07-20T13:01:33.496634
2025-07-20,88465,2025072003020341,SINDU,Hatemalo Financial Services Private Limited,Kumari Securities Private Limited,10,877.0,8770.0,2025-07-20T13:01:50.597741
2025-07-20,87614,2025072003020461,SINDU,Nabil Stock Dealer Ltd.,Kumari Securities Private Limited,40,877.0,35080.0,2025-07-20T13:03:09.187422
2025-07-20,87613,2025072003020462,SINDU,Nabil Stock Dealer Ltd.,Dipshikha Dhitopatra Karobar Co. Pvt Ltd.,17,877.0,14909.0,2025-07-20T13:03:09.187654
2025-07-20,86573,2025072003020709,SINDU,Sani Securities Company Ltd.,Dipshikha Dhitopatra Karobar Co. Pvt Ltd.,10,877.0,8770.0,2025-07-20T13:04:39.769728
2025-07-20,86369,2025072003020776,SINDU,Sani Securities Company Ltd.,Dipshikha Dhitopatra Karobar Co. Pvt Ltd.,50,877.0,43850.0,2025-07-20T13:05:00.25858
2025-07-20,85114,2025072003021077,SINDU,Imperial Securities Company Pvt. Ltd.,Dipshikha Dhitopatra Karobar Co. Pvt Ltd.,20,877.0,17540.0,2025-07-20T13:06:55.643221
2025-07-20,85067,2025072003021080,SINDU,Agrawal Securities (PVT) Ltd.,Agrawal Securities (PVT) Ltd.,50,877.0,43850.0,2025-07-20T13:07:00.860784
2025-07-20,85066,2025072003021081,SINDU,Agrawal Securities (PVT) Ltd.,Online Securities Pvt. Ltd.,171,877.8,150103.8,2025-07-20T13:07:00.861091
2025-07-20,84877,2025072003021132,SINDU,ABC Securities Private Limited,Imperial Securities Company Pvt. Ltd.,10,877.9,8779.0,2025-07-20T13:07:18.559958
2025-07-20,84742,2025072003021144,SINDU,Bhrikuti Stock Broking Co. Pvt. Ltd.,Hatemalo Financial Services Private Limited,200,877.0,175400.0,2025-07-20T13:07:28.661182
2025-07-20,84610,2025072003021172,SINDU,Online Securities Pvt. Ltd.,Hatemalo Financial Services Private Limited,50,877.0,43850.0,2025-07-20T13:07:38.691914
2025-07-20,83734,2025072003021324,SINDU,Vision Securities Pvt. Ltd,Kumari Securities Private Limited,35,877.0,30695.0,2025-07-20T13:09:01.240336
2025-07-20,83332,2025072003021392,SINDU,Imperial Securities Company Pvt. Ltd.,Thrive Brokerage House Pvt. Ltd,20,875.3,17506.0,2025-07-20T13:09:33.536768
2025-07-20,83331,2025072003021393,SINDU,Kohinoor Investment & Securities Pvt. Ltd.,Thrive Brokerage House Pvt. Ltd,100,875.2,87520.0,2025-07-20T13:09:33.537035
2025-07-20,83330,2025072003021394,SINDU,Naasa Securities Co. Ltd.,Thrive Brokerage House Pvt. Ltd,250,875.0,218750.0,2025-07-20T13:09:33.537143
2025-07-20,83329,2025072003021395,SINDU,Kalika Securities Pvt. Ltd.,Thrive Brokerage House Pvt. Ltd,10,875.0,8750.0,2025-07-20T13:09:33.537244
2025-07-20,82963,2025072003021494,SINDU,Aryatara Investment & Securities,Nepal Investment And Securities Trading Private Limited,3,860.0,2580.0,2025-07-20T13:10:11.056318
2025-07-20,82901,2025072003021508,SINDU,Malla & Malla Stock Broking Company Pvt. Limited,J.F. Securites (PVT) Ltd.,10,876.0,8760.0,2025-07-20T13:10:15.55556
2025-07-20,82861,2025072003021522,SINDU,Neev Securities Pvt. Ltd.,Kumari Securities Private Limited,15,877.0,13155.0,2025-07-20T13:10:17.864981
2025-07-20,82860,2025072003021523,SINDU,Neev Securities Pvt. Ltd.,Sweta Securities Private Limited,30,877.0,26310.0,2025-07-20T13:10:17.86523
2025-07-20,82745,2025072003021549,SINDU,Aryatara Investment & Securities,Opal Securities Investment (PVT) Ltd.,5,860.0,4300.0,2025-07-20T13:10:28.322897
2025-07-20,82718,2025072003021554,SINDU,Neev Securities Pvt. Ltd.,Naasa Securities Co. Ltd.,55,877.0,48235.0,2025-07-20T13:10:30.945084
2025-07-20,82717,2025072003021555,SINDU,Malla & Malla Stock Broking Company Pvt. Limited,Naasa Securities Co. Ltd.,10,876.1,8761.0,2025-07-20T13:10:30.945314
2025-07-20,82466,2025072003021606,SINDU,Kalika Securities Pvt. Ltd.,Sri Hari Securities Pvt. Ltd.,50,875.0,43750.0,2025-07-20T13:10:53.434463
2025-07-20,82465,2025072003021607,SINDU,Naasa Securities Co. Ltd.,Sri Hari Securities Pvt. Ltd.,40,875.0,35000.0,2025-07-20T13:10:53.434955
2025-07-20,82413,2025072003021614,SINDU,Sani Securities Company Ltd.,Hatemalo Financial Services Private Limited,500,874.5,437250.0,2025-07-20T13:10:58.402085
2025-07-20,82412,2025072003021615,SINDU,Sani Securities Company Ltd.,Hatemalo Financial Services Private Limited,80,874.1,69928.0,2025-07-20T13:10:58.402135
2025-07-20,82411,2025072003021616,SINDU,Infinity Securities Limited,Hatemalo Financial Services Private Limited,50,873.3,43665.0,2025-07-20T13:10:58.40217
2025-07-20,82410,2025072003021617,SINDU,Online Securities Pvt. Ltd.,Hatemalo Financial Services Private Limited,100,873.3,87330.0,2025-07-20T13:10:58.402201
2025-07-20,82409,2025072003021618,SINDU,Sumeru Securities Pvt. Ltd.,Hatemalo Financial Services Private Limited,100,873.1,87310.0,2025-07-20T13:10:58.402226
2025-07-20,82408,2025072003021619,SINDU,Dynamic Money Managers Securities Pvt. Ltd.,Hatemalo Financial Services Private Limited,170,873.1,148427.0,2025-07-20T13:10:58.402252
2025-07-20,82338,2025072003021625,SINDU,Dynamic Money Managers Securities Pvt. Ltd.,Hatemalo Financial Services Private Limited,106,873.1,92548.6,2025-07-20T13:11:04.421846
2025-07-20,82337,2025072003021626,SINDU,Aryatara Investment & Securities,Hatemalo Financial Services Private Limited,100,872.5,87250.0,2025-07-20T13:11:04.422075
2025-07-20,82336,2025072003021627,SINDU,Sumeru Securities Pvt. Ltd.,Hatemalo Financial Services Private Limited,100,872.3,87230.0,2025-07-20T13:11:04.422105
2025-07-20,82335,2025072003021628,SINDU,Aryatara Investment & Securities,Hatemalo Financial Services Private Limited,100,872.1,87210.0,2025-07-20T13:11:04.422132
2025-07-20,82334,2025072003021629,SINDU,Capital Hub P. Ltd,Hatemalo Financial Services Private Limited,50,872.0,43600.0,2025-07-20T13:11:04.422157
2025-07-20,82333,2025072003021630,SINDU,Sumeru Securities Pvt. Ltd.,Hatemalo Financial Services Private Limited,10,871.9,8719.0,2025-07-20T13:11:04.422178
2025-07-20,82332,2025072003021631,SINDU,Arun Securities (PVT) Ltd.,Hatemalo Financial Services Private Limited,200,871.4,174280.0,2025-07-20T13:11:04.422206
2025-07-20,82331,2025072003021632,SINDU,Secured Securities Ltd.,Hatemalo Financial Services Private Limited,62,871.3,54020.6,2025-07-20T13:11:04.422233
2025-07-20,82330,2025072003021633,SINDU,Oxford Securities Pvt. Ltd.,Hatemalo Financial Services Private Limited,57,871.0,49647.0,2025-07-20T13:11:04.422258
2025-07-20,82329,2025072003021634,SINDU,Aryatara Investment & Securities,Hatemalo Financial Services Private Limited,100,870.5,87050.0,2025-07-20T13:11:04.422282
2025-07-20,82328,2025072003021635,SINDU,Aryatara Investment & Securities,Hatemalo Financial Services Private Limited,100,870.3,87030.0,2025-07-20T13:11:04.422307
2025-07-20,82327,2025072003021636,SINDU,Neev Securities Pvt. Ltd.,Hatemalo Financial Services Private Limited,15,870.0,13050.0,2025-07-20T13:11:04.422331
2025-07-20,82168,2025072003021664,SINDU,Neev Securities Pvt. Ltd.,Hatemalo Financial Services Private Limited,285,870.0,247950.0,2025-07-20T13:11:20.476789
2025-07-20,82167,2025072003021665,SINDU,Aryatara Investment & Securities,Hatemalo Financial Services Private Limited,100,870.0,87000.0,2025-07-20T13:11:20.476879
2025-07-20,82166,2025072003021666,SINDU,Imperial Securities Company Pvt. Ltd.,Hatemalo Financial Services Private Limited,50,870.0,43500.0,2025-07-20T13:11:20.476905
2025-07-20,82165,2025072003021667,SINDU,Vision Securities Pvt. Ltd,Hatemalo Financial Services Private Limited,100,870.0,87000.0,2025-07-20T13:11:20.476929
2025-07-20,82164,2025072003021668,SINDU,Asian Securities Private Ltd.,Hatemalo Financial Services Private Limited,100,870.0,87000.0,2025-07-20T13:11:20.476955
2025-07-20,81672,2025072003021773,SINDU,Neev Securities Pvt. Ltd.,Hatemalo Financial Services Private Limited,20,870.0,17400.0,2025-07-20T13:12:03.630739
2025-07-20,81499,2025072003021813,SINDU,Nagarik Stock Dealer ,Hatemalo Financial Services Private Limited,5000,870.0,4350000.0,2025-07-20T13:12:20.572785
2025-07-20,81444,2025072003021817,SINDU,Neev Securities Pvt. Ltd.,Dipshikha Dhitopatra Karobar Co. Pvt Ltd.,109,869.9,94819.1,2025-07-20T13:12:29.015375
2025-07-20,81247,2025072003021844,SINDU,Neev Securities Pvt. Ltd.,Cristal Kanchanjanga Securites Pvt. Ltd.,16,869.9,13918.4,2025-07-20T13:12:47.693665
2025-07-20,81237,2025072003021847,SINDU,Imperial Securities Company Pvt. Ltd.,Cristal Kanchanjanga Securites Pvt. Ltd.,10,869.0,8690.0,2025-07-20T13:12:49.270748
2025-07-20,81140,2025072003021886,SINDU,Capital Max Securities Ltd,Cristal Kanchanjanga Securites Pvt. Ltd.,50,869.0,43450.0,2025-07-20T13:12:54.576943
2025-07-20,81100,2025072003021894,SINDU,Nagarik Stock Dealer ,Hatemalo Financial Services Private Limited,200,870.0,174000.0,2025-07-20T13:12:57.711326
2025-07-20,80175,2025072003022142,SINDU,Imperial Securities Company Pvt. Ltd.,Cristal Kanchanjanga Securites Pvt. Ltd.,20,869.0,17380.0,2025-07-20T13:14:09.71651
2025-07-20,80024,2025072003022189,SINDU,Neev Securities Pvt. Ltd.,J.F. Securites (PVT) Ltd.,10,868.0,8680.0,2025-07-20T13:14:20.82289
2025-07-20,79893,2025072003022225,SINDU,Neev Securities Pvt. Ltd.,Sweta Securities Private Limited,50,868.0,43400.0,2025-07-20T13:14:28.54281
2025-07-20,79483,2025072003022341,SINDU,Nagarik Stock Dealer ,Cristal Kanchanjanga Securites Pvt. Ltd.,84,869.0,72996.0,2025-07-20T13:14:58.581279
2025-07-20,79482,2025072003022342,SINDU,Nagarik Stock Dealer ,Hatemalo Financial Services Private Limited,1616,870.0,1405920.0,2025-07-20T13:14:58.581542
2025-07-20,78801,2025072003022502,SINDU,Imperial Securities Company Pvt. Ltd.,Hatemalo Financial Services Private Limited,100,870.0,87000.0,2025-07-20T13:15:59.212722
2025-07-20,78681,2025072003022542,SINDU,Nagarik Stock Dealer ,Hatemalo Financial Services Private Limited,236,870.0,205320.0,2025-07-20T13:16:09.889343
2025-07-20,78348,2025072003022639,SINDU,Neev Securities Pvt. Ltd.,Sani Securities Company Ltd.,10,868.0,8680.0,2025-07-20T13:16:38.26421
2025-07-20,76445,2025072003023142,SINDU,Midas Stock Broking Company Private Limited,ABC Securities Private Limited,100,868.0,86800.0,2025-07-20T13:19:35.591468
2025-07-20,76169,2025072003023222,SINDU,Market Securities & Exchange (PVT) Ltd.,Sani Securities Company Ltd.,10,867.4,8674.0,2025-07-20T13:20:03.164643
2025-07-20,76168,2025072003023223,SINDU,Naasa Securities Co. Ltd.,Sani Securities Company Ltd.,370,867.4,320938.0,2025-07-20T13:20:03.165159
2025-07-20,73600,2025072003023822,SINDU,Aryatara Investment & Securities,Hatemalo Financial Services Private Limited,25,870.0,21750.0,2025-07-20T13:24:22.66928
2025-07-20,73283,2025072003023891,SINDU,Linch Stock Market Ltd.,Hatemalo Financial Services Private Limited,50,870.0,43500.0,2025-07-20T13:25:01.687611
2025-07-20,73271,2025072003023899,SINDU,Aryatara Investment & Securities,Hatemalo Financial Services Private Limited,25,870.0,21750.0,2025-07-20T13:25:02.770783
2025-07-20,72763,2025072003023995,SINDU,Aryatara Investment & Securities,Sani Securities Company Ltd.,25,868.0,21700.0,2025-07-20T13:25:53.865167
2025-07-20,72762,2025072003023996,SINDU,Naasa Securities Co. Ltd.,Sani Securities Company Ltd.,225,867.4,195165.0,2025-07-20T13:25:53.865705
2025-07-20,71308,2025072003024333,SINDU,Naasa Securities Co. Ltd.,Hatemalo Financial Services Private Limited,300,870.0,261000.0,2025-07-20T13:28:25.701276
2025-07-20,71230,2025072003024351,SINDU,Naasa Securities Co. Ltd.,Hatemalo Financial Services Private Limited,10,870.0,8700.0,2025-07-20T13:28:32.581812
2025-07-20,70920,2025072003024427,SINDU,Creative Securities Pvt Ltd,Siprabi Securities Pvt. Ltd.,118,868.0,102424.0,2025-07-20T13:29:10.285552
2025-07-20,70919,2025072003024428,SINDU,Vision Securities Pvt. Ltd,Siprabi Securities Pvt. Ltd.,100,867.5,86750.0,2025-07-20T13:29:10.285834
2025-07-20,70918,2025072003024429,SINDU,Naasa Securities Co. Ltd.,Siprabi Securities Pvt. Ltd.,405,867.5,351337.5,2025-07-20T13:29:10.285939
2025-07-20,70917,2025072003024430,SINDU,Investment Management Nepal Pvt. Ltd.,Siprabi Securities Pvt. Ltd.,200,867.5,173500.0,2025-07-20T13:29:10.286054
2025-07-20,70916,2025072003024431,SINDU,Online Securities Pvt. Ltd.,Siprabi Securities Pvt. Ltd.,610,867.5,529175.0,2025-07-20T13:29:10.286179
2025-07-20,70915,2025072003024432,SINDU,Linch Stock Market Ltd.,Siprabi Securities Pvt. Ltd.,142,867.3,123156.6,2025-07-20T13:29:10.286285
2025-07-20,70545,2025072003024510,SINDU,Creative Securities Pvt Ltd,Siprabi Securities Pvt. Ltd.,50,868.0,43400.0,2025-07-20T13:29:46.093241
2025-07-20,70544,2025072003024511,SINDU,Siprabi Securities Pvt. Ltd.,Siprabi Securities Pvt. Ltd.,100,867.7,86770.0,2025-07-20T13:29:46.093514
2025-07-20,70543,2025072003024512,SINDU,Linch Stock Market Ltd.,Siprabi Securities Pvt. Ltd.,308,867.3,267128.4,2025-07-20T13:29:46.093614
2025-07-20,70542,2025072003024513,SINDU,Sewa Securities Pvt. Ltd.,Siprabi Securities Pvt. Ltd.,42,867.3,36426.6,2025-07-20T13:29:46.093713
2025-07-20,70388,2025072003024530,SINDU,Capital Max Securities Ltd,Hatemalo Financial Services Private Limited,400,870.0,348000.0,2025-07-20T13:30:01.077562
2025-07-20,70253,2025072003024565,SINDU,Nepal Stock House (PVT) Ltd.,Hatemalo Financial Services Private Limited,250,870.0,217500.0,2025-07-20T13:30:17.080854
2025-07-20,69999,2025072003024612,SINDU,Nagarik Stock Dealer ,Hatemalo Financial Services Private Limited,468,870.0,407160.0,2025-07-20T13:30:47.165573
2025-07-20,69998,2025072003024613,SINDU,Nagarik Stock Dealer ,Dipshikha Dhitopatra Karobar Co. Pvt Ltd.,32,870.0,27840.0,2025-07-20T13:30:47.165824
2025-07-20,69788,2025072003024643,SINDU,Capital Max Securities Ltd,Dipshikha Dhitopatra Karobar Co. Pvt Ltd.,15,870.0,13050.0,2025-07-20T13:31:09.462711
2025-07-20,69304,2025072003024740,SINDU,Citizens Share Broker Limited,Dipshikha Dhitopatra Karobar Co. Pvt Ltd.,53,870.0,46110.0,2025-07-20T13:32:14.440207
2025-07-20,69303,2025072003024741,SINDU,Citizens Share Broker Limited,Vision Securities Pvt. Ltd,100,870.0,87000.0,2025-07-20T13:32:14.440487
2025-07-20,68414,2025072003024909,SINDU,Siprabi Securities Pvt. Ltd.,Hatemalo Financial Services Private Limited,48,870.2,41769.6,2025-07-20T13:34:07.177825
2025-07-20,68080,2025072003025012,SINDU,Naasa Securities Co. Ltd.,Agrawal Securities (PVT) Ltd.,10,874.0,8740.0,2025-07-20T13:34:44.807121
2025-07-20,68053,2025072003025022,SINDU,Siprabi Securities Pvt. Ltd.,Siprabi Securities Pvt. Ltd.,100,870.2,87020.0,2025-07-20T13:34:48.982581
2025-07-20,67997,2025072003025044,SINDU,Siprabi Securities Pvt. Ltd.,Aryatara Investment & Securities,27,870.2,23495.4,2025-07-20T13:34:54.980648
2025-07-20,67996,2025072003025045,SINDU,Citizens Share Broker Limited,Aryatara Investment & Securities,147,870.0,127890.0,2025-07-20T13:34:54.980876
2025-07-20,67995,2025072003025046,SINDU,Nepal Stock House (PVT) Ltd.,Aryatara Investment & Securities,200,870.0,174000.0,2025-07-20T13:34:54.980974
2025-07-20,67462,2025072003025196,SINDU,Kohinoor Investment & Securities Pvt. Ltd.,Aryatara Investment & Securities,100,870.0,87000.0,2025-07-20T13:36:11.508426
2025-07-20,67340,2025072003025218,SINDU,Bhrikuti Stock Broking Co. Pvt. Ltd.,Dakshinkali Investment & Securities Pvt. Ltd.,30,868.0,26040.0,2025-07-20T13:36:33.562001
2025-07-20,67339,2025072003025219,SINDU,Siprabi Securities Pvt. Ltd.,Dakshinkali Investment & Securities Pvt. Ltd.,100,867.5,86750.0,2025-07-20T13:36:33.562485
2025-07-20,67338,2025072003025220,SINDU,Siprabi Securities Pvt. Ltd.,Dakshinkali Investment & Securities Pvt. Ltd.,100,867.4,86740.0,2025-07-20T13:36:33.562819
2025-07-20,67337,2025072003025221,SINDU,Imperial Securities Company Pvt. Ltd.,Dakshinkali Investment & Securities Pvt. Ltd.,10,867.3,8673.0,2025-07-20T13:36:33.563167
2025-07-20,67336,2025072003025222,SINDU,Naasa Securities Co. Ltd.,Dakshinkali Investment & Securities Pvt. Ltd.,60,867.1,52026.0,2025-07-20T13:36:33.563452
2025-07-20,66958,2025072003025339,SINDU,Trisul Securities & Invt. Ltd.,Sani Securities Company Ltd.,25,868.0,21700.0,2025-07-20T13:37:25.581896
2025-07-20,66241,2025072003025497,SINDU,Nepal Stock House (PVT) Ltd.,Trisul Securities & Invt. Ltd.,50,868.0,43400.0,2025-07-20T13:39:11.685705
2025-07-20,65655,2025072003025666,SINDU,Nepal Stock House (PVT) Ltd.,Sharepro Securities Private Limited,150,868.0,130200.0,2025-07-20T13:40:21.000018
2025-07-20,65500,2025072003025755,SINDU,Vision Securities Pvt. Ltd,Sharepro Securities Private Limited,500,868.0,434000.0,2025-07-20T13:40:31.210915
2025-07-20,65454,2025072003025772,SINDU,Naasa Securities Co. Ltd.,Sharepro Securities Private Limited,100,868.0,86800.0,2025-07-20T13:40:38.408204
2025-07-20,65322,2025072003025834,SINDU,Siprabi Securities Pvt. Ltd.,Sharepro Securities Private Limited,31,868.0,26908.0,2025-07-20T13:40:53.773414
2025-07-20,65321,2025072003025835,SINDU,Siprabi Securities Pvt. Ltd.,Aryatara Investment & Securities,669,868.0,580692.0,2025-07-20T13:40:53.773677
2025-07-20,65102,2025072003025885,SINDU,Siprabi Securities Pvt. Ltd.,Online Securities Pvt. Ltd.,15,867.6,13014.0,2025-07-20T13:41:22.131184
2025-07-20,64831,2025072003025942,SINDU,Trisul Securities & Invt. Ltd.,Aryatara Investment & Securities,27,867.5,23422.5,2025-07-20T13:41:59.662349
2025-07-20,64318,2025072003026054,SINDU,Aryatara Investment & Securities,Dipshikha Dhitopatra Karobar Co. Pvt Ltd.,10,870.0,8700.0,2025-07-20T13:43:04.634907
2025-07-20,64317,2025072003026055,SINDU,Aryatara Investment & Securities,J.F. Securites (PVT) Ltd.,130,870.0,113100.0,2025-07-20T13:43:04.635171
2025-07-20,64059,2025072003026118,SINDU,Siprabi Securities Pvt. Ltd.,Agrawal Securities (PVT) Ltd.,85,871.0,74035.0,2025-07-20T13:43:35.362788
2025-07-20,63517,2025072003026280,SINDU,Siprabi Securities Pvt. Ltd.,Agrawal Securities (PVT) Ltd.,100,871.0,87100.0,2025-07-20T13:44:40.686951
2025-07-20,63220,2025072003026338,SINDU,Sewa Securities Pvt. Ltd.,Agrawal Securities (PVT) Ltd.,11,871.0,9581.0,2025-07-20T13:45:17.276211
2025-07-20,63219,2025072003026339,SINDU,Dynamic Money Managers Securities Pvt. Ltd.,Agrawal Securities (PVT) Ltd.,4,871.0,3484.0,2025-07-20T13:45:17.276405
2025-07-20,63020,2025072003026414,SINDU,Siprabi Securities Pvt. Ltd.,Oxford Securities Pvt. Ltd.,10,871.0,8710.0,2025-07-20T13:45:36.8424
2025-07-20,62549,2025072003026528,SINDU,Swarna Laxmi Securities Pvt. Ltd.,Online Securities Pvt. Ltd.,20,873.0,17460.0,2025-07-20T13:46:28.269373
2025-07-20,62350,2025072003026567,SINDU,Swarna Laxmi Securities Pvt. Ltd.,Nepal Stock House (PVT) Ltd.,80,873.0,69840.0,2025-07-20T13:46:50.834779
2025-07-20,62349,2025072003026568,SINDU,Online Securities Pvt. Ltd.,Nepal Stock House (PVT) Ltd.,70,873.0,61110.0,2025-07-20T13:46:50.83526
2025-07-20,62246,2025072003026582,SINDU,Online Securities Pvt. Ltd.,Oxford Securities Pvt. Ltd.,15,873.0,13095.0,2025-07-20T13:47:03.829819
2025-07-20,62142,2025072003026616,SINDU,Siprabi Securities Pvt. Ltd.,Agrawal Securities (PVT) Ltd.,31,874.0,27094.0,2025-07-20T13:47:19.23792
2025-07-20,61784,2025072003026744,SINDU,Siprabi Securities Pvt. Ltd.,Arun Securities (PVT) Ltd.,19,875.0,16625.0,2025-07-20T13:48:04.234944
2025-07-20,61355,2025072003026919,SINDU,Online Securities Pvt. Ltd.,Arun Securities (PVT) Ltd.,100,875.0,87500.0,2025-07-20T13:48:44.978957
2025-07-20,61135,2025072003026983,SINDU,Online Securities Pvt. Ltd.,Kohinoor Investment & Securities Pvt. Ltd.,15,873.0,13095.0,2025-07-20T13:49:15.044688
2025-07-20,60074,2025072003027212,SINDU,Primo Securities (PVT) Ltd.,Nepal Stock House (PVT) Ltd.,100,873.0,87300.0,2025-07-20T13:51:21.149302
2025-07-20,59961,2025072003027233,SINDU,Siprabi Securities Pvt. Ltd.,Cristal Kanchanjanga Securites Pvt. Ltd.,100,871.1,87110.0,2025-07-20T13:51:34.773002
2025-07-20,59767,2025072003027264,SINDU,Siprabi Securities Pvt. Ltd.,Sumeru Securities Pvt. Ltd.,500,872.0,436000.0,2025-07-20T13:51:56.862263
2025-07-20,59204,2025072003027371,SINDU,Sumeru Securities Pvt. Ltd.,Sani Securities Company Ltd.,91,873.0,79443.0,2025-07-20T13:52:45.165856
2025-07-20,57923,2025072003027693,SINDU,Siprabi Securities Pvt. Ltd.,Arun Securities (PVT) Ltd.,90,875.0,78750.0,2025-07-20T13:55:11.35259
2025-07-20,57394,2025072003027806,SINDU,Trishakti Securities Public Limited,Arun Securities (PVT) Ltd.,290,875.0,253750.0,2025-07-20T13:56:11.65738
2025-07-20,57202,2025072003027859,SINDU,Sumeru Securities Pvt. Ltd.,Pragyan Securities (PVT) Ltd.,31,876.9,27183.9,2025-07-20T13:56:32.853098
2025-07-20,57093,2025072003027884,SINDU,Sumeru Securities Pvt. Ltd.,Thrive Brokerage House Pvt. Ltd,10,877.7,8777.0,2025-07-20T13:56:46.956924
2025-07-20,56462,2025072003027999,SINDU,K.B.L. Securities Limited ,Nepal Stock House (PVT) Ltd.,150,877.0,131550.0,2025-07-20T13:57:37.148652
2025-07-20,56461,2025072003028000,SINDU,K.B.L. Securities Limited ,Aryatara Investment & Securities,350,877.8,307230.0,2025-07-20T13:57:37.149142
2025-07-20,55961,2025072003028071,SINDU,K.B.L. Securities Limited ,Sanima Securities Limited,500,877.0,438500.0,2025-07-20T13:58:25.340375
2025-07-20,55425,2025072003028178,SINDU,K.B.L. Securities Limited ,Hatemalo Financial Services Private Limited,280,877.5,245700.0,2025-07-20T13:59:33.616188
2025-07-20,55424,2025072003028179,SINDU,K.B.L. Securities Limited ,Aryatara Investment & Securities,220,877.8,193116.0,2025-07-20T13:59:33.616696
2025-07-20,55038,2025072003028291,SINDU,K.B.L. Securities Limited ,Aryatara Investment & Securities,130,877.8,114114.0,2025-07-20T14:00:13.740013
2025-07-20,55037,2025072003028292,SINDU,K.B.L. Securities Limited ,Online Securities Pvt. Ltd.,209,877.8,183460.2,2025-07-20T14:00:13.74051
2025-07-20,55036,2025072003028293,SINDU,K.B.L. Securities Limited ,Imperial Securities Company Pvt. Ltd.,161,877.9,141341.9,2025-07-20T14:00:13.740854
2025-07-20,54721,2025072003028349,SINDU,Sumeru Securities Pvt. Ltd.,Naasa Securities Co. Ltd.,100,872.0,87200.0,2025-07-20T14:00:50.252535
2025-07-20,54390,2025072003028395,SINDU,ABC Securities Private Limited,Naasa Securities Co. Ltd.,35,871.3,30495.5,2025-07-20T14:01:30.069986
2025-07-20,53985,2025072003028468,SINDU,Vision Securities Pvt. Ltd,Siprabi Securities Pvt. Ltd.,200,872.0,174400.0,2025-07-20T14:02:20.287159
2025-07-20,53967,2025072003028472,SINDU,Sumeru Securities Pvt. Ltd.,J.F. Securites (PVT) Ltd.,16,877.6,14041.6,2025-07-20T14:02:23.290237
2025-07-20,53886,2025072003028482,SINDU,Vision Securities Pvt. Ltd,Aryatara Investment & Securities,30,872.0,26160.0,2025-07-20T14:02:34.483279
2025-07-20,52298,2025072003028802,SINDU,Premier Securities Company Ltd.,Aryatara Investment & Securities,20,871.2,17424.0,2025-07-20T14:05:01.103373
2025-07-20,51583,2025072003028956,SINDU,K.B.L. Securities Limited ,KALASH STOCK MARKET PVT. LTD.,50,872.0,43600.0,2025-07-20T14:06:12.317671
2025-07-20,51002,2025072003029094,SINDU,Sumeru Securities Pvt. Ltd.,Himalayan Brokerage Company Limited,11,874.9,9623.9,2025-07-20T14:07:05.282293
2025-07-20,50908,2025072003029112,SINDU,Sumeru Securities Pvt. Ltd.,J.F. Securites (PVT) Ltd.,11,875.0,9625.0,2025-07-20T14:07:14.745497
2025-07-20,50308,2025072003029224,SINDU,Sumeru Securities Pvt. Ltd.,Naasa Securities Co. Ltd.,10,873.0,8730.0,2025-07-20T14:08:01.078553
2025-07-20,50307,2025072003029225,SINDU,K.B.L. Securities Limited ,Naasa Securities Co. Ltd.,50,872.0,43600.0,2025-07-20T14:08:01.078863
2025-07-20,50306,2025072003029226,SINDU,Sumeru Securities Pvt. Ltd.,J.F. Securites (PVT) Ltd.,10,875.0,8750.0,2025-07-20T14:08:01.32427
2025-07-20,50270,2025072003029236,SINDU,Sumeru Securities Pvt. Ltd.,Himalayan Brokerage Company Limited,10,875.9,8759.0,2025-07-20T14:08:06.537053
2025-07-20,48934,2025072003029662,SINDU,Naasa Securities Co. Ltd.,Vision Securities Pvt. Ltd,200,874.0,174800.0,2025-07-20T14:10:13.200443
2025-07-20,48772,2025072003029697,SINDU,Investment Management Nepal Pvt. Ltd.,Vision Securities Pvt. Ltd,100,872.2,87220.0,2025-07-20T14:10:24.761442
2025-07-20,48469,2025072003029747,SINDU,Investment Management Nepal Pvt. Ltd.,Sri Hari Securities Pvt. Ltd.,75,872.2,65415.0,2025-07-20T14:10:54.953451
2025-07-20,48262,2025072003029792,SINDU,K.B.L. Securities Limited ,Himalayan Brokerage Company Limited,19,872.0,16568.0,2025-07-20T14:11:13.592482
2025-07-20,48176,2025072003029804,SINDU,K.B.L. Securities Limited ,Online Securities Pvt. Ltd.,304,872.0,265088.0,2025-07-20T14:11:21.506257
2025-07-20,48051,2025072003029827,SINDU,K.B.L. Securities Limited ,Midas Stock Broking Company Private Limited,77,872.0,67144.0,2025-07-20T14:11:34.125816
2025-07-20,48050,2025072003029828,SINDU,Sumeru Securities Pvt. Ltd.,Midas Stock Broking Company Private Limited,50,872.0,43600.0,2025-07-20T14:11:34.126261
2025-07-20,48049,2025072003029829,SINDU,Nepal Investment And Securities Trading Private Limited,Midas Stock Broking Company Private Limited,123,872.0,107256.0,2025-07-20T14:11:34.126545
2025-07-20,47988,2025072003029837,SINDU,Nepal Investment And Securities Trading Private Limited,Siprabi Securities Pvt. Ltd.,27,872.0,23544.0,2025-07-20T14:11:41.835285
2025-07-20,47534,2025072003029949,SINDU,Premier Securities Company Ltd.,Naasa Securities Co. Ltd.,10,871.2,8712.0,2025-07-20T14:12:16.285146
2025-07-20,47533,2025072003029950,SINDU,Dipshikha Dhitopatra Karobar Co. Pvt Ltd.,Naasa Securities Co. Ltd.,100,871.0,87100.0,2025-07-20T14:12:16.285747
2025-07-20,47532,2025072003029951,SINDU,J.F. Securites (PVT) Ltd.,Naasa Securities Co. Ltd.,40,871.0,34840.0,2025-07-20T14:12:16.286295
2025-07-20,47182,2025072003030001,SINDU,J.F. Securites (PVT) Ltd.,Siprabi Securities Pvt. Ltd.,200,871.0,174200.0,2025-07-20T14:12:46.013953
2025-07-20,47131,2025072003030025,SINDU,Imperial Securities Company Pvt. Ltd.,Premier Securities Company Ltd.,320,873.9,279648.0,2025-07-20T14:12:53.055111
2025-07-20,47087,2025072003030039,SINDU,J.F. Securites (PVT) Ltd.,Secured Securities Ltd.,60,871.0,52260.0,2025-07-20T14:12:57.740957
2025-07-20,47086,2025072003030040,SINDU,Midas Stock Broking Company Private Limited,Secured Securities Ltd.,90,871.0,78390.0,2025-07-20T14:12:57.741177
2025-07-20,46688,2025072003030108,SINDU,Midas Stock Broking Company Private Limited,Nepal Stock House (PVT) Ltd.,10,871.0,8710.0,2025-07-20T14:13:39.928507
2025-07-20,46020,2025072003030223,SINDU,Citizens Share Broker Limited,Vision Securities Pvt. Ltd,30,870.3,26109.0,2025-07-20T14:14:30.891626
2025-07-20,45950,2025072003030243,SINDU,Citizens Share Broker Limited,Neev Securities Pvt. Ltd.,110,870.3,95733.0,2025-07-20T14:14:39.05402
2025-07-20,45942,2025072003030244,SINDU,Naasa Securities Co. Ltd.,Nepal Stock House (PVT) Ltd.,17,871.0,14807.0,2025-07-20T14:14:39.588409
2025-07-20,45907,2025072003030253,SINDU,Citizens Share Broker Limited,Roadshow securities limited,80,870.3,69624.0,2025-07-20T14:14:42.715878
2025-07-20,45906,2025072003030254,SINDU,Aryatara Investment & Securities,Roadshow securities limited,500,870.0,435000.0,2025-07-20T14:14:42.71599
2025-07-20,45905,2025072003030255,SINDU,Aryatara Investment & Securities,Roadshow securities limited,55,870.0,47850.0,2025-07-20T14:14:42.716087
2025-07-20,45904,2025072003030256,SINDU,Imperial Securities Company Pvt. Ltd.,Roadshow securities limited,20,870.0,17400.0,2025-07-20T14:14:42.71616
2025-07-20,45903,2025072003030257,SINDU,Siprabi Securities Pvt. Ltd.,Roadshow securities limited,115,869.0,99935.0,2025-07-20T14:14:42.716235
2025-07-20,45902,2025072003030258,SINDU,Trisul Securities & Invt. Ltd.,Roadshow securities limited,73,867.5,63327.5,2025-07-20T14:14:42.716311
2025-07-20,45901,2025072003030259,SINDU,Naasa Securities Co. Ltd.,Roadshow securities limited,40,867.1,34684.0,2025-07-20T14:14:42.716417
2025-07-20,45900,2025072003030260,SINDU,Linch Stock Market Ltd.,Roadshow securities limited,161,867.1,139603.1,2025-07-20T14:14:42.716494
2025-07-20,45899,2025072003030261,SINDU,Malla & Malla Stock Broking Company Pvt. Limited,Roadshow securities limited,56,867.0,48552.0,2025-07-20T14:14:42.71659
2025-07-20,44633,2025072003030601,SINDU,Vision Securities Pvt. Ltd,Neev Securities Pvt. Ltd.,16,868.0,13888.0,2025-07-20T14:16:56.354288
2025-07-20,44456,2025072003030634,SINDU,Vision Securities Pvt. Ltd,Nepal Investment And Securities Trading Private Limited,184,868.0,159712.0,2025-07-20T14:17:17.484728
2025-07-20,44455,2025072003030635,SINDU,Malla & Malla Stock Broking Company Pvt. Limited,Nepal Investment And Securities Trading Private Limited,316,867.0,273972.0,2025-07-20T14:17:17.484992
2025-07-20,43403,2025072003030878,SINDU,Deevyaa Securities & Stock House Pvt. Ltd,Sani Securities Company Ltd.,100,868.0,86800.0,2025-07-20T14:19:23.039244
2025-07-20,42810,2025072003031024,SINDU,Aryatara Investment & Securities,Agrawal Securities (PVT) Ltd.,11,867.1,9538.1,2025-07-20T14:20:36.61793
2025-07-20,42809,2025072003031025,SINDU,Malla & Malla Stock Broking Company Pvt. Limited,Agrawal Securities (PVT) Ltd.,39,867.0,33813.0,2025-07-20T14:20:36.618452
2025-07-20,41726,2025072003031233,SINDU,Malla & Malla Stock Broking Company Pvt. Limited,Sumeru Securities Pvt. Ltd.,15,867.0,13005.0,2025-07-20T14:22:28.639203
2025-07-20,41571,2025072003031293,SINDU,Malla & Malla Stock Broking Company Pvt. Limited,Naasa Securities Co. Ltd.,18,867.0,15606.0,2025-07-20T14:22:49.293709
2025-07-20,40639,2025072003031496,SINDU,Vision Securities Pvt. Ltd,Sumeru Securities Pvt. Ltd.,30,867.1,26013.0,2025-07-20T14:24:26.199279
2025-07-20,38159,2025072003032167,SINDU,Vision Securities Pvt. Ltd,ABC Securities Private Limited,70,867.1,60697.0,2025-07-20T14:27:28.337528
2025-07-20,38158,2025072003032168,SINDU,Premier Securities Company Ltd.,ABC Securities Private Limited,25,867.1,21677.5,2025-07-20T14:27:28.337797
2025-07-20,36725,2025072003032500,SINDU,Malla & Malla Stock Broking Company Pvt. Limited,Naasa Securities Co. Ltd.,56,867.0,48552.0,2025-07-20T14:29:16.131644
2025-07-20,36724,2025072003032501,SINDU,Premier Securities Company Ltd.,Naasa Securities Co. Ltd.,100,867.0,86700.0,2025-07-20T14:29:16.132171
2025-07-20,36723,2025072003032502,SINDU,Siprabi Securities Pvt. Ltd.,Naasa Securities Co. Ltd.,50,867.0,43350.0,2025-07-20T14:29:16.132478
2025-07-20,36722,2025072003032503,SINDU,Naasa Securities Co. Ltd.,Naasa Securities Co. Ltd.,186,867.0,161262.0,2025-07-20T14:29:16.132776
2025-07-20,36721,2025072003032504,SINDU,Dynamic Money Managers Securities Pvt. Ltd.,Naasa Securities Co. Ltd.,108,867.0,93636.0,2025-07-20T14:29:16.133082
2025-07-20,36288,2025072003032600,SINDU,Dynamic Money Managers Securities Pvt. Ltd.,Dynamic Money Managers Securities Pvt. Ltd.,122,867.0,105774.0,2025-07-20T14:29:51.397907
2025-07-20,36287,2025072003032601,SINDU,J.F. Securites (PVT) Ltd.,Dynamic Money Managers Securities Pvt. Ltd.,30,867.0,26010.0,2025-07-20T14:29:51.398174
2025-07-20,36286,2025072003032602,SINDU,J.F. Securites (PVT) Ltd.,Dynamic Money Managers Securities Pvt. Ltd.,48,866.4,41587.2,2025-07-20T14:29:51.398282
2025-07-20,35829,2025072003032699,SINDU,J.F. Securites (PVT) Ltd.,Aryatara Investment & Securities,152,866.4,131692.8,2025-07-20T14:30:23.613614
2025-07-20,35828,2025072003032700,SINDU,Malla & Malla Stock Broking Company Pvt. Limited,Aryatara Investment & Securities,148,866.3,128212.4,2025-07-20T14:30:23.614213
2025-07-20,33237,2025072003033333,SINDU,Malla & Malla Stock Broking Company Pvt. Limited,Dipshikha Dhitopatra Karobar Co. Pvt Ltd.,100,866.3,86630.0,2025-07-20T14:33:06.163802
2025-07-20,32927,2025072003033388,SINDU,Malla & Malla Stock Broking Company Pvt. Limited,Sewa Securities Pvt. Ltd.,10,866.3,8663.0,2025-07-20T14:33:31.098878
2025-07-20,32783,2025072003033431,SINDU,Malla & Malla Stock Broking Company Pvt. Limited,Dipshikha Dhitopatra Karobar Co. Pvt Ltd.,150,866.3,129945.0,2025-07-20T14:33:41.707799
2025-07-20,32738,2025072003033440,SINDU,Malla & Malla Stock Broking Company Pvt. Limited,Dipshikha Dhitopatra Karobar Co. Pvt Ltd.,92,866.3,79699.6,2025-07-20T14:33:45.783006
2025-07-20,32521,2025072003033468,SINDU,Aryatara Investment & Securities,Trisul Securities & Invt. Ltd.,10,866.2,8662.0,2025-07-20T14:33:59.943644
2025-07-20,32260,2025072003033535,SINDU,Aryatara Investment & Securities,Naasa Securities Co. Ltd.,90,866.2,77958.0,2025-07-20T14:34:18.915542
2025-07-20,32259,2025072003033536,SINDU,Bhrikuti Stock Broking Co. Pvt. Ltd.,Naasa Securities Co. Ltd.,17,866.1,14723.7,2025-07-20T14:34:18.91581
2025-07-20,32258,2025072003033537,SINDU,Aryatara Investment & Securities,Naasa Securities Co. Ltd.,74,866.0,64084.0,2025-07-20T14:34:18.915915
2025-07-20,31327,2025072003033805,SINDU,Aryatara Investment & Securities,Sundhara Securities Limited,70,866.0,60620.0,2025-07-20T14:35:28.171185
2025-07-20,31124,2025072003033832,SINDU,Aryatara Investment & Securities,Naasa Securities Co. Ltd.,356,866.0,308296.0,2025-07-20T14:35:37.973303
2025-07-20,31123,2025072003033833,SINDU,Aryatara Investment & Securities,Naasa Securities Co. Ltd.,44,866.0,38104.0,2025-07-20T14:35:37.973524
2025-07-20,30043,2025072003034072,SINDU,Aryatara Investment & Securities,Dipshikha Dhitopatra Karobar Co. Pvt Ltd.,56,866.0,48496.0,2025-07-20T14:36:46.090806
2025-07-20,29729,2025072003034146,SINDU,Sumeru Securities Pvt. Ltd.,Trishakti Securities Public Limited,10,865.3,8653.0,2025-07-20T14:37:04.508538
2025-07-20,29728,2025072003034147,SINDU,Sumeru Securities Pvt. Ltd.,Trishakti Securities Public Limited,10,865.1,8651.0,2025-07-20T14:37:04.508814
2025-07-20,29727,2025072003034148,SINDU,Nepal Stock House (PVT) Ltd.,Trishakti Securities Public Limited,30,865.0,25950.0,2025-07-20T14:37:04.508925
2025-07-20,29726,2025072003034149,SINDU,Shree Krishna Securities Ltd.,Trishakti Securities Public Limited,50,865.0,43250.0,2025-07-20T14:37:04.50904
2025-07-20,29725,2025072003034150,SINDU,Agrawal Securities (PVT) Ltd.,Trishakti Securities Public Limited,100,865.0,86500.0,2025-07-20T14:37:04.50915
2025-07-20,29724,2025072003034151,SINDU,Malla & Malla Stock Broking Company Pvt. Limited,Trishakti Securities Public Limited,300,865.0,259500.0,2025-07-20T14:37:04.509249
2025-07-20,29602,2025072003034178,SINDU,Malla & Malla Stock Broking Company Pvt. Limited,Dipshikha Dhitopatra Karobar Co. Pvt Ltd.,94,865.0,81310.0,2025-07-20T14:37:14.549351
2025-07-20,28841,2025072003034382,SINDU,Malla & Malla Stock Broking Company Pvt. Limited,Vision Securities Pvt. Ltd,50,865.0,43250.0,2025-07-20T14:38:02.464139
2025-07-20,28767,2025072003034396,SINDU,Malla & Malla Stock Broking Company Pvt. Limited,Premier Securities Company Ltd.,111,865.0,96015.0,2025-07-20T14:38:07.710752
2025-07-20,28766,2025072003034397,SINDU,Imperial Securities Company Pvt. Ltd.,Premier Securities Company Ltd.,200,865.0,173000.0,2025-07-20T14:38:07.71102
2025-07-20,28765,2025072003034398,SINDU,Citizens Share Broker Limited,Premier Securities Company Ltd.,11,865.0,9515.0,2025-07-20T14:38:07.711147
2025-07-20,28764,2025072003034399,SINDU,Aryatara Investment & Securities,Premier Securities Company Ltd.,100,865.0,86500.0,2025-07-20T14:38:07.711256
2025-07-20,28763,2025072003034400,SINDU,Premier Securities Company Ltd.,Premier Securities Company Ltd.,50,865.0,43250.0,2025-07-20T14:38:07.711355
2025-07-20,28762,2025072003034401,SINDU,ABC Securities Private Limited,Premier Securities Company Ltd.,32,865.0,27680.0,2025-07-20T14:38:07.71145
2025-07-20,28761,2025072003034402,SINDU,Aryatara Investment & Securities,Premier Securities Company Ltd.,15,865.0,12975.0,2025-07-20T14:38:07.711546
2025-07-20,28760,2025072003034403,SINDU,Sani Securities Company Ltd.,Premier Securities Company Ltd.,10,865.0,8650.0,2025-07-20T14:38:07.711652
2025-07-20,28759,2025072003034404,SINDU,Primo Securities (PVT) Ltd.,Premier Securities Company Ltd.,500,865.0,432500.0,2025-07-20T14:38:07.711769
2025-07-20,28758,2025072003034405,SINDU,Naasa Securities Co. Ltd.,Premier Securities Company Ltd.,100,865.0,86500.0,2025-07-20T14:38:07.711862
2025-07-20,28757,2025072003034406,SINDU,Sewa Securities Pvt. Ltd.,Premier Securities Company Ltd.,51,865.0,44115.0,2025-07-20T14:38:07.711957
2025-07-20,28620,2025072003034442,SINDU,Sewa Securities Pvt. Ltd.,Trishakti Securities Public Limited,349,865.0,301885.0,2025-07-20T14:38:16.600398
2025-07-20,28619,2025072003034443,SINDU,Dynamic Money Managers Securities Pvt. Ltd.,Trishakti Securities Public Limited,100,865.0,86500.0,2025-07-20T14:38:16.600624
2025-07-20,28618,2025072003034444,SINDU,Bhrikuti Stock Broking Co. Pvt. Ltd.,Trishakti Securities Public Limited,10,865.0,8650.0,2025-07-20T14:38:16.600719
2025-07-20,27190,2025072003034742,SINDU,Dipshikha Dhitopatra Karobar Co. Pvt Ltd.,Sumeru Securities Pvt. Ltd.,80,864.0,69120.0,2025-07-20T14:39:45.06031
2025-07-20,27189,2025072003034743,SINDU,Imperial Securities Company Pvt. Ltd.,Sumeru Securities Pvt. Ltd.,65,864.0,56160.0,2025-07-20T14:39:45.060717
2025-07-20,25981,2025072003035025,SINDU,Vision Securities Pvt. Ltd,Aryatara Investment & Securities,30,863.1,25893.0,2025-07-20T14:40:52.988265
2025-07-20,25980,2025072003035026,SINDU,J.F. Securites (PVT) Ltd.,Aryatara Investment & Securities,307,863.0,264941.0,2025-07-20T14:40:52.988508
2025-07-20,25743,2025072003035086,SINDU,J.F. Securites (PVT) Ltd.,Sipla Securities Private Limited,193,863.0,166559.0,2025-07-20T14:41:05.186967
2025-07-20,23772,2025072003035546,SINDU,Neev Securities Pvt. Ltd.,Cristal Kanchanjanga Securites Pvt. Ltd.,200,864.0,172800.0,2025-07-20T14:42:56.060053
2025-07-20,23279,2025072003035695,SINDU,Dynamic Money Managers Securities Pvt. Ltd.,Trishakti Securities Public Limited,41,865.0,35465.0,2025-07-20T14:43:27.406203
2025-07-20,22829,2025072003035792,SINDU,Hatemalo Financial Services Private Limited,Sweta Securities Private Limited,30,866.5,25995.0,2025-07-20T14:43:52.621388
2025-07-20,22810,2025072003035796,SINDU,Dynamic Money Managers Securities Pvt. Ltd.,Cristal Kanchanjanga Securites Pvt. Ltd.,59,865.0,51035.0,2025-07-20T14:43:53.882013
2025-07-20,22694,2025072003035827,SINDU,Stoxkarts Securities Limited,Cristal Kanchanjanga Securites Pvt. Ltd.,39,865.0,33735.0,2025-07-20T14:44:01.075455
2025-07-20,21527,2025072003036135,SINDU,Midas Stock Broking Company Private Limited,Cristal Kanchanjanga Securites Pvt. Ltd.,102,865.0,88230.0,2025-07-20T14:45:09.025571
2025-07-20,20560,2025072003036370,SINDU,Hatemalo Financial Services Private Limited,Siprabi Securities Pvt. Ltd.,10,869.9,8699.0,2025-07-20T14:45:58.136784
2025-07-20,20528,2025072003036379,SINDU,Siprabi Securities Pvt. Ltd.,Siprabi Securities Pvt. Ltd.,10,869.9,8699.0,2025-07-20T14:45:59.829181
2025-07-20,19442,2025072003036595,SINDU,Online Securities Pvt. Ltd.,Midas Stock Broking Company Private Limited,11,868.0,9548.0,2025-07-20T14:46:56.843558
2025-07-20,18898,2025072003036728,SINDU,Hatemalo Financial Services Private Limited,Oxford Securities Pvt. Ltd.,10,869.0,8690.0,2025-07-20T14:47:24.46931
2025-07-20,18594,2025072003036800,SINDU,Vision Securities Pvt. Ltd,Sundhara Securities Limited,50,865.0,43250.0,2025-07-20T14:47:39.877929
2025-07-20,18465,2025072003036830,SINDU,Hatemalo Financial Services Private Limited,Oxford Securities Pvt. Ltd.,10,869.0,8690.0,2025-07-20T14:47:47.561776
2025-07-20,16047,2025072003037455,SINDU,Sundhara Securities Limited,Midas Stock Broking Company Private Limited,30,867.0,26010.0,2025-07-20T14:49:45.256107
2025-07-20,15249,2025072003037653,SINDU,Sani Securities Company Ltd.,Midas Stock Broking Company Private Limited,70,865.1,60557.0,2025-07-20T14:50:19.719072
2025-07-20,15248,2025072003037654,SINDU,Vision Securities Pvt. Ltd,Midas Stock Broking Company Private Limited,50,865.0,43250.0,2025-07-20T14:50:19.719319
2025-07-20,15247,2025072003037655,SINDU,ABC Securities Private Limited,Midas Stock Broking Company Private Limited,400,865.0,346000.0,2025-07-20T14:50:19.719421
2025-07-20,15246,2025072003037656,SINDU,Nepal Stock House (PVT) Ltd.,Midas Stock Broking Company Private Limited,60,865.0,51900.0,2025-07-20T14:50:19.719517
2025-07-20,15245,2025072003037657,SINDU,Dynamic Money Managers Securities Pvt. Ltd.,Midas Stock Broking Company Private Limited,179,865.0,154835.0,2025-07-20T14:50:19.719616
2025-07-20,15009,2025072003037725,SINDU,Dynamic Money Managers Securities Pvt. Ltd.,Naasa Securities Co. Ltd.,51,865.0,44115.0,2025-07-20T14:50:31.317547
2025-07-20,15008,2025072003037726,SINDU,Online Securities Pvt. Ltd.,Naasa Securities Co. Ltd.,249,865.0,215385.0,2025-07-20T14:50:31.317802
2025-07-20,14529,2025072003037837,SINDU,Aryatara Investment & Securities,Online Securities Pvt. Ltd.,2,851.0,1702.0,2025-07-20T14:50:58.09531
2025-07-20,14490,2025072003037844,SINDU,Premier Securities Company Ltd.,Oxford Securities Pvt. Ltd.,25,865.5,21637.5,2025-07-20T14:50:59.482595
2025-07-20,12717,2025072003038319,SINDU,Premier Securities Company Ltd.,Imperial Securities Company Pvt. Ltd.,10,866.0,8660.0,2025-07-20T14:52:21.465979
2025-07-20,11508,2025072003038579,SINDU,Premier Securities Company Ltd.,Nepal Investment And Securities Trading Private Limited,25,866.0,21650.0,2025-07-20T14:53:15.696159
2025-07-20,10542,2025072003038781,SINDU,Online Securities Pvt. Ltd.,Naasa Securities Co. Ltd.,20,865.5,17310.0,2025-07-20T14:53:58.97123
2025-07-20,10227,2025072003038848,SINDU,Premier Securities Company Ltd.,Nepal Investment And Securities Trading Private Limited,30,865.0,25950.0,2025-07-20T14:54:14.621706
2025-07-20,9412,2025072003039038,SINDU,Ashutosh Brokerage & Securities (PVT) Ltd.,Malla & Malla Stock Broking Company Pvt. Limited,550,865.2,475860.0,2025-07-20T14:54:52.609399
2025-07-20,9411,2025072003039039,SINDU,Premier Securities Company Ltd.,Malla & Malla Stock Broking Company Pvt. Limited,70,865.0,60550.0,2025-07-20T14:54:52.609892
2025-07-20,9410,2025072003039040,SINDU,Premier Securities Company Ltd.,Malla & Malla Stock Broking Company Pvt. Limited,100,865.0,86500.0,2025-07-20T14:54:52.610217
2025-07-20,9409,2025072003039041,SINDU,Naasa Securities Co. Ltd.,Malla & Malla Stock Broking Company Pvt. Limited,60,865.0,51900.0,2025-07-20T14:54:52.610516
2025-07-20,9408,2025072003039042,SINDU,Kohinoor Investment & Securities Pvt. Ltd.,Malla & Malla Stock Broking Company Pvt. Limited,150,865.0,129750.0,2025-07-20T14:54:52.610813
2025-07-20,9407,2025072003039043,SINDU,Kohinoor Investment & Securities Pvt. Ltd.,Malla & Malla Stock Broking Company Pvt. Limited,90,865.0,77850.0,2025-07-20T14:54:52.611114
2025-07-20,9406,2025072003039044,SINDU,Sweta Securities Private Limited,Malla & Malla Stock Broking Company Pvt. Limited,45,865.0,38925.0,2025-07-20T14:54:52.611407
2025-07-20,9405,2025072003039045,SINDU,Sani Securities Company Ltd.,Malla & Malla Stock Broking Company Pvt. Limited,60,864.2,51852.0,2025-07-20T14:54:52.611695
2025-07-20,9404,2025072003039046,SINDU,Trishakti Securities Public Limited,Malla & Malla Stock Broking Company Pvt. Limited,500,864.1,432050.0,2025-07-20T14:54:52.611988
2025-07-20,9403,2025072003039047,SINDU,Hatemalo Financial Services Private Limited,Malla & Malla Stock Broking Company Pvt. Limited,472,864.1,407855.2,2025-07-20T14:54:52.61231
2025-07-20,8641,2025072003039235,SINDU,Nepal Investment And Securities Trading Private Limited,Siprabi Securities Pvt. Ltd.,50,864.5,43225.0,2025-07-20T14:55:24.797489
2025-07-20,8429,2025072003039276,SINDU,Naasa Securities Co. Ltd.,Sanima Securities Limited,30,864.0,25920.0,2025-07-20T14:55:34.25515
2025-07-20,8428,2025072003039277,SINDU,Dipshikha Dhitopatra Karobar Co. Pvt Ltd.,Sanima Securities Limited,200,863.1,172620.0,2025-07-20T14:55:34.255394
2025-07-20,8427,2025072003039278,SINDU,Dipshikha Dhitopatra Karobar Co. Pvt Ltd.,Sanima Securities Limited,100,863.0,86300.0,2025-07-20T14:55:34.255496
2025-07-20,8426,2025072003039279,SINDU,Premier Securities Company Ltd.,Sanima Securities Limited,156,863.0,134628.0,2025-07-20T14:55:34.255596
2025-07-20,8425,2025072003039280,SINDU,Dipshikha Dhitopatra Karobar Co. Pvt Ltd.,Sanima Securities Limited,14,863.0,12082.0,2025-07-20T14:55:34.255694
2025-07-20,7304,2025072003039489,SINDU,Dipshikha Dhitopatra Karobar Co. Pvt Ltd.,Investment Management Nepal Pvt. Ltd.,36,863.0,31068.0,2025-07-20T14:56:20.622854
2025-07-20,7173,2025072003039508,SINDU,Premier Securities Company Ltd.,Dipshikha Dhitopatra Karobar Co. Pvt Ltd.,50,862.0,43100.0,2025-07-20T14:56:26.569193
2025-07-20,7172,2025072003039509,SINDU,Miyo Securities Pvt Ltd,Dipshikha Dhitopatra Karobar Co. Pvt Ltd.,130,860.0,111800.0,2025-07-20T14:56:26.56959
2025-07-20,7171,2025072003039510,SINDU,Nepal Stock House (PVT) Ltd.,Dipshikha Dhitopatra Karobar Co. Pvt Ltd.,40,860.0,34400.0,2025-07-20T14:56:26.569851
2025-07-20,7008,2025072003039538,SINDU,Sani Securities Company Ltd.,Naasa Securities Co. Ltd.,52,860.0,44720.0,2025-07-20T14:56:33.366965
2025-07-20,7007,2025072003039539,SINDU,Vision Securities Pvt. Ltd,Naasa Securities Co. Ltd.,60,860.0,51600.0,2025-07-20T14:56:33.367165
2025-07-20,7006,2025072003039540,SINDU,Kalika Securities Pvt. Ltd.,Naasa Securities Co. Ltd.,20,860.0,17200.0,2025-07-20T14:56:33.367274
2025-07-20,7005,2025072003039541,SINDU,Agrawal Securities (PVT) Ltd.,Naasa Securities Co. Ltd.,10,860.0,8600.0,2025-07-20T14:56:33.367378
2025-07-20,7004,2025072003039542,SINDU,Shree Krishna Securities Ltd.,Naasa Securities Co. Ltd.,100,860.0,86000.0,2025-07-20T14:56:33.367471
2025-07-20,7003,2025072003039543,SINDU,Sani Securities Company Ltd.,Naasa Securities Co. Ltd.,100,860.0,86000.0,2025-07-20T14:56:33.367555
2025-07-20,7002,2025072003039544,SINDU,Kohinoor Investment & Securities Pvt. Ltd.,Naasa Securities Co. Ltd.,200,860.0,172000.0,2025-07-20T14:56:33.36764
2025-07-20,7001,2025072003039545,SINDU,Online Securities Pvt. Ltd.,Naasa Securities Co. Ltd.,100,860.0,86000.0,2025-07-20T14:56:33.367721
2025-07-20,7000,2025072003039546,SINDU,Sani Securities Company Ltd.,Naasa Securities Co. Ltd.,20,860.0,17200.0,2025-07-20T14:56:33.367801
2025-07-20,6999,2025072003039547,SINDU,Kohinoor Investment & Securities Pvt. Ltd.,Naasa Securities Co. Ltd.,50,860.0,43000.0,2025-07-20T14:56:33.367885
2025-07-20,6998,2025072003039548,SINDU,Naasa Securities Co. Ltd.,Naasa Securities Co. Ltd.,120,860.0,103200.0,2025-07-20T14:56:33.367977
2025-07-20,6997,2025072003039549,SINDU,Vision Securities Pvt. Ltd,Naasa Securities Co. Ltd.,25,860.0,21500.0,2025-07-20T14:56:33.368062
2025-07-20,6996,2025072003039550,SINDU,Aryatara Investment & Securities,Naasa Securities Co. Ltd.,10,860.0,8600.0,2025-07-20T14:56:33.368149
2025-07-20,6995,2025072003039551,SINDU,Aryatara Investment & Securities,Naasa Securities Co. Ltd.,133,860.0,114380.0,2025-07-20T14:56:33.368228
2025-07-20,5963,2025072003039781,SINDU,Aryatara Investment & Securities,Imperial Securities Company Pvt. Ltd.,15,860.0,12900.0,2025-07-20T14:57:10.163472
2025-07-20,5170,2025072003039973,SINDU,Agrawal Securities (PVT) Ltd.,Kohinoor Investment & Securities Pvt. Ltd.,50,860.5,43025.0,2025-07-20T14:57:42.312286
2025-07-20,5083,2025072003039993,SINDU,Aryatara Investment & Securities,Dipshikha Dhitopatra Karobar Co. Pvt Ltd.,20,860.0,17200.0,2025-07-20T14:57:46.494315
2025-07-20,4314,2025072003040164,SINDU,Aryatara Investment & Securities,Vision Securities Pvt. Ltd,20,860.0,17200.0,2025-07-20T14:58:10.654286
2025-07-20,3761,2025072003040305,SINDU,Vision Securities Pvt. Ltd,Dakshinkali Investment & Securities Pvt. Ltd.,75,861.0,64575.0,2025-07-20T14:58:30.019276
2025-07-20,3760,2025072003040306,SINDU,Sani Securities Company Ltd.,Dakshinkali Investment & Securities Pvt. Ltd.,30,860.1,25803.0,2025-07-20T14:58:30.019467
2025-07-20,3759,2025072003040307,SINDU,Aryatara Investment & Securities,Dakshinkali Investment & Securities Pvt. Ltd.,99,860.0,85140.0,2025-07-20T14:58:30.019564
2025-07-20,3429,2025072003040385,SINDU,Kumari Securities Private Limited,J.F. Securites (PVT) Ltd.,50,861.0,43050.0,2025-07-20T14:58:40.313306
2025-07-20,3350,2025072003040425,SINDU,Aryatara Investment & Securities,Vision Securities Pvt. Ltd,50,860.0,43000.0,2025-07-20T14:58:42.770351
2025-07-20,3231,2025072003040456,SINDU,Aryatara Investment & Securities,Bhrikuti Stock Broking Co. Pvt. Ltd.,163,860.0,140180.0,2025-07-20T14:58:46.84062
2025-07-20,3230,2025072003040457,SINDU,Dynamic Money Managers Securities Pvt. Ltd.,Bhrikuti Stock Broking Co. Pvt. Ltd.,50,860.0,43000.0,2025-07-20T14:58:46.840726
2025-07-20,3229,2025072003040458,SINDU,Sani Securities Company Ltd.,Bhrikuti Stock Broking Co. Pvt. Ltd.,40,860.0,34400.0,2025-07-20T14:58:46.840801
2025-07-20,2985,2025072003040512,SINDU,Midas Stock Broking Company Private Limited,Global IME Securities Limited,10,861.0,8610.0,2025-07-20T14:58:53.84922
2025-07-20,2984,2025072003040513,SINDU,Midas Stock Broking Company Private Limited,Global IME Securities Limited,10,862.0,8620.0,2025-07-20T14:58:53.849417
2025-07-20,2983,2025072003040514,SINDU,Midas Stock Broking Company Private Limited,Malla & Malla Stock Broking Company Pvt. Limited,90,862.0,77580.0,2025-07-20T14:58:53.849499
2025-07-20,2620,2025072003040587,SINDU,Sewa Securities Pvt. Ltd.,Deevyaa Securities & Stock House Pvt. Ltd,50,861.0,43050.0,2025-07-20T14:59:05.787308
2025-07-20,2619,2025072003040588,SINDU,Premier Securities Company Ltd.,Deevyaa Securities & Stock House Pvt. Ltd,40,860.1,34404.0,2025-07-20T14:59:05.787506
2025-07-20,2618,2025072003040589,SINDU,Online Securities Pvt. Ltd.,Deevyaa Securities & Stock House Pvt. Ltd,20,860.0,17200.0,2025-07-20T14:59:05.787587
2025-07-20,2617,2025072003040590,SINDU,Vision Securities Pvt. Ltd,Deevyaa Securities & Stock House Pvt. Ltd,10,860.0,8600.0,2025-07-20T14:59:05.787667
2025-07-20,2236,2025072003040663,SINDU,Vision Securities Pvt. Ltd,ABC Securities Private Limited,40,860.0,34400.0,2025-07-20T14:59:15.611646
2025-07-20,2235,2025072003040664,SINDU,Naasa Securities Co. Ltd.,ABC Securities Private Limited,10,860.0,8600.0,2025-07-20T14:59:15.611693
2025-07-20,2234,2025072003040665,SINDU,Neev Securities Pvt. Ltd.,ABC Securities Private Limited,25,860.0,21500.0,2025-07-20T14:59:15.611721
2025-07-20,2233,2025072003040666,SINDU,MILKY WAY SHARE BROKER COMPANY LTD ,ABC Securities Private Limited,25,860.0,21500.0,2025-07-20T14:59:15.611749
2025-07-20,2224,2025072003040671,SINDU,Vision Securities Pvt. Ltd,Malla & Malla Stock Broking Company Pvt. Limited,10,862.0,8620.0,2025-07-20T14:59:15.981481
2025-07-20,1939,2025072003040736,SINDU,Vision Securities Pvt. Ltd,R.B.B. Securities Company Ltd,30,862.0,25860.0,2025-07-20T14:59:23.311732
2025-07-20,1938,2025072003040737,SINDU,Malla & Malla Stock Broking Company Pvt. Limited,R.B.B. Securities Company Ltd,10,862.0,8620.0,2025-07-20T14:59:23.311942
2025-07-20,1833,2025072003040759,SINDU,MILKY WAY SHARE BROKER COMPANY LTD ,Sumeru Securities Pvt. Ltd.,25,860.0,21500.0,2025-07-20T14:59:25.98303
2025-07-20,1832,2025072003040760,SINDU,Malla & Malla Stock Broking Company Pvt. Limited,Sumeru Securities Pvt. Ltd.,475,860.0,408500.0,2025-07-20T14:59:25.983213
2025-07-20,1136,2025072003040914,SINDU,Malla & Malla Stock Broking Company Pvt. Limited,Sumeru Securities Pvt. Ltd.,25,860.0,21500.0,2025-07-20T14:59:40.181899
2025-07-20,1135,2025072003040915,SINDU,Premier Securities Company Ltd.,Sumeru Securities Pvt. Ltd.,50,860.0,43000.0,2025-07-20T14:59:40.182108
2025-07-20,1134,2025072003040916,SINDU,Magnet Securities and Investment Company Private Limited,Sumeru Securities Pvt. Ltd.,50,860.0,43000.0,2025-07-20T14:59:40.182197
2025-07-20,1133,2025072003040917,SINDU,Premier Securities Company Ltd.,Sumeru Securities Pvt. Ltd.,600,860.0,516000.0,2025-07-20T14:59:40.182284
2025-07-20,1132,2025072003040918,SINDU,Online Securities Pvt. Ltd.,Sumeru Securities Pvt. Ltd.,82,860.0,70520.0,2025-07-20T14:59:40.182376
2025-07-20,497,2025072003041081,SINDU,Trisul Securities & Invt. Ltd.,Sumeru Securities Pvt. Ltd.,27,860.0,23220.0,2025-07-20T14:59:52.153826
2025-07-20,475,2025072003041082,SINDU,Dipshikha Dhitopatra Karobar Co. Pvt Ltd.,Sumeru Securities Pvt. Ltd.,100,860.0,86000.0,2025-07-20T14:59:52.453069
2025-07-20,265,2025072003041115,SINDU,SHUBHAKAMANA SECURITIES PVT. LTD,Sumeru Securities Pvt. Ltd.,59,860.0,50740.0,2025-07-20T14:59:55.932359
2025-07-20,264,2025072003041116,SINDU,SUN SECURITIES PVT LTD,J.F. Securites (PVT) Ltd.,10,859.0,8590.0,2025-07-20T14:59:55.940705
2025-07-20,148,2025072003041145,SINDU,SUN SECURITIES PVT LTD,Aryatara Investment & Securities,10,859.0,8590.0,2025-07-20T14:59:58.407444
