Date,S.N.,Contract ID,Symbol,Buyer Broker,Seller Broker,quantity,rate,amount,transaction_time
2025-08-05,130661,2025080505000046,CHDC,Kohinoor Investment & Securities Pvt. Ltd.,Asian Securities Private Ltd.,10,2795.0,27950.0,2025-08-05 11:00:40.792582
2025-08-05,129868,2025080505000075,CHDC,Kohinoor Investment & Securities Pvt. Ltd.,Asian Securities Private Ltd.,30,2795.0,83850.0,2025-08-05 11:01:06.335171
2025-08-05,129867,2025080505000076,CHDC,Kohinoor Investment & Securities Pvt. Ltd.,Agrawal Securities (PVT) Ltd.,10,2840.0,28400.0,2025-08-05 11:01:06.335227
2025-08-05,124404,2025080505000422,CHDC,Agrawal Securities (PVT) Ltd.,SHUBHAKAMANA SECURITIES PVT. LTD,35,2740.0,95900.0,2025-08-05 11:04:35.191233
2025-08-05,124403,2025080505000423,CHDC,Blue Chip Securities Ltd,SHUBHAKAMANA SECURITIES PVT. LTD,100,2703.0,270300.0,2025-08-05 11:04:35.191307
2025-08-05,124402,2025080505000424,CHDC,Primo Securities (PVT) Ltd.,SHUBHAKAMANA SECURITIES PVT. LTD,50,2700.0,135000.0,2025-08-05 11:04:35.191343
2025-08-05,124401,2025080505000425,CHDC,Sipla Securities Private Limited,SHUBHAKAMANA SECURITIES PVT. LTD,20,2690.0,53800.0,2025-08-05 11:04:35.191363
2025-08-05,124400,2025080505000426,CHDC,J.F. Securites (PVT) Ltd.,SHUBHAKAMANA SECURITIES PVT. LTD,50,2690.0,134500.0,2025-08-05 11:04:35.191381
2025-08-05,124399,2025080505000427,CHDC,Premier Securities Company Ltd.,SHUBHAKAMANA SECURITIES PVT. LTD,245,2686.0,658070.0,2025-08-05 11:04:35.191400
2025-08-05,120898,2025080505000784,CHDC,Sundhara Securities Limited,Garima Securities Limited,10,2790.0,27900.0,2025-08-05 11:07:40.975064
2025-08-05,120198,2025080505000870,CHDC,Creative Securities Pvt Ltd,SHUBHAKAMANA SECURITIES PVT. LTD,100,2735.0,273500.0,2025-08-05 11:08:17.921934
2025-08-05,120197,2025080505000871,CHDC,Imperial Securities Company Pvt. Ltd.,SHUBHAKAMANA SECURITIES PVT. LTD,100,2717.0,271700.0,2025-08-05 11:08:17.921993
2025-08-05,120196,2025080505000872,CHDC,Dipshikha Dhitopatra Karobar Co. Pvt Ltd.,SHUBHAKAMANA SECURITIES PVT. LTD,50,2716.0,135800.0,2025-08-05 11:08:17.922035
2025-08-05,120195,2025080505000873,CHDC,Sumeru Securities Pvt. Ltd.,SHUBHAKAMANA SECURITIES PVT. LTD,100,2715.1,271510.0,2025-08-05 11:08:17.922073
2025-08-05,120194,2025080505000874,CHDC,Blue Chip Securities Ltd,SHUBHAKAMANA SECURITIES PVT. LTD,150,2712.5,406875.0,2025-08-05 11:08:17.922110
2025-08-05,117747,2025080505001220,CHDC,Nabil Stock Dealer Ltd.,South Asian Bulls Pvt. Ltd.,12,2739.7,32876.4,2025-08-05 11:10:46.601616
2025-08-05,117746,2025080505001221,CHDC,Nabil Stock Dealer Ltd.,J.F. Securites (PVT) Ltd.,12,2739.7,32876.4,2025-08-05 11:10:46.601662
2025-08-05,117745,2025080505001222,CHDC,Nabil Stock Dealer Ltd.,Naasa Securities Co. Ltd.,10,2740.0,27400.0,2025-08-05 11:10:46.601691
2025-08-05,117744,2025080505001223,CHDC,Nabil Stock Dealer Ltd.,Agrawal Securities (PVT) Ltd.,12,2766.0,33192.0,2025-08-05 11:10:46.601716
2025-08-05,117452,2025080505001264,CHDC,Siprabi Securities Pvt. Ltd.,Nabil Stock Dealer Ltd.,10,2723.0,27230.0,2025-08-05 11:11:01.658332
2025-08-05,117412,2025080505001267,CHDC,Siprabi Securities Pvt. Ltd.,Bhrikuti Stock Broking Co. Pvt. Ltd.,12,2723.0,32676.0,2025-08-05 11:11:04.163138
2025-08-05,117155,2025080505001295,CHDC,Kumari Securities Private Limited,Nabil Stock Dealer Ltd.,50,2765.0,138250.0,2025-08-05 11:11:21.590788
2025-08-05,116296,2025080505001383,CHDC,Sharepro Securities Private Limited,Kohinoor Investment & Securities Pvt. Ltd.,1,2712.5,2712.5,2025-08-05 11:12:04.063519
2025-08-05,116125,2025080505001407,CHDC,Premier Securities Company Ltd.,SHUBHAKAMANA SECURITIES PVT. LTD,240,2726.1,654264.0,2025-08-05 11:12:13.639760
2025-08-05,116124,2025080505001408,CHDC,Himalayan Brokerage Company Limited,SHUBHAKAMANA SECURITIES PVT. LTD,260,2726.0,708760.0,2025-08-05 11:12:13.639845
2025-08-05,115699,2025080505001449,CHDC,Sharepro Securities Private Limited,Siprabi Securities Pvt. Ltd.,1,2712.0,2712.0,2025-08-05 11:12:37.194084
2025-08-05,115079,2025080505001562,CHDC,Vision Securities Pvt. Ltd,Online Securities Pvt. Ltd.,1,2700.0,2700.0,2025-08-05 11:13:14.576266
2025-08-05,112906,2025080505001909,CHDC,Vision Securities Pvt. Ltd,Oxford Securities Pvt. Ltd.,1,2690.0,2690.0,2025-08-05 11:15:43.716660
2025-08-05,112206,2025080505002037,CHDC,Sharepro Securities Private Limited,Siprabi Securities Pvt. Ltd.,1,2700.0,2700.0,2025-08-05 11:16:45.714492
2025-08-05,111336,2025080505002200,CHDC,Nepal Stock House (PVT) Ltd.,Premier Securities Company Ltd.,12,2735.0,32820.0,2025-08-05 11:17:49.986550
2025-08-05,110041,2025080505002441,CHDC,Vision Securities Pvt. Ltd,Shree Krishna Securities Ltd.,1,2700.0,2700.0,2025-08-05 11:19:36.120841
2025-08-05,109982,2025080505002451,CHDC,Sharepro Securities Private Limited,Infinity Securities Limited,1,2720.0,2720.0,2025-08-05 11:19:44.403620
2025-08-05,109523,2025080505002538,CHDC,Sharepro Securities Private Limited,Naasa Securities Co. Ltd.,1,2723.0,2723.0,2025-08-05 11:20:22.537324
2025-08-05,109185,2025080505002603,CHDC,Secured Securities Ltd.,Online Securities Pvt. Ltd.,12,2737.0,32844.0,2025-08-05 11:20:54.115975
2025-08-05,107390,2025080505002933,CHDC,Secured Securities Ltd.,Miyo Securities Pvt Ltd,30,2737.0,82110.0,2025-08-05 11:23:25.874165
2025-08-05,104847,2025080505003351,CHDC,Vision Securities Pvt. Ltd,Creative Securities Pvt Ltd,1,2700.0,2700.0,2025-08-05 11:26:47.996966
2025-08-05,104435,2025080505003421,CHDC,Naasa Securities Co. Ltd.,Premier Securities Company Ltd.,1,2700.0,2700.0,2025-08-05 11:27:26.744940
2025-08-05,104257,2025080505003461,CHDC,Premier Securities Company Ltd.,Linch Stock Market Ltd.,12,2745.0,32940.0,2025-08-05 11:27:48.872922
2025-08-05,102666,2025080505003811,CHDC,Himalayan Brokerage Company Limited,Premier Securities Company Ltd.,12,2747.0,32964.0,2025-08-05 11:31:09.285466
2025-08-05,102436,2025080505003870,CHDC,NIMB Stock Markets Limited,Garima Securities Limited,14,2755.0,38570.0,2025-08-05 11:31:37.011495
2025-08-05,102267,2025080505003896,CHDC,Sani Securities Company Ltd.,Imperial Securities Company Pvt. Ltd.,30,2750.0,82500.0,2025-08-05 11:31:59.716228
2025-08-05,100672,2025080505004274,CHDC,South Asian Bulls Pvt. Ltd.,Garima Securities Limited,18,2755.0,49590.0,2025-08-05 11:35:00.489760
2025-08-05,100570,2025080505004299,CHDC,Sani Securities Company Ltd.,Sani Securities Company Ltd.,12,2750.0,33000.0,2025-08-05 11:35:09.815436
2025-08-05,100264,2025080505004380,CHDC,South Asian Bulls Pvt. Ltd.,Garima Securities Limited,170,2755.0,468350.0,2025-08-05 11:35:42.705400
2025-08-05,99926,2025080505004457,CHDC,South Asian Bulls Pvt. Ltd.,Garima Securities Limited,10,2755.0,27550.0,2025-08-05 11:36:14.279588
2025-08-05,99787,2025080505004500,CHDC,Bhrikuti Stock Broking Co. Pvt. Ltd.,Garima Securities Limited,200,2755.0,551000.0,2025-08-05 11:36:29.791035
2025-08-05,98975,2025080505004727,CHDC,Vision Securities Pvt. Ltd,Agrawal Securities (PVT) Ltd.,1,2700.0,2700.0,2025-08-05 11:37:58.804494
2025-08-05,98093,2025080505004916,CHDC,Sani Securities Company Ltd.,Garima Securities Limited,63,2755.0,173565.0,2025-08-05 11:39:42.673228
2025-08-05,97546,2025080505005089,CHDC,Premier Securities Company Ltd.,Garima Securities Limited,15,2755.0,41325.0,2025-08-05 11:40:51.219690
2025-08-05,97545,2025080505005090,CHDC,Premier Securities Company Ltd.,Naasa Securities Co. Ltd.,12,2755.0,33060.0,2025-08-05 11:40:51.219936
2025-08-05,97544,2025080505005091,CHDC,Premier Securities Company Ltd.,Imperial Securities Company Pvt. Ltd.,12,2755.0,33060.0,2025-08-05 11:40:51.220013
2025-08-05,97543,2025080505005092,CHDC,Premier Securities Company Ltd.,Sani Securities Company Ltd.,12,2760.0,33120.0,2025-08-05 11:40:51.220114
2025-08-05,97542,2025080505005093,CHDC,Premier Securities Company Ltd.,Secured Securities Ltd.,12,2760.0,33120.0,2025-08-05 11:40:51.220185
2025-08-05,97541,2025080505005094,CHDC,Premier Securities Company Ltd.,Kohinoor Investment & Securities Pvt. Ltd.,100,2764.9,276490.0,2025-08-05 11:40:51.220256
2025-08-05,97355,2025080505005133,CHDC,Vision Securities Pvt. Ltd,Online Securities Pvt. Ltd.,1,2725.0,2725.0,2025-08-05 11:41:16.925661
2025-08-05,97282,2025080505005152,CHDC,Vision Securities Pvt. Ltd,J.F. Securites (PVT) Ltd.,1,2725.0,2725.0,2025-08-05 11:41:26.282372
2025-08-05,97253,2025080505005160,CHDC,Prabhu Stock Market Limited,Sagarmatha Securities Private Limited,12,2766.0,33192.0,2025-08-05 11:41:31.052267
2025-08-05,97134,2025080505005197,CHDC,Primo Securities (PVT) Ltd.,Neev Securities Pvt. Ltd.,12,2770.0,33240.0,2025-08-05 11:41:48.965932
2025-08-05,97133,2025080505005198,CHDC,Primo Securities (PVT) Ltd.,ABC Securities Private Limited,12,2774.0,33288.0,2025-08-05 11:41:48.966122
2025-08-05,97132,2025080505005199,CHDC,Primo Securities (PVT) Ltd.,Market Securities & Exchange (PVT) Ltd.,70,2775.0,194250.0,2025-08-05 11:41:48.966232
2025-08-05,96838,2025080505005278,CHDC,Prabhu Stock Market Limited,Cristal Kanchanjanga Securites Pvt. Ltd.,138,2766.0,381708.0,2025-08-05 11:42:28.878292
2025-08-05,96837,2025080505005279,CHDC,Prabhu Stock Market Limited,Cristal Kanchanjanga Securites Pvt. Ltd.,50,2766.0,138300.0,2025-08-05 11:42:28.878547
2025-08-05,96836,2025080505005280,CHDC,Premier Securities Company Ltd.,Cristal Kanchanjanga Securites Pvt. Ltd.,125,2765.0,345625.0,2025-08-05 11:42:28.878625
2025-08-05,95557,2025080505005628,CHDC,Secured Securities Ltd.,Cristal Kanchanjanga Securites Pvt. Ltd.,100,2753.0,275300.0,2025-08-05 11:45:41.716158
2025-08-05,95556,2025080505005629,CHDC,Dakshinkali Investment & Securities Pvt. Ltd.,Cristal Kanchanjanga Securites Pvt. Ltd.,100,2751.0,275100.0,2025-08-05 11:45:41.716523
2025-08-05,95555,2025080505005630,CHDC,Secured Securities Ltd.,Cristal Kanchanjanga Securites Pvt. Ltd.,100,2750.0,275000.0,2025-08-05 11:45:41.716731
2025-08-05,95554,2025080505005631,CHDC,NIMB Stock Markets Limited,Cristal Kanchanjanga Securites Pvt. Ltd.,550,2750.0,1512500.0,2025-08-05 11:45:41.716938
2025-08-05,95553,2025080505005632,CHDC,Kohinoor Investment & Securities Pvt. Ltd.,Cristal Kanchanjanga Securites Pvt. Ltd.,50,2750.0,137500.0,2025-08-05 11:45:41.717133
2025-08-05,95552,2025080505005633,CHDC,Himalayan Brokerage Company Limited,Cristal Kanchanjanga Securites Pvt. Ltd.,488,2747.0,1340536.0,2025-08-05 11:45:41.717359
2025-08-05,92157,2025080505006298,CHDC,Imperial Securities Company Pvt. Ltd.,Nepal Stock House (PVT) Ltd.,12,2742.0,32904.0,2025-08-05 11:52:17.165632
2025-08-05,92126,2025080505006314,CHDC,Imperial Securities Company Pvt. Ltd.,Opal Securities Investment (PVT) Ltd.,128,2742.0,350976.0,2025-08-05 11:52:23.284091
2025-08-05,92125,2025080505006315,CHDC,Linch Stock Market Ltd.,Opal Securities Investment (PVT) Ltd.,300,2741.0,822300.0,2025-08-05 11:52:23.284464
2025-08-05,92124,2025080505006316,CHDC,Bhrikuti Stock Broking Co. Pvt. Ltd.,Opal Securities Investment (PVT) Ltd.,20,2741.0,54820.0,2025-08-05 11:52:23.284683
2025-08-05,92123,2025080505006317,CHDC,Cristal Kanchanjanga Securites Pvt. Ltd.,Opal Securities Investment (PVT) Ltd.,107,2740.0,293180.0,2025-08-05 11:52:23.284902
2025-08-05,91949,2025080505006359,CHDC,Sharepro Securities Private Limited,Aryatara Investment & Securities,1,2691.0,2691.0,2025-08-05 11:52:47.758895
2025-08-05,91879,2025080505006379,CHDC,Vision Securities Pvt. Ltd,J.F. Securites (PVT) Ltd.,1,2690.0,2690.0,2025-08-05 11:52:58.726331
2025-08-05,91314,2025080505006536,CHDC,Vision Securities Pvt. Ltd,Hatemalo Financial Services Private Limited,1,2695.0,2695.0,2025-08-05 11:54:14.880462
2025-08-05,91272,2025080505006552,CHDC,Cristal Kanchanjanga Securites Pvt. Ltd.,Premier Securities Company Ltd.,893,2740.0,2446820.0,2025-08-05 11:54:18.955578
2025-08-05,91271,2025080505006553,CHDC,Sumeru Securities Pvt. Ltd.,Premier Securities Company Ltd.,100,2740.0,274000.0,2025-08-05 11:54:18.955867
2025-08-05,91140,2025080505006597,CHDC,Vision Securities Pvt. Ltd,Premier Securities Company Ltd.,1,2686.0,2686.0,2025-08-05 11:54:31.467777
2025-08-05,90357,2025080505006812,CHDC,Vision Securities Pvt. Ltd,Sundhara Securities Limited,1,2700.0,2700.0,2025-08-05 11:56:25.021343
2025-08-05,89605,2025080505007033,CHDC,Aryatara Investment & Securities,Cristal Kanchanjanga Securites Pvt. Ltd.,45,2740.0,123300.0,2025-08-05 11:58:01.421458
2025-08-05,89604,2025080505007034,CHDC,Secured Securities Ltd.,Cristal Kanchanjanga Securites Pvt. Ltd.,105,2737.0,287385.0,2025-08-05 11:58:01.421801
2025-08-05,89353,2025080505007116,CHDC,Sharepro Securities Private Limited,Investment Management Nepal Pvt. Ltd.,2,2685.2,5370.4,2025-08-05 11:58:31.085999
2025-08-05,88006,2025080505007529,CHDC,Secured Securities Ltd.,Kohinoor Investment & Securities Pvt. Ltd.,100,2737.0,273700.0,2025-08-05 12:01:22.018727
2025-08-05,87643,2025080505007637,CHDC,Vision Securities Pvt. Ltd,Dipshikha Dhitopatra Karobar Co. Pvt Ltd.,1,2700.0,2700.0,2025-08-05 12:02:22.238797
2025-08-05,87529,2025080505007662,CHDC,Vision Securities Pvt. Ltd,South Asian Bulls Pvt. Ltd.,2,2725.0,5450.0,2025-08-05 12:02:40.440595
2025-08-05,86864,2025080505007866,CHDC,Vision Securities Pvt. Ltd,Aryatara Investment & Securities,1,2692.1,2692.1,2025-08-05 12:04:21.718509
2025-08-05,86799,2025080505007889,CHDC,Secured Securities Ltd.,Sani Securities Company Ltd.,12,2737.0,32844.0,2025-08-05 12:04:34.126375
2025-08-05,85269,2025080505008438,CHDC,Secured Securities Ltd.,SHUBHAKAMANA SECURITIES PVT. LTD,41,2737.0,112217.0,2025-08-05 12:08:32.166427
2025-08-05,85268,2025080505008439,CHDC,Naasa Securities Co. Ltd.,SHUBHAKAMANA SECURITIES PVT. LTD,20,2737.0,54740.0,2025-08-05 12:08:32.166480
2025-08-05,85267,2025080505008440,CHDC,Capital Max Securities Ltd,SHUBHAKAMANA SECURITIES PVT. LTD,37,2732.0,101084.0,2025-08-05 12:08:32.166517
2025-08-05,85266,2025080505008441,CHDC,Nabil Stock Dealer Ltd.,SHUBHAKAMANA SECURITIES PVT. LTD,200,2730.0,546000.0,2025-08-05 12:08:32.166554
2025-08-05,85265,2025080505008442,CHDC,Naasa Securities Co. Ltd.,SHUBHAKAMANA SECURITIES PVT. LTD,30,2730.0,81900.0,2025-08-05 12:08:32.166584
2025-08-05,85264,2025080505008443,CHDC,Vision Securities Pvt. Ltd,SHUBHAKAMANA SECURITIES PVT. LTD,172,2727.2,469078.4,2025-08-05 12:08:32.166609
2025-08-05,85224,2025080505008451,CHDC,Vision Securities Pvt. Ltd,ABC Securities Private Limited,28,2727.2,76361.6,2025-08-05 12:08:42.886583
2025-08-05,85223,2025080505008452,CHDC,Blue Chip Securities Ltd,ABC Securities Private Limited,284,2727.1,774496.4,2025-08-05 12:08:42.886936
2025-08-05,84472,2025080505008639,CHDC,Malla & Malla Stock Broking Company Pvt. Limited,SHUBHAKAMANA SECURITIES PVT. LTD,15,2730.0,40950.0,2025-08-05 12:10:23.498674
2025-08-05,84471,2025080505008640,CHDC,Infinity Securities Limited,SHUBHAKAMANA SECURITIES PVT. LTD,100,2727.2,272720.0,2025-08-05 12:10:23.498737
2025-08-05,84470,2025080505008641,CHDC,Blue Chip Securities Ltd,SHUBHAKAMANA SECURITIES PVT. LTD,16,2727.1,43633.6,2025-08-05 12:10:23.498760
2025-08-05,84469,2025080505008642,CHDC,Linch Stock Market Ltd.,SHUBHAKAMANA SECURITIES PVT. LTD,69,2727.0,188163.0,2025-08-05 12:10:23.498789
2025-08-05,84363,2025080505008681,CHDC,Linch Stock Market Ltd.,SHUBHAKAMANA SECURITIES PVT. LTD,30,2727.0,81810.0,2025-08-05 12:10:45.562233
2025-08-05,84348,2025080505008687,CHDC,Vision Securities Pvt. Ltd,Opal Securities Investment (PVT) Ltd.,1,2690.0,2690.0,2025-08-05 12:10:50.025164
2025-08-05,84290,2025080505008710,CHDC,Linch Stock Market Ltd.,SHUBHAKAMANA SECURITIES PVT. LTD,10,2727.0,27270.0,2025-08-05 12:11:02.618801
2025-08-05,81915,2025080505009404,CHDC,Kohinoor Investment & Securities Pvt. Ltd.,Deevyaa Securities & Stock House Pvt. Ltd,12,2728.0,32736.0,2025-08-05 12:16:42.792570
2025-08-05,81799,2025080505009427,CHDC,Kohinoor Investment & Securities Pvt. Ltd.,Kalika Securities Pvt. Ltd.,88,2728.0,240064.0,2025-08-05 12:16:59.656088
2025-08-05,81573,2025080505009498,CHDC,Kohinoor Investment & Securities Pvt. Ltd.,Kalika Securities Pvt. Ltd.,111,2728.0,302808.0,2025-08-05 12:17:28.359478
2025-08-05,80141,2025080505009920,CHDC,Ashutosh Brokerage & Securities (PVT) Ltd.,ABC Securities Private Limited,50,2730.0,136500.0,2025-08-05 12:20:41.878549
2025-08-05,80140,2025080505009921,CHDC,Siprabi Securities Pvt. Ltd.,ABC Securities Private Limited,23,2728.0,62744.0,2025-08-05 12:20:41.878920
2025-08-05,80139,2025080505009922,CHDC,Linch Stock Market Ltd.,ABC Securities Private Limited,191,2727.0,520857.0,2025-08-05 12:20:41.879151
2025-08-05,80049,2025080505009953,CHDC,Vision Securities Pvt. Ltd,Online Securities Pvt. Ltd.,1,2700.0,2700.0,2025-08-05 12:20:59.512376
2025-08-05,80044,2025080505009957,CHDC,Himalayan Brokerage Company Limited,ABC Securities Private Limited,36,2726.0,98136.0,2025-08-05 12:21:01.021192
2025-08-05,78979,2025080505010277,CHDC,Vision Securities Pvt. Ltd,Neev Securities Pvt. Ltd.,1,2690.0,2690.0,2025-08-05 12:23:43.920208
2025-08-05,78495,2025080505010454,CHDC,Neev Securities Pvt. Ltd.,Sumeru Securities Pvt. Ltd.,10,2726.2,27262.0,2025-08-05 12:24:57.166676
2025-08-05,77746,2025080505010697,CHDC,Vision Securities Pvt. Ltd,ABC Securities Private Limited,1,2700.0,2700.0,2025-08-05 12:26:57.200703
2025-08-05,77671,2025080505010719,CHDC,Vision Securities Pvt. Ltd,Siprabi Securities Pvt. Ltd.,1,2700.0,2700.0,2025-08-05 12:27:07.376884
2025-08-05,77475,2025080505010761,CHDC,Vision Securities Pvt. Ltd,Ashutosh Brokerage & Securities (PVT) Ltd.,2,2696.0,5392.0,2025-08-05 12:27:35.602832
2025-08-05,77362,2025080505010795,CHDC,Vision Securities Pvt. Ltd,Sumeru Securities Pvt. Ltd.,2,2690.0,5380.0,2025-08-05 12:27:53.720231
2025-08-05,76975,2025080505010914,CHDC,Cristal Kanchanjanga Securites Pvt. Ltd.,Dynamic Money Managers Securities Pvt. Ltd.,500,2730.0,1365000.0,2025-08-05 12:28:59.143093
2025-08-05,76918,2025080505010941,CHDC,Sharepro Securities Private Limited,Investment Management Nepal Pvt. Ltd.,1,2700.0,2700.0,2025-08-05 12:29:10.088305
2025-08-05,76479,2025080505011067,CHDC,Neev Securities Pvt. Ltd.,Dynamic Money Managers Securities Pvt. Ltd.,290,2726.2,790598.0,2025-08-05 12:30:13.829735
2025-08-05,76478,2025080505011068,CHDC,Vision Securities Pvt. Ltd,Dynamic Money Managers Securities Pvt. Ltd.,70,2726.1,190827.0,2025-08-05 12:30:13.829933
2025-08-05,76179,2025080505011165,CHDC,Vision Securities Pvt. Ltd,Cristal Kanchanjanga Securites Pvt. Ltd.,130,2726.1,354393.0,2025-08-05 12:30:57.548662
2025-08-05,76178,2025080505011166,CHDC,Himalayan Brokerage Company Limited,Cristal Kanchanjanga Securites Pvt. Ltd.,204,2726.0,556104.0,2025-08-05 12:30:57.548877
2025-08-05,76177,2025080505011167,CHDC,Bhrikuti Stock Broking Co. Pvt. Ltd.,Cristal Kanchanjanga Securites Pvt. Ltd.,20,2726.0,54520.0,2025-08-05 12:30:57.548955
2025-08-05,76176,2025080505011168,CHDC,Bhrikuti Stock Broking Co. Pvt. Ltd.,Cristal Kanchanjanga Securites Pvt. Ltd.,30,2725.0,81750.0,2025-08-05 12:30:57.549035
2025-08-05,76175,2025080505011169,CHDC,Bhrikuti Stock Broking Co. Pvt. Ltd.,Cristal Kanchanjanga Securites Pvt. Ltd.,30,2724.9,81747.0,2025-08-05 12:30:57.549113
2025-08-05,76174,2025080505011170,CHDC,Asian Securities Private Ltd.,Cristal Kanchanjanga Securites Pvt. Ltd.,20,2721.0,54420.0,2025-08-05 12:30:57.549186
2025-08-05,76173,2025080505011171,CHDC,Linch Stock Market Ltd.,Cristal Kanchanjanga Securites Pvt. Ltd.,200,2720.1,544020.0,2025-08-05 12:30:57.549260
2025-08-05,76172,2025080505011172,CHDC,Cristal Kanchanjanga Securites Pvt. Ltd.,Cristal Kanchanjanga Securites Pvt. Ltd.,30,2720.0,81600.0,2025-08-05 12:30:57.549342
2025-08-05,76171,2025080505011173,CHDC,Sri Hari Securities Pvt. Ltd.,Cristal Kanchanjanga Securites Pvt. Ltd.,100,2720.0,272000.0,2025-08-05 12:30:57.549418
2025-08-05,76170,2025080505011174,CHDC,Naasa Securities Co. Ltd.,Cristal Kanchanjanga Securites Pvt. Ltd.,20,2720.0,54400.0,2025-08-05 12:30:57.549491
2025-08-05,76043,2025080505011198,CHDC,Sharepro Securities Private Limited,Dipshikha Dhitopatra Karobar Co. Pvt Ltd.,1,2700.0,2700.0,2025-08-05 12:31:12.438767
2025-08-05,75448,2025080505011369,CHDC,Vision Securities Pvt. Ltd,Secured Securities Ltd.,1,2690.0,2690.0,2025-08-05 12:32:43.936801
2025-08-05,71962,2025080505012347,CHDC,Naasa Securities Co. Ltd.,Bhrikuti Stock Broking Co. Pvt. Ltd.,10,2717.0,27170.0,2025-08-05 12:40:56.261621
2025-08-05,71961,2025080505012348,CHDC,Opal Securities Investment (PVT) Ltd.,Bhrikuti Stock Broking Co. Pvt. Ltd.,55,2716.0,149380.0,2025-08-05 12:40:56.261748
2025-08-05,71960,2025080505012349,CHDC,Vision Securities Pvt. Ltd,Bhrikuti Stock Broking Co. Pvt. Ltd.,46,2715.1,124894.6,2025-08-05 12:40:56.261824
2025-08-05,71422,2025080505012548,CHDC,Midas Stock Broking Company Private Limited,Deevyaa Securities & Stock House Pvt. Ltd,10,2730.0,27300.0,2025-08-05 12:42:27.359012
2025-08-05,71041,2025080505012646,CHDC,Asian Securities Private Ltd.,Dipshikha Dhitopatra Karobar Co. Pvt Ltd.,1,2690.0,2690.0,2025-08-05 12:43:39.904522
2025-08-05,71037,2025080505012648,CHDC,Sharepro Securities Private Limited,Nepal Investment And Securities Trading Private Limited,1,2700.0,2700.0,2025-08-05 12:43:40.307892
2025-08-05,70358,2025080505012866,CHDC,Asian Securities Private Ltd.,Neev Securities Pvt. Ltd.,1,2700.0,2700.0,2025-08-05 12:45:37.128801
2025-08-05,68757,2025080505013283,CHDC,Trishakti Securities Public Limited,Deevyaa Securities & Stock House Pvt. Ltd,13,2730.0,35490.0,2025-08-05 12:49:20.565997
2025-08-05,66606,2025080505013866,CHDC,Asian Securities Private Ltd.,Sundhara Securities Limited,1,2700.0,2700.0,2025-08-05 12:55:20.722709
2025-08-05,65810,2025080505014129,CHDC,Agrawal Securities (PVT) Ltd.,Cristal Kanchanjanga Securites Pvt. Ltd.,250,2725.1,681275.0,2025-08-05 12:57:24.192264
2025-08-05,65809,2025080505014130,CHDC,Cristal Kanchanjanga Securites Pvt. Ltd.,Cristal Kanchanjanga Securites Pvt. Ltd.,500,2725.0,1362500.0,2025-08-05 12:57:24.192513
2025-08-05,65808,2025080505014131,CHDC,Naasa Securities Co. Ltd.,Cristal Kanchanjanga Securites Pvt. Ltd.,49,2725.0,133525.0,2025-08-05 12:57:24.192601
2025-08-05,65668,2025080505014174,CHDC,Naasa Securities Co. Ltd.,Agrawal Securities (PVT) Ltd.,1,2725.0,2725.0,2025-08-05 12:57:52.066491
2025-08-05,65307,2025080505014303,CHDC,Asian Securities Private Ltd.,Malla & Malla Stock Broking Company Pvt. Limited,1,2700.0,2700.0,2025-08-05 12:58:58.617272
2025-08-05,65153,2025080505014369,CHDC,Sharepro Securities Private Limited,Midas Stock Broking Company Private Limited,1,2710.0,2710.0,2025-08-05 12:59:19.137009
2025-08-05,64606,2025080505014565,CHDC,Sharepro Securities Private Limited,Neev Securities Pvt. Ltd.,1,2720.0,2720.0,2025-08-05 13:00:34.472355
2025-08-05,64140,2025080505014697,CHDC,Asian Securities Private Ltd.,Bhrikuti Stock Broking Co. Pvt. Ltd.,1,2700.0,2700.0,2025-08-05 13:01:49.004820
2025-08-05,63773,2025080505014782,CHDC,Sharepro Securities Private Limited,Dipshikha Dhitopatra Karobar Co. Pvt Ltd.,1,2714.1,2714.1,2025-08-05 13:03:00.947539
2025-08-05,63636,2025080505014811,CHDC,Agrawal Securities (PVT) Ltd.,Neev Securities Pvt. Ltd.,250,2725.0,681250.0,2025-08-05 13:03:26.995215
2025-08-05,63597,2025080505014822,CHDC,Sharepro Securities Private Limited,Market Securities & Exchange (PVT) Ltd.,1,2715.0,2715.0,2025-08-05 13:03:33.067188
2025-08-05,63554,2025080505014837,CHDC,Aakashbhairab Securities Ltd.,Market Securities & Exchange (PVT) Ltd.,50,2720.0,136000.0,2025-08-05 13:03:38.426045
2025-08-05,63553,2025080505014838,CHDC,Secured Securities Ltd.,Market Securities & Exchange (PVT) Ltd.,20,2720.0,54400.0,2025-08-05 13:03:38.426274
2025-08-05,63174,2025080505014965,CHDC,Naasa Securities Co. Ltd.,Prabhu Stock Market Limited,20,2716.2,54324.0,2025-08-05 13:04:55.456467
2025-08-05,63173,2025080505014966,CHDC,Agrawal Securities (PVT) Ltd.,Prabhu Stock Market Limited,80,2716.1,217288.0,2025-08-05 13:04:55.456675
2025-08-05,63067,2025080505015002,CHDC,Agrawal Securities (PVT) Ltd.,Nepal Stock House (PVT) Ltd.,170,2716.1,461737.0,2025-08-05 13:05:07.123813
2025-08-05,63066,2025080505015003,CHDC,Vision Securities Pvt. Ltd,Nepal Stock House (PVT) Ltd.,200,2716.0,543200.0,2025-08-05 13:05:07.124058
2025-08-05,63065,2025080505015004,CHDC,Vision Securities Pvt. Ltd,Nepal Stock House (PVT) Ltd.,154,2715.1,418125.4,2025-08-05 13:05:07.124140
2025-08-05,63064,2025080505015005,CHDC,Miyo Securities Pvt Ltd,Nepal Stock House (PVT) Ltd.,500,2715.0,1357500.0,2025-08-05 13:05:07.124226
2025-08-05,63063,2025080505015006,CHDC,Cristal Kanchanjanga Securites Pvt. Ltd.,Nepal Stock House (PVT) Ltd.,30,2715.0,81450.0,2025-08-05 13:05:07.124304
2025-08-05,63062,2025080505015007,CHDC,NIMB Stock Markets Limited,Nepal Stock House (PVT) Ltd.,200,2715.0,543000.0,2025-08-05 13:05:07.124390
2025-08-05,63061,2025080505015008,CHDC,Blue Chip Securities Ltd,Nepal Stock House (PVT) Ltd.,246,2715.0,667890.0,2025-08-05 13:05:07.124468
2025-08-05,62293,2025080505015233,CHDC,Sharepro Securities Private Limited,Opal Securities Investment (PVT) Ltd.,2,2700.0,5400.0,2025-08-05 13:07:12.077259
2025-08-05,62140,2025080505015280,CHDC,Thrive Brokerage House Pvt. Ltd,Malla & Malla Stock Broking Company Pvt. Limited,11,2715.1,29866.1,2025-08-05 13:07:38.729088
2025-08-05,62139,2025080505015281,CHDC,Blue Chip Securities Ltd,Malla & Malla Stock Broking Company Pvt. Limited,54,2715.0,146610.0,2025-08-05 13:07:38.729347
2025-08-05,62138,2025080505015282,CHDC,Primo Securities (PVT) Ltd.,Malla & Malla Stock Broking Company Pvt. Limited,50,2715.0,135750.0,2025-08-05 13:07:38.729441
2025-08-05,62137,2025080505015283,CHDC,Cristal Kanchanjanga Securites Pvt. Ltd.,Malla & Malla Stock Broking Company Pvt. Limited,885,2715.0,2402775.0,2025-08-05 13:07:38.729518
2025-08-05,61759,2025080505015371,CHDC,Asian Securities Private Ltd.,Dynamic Money Managers Securities Pvt. Ltd.,1,2690.0,2690.0,2025-08-05 13:08:41.282156
2025-08-05,60662,2025080505015699,CHDC,Cristal Kanchanjanga Securites Pvt. Ltd.,Premier Securities Company Ltd.,15,2715.0,40725.0,2025-08-05 13:11:25.037234
2025-08-05,60495,2025080505015749,CHDC,Asian Securities Private Ltd.,Dynamic Money Managers Securities Pvt. Ltd.,1,2690.0,2690.0,2025-08-05 13:11:52.210570
2025-08-05,60261,2025080505015820,CHDC,Sharepro Securities Private Limited,Imperial Securities Company Pvt. Ltd.,1,2715.0,2715.0,2025-08-05 13:12:34.220032
2025-08-05,60227,2025080505015835,CHDC,Cristal Kanchanjanga Securites Pvt. Ltd.,Aakashbhairab Securities Ltd.,94,2715.0,255210.0,2025-08-05 13:12:39.831912
2025-08-05,60040,2025080505015881,CHDC,Oxford Securities Pvt. Ltd.,SUN SECURITIES PVT LTD,36,2715.0,97740.0,2025-08-05 13:13:06.788466
2025-08-05,59617,2025080505015989,CHDC,Oxford Securities Pvt. Ltd.,Secured Securities Ltd.,264,2715.0,716760.0,2025-08-05 13:14:23.056065
2025-08-05,59616,2025080505015990,CHDC,Nabil Stock Dealer Ltd.,Secured Securities Ltd.,200,2715.0,543000.0,2025-08-05 13:14:23.056458
2025-08-05,58922,2025080505016167,CHDC,Imperial Securities Company Pvt. Ltd.,Nepal Stock House (PVT) Ltd.,10,2714.0,27140.0,2025-08-05 13:16:02.513142
2025-08-05,58538,2025080505016281,CHDC,Sewa Securities Pvt. Ltd.,Secured Securities Ltd.,10,2715.0,27150.0,2025-08-05 13:17:01.033514
2025-08-05,57929,2025080505016454,CHDC,Vision Securities Pvt. Ltd,Secured Securities Ltd.,400,2715.0,1086000.0,2025-08-05 13:18:40.814239
2025-08-05,57901,2025080505016461,CHDC,Sewa Securities Pvt. Ltd.,Secured Securities Ltd.,40,2715.0,108600.0,2025-08-05 13:18:46.822546
2025-08-05,57729,2025080505016524,CHDC,Miyo Securities Pvt Ltd,Cristal Kanchanjanga Securites Pvt. Ltd.,100,2714.0,271400.0,2025-08-05 13:19:17.393182
2025-08-05,57728,2025080505016525,CHDC,Sewa Securities Pvt. Ltd.,Cristal Kanchanjanga Securites Pvt. Ltd.,200,2713.0,542600.0,2025-08-05 13:19:17.393449
2025-08-05,57727,2025080505016526,CHDC,Miyo Securities Pvt Ltd,Cristal Kanchanjanga Securites Pvt. Ltd.,100,2713.0,271300.0,2025-08-05 13:19:17.393569
2025-08-05,57726,2025080505016527,CHDC,Imperial Securities Company Pvt. Ltd.,Cristal Kanchanjanga Securites Pvt. Ltd.,50,2712.2,135610.0,2025-08-05 13:19:17.393655
2025-08-05,57725,2025080505016528,CHDC,Secured Securities Ltd.,Cristal Kanchanjanga Securites Pvt. Ltd.,10,2712.1,27121.0,2025-08-05 13:19:17.393730
2025-08-05,57724,2025080505016529,CHDC,Sundhara Securities Limited,Cristal Kanchanjanga Securites Pvt. Ltd.,100,2712.0,271200.0,2025-08-05 13:19:17.393810
2025-08-05,57723,2025080505016530,CHDC,Naasa Securities Co. Ltd.,Cristal Kanchanjanga Securites Pvt. Ltd.,184,2712.0,499008.0,2025-08-05 13:19:17.393888
2025-08-05,57692,2025080505016535,CHDC,Asian Securities Private Ltd.,Aryatara Investment & Securities,1,2712.0,2712.0,2025-08-05 13:19:20.492226
2025-08-05,57598,2025080505016552,CHDC,Asian Securities Private Ltd.,Cristal Kanchanjanga Securites Pvt. Ltd.,140,2710.0,379400.0,2025-08-05 13:19:31.452364
2025-08-05,57597,2025080505016553,CHDC,Nabil Stock Dealer Ltd.,Cristal Kanchanjanga Securites Pvt. Ltd.,116,2710.0,314360.0,2025-08-05 13:19:31.452598
2025-08-05,57348,2025080505016637,CHDC,Asian Securities Private Ltd.,Naasa Securities Co. Ltd.,1,2710.0,2710.0,2025-08-05 13:20:03.736761
2025-08-05,56993,2025080505016769,CHDC,Neev Securities Pvt. Ltd.,Aakashbhairab Securities Ltd.,50,2711.0,135550.0,2025-08-05 13:20:57.194605
2025-08-05,56992,2025080505016770,CHDC,Nabil Stock Dealer Ltd.,Aakashbhairab Securities Ltd.,50,2710.0,135500.0,2025-08-05 13:20:57.194827
2025-08-05,56670,2025080505016880,CHDC,Nepal Stock House (PVT) Ltd.,Kalika Securities Pvt. Ltd.,100,2714.0,271400.0,2025-08-05 13:22:02.252712
2025-08-05,56620,2025080505016891,CHDC,Trisul Securities & Invt. Ltd.,Kohinoor Investment & Securities Pvt. Ltd.,10,2711.0,27110.0,2025-08-05 13:22:07.590911
2025-08-05,56473,2025080505016933,CHDC,Asian Securities Private Ltd.,Deevyaa Securities & Stock House Pvt. Ltd,1,2700.0,2700.0,2025-08-05 13:22:33.247261
2025-08-05,56252,2025080505017004,CHDC,Nepal Stock House (PVT) Ltd.,Agrawal Securities (PVT) Ltd.,12,2711.0,32532.0,2025-08-05 13:23:10.576383
2025-08-05,56202,2025080505017024,CHDC,Nepal Stock House (PVT) Ltd.,Premier Securities Company Ltd.,30,2711.0,81330.0,2025-08-05 13:23:21.323358
2025-08-05,55816,2025080505017119,CHDC,Nepal Stock House (PVT) Ltd.,Sundhara Securities Limited,24,2711.0,65064.0,2025-08-05 13:24:45.189075
2025-08-05,55728,2025080505017134,CHDC,Premier Securities Company Ltd.,Investment Management Nepal Pvt. Ltd.,10,2714.0,27140.0,2025-08-05 13:24:57.081997
2025-08-05,55222,2025080505017322,CHDC,Asian Securities Private Ltd.,Kohinoor Investment & Securities Pvt. Ltd.,2,2711.0,5422.0,2025-08-05 13:26:27.502377
2025-08-05,54972,2025080505017395,CHDC,Premier Securities Company Ltd.,Secured Securities Ltd.,85,2715.0,230775.0,2025-08-05 13:27:16.966264
2025-08-05,54942,2025080505017411,CHDC,Asian Securities Private Ltd.,Imperial Securities Company Pvt. Ltd.,1,2710.0,2710.0,2025-08-05 13:27:24.109877
2025-08-05,54935,2025080505017415,CHDC,Asian Securities Private Ltd.,Imperial Securities Company Pvt. Ltd.,1,2700.0,2700.0,2025-08-05 13:27:25.789561
2025-08-05,53287,2025080505017897,CHDC,Kohinoor Investment & Securities Pvt. Ltd.,Naasa Securities Co. Ltd.,12,2712.0,32544.0,2025-08-05 13:32:47.213778
2025-08-05,52362,2025080505018141,CHDC,Asian Securities Private Ltd.,South Asian Bulls Pvt. Ltd.,1,2700.0,2700.0,2025-08-05 13:35:33.167648
2025-08-05,52075,2025080505018214,CHDC,South Asian Bulls Pvt. Ltd.,Market Securities & Exchange (PVT) Ltd.,50,2713.0,135650.0,2025-08-05 13:36:19.837710
2025-08-05,50843,2025080505018531,CHDC,Trademow Securities Private Limited,Market Securities & Exchange (PVT) Ltd.,26,2713.0,70538.0,2025-08-05 13:39:21.050638
2025-08-05,50757,2025080505018543,CHDC,Trademow Securities Private Limited,Online Securities Pvt. Ltd.,10,2713.0,27130.0,2025-08-05 13:39:26.881452
2025-08-05,50740,2025080505018546,CHDC,Asian Securities Private Ltd.,Imperial Securities Company Pvt. Ltd.,1,2690.0,2690.0,2025-08-05 13:39:29.135025
2025-08-05,50510,2025080505018607,CHDC,Asian Securities Private Ltd.,Dynamic Money Managers Securities Pvt. Ltd.,1,2710.0,2710.0,2025-08-05 13:39:57.834936
2025-08-05,50456,2025080505018638,CHDC,Asian Securities Private Ltd.,Sundhara Securities Limited,1,2710.0,2710.0,2025-08-05 13:40:08.892772
2025-08-05,49731,2025080505018832,CHDC,Trademow Securities Private Limited,Premier Securities Company Ltd.,10,2713.0,27130.0,2025-08-05 13:42:00.794042
2025-08-05,49694,2025080505018849,CHDC,Sumeru Securities Pvt. Ltd.,Sundhara Securities Limited,20,2716.0,54320.0,2025-08-05 13:42:07.306077
2025-08-05,48425,2025080505019180,CHDC,Vision Securities Pvt. Ltd,Nepal Stock House (PVT) Ltd.,82,2714.0,222548.0,2025-08-05 13:45:58.533578
2025-08-05,47287,2025080505019497,CHDC,Vision Securities Pvt. Ltd,Nepal Investment And Securities Trading Private Limited,18,2714.0,48852.0,2025-08-05 13:49:08.415990
2025-08-05,47286,2025080505019498,CHDC,Oxford Securities Pvt. Ltd.,Nepal Investment And Securities Trading Private Limited,50,2714.0,135700.0,2025-08-05 13:49:08.416244
2025-08-05,47285,2025080505019499,CHDC,Oxford Securities Pvt. Ltd.,Nepal Investment And Securities Trading Private Limited,10,2714.0,27140.0,2025-08-05 13:49:08.416346
2025-08-05,47199,2025080505019513,CHDC,Naasa Securities Co. Ltd.,Nepal Investment And Securities Trading Private Limited,22,2714.0,59708.0,2025-08-05 13:49:21.148092
2025-08-05,46127,2025080505019791,CHDC,Naasa Securities Co. Ltd.,Agrawal Securities (PVT) Ltd.,12,2714.0,32568.0,2025-08-05 13:52:34.021782
2025-08-05,45675,2025080505019915,CHDC,Naasa Securities Co. Ltd.,Nepal Investment And Securities Trading Private Limited,20,2714.0,54280.0,2025-08-05 13:53:58.832851
2025-08-05,45621,2025080505019931,CHDC,Asian Securities Private Ltd.,Vision Securities Pvt. Ltd,1,2700.0,2700.0,2025-08-05 13:54:08.681535
2025-08-05,44681,2025080505020135,CHDC,NIMB Stock Markets Limited,Sundhara Securities Limited,20,2721.5,54430.0,2025-08-05 13:56:46.537896
2025-08-05,44680,2025080505020136,CHDC,NIMB Stock Markets Limited,Nepal Stock House (PVT) Ltd.,140,2722.0,381080.0,2025-08-05 13:56:46.538163
2025-08-05,44167,2025080505020276,CHDC,Premier Securities Company Ltd.,Nepal Stock House (PVT) Ltd.,15,2722.0,40830.0,2025-08-05 13:57:54.479794
2025-08-05,44136,2025080505020281,CHDC,NIMB Stock Markets Limited,Nepal Stock House (PVT) Ltd.,45,2722.0,122490.0,2025-08-05 13:57:59.568129
2025-08-05,44135,2025080505020282,CHDC,NIMB Stock Markets Limited,Sundhara Securities Limited,20,2723.0,54460.0,2025-08-05 13:57:59.568415
2025-08-05,44134,2025080505020283,CHDC,NIMB Stock Markets Limited,Midas Stock Broking Company Private Limited,75,2723.0,204225.0,2025-08-05 13:57:59.568510
2025-08-05,43328,2025080505020585,CHDC,Market Securities & Exchange (PVT) Ltd.,Midas Stock Broking Company Private Limited,25,2723.0,68075.0,2025-08-05 14:00:00.524747
2025-08-05,41984,2025080505020884,CHDC,Market Securities & Exchange (PVT) Ltd.,Vision Securities Pvt. Ltd,15,2724.0,40860.0,2025-08-05 14:03:33.936412
2025-08-05,41492,2025080505021000,CHDC,Market Securities & Exchange (PVT) Ltd.,Vision Securities Pvt. Ltd,10,2724.0,27240.0,2025-08-05 14:04:55.347212
2025-08-05,39656,2025080505021442,CHDC,Trademow Securities Private Limited,Nepal Stock House (PVT) Ltd.,54,2715.1,146615.4,2025-08-05 14:10:14.398775
2025-08-05,39655,2025080505021443,CHDC,SUN SECURITIES PVT LTD,Nepal Stock House (PVT) Ltd.,30,2715.0,81450.0,2025-08-05 14:10:14.399095
2025-08-05,39654,2025080505021444,CHDC,KALASH STOCK MARKET PVT. LTD.,Nepal Stock House (PVT) Ltd.,10,2715.0,27150.0,2025-08-05 14:10:14.399192
2025-08-05,39653,2025080505021445,CHDC,Premier Securities Company Ltd.,Nepal Stock House (PVT) Ltd.,500,2715.0,1357500.0,2025-08-05 14:10:14.399286
2025-08-05,39652,2025080505021446,CHDC,Cristal Kanchanjanga Securites Pvt. Ltd.,Nepal Stock House (PVT) Ltd.,6,2715.0,16290.0,2025-08-05 14:10:14.399415
2025-08-05,39269,2025080505021544,CHDC,Naasa Securities Co. Ltd.,Imperial Securities Company Pvt. Ltd.,31,2714.0,84134.0,2025-08-05 14:11:16.710653
2025-08-05,39268,2025080505021545,CHDC,Secured Securities Ltd.,Imperial Securities Company Pvt. Ltd.,100,2713.0,271300.0,2025-08-05 14:11:16.710890
2025-08-05,39267,2025080505021546,CHDC,Bhrikuti Stock Broking Co. Pvt. Ltd.,Imperial Securities Company Pvt. Ltd.,20,2712.0,54240.0,2025-08-05 14:11:16.710982
2025-08-05,39266,2025080505021547,CHDC,Sumeru Securities Pvt. Ltd.,Imperial Securities Company Pvt. Ltd.,15,2712.0,40680.0,2025-08-05 14:11:16.711070
2025-08-05,39265,2025080505021548,CHDC,Nepal Stock House (PVT) Ltd.,Imperial Securities Company Pvt. Ltd.,34,2711.0,92174.0,2025-08-05 14:11:16.711152
2025-08-05,39264,2025080505021549,CHDC,Nabil Stock Dealer Ltd.,Imperial Securities Company Pvt. Ltd.,34,2710.0,92140.0,2025-08-05 14:11:16.711245
2025-08-05,39263,2025080505021550,CHDC,Nabil Stock Dealer Ltd.,Imperial Securities Company Pvt. Ltd.,200,2710.0,542000.0,2025-08-05 14:11:16.711339
2025-08-05,39262,2025080505021551,CHDC,Sani Securities Company Ltd.,Imperial Securities Company Pvt. Ltd.,28,2710.0,75880.0,2025-08-05 14:11:16.711424
2025-08-05,39261,2025080505021552,CHDC,Trishakti Securities Public Limited,Imperial Securities Company Pvt. Ltd.,40,2710.0,108400.0,2025-08-05 14:11:16.711507
2025-08-05,39260,2025080505021553,CHDC,Premier Securities Company Ltd.,Imperial Securities Company Pvt. Ltd.,498,2710.0,1349580.0,2025-08-05 14:11:16.711589
2025-08-05,38612,2025080505021750,CHDC,Himalayan Securities Limited,Trishakti Securities Public Limited,50,2706.0,135300.0,2025-08-05 14:12:41.186197
2025-08-05,38102,2025080505021912,CHDC,Aakashbhairab Securities Ltd.,Trisul Securities & Invt. Ltd.,1,2668.8,2668.8,2025-08-05 14:13:45.679802
2025-08-05,37267,2025080505022160,CHDC,Premier Securities Company Ltd.,Naasa Securities Co. Ltd.,24,2715.0,65160.0,2025-08-05 14:15:08.988938
2025-08-05,37255,2025080505022161,CHDC,Vision Securities Pvt. Ltd,Aryatara Investment & Securities,12,2710.1,32521.2,2025-08-05 14:15:09.707214
2025-08-05,37022,2025080505022214,CHDC,Vision Securities Pvt. Ltd,Market Securities & Exchange (PVT) Ltd.,60,2710.1,162606.0,2025-08-05 14:15:34.946592
2025-08-05,35931,2025080505022559,CHDC,Kohinoor Investment & Securities Pvt. Ltd.,Malla & Malla Stock Broking Company Pvt. Limited,13,2710.0,35230.0,2025-08-05 14:17:13.255285
2025-08-05,35930,2025080505022560,CHDC,SUN SECURITIES PVT LTD,Malla & Malla Stock Broking Company Pvt. Limited,250,2707.0,676750.0,2025-08-05 14:17:13.255509
2025-08-05,35929,2025080505022561,CHDC,Bhrikuti Stock Broking Co. Pvt. Ltd.,Malla & Malla Stock Broking Company Pvt. Limited,20,2707.0,54140.0,2025-08-05 14:17:13.255630
2025-08-05,35928,2025080505022562,CHDC,Himalayan Securities Limited,Malla & Malla Stock Broking Company Pvt. Limited,680,2706.0,1840080.0,2025-08-05 14:17:13.255719
2025-08-05,35927,2025080505022563,CHDC,Asian Securities Private Ltd.,Malla & Malla Stock Broking Company Pvt. Limited,10,2706.0,27060.0,2025-08-05 14:17:13.255816
2025-08-05,35926,2025080505022564,CHDC,Nabil Stock Dealer Ltd.,Malla & Malla Stock Broking Company Pvt. Limited,27,2705.0,73035.0,2025-08-05 14:17:13.255910
2025-08-05,35284,2025080505022805,CHDC,Nabil Stock Dealer Ltd.,Sri Hari Securities Pvt. Ltd.,155,2705.0,419275.0,2025-08-05 14:18:18.742223
2025-08-05,34559,2025080505023012,CHDC,Aakashbhairab Securities Ltd.,Online Securities Pvt. Ltd.,1,2700.0,2700.0,2025-08-05 14:19:57.881604
2025-08-05,32881,2025080505023471,CHDC,Vision Securities Pvt. Ltd,Online Securities Pvt. Ltd.,10,2705.2,27052.0,2025-08-05 14:23:39.723854
2025-08-05,32880,2025080505023472,CHDC,Market Securities & Exchange (PVT) Ltd.,Online Securities Pvt. Ltd.,20,2705.1,54102.0,2025-08-05 14:23:39.724299
2025-08-05,32879,2025080505023473,CHDC,Nabil Stock Dealer Ltd.,Online Securities Pvt. Ltd.,18,2705.0,48690.0,2025-08-05 14:23:39.724588
2025-08-05,32878,2025080505023474,CHDC,Aryatara Investment & Securities,Online Securities Pvt. Ltd.,30,2705.0,81150.0,2025-08-05 14:23:39.724844
2025-08-05,32877,2025080505023475,CHDC,Bhrikuti Stock Broking Co. Pvt. Ltd.,Online Securities Pvt. Ltd.,20,2705.0,54100.0,2025-08-05 14:23:39.725090
2025-08-05,32876,2025080505023476,CHDC,Himalayan Securities Limited,Online Securities Pvt. Ltd.,30,2702.0,81060.0,2025-08-05 14:23:39.725352
2025-08-05,32875,2025080505023477,CHDC,Imperial Securities Company Pvt. Ltd.,Online Securities Pvt. Ltd.,10,2701.5,27015.0,2025-08-05 14:23:39.725612
2025-08-05,32874,2025080505023478,CHDC,Imperial Securities Company Pvt. Ltd.,Online Securities Pvt. Ltd.,100,2701.1,270110.0,2025-08-05 14:23:39.725874
2025-08-05,32873,2025080505023479,CHDC,Oxford Securities Pvt. Ltd.,Online Securities Pvt. Ltd.,100,2701.0,270100.0,2025-08-05 14:23:39.726128
2025-08-05,32872,2025080505023480,CHDC,Sri Hari Securities Pvt. Ltd.,Online Securities Pvt. Ltd.,100,2701.0,270100.0,2025-08-05 14:23:39.726402
2025-08-05,32871,2025080505023481,CHDC,Nabil Stock Dealer Ltd.,Online Securities Pvt. Ltd.,25,2700.1,67502.5,2025-08-05 14:23:39.726677
2025-08-05,32870,2025080505023482,CHDC,Asian Securities Private Ltd.,Online Securities Pvt. Ltd.,20,2700.1,54002.0,2025-08-05 14:23:39.726931
2025-08-05,32869,2025080505023483,CHDC,Vision Securities Pvt. Ltd,Online Securities Pvt. Ltd.,517,2700.0,1395900.0,2025-08-05 14:23:39.727195
2025-08-05,32771,2025080505023534,CHDC,Vision Securities Pvt. Ltd,Nepal Stock House (PVT) Ltd.,500,2700.0,1350000.0,2025-08-05 14:23:50.555058
2025-08-05,32729,2025080505023547,CHDC,Vision Securities Pvt. Ltd,Nepal Stock House (PVT) Ltd.,300,2700.0,810000.0,2025-08-05 14:23:58.718793
2025-08-05,32605,2025080505023575,CHDC,Vision Securities Pvt. Ltd,Nepal Stock House (PVT) Ltd.,683,2700.0,1844100.0,2025-08-05 14:24:12.236017
2025-08-05,32604,2025080505023576,CHDC,Siprabi Securities Pvt. Ltd.,Nepal Stock House (PVT) Ltd.,20,2700.0,54000.0,2025-08-05 14:24:12.236230
2025-08-05,32603,2025080505023577,CHDC,Imperial Securities Company Pvt. Ltd.,Nepal Stock House (PVT) Ltd.,75,2700.0,202500.0,2025-08-05 14:24:12.236326
2025-08-05,32602,2025080505023578,CHDC,Infinity Securities Limited,Nepal Stock House (PVT) Ltd.,100,2700.0,270000.0,2025-08-05 14:24:12.236411
2025-08-05,32601,2025080505023579,CHDC,Nabil Stock Dealer Ltd.,Nepal Stock House (PVT) Ltd.,122,2700.0,329400.0,2025-08-05 14:24:12.236495
2025-08-05,32581,2025080505023582,CHDC,Imperial Securities Company Pvt. Ltd.,S.P.S.A. Securities Limited,1,2651.0,2651.0,2025-08-05 14:24:18.208770
2025-08-05,32520,2025080505023592,CHDC,Nabil Stock Dealer Ltd.,Nepal Stock House (PVT) Ltd.,248,2700.0,669600.0,2025-08-05 14:24:25.505631
2025-08-05,32519,2025080505023593,CHDC,SUN SECURITIES PVT LTD,Nepal Stock House (PVT) Ltd.,20,2700.0,54000.0,2025-08-05 14:24:25.505876
2025-08-05,32518,2025080505023594,CHDC,SUN SECURITIES PVT LTD,Nepal Stock House (PVT) Ltd.,100,2700.0,270000.0,2025-08-05 14:24:25.505992
2025-08-05,32517,2025080505023595,CHDC,Naasa Securities Co. Ltd.,Nepal Stock House (PVT) Ltd.,20,2700.0,54000.0,2025-08-05 14:24:25.506080
2025-08-05,32516,2025080505023596,CHDC,J.F. Securites (PVT) Ltd.,Nepal Stock House (PVT) Ltd.,12,2700.0,32400.0,2025-08-05 14:24:25.506161
2025-08-05,31958,2025080505023771,CHDC,J.F. Securites (PVT) Ltd.,Premier Securities Company Ltd.,38,2700.0,102600.0,2025-08-05 14:25:49.068651
2025-08-05,31957,2025080505023772,CHDC,Primo Securities (PVT) Ltd.,Premier Securities Company Ltd.,100,2700.0,270000.0,2025-08-05 14:25:49.069078
2025-08-05,31956,2025080505023773,CHDC,Malla & Malla Stock Broking Company Pvt. Limited,Premier Securities Company Ltd.,15,2700.0,40500.0,2025-08-05 14:25:49.069347
2025-08-05,31955,2025080505023774,CHDC,Dipshikha Dhitopatra Karobar Co. Pvt Ltd.,Premier Securities Company Ltd.,28,2700.0,75600.0,2025-08-05 14:25:49.069590
2025-08-05,31954,2025080505023775,CHDC,Agrawal Securities (PVT) Ltd.,Premier Securities Company Ltd.,150,2700.0,405000.0,2025-08-05 14:25:49.069825
2025-08-05,31953,2025080505023776,CHDC,J.F. Securites (PVT) Ltd.,Premier Securities Company Ltd.,50,2700.0,135000.0,2025-08-05 14:25:49.070055
2025-08-05,31952,2025080505023777,CHDC,Bhrikuti Stock Broking Co. Pvt. Ltd.,Premier Securities Company Ltd.,20,2700.0,54000.0,2025-08-05 14:25:49.070285
2025-08-05,31951,2025080505023778,CHDC,Bhrikuti Stock Broking Co. Pvt. Ltd.,Premier Securities Company Ltd.,20,2700.0,54000.0,2025-08-05 14:25:49.070528
2025-08-05,31950,2025080505023779,CHDC,Himalayan Brokerage Company Limited,Premier Securities Company Ltd.,500,2700.0,1350000.0,2025-08-05 14:25:49.070749
2025-08-05,31949,2025080505023780,CHDC,Vision Securities Pvt. Ltd,Premier Securities Company Ltd.,500,2700.0,1350000.0,2025-08-05 14:25:49.070968
2025-08-05,31948,2025080505023781,CHDC,Naasa Securities Co. Ltd.,Premier Securities Company Ltd.,50,2700.0,135000.0,2025-08-05 14:25:49.071190
2025-08-05,31947,2025080505023782,CHDC,Premier Securities Company Ltd.,Premier Securities Company Ltd.,50,2700.0,135000.0,2025-08-05 14:25:49.071430
2025-08-05,31946,2025080505023783,CHDC,Premier Securities Company Ltd.,Premier Securities Company Ltd.,500,2700.0,1350000.0,2025-08-05 14:25:49.071654
2025-08-05,31945,2025080505023784,CHDC,Secured Securities Ltd.,Premier Securities Company Ltd.,200,2700.0,540000.0,2025-08-05 14:25:49.071876
2025-08-05,31944,2025080505023785,CHDC,Linch Stock Market Ltd.,Premier Securities Company Ltd.,200,2700.0,540000.0,2025-08-05 14:25:49.072098
2025-08-05,31943,2025080505023786,CHDC,Dipshikha Dhitopatra Karobar Co. Pvt Ltd.,Premier Securities Company Ltd.,44,2700.0,118800.0,2025-08-05 14:25:49.072328
2025-08-05,31942,2025080505023787,CHDC,Imperial Securities Company Pvt. Ltd.,Premier Securities Company Ltd.,20,2700.0,54000.0,2025-08-05 14:25:49.072551
2025-08-05,31941,2025080505023788,CHDC,Neev Securities Pvt. Ltd.,Premier Securities Company Ltd.,15,2700.0,40500.0,2025-08-05 14:25:49.072765
2025-08-05,29246,2025080505024667,CHDC,Asian Securities Private Ltd.,Naasa Securities Co. Ltd.,1,2700.0,2700.0,2025-08-05 14:32:02.079266
2025-08-05,28849,2025080505024765,CHDC,Online Securities Pvt. Ltd.,SUN SECURITIES PVT LTD,10,2706.0,27060.0,2025-08-05 14:32:53.881814
2025-08-05,28556,2025080505024848,CHDC,Midas Stock Broking Company Private Limited,SUN SECURITIES PVT LTD,20,2701.0,54020.0,2025-08-05 14:33:31.122296
2025-08-05,28555,2025080505024849,CHDC,Nagarik Stock Dealer ,SUN SECURITIES PVT LTD,100,2701.0,270100.0,2025-08-05 14:33:31.122677
2025-08-05,28456,2025080505024874,CHDC,Neev Securities Pvt. Ltd.,Market Securities & Exchange (PVT) Ltd.,13,2700.0,35100.0,2025-08-05 14:33:45.696588
2025-08-05,28455,2025080505024875,CHDC,Premier Securities Company Ltd.,Market Securities & Exchange (PVT) Ltd.,20,2700.0,54000.0,2025-08-05 14:33:45.696955
2025-08-05,28454,2025080505024876,CHDC,Dakshinkali Investment & Securities Pvt. Ltd.,Market Securities & Exchange (PVT) Ltd.,30,2700.0,81000.0,2025-08-05 14:33:45.697179
2025-08-05,28453,2025080505024877,CHDC,Deevyaa Securities & Stock House Pvt. Ltd,Market Securities & Exchange (PVT) Ltd.,37,2700.0,99900.0,2025-08-05 14:33:45.697448
2025-08-05,27089,2025080505025278,CHDC,Deevyaa Securities & Stock House Pvt. Ltd,Vision Securities Pvt. Ltd,13,2700.0,35100.0,2025-08-05 14:36:18.504944
2025-08-05,27088,2025080505025279,CHDC,Bhrikuti Stock Broking Co. Pvt. Ltd.,Vision Securities Pvt. Ltd,20,2700.0,54000.0,2025-08-05 14:36:18.505155
2025-08-05,26920,2025080505025354,CHDC,KALASH STOCK MARKET PVT. LTD.,Vision Securities Pvt. Ltd,10,2700.0,27000.0,2025-08-05 14:36:30.656236
2025-08-05,26919,2025080505025355,CHDC,Aryatara Investment & Securities,Vision Securities Pvt. Ltd,50,2700.0,135000.0,2025-08-05 14:36:30.656503
2025-08-05,25650,2025080505025796,CHDC,Naasa Securities Co. Ltd.,Siprabi Securities Pvt. Ltd.,12,2697.1,32365.2,2025-08-05 14:38:04.853140
2025-08-05,25569,2025080505025815,CHDC,Vision Securities Pvt. Ltd,Siprabi Securities Pvt. Ltd.,1,2675.0,2675.0,2025-08-05 14:38:11.943451
2025-08-05,24401,2025080505026151,CHDC,Market Securities & Exchange (PVT) Ltd.,Creative Securities Pvt Ltd,10,2699.0,26990.0,2025-08-05 14:39:31.250061
2025-08-05,23918,2025080505026262,CHDC,KALASH STOCK MARKET PVT. LTD.,Asian Securities Private Ltd.,10,2698.0,26980.0,2025-08-05 14:40:05.132108
2025-08-05,23674,2025080505026319,CHDC,Naasa Securities Co. Ltd.,Nepal Stock House (PVT) Ltd.,12,2697.1,32365.2,2025-08-05 14:40:27.094536
2025-08-05,22967,2025080505026569,CHDC,Premier Securities Company Ltd.,Asian Securities Private Ltd.,20,2697.0,53940.0,2025-08-05 14:41:13.581242
2025-08-05,22840,2025080505026621,CHDC,Himalayan Securities Limited,Vision Securities Pvt. Ltd,300,2700.0,810000.0,2025-08-05 14:41:24.753663
2025-08-05,22643,2025080505026698,CHDC,Imperial Securities Company Pvt. Ltd.,Vision Securities Pvt. Ltd,21,2696.0,56616.0,2025-08-05 14:41:37.755054
2025-08-05,22642,2025080505026699,CHDC,Sundhara Securities Limited,Vision Securities Pvt. Ltd,37,2695.0,99715.0,2025-08-05 14:41:37.755449
2025-08-05,22641,2025080505026700,CHDC,Primo Securities (PVT) Ltd.,Vision Securities Pvt. Ltd,10,2695.0,26950.0,2025-08-05 14:41:37.755690
2025-08-05,22640,2025080505026701,CHDC,Malla & Malla Stock Broking Company Pvt. Limited,Vision Securities Pvt. Ltd,40,2695.0,107800.0,2025-08-05 14:41:37.755911
2025-08-05,22639,2025080505026702,CHDC,Thrive Brokerage House Pvt. Ltd,Vision Securities Pvt. Ltd,10,2692.1,26921.0,2025-08-05 14:41:37.756135
2025-08-05,22638,2025080505026703,CHDC,Cristal Kanchanjanga Securites Pvt. Ltd.,Vision Securities Pvt. Ltd,300,2692.0,807600.0,2025-08-05 14:41:37.756358
2025-08-05,22637,2025080505026704,CHDC,Linch Stock Market Ltd.,Vision Securities Pvt. Ltd,300,2691.1,807330.0,2025-08-05 14:41:37.756577
2025-08-05,22636,2025080505026705,CHDC,Asian Securities Private Ltd.,Vision Securities Pvt. Ltd,20,2691.0,53820.0,2025-08-05 14:41:37.756806
2025-08-05,19987,2025080505027490,CHDC,Bhrikuti Stock Broking Co. Pvt. Ltd.,SUN SECURITIES PVT LTD,20,2695.1,53902.0,2025-08-05 14:44:32.544268
2025-08-05,18403,2025080505027928,CHDC,Asian Securities Private Ltd.,Imperial Securities Company Pvt. Ltd.,1,2690.0,2690.0,2025-08-05 14:45:59.153523
2025-08-05,17980,2025080505028083,CHDC,Bhrikuti Stock Broking Co. Pvt. Ltd.,South Asian Bulls Pvt. Ltd.,20,2691.1,53822.0,2025-08-05 14:46:21.915999
2025-08-05,17979,2025080505028084,CHDC,Trishakti Securities Public Limited,South Asian Bulls Pvt. Ltd.,60,2691.1,161466.0,2025-08-05 14:46:21.916437
2025-08-05,17978,2025080505028085,CHDC,Himalayan Securities Limited,South Asian Bulls Pvt. Ltd.,22,2691.0,59202.0,2025-08-05 14:46:21.916685
2025-08-05,17934,2025080505028099,CHDC,Premier Securities Company Ltd.,ABC Securities Private Limited,14,2695.0,37730.0,2025-08-05 14:46:24.006101
2025-08-05,16883,2025080505028442,CHDC,Himalayan Securities Limited,Investment Management Nepal Pvt. Ltd.,12,2691.0,32292.0,2025-08-05 14:47:21.182015
2025-08-05,16772,2025080505028481,CHDC,Himalayan Securities Limited,BHOLE GANESH SECURITIES LTD,100,2691.0,269100.0,2025-08-05 14:47:29.496952
2025-08-05,15726,2025080505028790,CHDC,Sundhara Securities Limited,Sundhara Securities Limited,10,2699.0,26990.0,2025-08-05 14:48:31.926873
2025-08-05,15100,2025080505028937,CHDC,Sundhara Securities Limited,N.M.B. SECURITIES LIMITED,10,2700.0,27000.0,2025-08-05 14:49:10.224813
2025-08-05,14801,2025080505029014,CHDC,Agrawal Securities (PVT) Ltd.,Nepal Stock House (PVT) Ltd.,12,2692.0,32304.0,2025-08-05 14:49:23.188514
2025-08-05,14559,2025080505029083,CHDC,Ashutosh Brokerage & Securities (PVT) Ltd.,N.M.B. SECURITIES LIMITED,15,2700.0,40500.0,2025-08-05 14:49:39.607390
2025-08-05,14558,2025080505029084,CHDC,Ashutosh Brokerage & Securities (PVT) Ltd.,Vision Securities Pvt. Ltd,85,2700.0,229500.0,2025-08-05 14:49:39.607626
2025-08-05,12529,2025080505029800,CHDC,Sundhara Securities Limited,Naasa Securities Co. Ltd.,12,2695.0,32340.0,2025-08-05 14:51:38.384250
2025-08-05,12187,2025080505029920,CHDC,Market Securities & Exchange (PVT) Ltd.,Sani Securities Company Ltd.,300,2698.0,809400.0,2025-08-05 14:51:58.442699
2025-08-05,10834,2025080505030373,CHDC,Online Securities Pvt. Ltd.,Primo Securities (PVT) Ltd.,10,2699.0,26990.0,2025-08-05 14:53:13.929953
2025-08-05,10186,2025080505030553,CHDC,Kumari Securities Private Limited,Imperial Securities Company Pvt. Ltd.,2,2691.0,5382.0,2025-08-05 14:53:43.757896
2025-08-05,9994,2025080505030596,CHDC,Midas Stock Broking Company Private Limited,Primo Securities (PVT) Ltd.,40,2699.0,107960.0,2025-08-05 14:53:53.744253
2025-08-05,9993,2025080505030597,CHDC,Midas Stock Broking Company Private Limited,Market Securities & Exchange (PVT) Ltd.,10,2699.0,26990.0,2025-08-05 14:53:53.744692
2025-08-05,9939,2025080505030600,CHDC,Secured Securities Ltd.,Market Securities & Exchange (PVT) Ltd.,10,2699.0,26990.0,2025-08-05 14:53:55.979929
2025-08-05,9806,2025080505030637,CHDC,Secured Securities Ltd.,Sani Securities Company Ltd.,10,2696.1,26961.0,2025-08-05 14:54:02.410616
2025-08-05,9805,2025080505030638,CHDC,Sani Securities Company Ltd.,Sani Securities Company Ltd.,19,2696.0,51224.0,2025-08-05 14:54:02.411036
2025-08-05,9804,2025080505030639,CHDC,Primo Securities (PVT) Ltd.,Sani Securities Company Ltd.,32,2695.1,86243.2,2025-08-05 14:54:02.411455
2025-08-05,9803,2025080505030640,CHDC,J.F. Securites (PVT) Ltd.,Sani Securities Company Ltd.,39,2695.0,105105.0,2025-08-05 14:54:02.411857
2025-08-05,9248,2025080505030770,CHDC,J.F. Securites (PVT) Ltd.,Sani Securities Company Ltd.,11,2695.0,29645.0,2025-08-05 14:54:26.069003
2025-08-05,9247,2025080505030771,CHDC,ABC Securities Private Limited,Sani Securities Company Ltd.,10,2695.0,26950.0,2025-08-05 14:54:26.069380
2025-08-05,9246,2025080505030772,CHDC,Linch Stock Market Ltd.,Sani Securities Company Ltd.,129,2692.1,347280.9,2025-08-05 14:54:26.069622
2025-08-05,7937,2025080505031140,CHDC,Linch Stock Market Ltd.,Sri Hari Securities Pvt. Ltd.,15,2692.1,40381.5,2025-08-05 14:55:25.260111
2025-08-05,7440,2025080505031301,CHDC,Linch Stock Market Ltd.,Miyo Securities Pvt Ltd,100,2692.1,269210.0,2025-08-05 14:55:42.550199
2025-08-05,7324,2025080505031337,CHDC,Linch Stock Market Ltd.,Sani Securities Company Ltd.,56,2692.1,150757.6,2025-08-05 14:55:48.221138
2025-08-05,7323,2025080505031338,CHDC,Agrawal Securities (PVT) Ltd.,Sani Securities Company Ltd.,18,2692.0,48456.0,2025-08-05 14:55:48.221374
2025-08-05,7322,2025080505031339,CHDC,J.F. Securites (PVT) Ltd.,Sani Securities Company Ltd.,26,2692.0,69992.0,2025-08-05 14:55:48.221476
2025-08-05,6959,2025080505031424,CHDC,J.F. Securites (PVT) Ltd.,Kohinoor Investment & Securities Pvt. Ltd.,12,2692.0,32304.0,2025-08-05 14:56:05.832538
2025-08-05,5868,2025080505031725,CHDC,J.F. Securites (PVT) Ltd.,Sumeru Securities Pvt. Ltd.,12,2692.0,32304.0,2025-08-05 14:56:51.619932
2025-08-05,5867,2025080505031726,CHDC,Premier Securities Company Ltd.,Sumeru Securities Pvt. Ltd.,100,2692.0,269200.0,2025-08-05 14:56:51.620167
2025-08-05,5866,2025080505031727,CHDC,Himalayan Securities Limited,Sumeru Securities Pvt. Ltd.,36,2691.0,96876.0,2025-08-05 14:56:51.620259
2025-08-05,5865,2025080505031728,CHDC,Aakashbhairab Securities Ltd.,Sumeru Securities Pvt. Ltd.,152,2691.0,409032.0,2025-08-05 14:56:51.620351
2025-08-05,4983,2025080505031979,CHDC,Aakashbhairab Securities Ltd.,Sumeru Securities Pvt. Ltd.,23,2691.0,61893.0,2025-08-05 14:57:29.994619
2025-08-05,4982,2025080505031980,CHDC,Naasa Securities Co. Ltd.,Sumeru Securities Pvt. Ltd.,19,2691.0,51129.0,2025-08-05 14:57:29.994985
2025-08-05,3412,2025080505032419,CHDC,Primo Securities (PVT) Ltd.,Miyo Securities Pvt Ltd,50,2690.2,134510.0,2025-08-05 14:58:25.645357
2025-08-05,3411,2025080505032420,CHDC,Linch Stock Market Ltd.,Miyo Securities Pvt Ltd,100,2690.1,269010.0,2025-08-05 14:58:25.645411
2025-08-05,3254,2025080505032493,CHDC,Linch Stock Market Ltd.,Sumeru Securities Pvt. Ltd.,150,2690.1,403515.0,2025-08-05 14:58:32.592002
2025-08-05,3185,2025080505032507,CHDC,Linch Stock Market Ltd.,Nabil Stock Dealer Ltd.,50,2690.1,134505.0,2025-08-05 14:58:34.636805
2025-08-05,3184,2025080505032508,CHDC,Premier Securities Company Ltd.,Nabil Stock Dealer Ltd.,20,2690.1,53802.0,2025-08-05 14:58:34.636995
2025-08-05,3183,2025080505032509,CHDC,Aakashbhairab Securities Ltd.,Nabil Stock Dealer Ltd.,70,2690.1,188307.0,2025-08-05 14:58:34.637081
2025-08-05,3182,2025080505032510,CHDC,Himalayan Securities Limited,Nabil Stock Dealer Ltd.,50,2690.1,134505.0,2025-08-05 14:58:34.637160
2025-08-05,3181,2025080505032511,CHDC,Sri Hari Securities Pvt. Ltd.,Nabil Stock Dealer Ltd.,250,2690.0,672500.0,2025-08-05 14:58:34.637241
2025-08-05,3180,2025080505032512,CHDC,Nepal Investment And Securities Trading Private Limited,Nabil Stock Dealer Ltd.,500,2690.0,1345000.0,2025-08-05 14:58:34.637334
2025-08-05,3179,2025080505032513,CHDC,Himalayan Brokerage Company Limited,Nabil Stock Dealer Ltd.,500,2690.0,1345000.0,2025-08-05 14:58:34.637422
2025-08-05,3178,2025080505032514,CHDC,Oxford Securities Pvt. Ltd.,Nabil Stock Dealer Ltd.,10,2690.0,26900.0,2025-08-05 14:58:34.637510
2025-08-05,3177,2025080505032515,CHDC,Secured Securities Ltd.,Nabil Stock Dealer Ltd.,500,2690.0,1345000.0,2025-08-05 14:58:34.637598
2025-08-05,3176,2025080505032516,CHDC,Sipla Securities Private Limited,Nabil Stock Dealer Ltd.,10,2690.0,26900.0,2025-08-05 14:58:34.637679
2025-08-05,3175,2025080505032517,CHDC,Nabil Stock Dealer Ltd.,Nabil Stock Dealer Ltd.,50,2690.0,134500.0,2025-08-05 14:58:34.637772
2025-08-05,3174,2025080505032518,CHDC,Shree Krishna Securities Ltd.,Nabil Stock Dealer Ltd.,100,2690.0,269000.0,2025-08-05 14:58:34.637850
2025-08-05,3173,2025080505032519,CHDC,Secured Securities Ltd.,Nabil Stock Dealer Ltd.,20,2690.0,53800.0,2025-08-05 14:58:34.637928
2025-08-05,3172,2025080505032520,CHDC,Premier Securities Company Ltd.,Nabil Stock Dealer Ltd.,20,2690.0,53800.0,2025-08-05 14:58:34.638026
2025-08-05,3171,2025080505032521,CHDC,Deevyaa Securities & Stock House Pvt. Ltd,Nabil Stock Dealer Ltd.,100,2690.0,269000.0,2025-08-05 14:58:34.638110
2025-08-05,2976,2025080505032560,CHDC,Premier Securities Company Ltd.,Aryatara Investment & Securities,50,2690.0,134500.0,2025-08-05 14:58:41.961900
2025-08-05,2894,2025080505032587,CHDC,Primo Securities (PVT) Ltd.,Sumeru Securities Pvt. Ltd.,30,2690.0,80700.0,2025-08-05 14:58:44.719555
2025-08-05,2893,2025080505032588,CHDC,Imperial Securities Company Pvt. Ltd.,Sumeru Securities Pvt. Ltd.,10,2690.0,26900.0,2025-08-05 14:58:44.719744
2025-08-05,2162,2025080505032767,CHDC,J.F. Securites (PVT) Ltd.,Sumeru Securities Pvt. Ltd.,50,2690.0,134500.0,2025-08-05 14:59:09.361767
2025-08-05,1930,2025080505032829,CHDC,Market Securities & Exchange (PVT) Ltd.,Online Securities Pvt. Ltd.,12,2690.0,32280.0,2025-08-05 14:59:17.263638
2025-08-05,1929,2025080505032830,CHDC,Market Securities & Exchange (PVT) Ltd.,Bhrikuti Stock Broking Co. Pvt. Ltd.,10,2690.0,26900.0,2025-08-05 14:59:17.263828
2025-08-05,1578,2025080505032930,CHDC,Market Securities & Exchange (PVT) Ltd.,Sri Hari Securities Pvt. Ltd.,128,2692.2,344601.6,2025-08-05 14:59:25.763142
2025-08-05,1577,2025080505032931,CHDC,J.F. Securites (PVT) Ltd.,Sri Hari Securities Pvt. Ltd.,72,2688.2,193550.4,2025-08-05 14:59:25.763358
2025-08-05,548,2025080505033212,CHDC,Naasa Securities Co. Ltd.,Sumeru Securities Pvt. Ltd.,10,2690.0,26900.0,2025-08-05 14:59:49.458894
2025-08-05,547,2025080505033213,CHDC,Arun Securities (PVT) Ltd.,Sumeru Securities Pvt. Ltd.,25,2690.0,67250.0,2025-08-05 14:59:49.459107
2025-08-05,546,2025080505033214,CHDC,Aakashbhairab Securities Ltd.,Sumeru Securities Pvt. Ltd.,100,2690.0,269000.0,2025-08-05 14:59:49.459207
2025-08-05,307,2025080505033296,CHDC,J.F. Securites (PVT) Ltd.,Miyo Securities Pvt Ltd,50,2690.0,134500.0,2025-08-05 14:59:54.178835
2025-08-05,306,2025080505033297,CHDC,J.F. Securites (PVT) Ltd.,Miyo Securities Pvt Ltd,28,2688.2,75269.6,2025-08-05 14:59:54.178902
2025-08-05,305,2025080505033298,CHDC,Naasa Securities Co. Ltd.,Miyo Securities Pvt Ltd,17,2688.2,45699.4,2025-08-05 14:59:54.178927
