contract_id,symbol,buyer_member_id,seller_member_id,volume,price,amount,buyer_broker,seller_broker,transaction_time
2026042104000018,AKJCL,6,50,10,363.7,3637.0,Agrawal Securities (PVT) Ltd.,Cristal Kanchanjanga Securites Pvt. Ltd.,2026-04-21 10:46:00.100885
2026042104000019,AKJCL,35,50,15,363.7,5455.5,Kohinoor Investment & Securities Pvt. Ltd.,Cristal Kanchanjanga Securites Pvt. Ltd.,2026-04-21 10:46:00.100932
2026042104000020,AKJCL,35,50,75,363.7,27277.5,Kohinoor Investment & Securities Pvt. Ltd.,Cristal Kanchanjanga Securites Pvt. Ltd.,2026-04-21 10:46:00.100955
2026042104000067,AKJCL,32,43,10,389.5,3895.0,Premier Securities Company Ltd.,South Asian Bulls Pvt. Ltd.,2026-04-21 11:00:48.939249
2026042104000085,AKJCL,35,67,50,389.0,19450.0,Kohinoor Investment & Securities Pvt. Ltd.,Property Wiard Limited,2026-04-21 11:01:24.937435
2026042104000097,AKJCL,17,3,10,388.9,3889.0,ABC Securities Private Limited,Arun Securities (PVT) Ltd.,2026-04-21 11:01:53.146823
2026042104000124,AKJCL,66,60,50,385.0,19250.0,Miyo Securities Pvt Ltd,Nagarik Stock Dealer ,2026-04-21 11:02:50.139546
2026042104000127,AKJCL,91,60,10,385.0,3850.0,Citizens Share Broker Limited,Nagarik Stock Dealer ,2026-04-21 11:02:55.279394
2026042104000192,AKJCL,58,64,104,380.1,39530.4,Naasa Securities Co. Ltd.,SUN SECURITIES PVT LTD,2026-04-21 11:05:48.423188
2026042104000193,AKJCL,62,64,396,380.1,150519.6,Capital Max Securities Ltd,SUN SECURITIES PVT LTD,2026-04-21 11:05:48.423379
2026042104000219,AKJCL,89,17,1000,381.0,381000.0,Global IME Securities Limited,ABC Securities Private Limited,2026-04-21 11:06:49.150514
2026042104000224,AKJCL,62,72,500,380.1,190050.0,Capital Max Securities Ltd,Hatemalo Financial Services Private Limited,2026-04-21 11:06:59.153752
2026042104000230,AKJCL,62,58,20,380.1,7602.0,Capital Max Securities Ltd,Naasa Securities Co. Ltd.,2026-04-21 11:07:12.428548
2026042104000256,AKJCL,58,72,25,381.0,9525.0,Naasa Securities Co. Ltd.,Hatemalo Financial Services Private Limited,2026-04-21 11:08:00.287121
2026042104000298,AKJCL,58,72,40,381.0,15240.0,Naasa Securities Co. Ltd.,Hatemalo Financial Services Private Limited,2026-04-21 11:08:50.673072
2026042104000300,AKJCL,36,72,13,381.0,4953.0,Secured Securities Ltd.,Hatemalo Financial Services Private Limited,2026-04-21 11:08:53.410112
2026042104000329,AKJCL,67,72,200,381.0,76200.0,Property Wiard Limited,Hatemalo Financial Services Private Limited,2026-04-21 11:09:21.202066
2026042104000367,AKJCL,62,72,200,381.0,76200.0,Capital Max Securities Ltd,Hatemalo Financial Services Private Limited,2026-04-21 11:10:07.457346
2026042104000428,AKJCL,17,38,25,380.5,9512.5,ABC Securities Private Limited,Dipshikha Dhitopatra Karobar Co. Pvt Ltd.,2026-04-21 11:11:11.830507
2026042104000429,AKJCL,62,38,84,380.1,31928.4,Capital Max Securities Ltd,Dipshikha Dhitopatra Karobar Co. Pvt Ltd.,2026-04-21 11:11:11.830684
2026042104000430,AKJCL,49,38,45,380.1,17104.5,Online Securities Pvt. Ltd.,Dipshikha Dhitopatra Karobar Co. Pvt Ltd.,2026-04-21 11:11:11.830755
2026042104000431,AKJCL,58,38,100,380.0,38000.0,Naasa Securities Co. Ltd.,Dipshikha Dhitopatra Karobar Co. Pvt Ltd.,2026-04-21 11:11:11.830865
2026042104000432,AKJCL,58,38,54,380.0,20520.0,Naasa Securities Co. Ltd.,Dipshikha Dhitopatra Karobar Co. Pvt Ltd.,2026-04-21 11:11:11.830931
2026042104000433,AKJCL,5,38,100,380.0,38000.0,Market Securities & Exchange (PVT) Ltd.,Dipshikha Dhitopatra Karobar Co. Pvt Ltd.,2026-04-21 11:11:11.830998
2026042104000434,AKJCL,62,38,1000,380.0,380000.0,Capital Max Securities Ltd,Dipshikha Dhitopatra Karobar Co. Pvt Ltd.,2026-04-21 11:11:11.831076
2026042104000435,AKJCL,32,38,2592,380.0,984960.0,Premier Securities Company Ltd.,Dipshikha Dhitopatra Karobar Co. Pvt Ltd.,2026-04-21 11:11:11.831140
2026042104000472,AKJCL,32,94,400,380.0,152000.0,Premier Securities Company Ltd.,K.B.L. Securities Limited ,2026-04-21 11:12:06.984826
2026042104000516,AKJCL,6,58,10,379.2,3792.0,Agrawal Securities (PVT) Ltd.,Naasa Securities Co. Ltd.,2026-04-21 11:13:19.658212
2026042104000655,AKJCL,64,38,1000,380.0,380000.0,SUN SECURITIES PVT LTD,Dipshikha Dhitopatra Karobar Co. Pvt Ltd.,2026-04-21 11:17:24.358519
2026042104000656,AKJCL,64,38,1000,380.0,380000.0,SUN SECURITIES PVT LTD,Dipshikha Dhitopatra Karobar Co. Pvt Ltd.,2026-04-21 11:17:24.358714
2026042104000657,AKJCL,64,35,300,380.0,114000.0,SUN SECURITIES PVT LTD,Kohinoor Investment & Securities Pvt. Ltd.,2026-04-21 11:17:24.358815
2026042104000703,AKJCL,58,50,40,380.0,15200.0,Naasa Securities Co. Ltd.,Cristal Kanchanjanga Securites Pvt. Ltd.,2026-04-21 11:18:25.002190
2026042104000721,AKJCL,34,94,100,380.0,38000.0,Vision Securities Pvt. Ltd,K.B.L. Securities Limited ,2026-04-21 11:18:50.205434
2026042104000726,AKJCL,39,72,22,381.0,8382.0,Sumeru Securities Pvt. Ltd.,Hatemalo Financial Services Private Limited,2026-04-21 11:19:02.129449
2026042104000727,AKJCL,39,85,989,381.0,376809.0,Sumeru Securities Pvt. Ltd.,Capital Hub P. Ltd,2026-04-21 11:19:02.129646
2026042104000731,AKJCL,83,85,11,381.0,4191.0,Sanima Securities Limited,Capital Hub P. Ltd,2026-04-21 11:19:07.414616
2026042104000783,AKJCL,91,38,4500,381.1,1714950.0,Citizens Share Broker Limited,Dipshikha Dhitopatra Karobar Co. Pvt Ltd.,2026-04-21 11:20:02.092607
2026042104000875,AKJCL,91,85,500,381.1,190550.0,Citizens Share Broker Limited,Capital Hub P. Ltd,2026-04-21 11:21:56.884541
2026042104000922,AKJCL,83,85,500,381.0,190500.0,Sanima Securities Limited,Capital Hub P. Ltd,2026-04-21 11:23:19.095586
2026042104000929,AKJCL,83,49,14,381.0,5334.0,Sanima Securities Limited,Online Securities Pvt. Ltd.,2026-04-21 11:23:23.866129
2026042104000956,AKJCL,34,49,16,380.0,6080.0,Vision Securities Pvt. Ltd,Online Securities Pvt. Ltd.,2026-04-21 11:24:02.957029
2026042104000999,AKJCL,34,58,26,380.0,9880.0,Vision Securities Pvt. Ltd,Naasa Securities Co. Ltd.,2026-04-21 11:24:28.225059
2026042104001062,AKJCL,42,94,250,381.8,95450.0,Sani Securities Company Ltd.,K.B.L. Securities Limited ,2026-04-21 11:26:24.884140
2026042104001063,AKJCL,42,94,250,381.9,95475.0,Sani Securities Company Ltd.,K.B.L. Securities Limited ,2026-04-21 11:26:24.884377
2026042104001075,AKJCL,14,94,10,381.9,3819.0,Nepal Stock House (PVT) Ltd.,K.B.L. Securities Limited ,2026-04-21 11:26:51.189374
2026042104001164,AKJCL,49,94,40,381.9,15276.0,Online Securities Pvt. Ltd.,K.B.L. Securities Limited ,2026-04-21 11:29:47.903987
2026042104001165,AKJCL,49,41,60,381.9,22914.0,Online Securities Pvt. Ltd.,Linch Stock Market Ltd.,2026-04-21 11:29:47.904197
2026042104001245,AKJCL,41,41,340,381.9,129846.0,Linch Stock Market Ltd.,Linch Stock Market Ltd.,2026-04-21 11:31:46.919296
2026042104001271,AKJCL,38,38,10,382.0,3820.0,Dipshikha Dhitopatra Karobar Co. Pvt Ltd.,Dipshikha Dhitopatra Karobar Co. Pvt Ltd.,2026-04-21 11:32:23.793486
2026042104001274,AKJCL,38,38,10,382.0,3820.0,Dipshikha Dhitopatra Karobar Co. Pvt Ltd.,Dipshikha Dhitopatra Karobar Co. Pvt Ltd.,2026-04-21 11:32:35.318419
2026042104001279,AKJCL,38,17,10,381.8,3818.0,Dipshikha Dhitopatra Karobar Co. Pvt Ltd.,ABC Securities Private Limited,2026-04-21 11:32:45.837277
2026042104001280,AKJCL,32,17,990,381.0,377190.0,Premier Securities Company Ltd.,ABC Securities Private Limited,2026-04-21 11:32:45.837398
2026042104001288,AKJCL,38,38,10,382.0,3820.0,Dipshikha Dhitopatra Karobar Co. Pvt Ltd.,Dipshikha Dhitopatra Karobar Co. Pvt Ltd.,2026-04-21 11:33:03.482200
2026042104001296,AKJCL,59,38,1000,382.0,382000.0,Deevyaa Securities & Stock House Pvt. Ltd,Dipshikha Dhitopatra Karobar Co. Pvt Ltd.,2026-04-21 11:33:29.043501
2026042104001300,AKJCL,59,38,970,382.0,370540.0,Deevyaa Securities & Stock House Pvt. Ltd,Dipshikha Dhitopatra Karobar Co. Pvt Ltd.,2026-04-21 11:33:39.139270
2026042104001301,AKJCL,59,5,30,382.0,11460.0,Deevyaa Securities & Stock House Pvt. Ltd,Market Securities & Exchange (PVT) Ltd.,2026-04-21 11:33:39.139552
2026042104001380,AKJCL,42,94,250,382.4,95600.0,Sani Securities Company Ltd.,K.B.L. Securities Limited ,2026-04-21 11:36:35.673025
2026042104001420,AKJCL,38,17,500,382.0,191000.0,Dipshikha Dhitopatra Karobar Co. Pvt Ltd.,ABC Securities Private Limited,2026-04-21 11:37:26.495900
2026042104001421,AKJCL,32,17,10,381.0,3810.0,Premier Securities Company Ltd.,ABC Securities Private Limited,2026-04-21 11:37:26.496001
2026042104001422,AKJCL,42,17,150,381.0,57150.0,Sani Securities Company Ltd.,ABC Securities Private Limited,2026-04-21 11:37:26.496070
2026042104001423,AKJCL,5,17,100,381.0,38100.0,Market Securities & Exchange (PVT) Ltd.,ABC Securities Private Limited,2026-04-21 11:37:26.496135
2026042104001424,AKJCL,60,17,240,381.0,91440.0,Nagarik Stock Dealer ,ABC Securities Private Limited,2026-04-21 11:37:26.496187
2026042104001538,AKJCL,45,33,20,382.5,7650.0,Imperial Securities Company Pvt. Ltd.,Dakshinkali Investment & Securities Pvt. Ltd.,2026-04-21 11:40:56.448586
2026042104001539,AKJCL,42,33,100,382.5,38250.0,Sani Securities Company Ltd.,Dakshinkali Investment & Securities Pvt. Ltd.,2026-04-21 11:40:58.139526
2026042104001549,AKJCL,38,33,130,382.5,49725.0,Dipshikha Dhitopatra Karobar Co. Pvt Ltd.,Dakshinkali Investment & Securities Pvt. Ltd.,2026-04-21 11:41:18.149880
2026042104001564,AKJCL,38,75,837,382.5,320152.5,Dipshikha Dhitopatra Karobar Co. Pvt Ltd.,N.I.M.B. Stock Markets Limited,2026-04-21 11:41:49.189476
2026042104001565,AKJCL,43,75,663,382.1,253332.3,South Asian Bulls Pvt. Ltd.,N.I.M.B. Stock Markets Limited,2026-04-21 11:41:49.189744
2026042104001569,AKJCL,42,58,20,382.8,7656.0,Sani Securities Company Ltd.,Naasa Securities Co. Ltd.,2026-04-21 11:41:57.720138
2026042104001570,AKJCL,42,94,10,383.9,3839.0,Sani Securities Company Ltd.,K.B.L. Securities Limited ,2026-04-21 11:41:57.720361
2026042104001612,AKJCL,63,94,190,383.9,72941.0,Himalayan Brokerage Company Limited,K.B.L. Securities Limited ,2026-04-21 11:42:56.129094
2026042104001613,AKJCL,63,64,500,383.9,191950.0,Himalayan Brokerage Company Limited,SUN SECURITIES PVT LTD,2026-04-21 11:42:56.129307
2026042104001615,AKJCL,63,22,15,383.9,5758.5,Himalayan Brokerage Company Limited,Siprabi Securities Pvt. Ltd.,2026-04-21 11:42:57.527509
2026042104001623,AKJCL,63,57,10,383.9,3839.0,Himalayan Brokerage Company Limited,Aryatara Investment & Securities,2026-04-21 11:43:09.332216
2026042104001630,AKJCL,64,85,500,384.0,192000.0,SUN SECURITIES PVT LTD,Capital Hub P. Ltd,2026-04-21 11:43:21.308537
2026042104001631,AKJCL,63,94,150,383.9,57585.0,Himalayan Brokerage Company Limited,K.B.L. Securities Limited ,2026-04-21 11:43:21.379301
2026042104001705,AKJCL,41,42,100,384.6,38460.0,Linch Stock Market Ltd.,Sani Securities Company Ltd.,2026-04-21 11:44:28.114275
2026042104001719,AKJCL,62,34,10,384.0,3840.0,Capital Max Securities Ltd,Vision Securities Pvt. Ltd,2026-04-21 11:44:32.673450
2026042104001737,AKJCL,32,42,100,384.8,38480.0,Premier Securities Company Ltd.,Sani Securities Company Ltd.,2026-04-21 11:44:54.075222
2026042104001738,AKJCL,32,85,1000,384.8,384800.0,Premier Securities Company Ltd.,Capital Hub P. Ltd,2026-04-21 11:44:54.075667
2026042104001739,AKJCL,32,42,100,384.9,38490.0,Premier Securities Company Ltd.,Sani Securities Company Ltd.,2026-04-21 11:44:54.075952
2026042104001740,AKJCL,32,75,800,384.9,307920.0,Premier Securities Company Ltd.,N.I.M.B. Stock Markets Limited,2026-04-21 11:44:54.076228
2026042104001747,AKJCL,41,75,200,384.9,76980.0,Linch Stock Market Ltd.,N.I.M.B. Stock Markets Limited,2026-04-21 11:45:12.204784
2026042104001748,AKJCL,41,80,500,384.9,192450.0,Linch Stock Market Ltd.,Indira securities pvt. ltd,2026-04-21 11:45:12.204826
2026042104001811,AKJCL,67,29,50,384.5,19225.0,Property Wiard Limited,Trisul Securities & Invt. Ltd.,2026-04-21 11:46:21.883854
2026042104001812,AKJCL,67,3,450,384.7,173115.0,Property Wiard Limited,Arun Securities (PVT) Ltd.,2026-04-21 11:46:21.884308
2026042104001813,AKJCL,67,21,1000,384.8,384800.0,Property Wiard Limited,Midas Stock Broking Company Private Limited,2026-04-21 11:46:21.884615
2026042104001924,AKJCL,62,38,10,384.0,3840.0,Capital Max Securities Ltd,Dipshikha Dhitopatra Karobar Co. Pvt Ltd.,2026-04-21 11:48:20.097505
2026042104002147,AKJCL,77,57,2000,383.8,767600.0,Nabil Stock Dealer Ltd.,Aryatara Investment & Securities,2026-04-21 11:52:49.764173
2026042104002151,AKJCL,91,38,36,384.0,13824.0,Citizens Share Broker Limited,Dipshikha Dhitopatra Karobar Co. Pvt Ltd.,2026-04-21 11:52:57.900687
2026042104002165,AKJCL,77,38,500,384.0,192000.0,Nabil Stock Dealer Ltd.,Dipshikha Dhitopatra Karobar Co. Pvt Ltd.,2026-04-21 11:53:11.097989
2026042104002423,AKJCL,32,75,500,382.9,191450.0,Premier Securities Company Ltd.,N.I.M.B. Stock Markets Limited,2026-04-21 11:56:33.656175
2026042104002429,AKJCL,41,68,500,382.8,191400.0,Linch Stock Market Ltd.,Elite Stock House Limited,2026-04-21 11:56:42.201554
2026042104002430,AKJCL,56,68,100,382.7,38270.0,Sri Hari Securities Pvt. Ltd.,Elite Stock House Limited,2026-04-21 11:56:42.202076
2026042104002431,AKJCL,13,68,300,382.7,114810.0,Thrive Brokerage House Pvt. Ltd,Elite Stock House Limited,2026-04-21 11:56:42.202415
2026042104002432,AKJCL,58,68,100,382.1,38210.0,Naasa Securities Co. Ltd.,Elite Stock House Limited,2026-04-21 11:56:42.202739
2026042104002482,AKJCL,58,75,150,382.1,57315.0,Naasa Securities Co. Ltd.,N.I.M.B. Stock Markets Limited,2026-04-21 11:57:16.716868
2026042104002483,AKJCL,43,75,337,382.1,128767.7,South Asian Bulls Pvt. Ltd.,N.I.M.B. Stock Markets Limited,2026-04-21 11:57:16.717381
2026042104002484,AKJCL,49,75,14,382.0,5348.0,Online Securities Pvt. Ltd.,N.I.M.B. Stock Markets Limited,2026-04-21 11:57:16.717679
2026042104002485,AKJCL,63,75,4499,382.0,1718618.0,Himalayan Brokerage Company Limited,N.I.M.B. Stock Markets Limited,2026-04-21 11:57:16.717968
2026042104002594,AKJCL,52,58,730,382.1,278933.0,Sundhara Securities Limited,Naasa Securities Co. Ltd.,2026-04-21 11:59:16.506139
2026042104002633,AKJCL,52,38,270,382.1,103167.0,Sundhara Securities Limited,Dipshikha Dhitopatra Karobar Co. Pvt Ltd.,2026-04-21 12:00:06.028137
2026042104002634,AKJCL,52,38,730,382.1,278933.0,Sundhara Securities Limited,Dipshikha Dhitopatra Karobar Co. Pvt Ltd.,2026-04-21 12:00:06.028446
2026042104002677,AKJCL,52,49,125,382.1,47762.5,Sundhara Securities Limited,Online Securities Pvt. Ltd.,2026-04-21 12:01:07.005655
2026042104002678,AKJCL,52,94,145,382.1,55404.5,Sundhara Securities Limited,K.B.L. Securities Limited ,2026-04-21 12:01:07.755775
2026042104002679,AKJCL,59,94,105,382.1,40120.5,Deevyaa Securities & Stock House Pvt. Ltd,K.B.L. Securities Limited ,2026-04-21 12:01:09.714715
2026042104002684,AKJCL,59,38,895,382.2,342069.0,Deevyaa Securities & Stock House Pvt. Ltd,Dipshikha Dhitopatra Karobar Co. Pvt Ltd.,2026-04-21 12:01:17.149116
2026042104002685,AKJCL,63,38,501,382.0,191382.0,Himalayan Brokerage Company Limited,Dipshikha Dhitopatra Karobar Co. Pvt Ltd.,2026-04-21 12:01:17.149210
2026042104002686,AKJCL,50,38,10,382.0,3820.0,Cristal Kanchanjanga Securites Pvt. Ltd.,Dipshikha Dhitopatra Karobar Co. Pvt Ltd.,2026-04-21 12:01:17.149286
2026042104002687,AKJCL,32,38,1000,382.0,382000.0,Premier Securities Company Ltd.,Dipshikha Dhitopatra Karobar Co. Pvt Ltd.,2026-04-21 12:01:17.149391
2026042104002688,AKJCL,41,38,594,381.9,226848.6,Linch Stock Market Ltd.,Dipshikha Dhitopatra Karobar Co. Pvt Ltd.,2026-04-21 12:01:17.149464
2026042104002696,AKJCL,41,38,406,381.9,155051.4,Linch Stock Market Ltd.,Dipshikha Dhitopatra Karobar Co. Pvt Ltd.,2026-04-21 12:01:33.847239
2026042104002697,AKJCL,6,38,1000,381.8,381800.0,Agrawal Securities (PVT) Ltd.,Dipshikha Dhitopatra Karobar Co. Pvt Ltd.,2026-04-21 12:01:33.847308
2026042104002698,AKJCL,38,38,500,381.7,190850.0,Dipshikha Dhitopatra Karobar Co. Pvt Ltd.,Dipshikha Dhitopatra Karobar Co. Pvt Ltd.,2026-04-21 12:01:33.847349
2026042104002699,AKJCL,13,38,100,381.6,38160.0,Thrive Brokerage House Pvt. Ltd,Dipshikha Dhitopatra Karobar Co. Pvt Ltd.,2026-04-21 12:01:33.847384
2026042104002700,AKJCL,60,38,2994,381.5,1142211.0,Nagarik Stock Dealer ,Dipshikha Dhitopatra Karobar Co. Pvt Ltd.,2026-04-21 12:01:33.847423
2026042104002710,AKJCL,60,38,1766,381.5,673729.0,Nagarik Stock Dealer ,Dipshikha Dhitopatra Karobar Co. Pvt Ltd.,2026-04-21 12:01:47.119225
2026042104002711,AKJCL,60,38,734,381.5,280021.0,Nagarik Stock Dealer ,Dipshikha Dhitopatra Karobar Co. Pvt Ltd.,2026-04-21 12:01:47.119353
2026042104002777,AKJCL,60,50,60,381.5,22890.0,Nagarik Stock Dealer ,Cristal Kanchanjanga Securites Pvt. Ltd.,2026-04-21 12:02:44.145351
2026042104002794,AKJCL,44,38,600,383.0,229800.0,Dynamic Money Managers Securities Pvt. Ltd.,Dipshikha Dhitopatra Karobar Co. Pvt Ltd.,2026-04-21 12:02:58.213823
2026042104002814,AKJCL,58,75,10,381.4,3814.0,Naasa Securities Co. Ltd.,N.I.M.B. Stock Markets Limited,2026-04-21 12:03:21.298364
2026042104002858,AKJCL,52,49,20,382.0,7640.0,Sundhara Securities Limited,Online Securities Pvt. Ltd.,2026-04-21 12:04:27.313018
2026042104002859,AKJCL,58,49,190,381.4,72466.0,Naasa Securities Co. Ltd.,Online Securities Pvt. Ltd.,2026-04-21 12:04:27.313110
2026042104002860,AKJCL,41,49,500,381.3,190650.0,Linch Stock Market Ltd.,Online Securities Pvt. Ltd.,2026-04-21 12:04:27.313159
2026042104002861,AKJCL,39,49,280,381.2,106736.0,Sumeru Securities Pvt. Ltd.,Online Securities Pvt. Ltd.,2026-04-21 12:04:27.313188
2026042104002907,AKJCL,39,14,20,381.2,7624.0,Sumeru Securities Pvt. Ltd.,Nepal Stock House (PVT) Ltd.,2026-04-21 12:05:19.326267
2026042104003122,AKJCL,39,48,700,381.2,266840.0,Sumeru Securities Pvt. Ltd.,Trishakti Securities Public Limited,2026-04-21 12:11:39.255279
2026042104003123,AKJCL,42,48,100,380.9,38090.0,Sani Securities Company Ltd.,Trishakti Securities Public Limited,2026-04-21 12:11:39.255406
2026042104003124,AKJCL,42,48,100,380.8,38080.0,Sani Securities Company Ltd.,Trishakti Securities Public Limited,2026-04-21 12:11:39.255475
2026042104003125,AKJCL,41,48,500,380.6,190300.0,Linch Stock Market Ltd.,Trishakti Securities Public Limited,2026-04-21 12:11:39.255546
2026042104003126,AKJCL,41,48,500,380.5,190250.0,Linch Stock Market Ltd.,Trishakti Securities Public Limited,2026-04-21 12:11:39.255645
2026042104003127,AKJCL,5,48,100,380.4,38040.0,Market Securities & Exchange (PVT) Ltd.,Trishakti Securities Public Limited,2026-04-21 12:11:39.255735
2026042104003128,AKJCL,42,48,250,380.3,95075.0,Sani Securities Company Ltd.,Trishakti Securities Public Limited,2026-04-21 12:11:39.255803
2026042104003129,AKJCL,81,48,1000,380.1,380100.0,Aakashbhairab Securities Ltd.,Trishakti Securities Public Limited,2026-04-21 12:11:39.255862
2026042104003130,AKJCL,10,48,300,380.1,114030.0,Pragyan Securities (PVT) Ltd.,Trishakti Securities Public Limited,2026-04-21 12:11:39.255923
2026042104003131,AKJCL,34,48,58,380.0,22040.0,Vision Securities Pvt. Ltd,Trishakti Securities Public Limited,2026-04-21 12:11:39.255989
2026042104003132,AKJCL,58,48,50,380.0,19000.0,Naasa Securities Co. Ltd.,Trishakti Securities Public Limited,2026-04-21 12:11:39.256056
2026042104003133,AKJCL,83,48,145,380.0,55100.0,Sanima Securities Limited,Trishakti Securities Public Limited,2026-04-21 12:11:39.256141
2026042104003134,AKJCL,62,48,80,380.0,30400.0,Capital Max Securities Ltd,Trishakti Securities Public Limited,2026-04-21 12:11:39.256208
2026042104003135,AKJCL,38,48,416,380.0,158080.0,Dipshikha Dhitopatra Karobar Co. Pvt Ltd.,Trishakti Securities Public Limited,2026-04-21 12:11:39.256269
2026042104003136,AKJCL,17,48,200,380.0,76000.0,ABC Securities Private Limited,Trishakti Securities Public Limited,2026-04-21 12:11:39.256345
2026042104003137,AKJCL,58,48,501,380.0,190380.0,Naasa Securities Co. Ltd.,Trishakti Securities Public Limited,2026-04-21 12:11:39.256406
2026042104003174,AKJCL,1,49,20,380.1,7602.0,Kumari Securities Private Limited,Online Securities Pvt. Ltd.,2026-04-21 12:12:46.763539
2026042104003188,AKJCL,52,94,1000,382.0,382000.0,Sundhara Securities Limited,K.B.L. Securities Limited ,2026-04-21 12:13:29.977990
2026042104003190,AKJCL,52,94,1000,382.0,382000.0,Sundhara Securities Limited,K.B.L. Securities Limited ,2026-04-21 12:13:40.797274
2026042104003217,AKJCL,48,94,100,380.3,38030.0,Trishakti Securities Public Limited,K.B.L. Securities Limited ,2026-04-21 12:14:19.747392
2026042104003254,AKJCL,48,38,4900,380.3,1863470.0,Trishakti Securities Public Limited,Dipshikha Dhitopatra Karobar Co. Pvt Ltd.,2026-04-21 12:15:34.511444
2026042104003277,AKJCL,1,48,300,382.0,114600.0,Kumari Securities Private Limited,Trishakti Securities Public Limited,2026-04-21 12:15:53.101403
2026042104003278,AKJCL,1,58,700,382.0,267400.0,Kumari Securities Private Limited,Naasa Securities Co. Ltd.,2026-04-21 12:15:53.101709
2026042104003450,AKJCL,48,77,1000,380.4,380400.0,Trishakti Securities Public Limited,Nabil Stock Dealer Ltd.,2026-04-21 12:20:45.404103
2026042104003451,AKJCL,10,77,50,380.3,19015.0,Pragyan Securities (PVT) Ltd.,Nabil Stock Dealer Ltd.,2026-04-21 12:20:45.404796
2026042104003452,AKJCL,81,77,1000,380.3,380300.0,Aakashbhairab Securities Ltd.,Nabil Stock Dealer Ltd.,2026-04-21 12:20:45.405151
2026042104003453,AKJCL,41,77,500,380.2,190100.0,Linch Stock Market Ltd.,Nabil Stock Dealer Ltd.,2026-04-21 12:20:45.405476
2026042104003454,AKJCL,81,77,510,380.2,193902.0,Aakashbhairab Securities Ltd.,Nabil Stock Dealer Ltd.,2026-04-21 12:20:45.405770
2026042104003455,AKJCL,1,77,980,380.1,372498.0,Kumari Securities Private Limited,Nabil Stock Dealer Ltd.,2026-04-21 12:20:45.406052
2026042104003456,AKJCL,58,77,460,380.0,174800.0,Naasa Securities Co. Ltd.,Nabil Stock Dealer Ltd.,2026-04-21 12:20:45.406385
2026042104003564,AKJCL,58,57,39,380.0,14820.0,Naasa Securities Co. Ltd.,Aryatara Investment & Securities,2026-04-21 12:22:58.162838
2026042104003565,AKJCL,13,57,11,380.0,4180.0,Thrive Brokerage House Pvt. Ltd,Aryatara Investment & Securities,2026-04-21 12:22:58.163162
2026042104003739,AKJCL,13,58,39,380.0,14820.0,Thrive Brokerage House Pvt. Ltd,Naasa Securities Co. Ltd.,2026-04-21 12:26:36.303036
2026042104003743,AKJCL,32,58,1000,380.0,380000.0,Premier Securities Company Ltd.,Naasa Securities Co. Ltd.,2026-04-21 12:26:44.031640
2026042104003798,AKJCL,32,58,357,380.0,135660.0,Premier Securities Company Ltd.,Naasa Securities Co. Ltd.,2026-04-21 12:28:17.352257
2026042104003871,AKJCL,45,19,1000,380.5,380500.0,Imperial Securities Company Pvt. Ltd.,Nepal Investment And Securities Trading Private Limited,2026-04-21 12:29:41.780151
2026042104003872,AKJCL,32,19,643,380.0,244340.0,Premier Securities Company Ltd.,Nepal Investment And Securities Trading Private Limited,2026-04-21 12:29:41.780492
2026042104003920,AKJCL,6,58,10,379.9,3799.0,Agrawal Securities (PVT) Ltd.,Naasa Securities Co. Ltd.,2026-04-21 12:30:50.501268
2026042104003929,AKJCL,6,19,130,379.9,49387.0,Agrawal Securities (PVT) Ltd.,Nepal Investment And Securities Trading Private Limited,2026-04-21 12:31:00.821326
2026042104003930,AKJCL,89,19,10,379.8,3798.0,Global IME Securities Limited,Nepal Investment And Securities Trading Private Limited,2026-04-21 12:31:00.821588
2026042104003931,AKJCL,10,19,50,379.6,18980.0,Pragyan Securities (PVT) Ltd.,Nepal Investment And Securities Trading Private Limited,2026-04-21 12:31:00.821696
2026042104003932,AKJCL,95,19,500,379.3,189650.0,Magnet Securities and Investment Company Private Limited,Nepal Investment And Securities Trading Private Limited,2026-04-21 12:31:00.821802
2026042104003933,AKJCL,34,19,60,379.2,22752.0,Vision Securities Pvt. Ltd,Nepal Investment And Securities Trading Private Limited,2026-04-21 12:31:00.821906
2026042104003934,AKJCL,86,19,1592,379.2,603686.4,Stoxkarts Securities Limited,Nepal Investment And Securities Trading Private Limited,2026-04-21 12:31:00.822023
2026042104004182,AKJCL,56,80,1312,379.3,497641.6,Sri Hari Securities Pvt. Ltd.,Indira securities pvt. ltd,2026-04-21 12:35:39.155021
2026042104004230,AKJCL,41,45,100,379.2,37920.0,Linch Stock Market Ltd.,Imperial Securities Company Pvt. Ltd.,2026-04-21 12:37:12.290742
2026042104004272,AKJCL,41,39,200,379.2,75840.0,Linch Stock Market Ltd.,Sumeru Securities Pvt. Ltd.,2026-04-21 12:38:10.178387
2026042104004273,AKJCL,56,80,1000,379.3,379300.0,Sri Hari Securities Pvt. Ltd.,Indira securities pvt. ltd,2026-04-21 12:38:13.965251
2026042104004343,AKJCL,41,38,200,379.2,75840.0,Linch Stock Market Ltd.,Dipshikha Dhitopatra Karobar Co. Pvt Ltd.,2026-04-21 12:39:21.273942
2026042104004344,AKJCL,80,38,500,379.2,189600.0,Indira securities pvt. ltd,Dipshikha Dhitopatra Karobar Co. Pvt Ltd.,2026-04-21 12:39:21.274510
2026042104004345,AKJCL,29,38,150,379.1,56865.0,Trisul Securities & Invt. Ltd.,Dipshikha Dhitopatra Karobar Co. Pvt Ltd.,2026-04-21 12:39:21.274845
2026042104004359,AKJCL,56,80,1000,379.2,379200.0,Sri Hari Securities Pvt. Ltd.,Indira securities pvt. ltd,2026-04-21 12:39:37.752801
2026042104004602,AKJCL,6,41,183,379.3,69411.9,Agrawal Securities (PVT) Ltd.,Linch Stock Market Ltd.,2026-04-21 12:45:42.746658
2026042104004614,AKJCL,6,16,317,379.3,120238.1,Agrawal Securities (PVT) Ltd.,Primo Securities (PVT) Ltd.,2026-04-21 12:46:24.997797
2026042104004615,AKJCL,38,16,200,379.2,75840.0,Dipshikha Dhitopatra Karobar Co. Pvt Ltd.,Primo Securities (PVT) Ltd.,2026-04-21 12:46:24.998105
2026042104004616,AKJCL,75,16,483,379.2,183153.6,N.I.M.B. Stock Markets Limited,Primo Securities (PVT) Ltd.,2026-04-21 12:46:24.998221
2026042104004626,AKJCL,99,34,20,380.0,7600.0,Prabhu Stock Market Limited,Vision Securities Pvt. Ltd,2026-04-21 12:46:52.284086
2026042104004627,AKJCL,99,21,500,380.0,190000.0,Prabhu Stock Market Limited,Midas Stock Broking Company Private Limited,2026-04-21 12:46:52.284444
2026042104004821,AKJCL,58,59,400,381.0,152400.0,Naasa Securities Co. Ltd.,Deevyaa Securities & Stock House Pvt. Ltd,2026-04-21 12:50:49.209626
2026042104004833,AKJCL,86,59,600,381.0,228600.0,Stoxkarts Securities Limited,Deevyaa Securities & Stock House Pvt. Ltd,2026-04-21 12:51:09.292845
2026042104004834,AKJCL,86,77,1000,381.9,381900.0,Stoxkarts Securities Limited,Nabil Stock Dealer Ltd.,2026-04-21 12:51:09.293171
2026042104004835,AKJCL,86,28,500,381.9,190950.0,Stoxkarts Securities Limited,Shree Krishna Securities Ltd.,2026-04-21 12:51:09.293309
2026042104004836,AKJCL,86,29,1245,382.0,475590.0,Stoxkarts Securities Limited,Trisul Securities & Invt. Ltd.,2026-04-21 12:51:09.293438
2026042104004837,AKJCL,86,42,88,382.0,33616.0,Stoxkarts Securities Limited,Sani Securities Company Ltd.,2026-04-21 12:51:09.293550
2026042104004838,AKJCL,86,86,975,382.0,372450.0,Stoxkarts Securities Limited,Stoxkarts Securities Limited,2026-04-21 12:51:09.293673
2026042104004874,AKJCL,32,86,1000,382.0,382000.0,Premier Securities Company Ltd.,Stoxkarts Securities Limited,2026-04-21 12:51:50.083241
2026042104004888,AKJCL,71,58,50,380.2,19010.0,SHUBHAKAMANA SECURITIES PVT. LTD,Naasa Securities Co. Ltd.,2026-04-21 12:52:16.982382
2026042104004912,AKJCL,32,94,150,380.6,57090.0,Premier Securities Company Ltd.,K.B.L. Securities Limited ,2026-04-21 12:53:02.350318
2026042104004978,AKJCL,32,63,120,380.8,45696.0,Premier Securities Company Ltd.,Himalayan Brokerage Company Limited,2026-04-21 12:54:00.445180
2026042104005020,AKJCL,71,46,40,380.9,15236.0,SHUBHAKAMANA SECURITIES PVT. LTD,Kalika Securities Pvt. Ltd.,2026-04-21 12:54:58.338059
2026042104005022,AKJCL,32,46,40,381.0,15240.0,Premier Securities Company Ltd.,Kalika Securities Pvt. Ltd.,2026-04-21 12:55:03.705478
2026042104005070,AKJCL,32,86,690,382.0,263580.0,Premier Securities Company Ltd.,Stoxkarts Securities Limited,2026-04-21 12:56:11.332995
2026042104005098,AKJCL,42,38,45,381.2,17154.0,Sani Securities Company Ltd.,Dipshikha Dhitopatra Karobar Co. Pvt Ltd.,2026-04-21 12:56:25.764642
2026042104005182,AKJCL,42,94,50,381.2,19060.0,Sani Securities Company Ltd.,K.B.L. Securities Limited ,2026-04-21 12:57:05.355234
2026042104005274,AKJCL,44,46,20,381.5,7630.0,Dynamic Money Managers Securities Pvt. Ltd.,Kalika Securities Pvt. Ltd.,2026-04-21 12:58:36.525268
2026042104005357,AKJCL,71,7,10,381.6,3816.0,SHUBHAKAMANA SECURITIES PVT. LTD,J.F. Securites (PVT) Ltd.,2026-04-21 13:01:24.680195
2026042104005385,AKJCL,44,86,500,382.0,191000.0,Dynamic Money Managers Securities Pvt. Ltd.,Stoxkarts Securities Limited,2026-04-21 13:02:14.230426
2026042104005391,AKJCL,58,86,2000,382.0,764000.0,Naasa Securities Co. Ltd.,Stoxkarts Securities Limited,2026-04-21 13:02:24.609413
2026042104005400,AKJCL,71,86,335,382.0,127970.0,SHUBHAKAMANA SECURITIES PVT. LTD,Stoxkarts Securities Limited,2026-04-21 13:02:57.289037
2026042104005401,AKJCL,71,4,78,382.0,29796.0,SHUBHAKAMANA SECURITIES PVT. LTD,Opal Securities Investment (PVT) Ltd.,2026-04-21 13:02:57.289364
2026042104005402,AKJCL,71,35,200,382.0,76400.0,SHUBHAKAMANA SECURITIES PVT. LTD,Kohinoor Investment & Securities Pvt. Ltd.,2026-04-21 13:02:57.289500
2026042104005403,AKJCL,71,35,287,382.0,109634.0,SHUBHAKAMANA SECURITIES PVT. LTD,Kohinoor Investment & Securities Pvt. Ltd.,2026-04-21 13:02:57.289617
2026042104005463,AKJCL,28,35,213,382.0,81366.0,Shree Krishna Securities Ltd.,Kohinoor Investment & Securities Pvt. Ltd.,2026-04-21 13:04:08.536896
2026042104005464,AKJCL,28,58,400,382.0,152800.0,Shree Krishna Securities Ltd.,Naasa Securities Co. Ltd.,2026-04-21 13:04:08.537491
2026042104005465,AKJCL,28,58,137,382.0,52334.0,Shree Krishna Securities Ltd.,Naasa Securities Co. Ltd.,2026-04-21 13:04:08.537846
2026042104005634,AKJCL,44,48,10,382.0,3820.0,Dynamic Money Managers Securities Pvt. Ltd.,Trishakti Securities Public Limited,2026-04-21 13:08:54.122256
2026042104005735,AKJCL,41,84,500,381.6,190800.0,Linch Stock Market Ltd.,MILKY WAY SHARE BROKER COMPANY LTD ,2026-04-21 13:11:04.265140
2026042104005759,AKJCL,58,48,20,381.5,7630.0,Naasa Securities Co. Ltd.,Trishakti Securities Public Limited,2026-04-21 13:11:39.932680
2026042104005760,AKJCL,39,48,100,381.5,38150.0,Sumeru Securities Pvt. Ltd.,Trishakti Securities Public Limited,2026-04-21 13:11:39.933238
2026042104005763,AKJCL,43,48,25,381.5,9537.5,South Asian Bulls Pvt. Ltd.,Trishakti Securities Public Limited,2026-04-21 13:11:45.252805
2026042104005795,AKJCL,99,48,45,381.5,17167.5,Prabhu Stock Market Limited,Trishakti Securities Public Limited,2026-04-21 13:12:11.376047
2026042104005817,AKJCL,99,84,4435,382.0,1694170.0,Prabhu Stock Market Limited,MILKY WAY SHARE BROKER COMPANY LTD ,2026-04-21 13:12:32.396470
2026042104005879,AKJCL,35,38,200,382.0,76400.0,Kohinoor Investment & Securities Pvt. Ltd.,Dipshikha Dhitopatra Karobar Co. Pvt Ltd.,2026-04-21 13:13:55.855376
2026042104005880,AKJCL,91,38,500,382.0,191000.0,Citizens Share Broker Limited,Dipshikha Dhitopatra Karobar Co. Pvt Ltd.,2026-04-21 13:13:55.855701
2026042104006074,AKJCL,45,58,100,381.3,38130.0,Imperial Securities Company Pvt. Ltd.,Naasa Securities Co. Ltd.,2026-04-21 13:17:40.761261
2026042104006086,AKJCL,45,84,400,381.3,152520.0,Imperial Securities Company Pvt. Ltd.,MILKY WAY SHARE BROKER COMPANY LTD ,2026-04-21 13:17:50.870611
2026042104006087,AKJCL,71,84,4599,380.8,1751299.2,SHUBHAKAMANA SECURITIES PVT. LTD,MILKY WAY SHARE BROKER COMPANY LTD ,2026-04-21 13:17:50.871013
2026042104006099,AKJCL,28,84,500,380.7,190350.0,Shree Krishna Securities Ltd.,MILKY WAY SHARE BROKER COMPANY LTD ,2026-04-21 13:18:48.951408
2026042104006100,AKJCL,39,84,100,380.6,38060.0,Sumeru Securities Pvt. Ltd.,MILKY WAY SHARE BROKER COMPANY LTD ,2026-04-21 13:18:48.951761
2026042104006101,AKJCL,45,84,500,380.5,190250.0,Imperial Securities Company Pvt. Ltd.,MILKY WAY SHARE BROKER COMPANY LTD ,2026-04-21 13:18:48.951888
2026042104006102,AKJCL,41,84,500,380.3,190150.0,Linch Stock Market Ltd.,MILKY WAY SHARE BROKER COMPANY LTD ,2026-04-21 13:18:48.952012
2026042104006103,AKJCL,48,84,2900,380.2,1102580.0,Trishakti Securities Public Limited,MILKY WAY SHARE BROKER COMPANY LTD ,2026-04-21 13:18:48.952135
2026042104006127,AKJCL,58,48,50,381.8,19090.0,Naasa Securities Co. Ltd.,Trishakti Securities Public Limited,2026-04-21 13:19:13.619206
2026042104006142,AKJCL,29,84,500,381.9,190950.0,Trisul Securities & Invt. Ltd.,MILKY WAY SHARE BROKER COMPANY LTD ,2026-04-21 13:19:20.985523
2026042104006232,AKJCL,29,35,1000,380.1,380100.0,Trisul Securities & Invt. Ltd.,Kohinoor Investment & Securities Pvt. Ltd.,2026-04-21 13:21:41.771524
2026042104006249,AKJCL,35,45,10,380.8,3808.0,Kohinoor Investment & Securities Pvt. Ltd.,Imperial Securities Company Pvt. Ltd.,2026-04-21 13:21:57.588722
2026042104006265,AKJCL,59,42,40,381.7,15268.0,Deevyaa Securities & Stock House Pvt. Ltd,Sani Securities Company Ltd.,2026-04-21 13:22:07.196652
2026042104006266,AKJCL,59,84,1500,381.9,572850.0,Deevyaa Securities & Stock House Pvt. Ltd,MILKY WAY SHARE BROKER COMPANY LTD ,2026-04-21 13:22:07.197010
2026042104006273,AKJCL,35,38,990,382.0,378180.0,Kohinoor Investment & Securities Pvt. Ltd.,Dipshikha Dhitopatra Karobar Co. Pvt Ltd.,2026-04-21 13:22:20.896279
2026042104006325,AKJCL,14,38,100,382.0,38200.0,Nepal Stock House (PVT) Ltd.,Dipshikha Dhitopatra Karobar Co. Pvt Ltd.,2026-04-21 13:23:35.790939
2026042104006355,AKJCL,59,58,10,381.9,3819.0,Deevyaa Securities & Stock House Pvt. Ltd,Naasa Securities Co. Ltd.,2026-04-21 13:24:07.444259
2026042104006376,AKJCL,86,86,4000,381.9,1527600.0,Stoxkarts Securities Limited,Stoxkarts Securities Limited,2026-04-21 13:24:51.483006
2026042104006521,AKJCL,39,58,20,381.0,7620.0,Sumeru Securities Pvt. Ltd.,Naasa Securities Co. Ltd.,2026-04-21 13:27:01.649073
2026042104006522,AKJCL,39,58,30,380.1,11403.0,Sumeru Securities Pvt. Ltd.,Naasa Securities Co. Ltd.,2026-04-21 13:27:01.649678
2026042104006585,AKJCL,39,95,70,380.1,26607.0,Sumeru Securities Pvt. Ltd.,Magnet Securities and Investment Company Private Limited,2026-04-21 13:28:23.123670
2026042104006586,AKJCL,39,95,100,380.1,38010.0,Sumeru Securities Pvt. Ltd.,Magnet Securities and Investment Company Private Limited,2026-04-21 13:28:23.123770
2026042104006587,AKJCL,56,95,132,380.0,50160.0,Sri Hari Securities Pvt. Ltd.,Magnet Securities and Investment Company Private Limited,2026-04-21 13:28:23.123842
2026042104006588,AKJCL,48,95,908,380.0,345040.0,Trishakti Securities Public Limited,Magnet Securities and Investment Company Private Limited,2026-04-21 13:28:23.123902
2026042104006689,AKJCL,48,42,30,380.0,11400.0,Trishakti Securities Public Limited,Sani Securities Company Ltd.,2026-04-21 13:31:00.417009
2026042104006691,AKJCL,77,71,100,380.5,38050.0,Nabil Stock Dealer Ltd.,SHUBHAKAMANA SECURITIES PVT. LTD,2026-04-21 13:31:06.008731
2026042104006692,AKJCL,77,43,30,381.0,11430.0,Nabil Stock Dealer Ltd.,South Asian Bulls Pvt. Ltd.,2026-04-21 13:31:06.009085
2026042104006693,AKJCL,77,82,1000,381.9,381900.0,Nabil Stock Dealer Ltd.,N.M.B. SECURITIES LIMITED,2026-04-21 13:31:06.009209
2026042104006694,AKJCL,77,38,1210,382.0,462220.0,Nabil Stock Dealer Ltd.,Dipshikha Dhitopatra Karobar Co. Pvt Ltd.,2026-04-21 13:31:06.009341
2026042104006704,AKJCL,77,58,90,382.0,34380.0,Nabil Stock Dealer Ltd.,Naasa Securities Co. Ltd.,2026-04-21 13:31:36.175309
2026042104006797,AKJCL,77,85,70,382.0,26740.0,Nabil Stock Dealer Ltd.,Capital Hub P. Ltd,2026-04-21 13:33:34.907304
2026042104006798,AKJCL,52,85,25,382.0,9550.0,Sundhara Securities Limited,Capital Hub P. Ltd,2026-04-21 13:33:34.907613
2026042104006818,AKJCL,52,38,25,382.0,9550.0,Sundhara Securities Limited,Dipshikha Dhitopatra Karobar Co. Pvt Ltd.,2026-04-21 13:34:21.150934
2026042104006884,AKJCL,94,66,11,381.4,4195.4,K.B.L. Securities Limited ,Miyo Securities Pvt Ltd,2026-04-21 13:35:59.098530
2026042104006954,AKJCL,52,66,10,381.4,3814.0,Sundhara Securities Limited,Miyo Securities Pvt Ltd,2026-04-21 13:36:40.635573
2026042104006986,AKJCL,10,66,48,381.4,18307.2,Pragyan Securities (PVT) Ltd.,Miyo Securities Pvt Ltd,2026-04-21 13:37:25.963109
2026042104007019,AKJCL,71,94,400,381.5,152600.0,SHUBHAKAMANA SECURITIES PVT. LTD,K.B.L. Securities Limited ,2026-04-21 13:38:00.906804
2026042104007020,AKJCL,71,66,58,381.6,22132.8,SHUBHAKAMANA SECURITIES PVT. LTD,Miyo Securities Pvt Ltd,2026-04-21 13:38:00.907447
2026042104007021,AKJCL,71,66,58,381.7,22138.6,SHUBHAKAMANA SECURITIES PVT. LTD,Miyo Securities Pvt Ltd,2026-04-21 13:38:00.907868
2026042104007022,AKJCL,71,66,58,381.8,22144.4,SHUBHAKAMANA SECURITIES PVT. LTD,Miyo Securities Pvt Ltd,2026-04-21 13:38:00.908254
2026042104007023,AKJCL,71,38,2000,381.9,763800.0,SHUBHAKAMANA SECURITIES PVT. LTD,Dipshikha Dhitopatra Karobar Co. Pvt Ltd.,2026-04-21 13:38:00.908646
2026042104007024,AKJCL,71,66,58,381.9,22150.2,SHUBHAKAMANA SECURITIES PVT. LTD,Miyo Securities Pvt Ltd,2026-04-21 13:38:00.909020
2026042104007025,AKJCL,71,38,975,382.0,372450.0,SHUBHAKAMANA SECURITIES PVT. LTD,Dipshikha Dhitopatra Karobar Co. Pvt Ltd.,2026-04-21 13:38:00.909489
2026042104007026,AKJCL,71,57,150,382.0,57300.0,SHUBHAKAMANA SECURITIES PVT. LTD,Aryatara Investment & Securities,2026-04-21 13:38:00.909674
2026042104007046,AKJCL,71,98,200,381.5,76300.0,SHUBHAKAMANA SECURITIES PVT. LTD,Trademow Securities Private Limited,2026-04-21 13:38:27.113736
2026042104007111,AKJCL,41,10,168,381.6,64108.8,Linch Stock Market Ltd.,Pragyan Securities (PVT) Ltd.,2026-04-21 13:39:03.874730
2026042104007238,AKJCL,10,66,64,382.7,24492.8,Pragyan Securities (PVT) Ltd.,Miyo Securities Pvt Ltd,2026-04-21 13:41:06.594517
2026042104007239,AKJCL,10,66,64,382.8,24499.2,Pragyan Securities (PVT) Ltd.,Miyo Securities Pvt Ltd,2026-04-21 13:41:06.595175
2026042104007297,AKJCL,10,89,124,382.8,47467.2,Pragyan Securities (PVT) Ltd.,Global IME Securities Limited,2026-04-21 13:42:25.671429
2026042104007436,AKJCL,41,67,250,381.6,95400.0,Linch Stock Market Ltd.,Property Wiard Limited,2026-04-21 13:45:56.699721
2026042104007452,AKJCL,41,66,82,381.6,31291.2,Linch Stock Market Ltd.,Miyo Securities Pvt Ltd,2026-04-21 13:46:19.989632
2026042104007453,AKJCL,29,66,500,381.6,190800.0,Trisul Securities & Invt. Ltd.,Miyo Securities Pvt Ltd,2026-04-21 13:46:19.989947
2026042104007454,AKJCL,70,66,418,381.6,159508.8,Infinity Securities Limited,Miyo Securities Pvt Ltd,2026-04-21 13:46:19.990103
2026042104007528,AKJCL,70,58,17,381.6,6487.2,Infinity Securities Limited,Naasa Securities Co. Ltd.,2026-04-21 13:48:47.695383
2026042104007543,AKJCL,70,66,565,381.6,215604.0,Infinity Securities Limited,Miyo Securities Pvt Ltd,2026-04-21 13:49:11.360650
2026042104007544,AKJCL,52,66,70,381.6,26712.0,Sundhara Securities Limited,Miyo Securities Pvt Ltd,2026-04-21 13:49:11.361358
2026042104007545,AKJCL,56,66,265,381.6,101124.0,Sri Hari Securities Pvt. Ltd.,Miyo Securities Pvt Ltd,2026-04-21 13:49:11.361745
2026042104007549,AKJCL,56,38,35,381.6,13356.0,Sri Hari Securities Pvt. Ltd.,Dipshikha Dhitopatra Karobar Co. Pvt Ltd.,2026-04-21 13:49:21.262366
2026042104007550,AKJCL,41,38,500,380.3,190150.0,Linch Stock Market Ltd.,Dipshikha Dhitopatra Karobar Co. Pvt Ltd.,2026-04-21 13:49:21.262496
2026042104007551,AKJCL,56,38,300,380.3,114090.0,Sri Hari Securities Pvt. Ltd.,Dipshikha Dhitopatra Karobar Co. Pvt Ltd.,2026-04-21 13:49:21.262557
2026042104007552,AKJCL,3,38,1000,380.1,380100.0,Arun Securities (PVT) Ltd.,Dipshikha Dhitopatra Karobar Co. Pvt Ltd.,2026-04-21 13:49:21.262631
2026042104007553,AKJCL,39,38,100,380.1,38010.0,Sumeru Securities Pvt. Ltd.,Dipshikha Dhitopatra Karobar Co. Pvt Ltd.,2026-04-21 13:49:21.262704
2026042104007554,AKJCL,48,38,362,380.0,137560.0,Trishakti Securities Public Limited,Dipshikha Dhitopatra Karobar Co. Pvt Ltd.,2026-04-21 13:49:21.262781
2026042104007555,AKJCL,3,38,200,380.0,76000.0,Arun Securities (PVT) Ltd.,Dipshikha Dhitopatra Karobar Co. Pvt Ltd.,2026-04-21 13:49:21.262859
2026042104007556,AKJCL,74,38,190,380.0,72200.0,KALASH STOCK MARKET PVT. LTD.,Dipshikha Dhitopatra Karobar Co. Pvt Ltd.,2026-04-21 13:49:21.262931
2026042104007557,AKJCL,29,38,500,380.0,190000.0,Trisul Securities & Invt. Ltd.,Dipshikha Dhitopatra Karobar Co. Pvt Ltd.,2026-04-21 13:49:21.263006
2026042104007558,AKJCL,13,38,250,380.0,95000.0,Thrive Brokerage House Pvt. Ltd,Dipshikha Dhitopatra Karobar Co. Pvt Ltd.,2026-04-21 13:49:21.263073
2026042104007559,AKJCL,62,38,100,380.0,38000.0,Capital Max Securities Ltd,Dipshikha Dhitopatra Karobar Co. Pvt Ltd.,2026-04-21 13:49:21.263144
2026042104007560,AKJCL,71,38,1000,380.0,380000.0,SHUBHAKAMANA SECURITIES PVT. LTD,Dipshikha Dhitopatra Karobar Co. Pvt Ltd.,2026-04-21 13:49:21.263214
2026042104007561,AKJCL,5,38,100,380.0,38000.0,Market Securities & Exchange (PVT) Ltd.,Dipshikha Dhitopatra Karobar Co. Pvt Ltd.,2026-04-21 13:49:21.263289
2026042104007562,AKJCL,49,38,90,380.0,34200.0,Online Securities Pvt. Ltd.,Dipshikha Dhitopatra Karobar Co. Pvt Ltd.,2026-04-21 13:49:21.263371
2026042104007563,AKJCL,82,38,100,380.0,38000.0,N.M.B. SECURITIES LIMITED,Dipshikha Dhitopatra Karobar Co. Pvt Ltd.,2026-04-21 13:49:21.263442
2026042104007564,AKJCL,48,38,173,379.6,65670.8,Trishakti Securities Public Limited,Dipshikha Dhitopatra Karobar Co. Pvt Ltd.,2026-04-21 13:49:21.263525
2026042104007577,AKJCL,48,58,50,379.6,18980.0,Trishakti Securities Public Limited,Naasa Securities Co. Ltd.,2026-04-21 13:49:45.907941
2026042104007599,AKJCL,45,57,30,379.7,11391.0,Imperial Securities Company Pvt. Ltd.,Aryatara Investment & Securities,2026-04-21 13:50:32.479395
2026042104007724,AKJCL,14,45,100,380.0,38000.0,Nepal Stock House (PVT) Ltd.,Imperial Securities Company Pvt. Ltd.,2026-04-21 13:54:43.246593
2026042104007727,AKJCL,52,45,11,380.0,4180.0,Sundhara Securities Limited,Imperial Securities Company Pvt. Ltd.,2026-04-21 13:54:57.708730
2026042104007774,AKJCL,52,45,29,380.0,11020.0,Sundhara Securities Limited,Imperial Securities Company Pvt. Ltd.,2026-04-21 13:55:55.643423
2026042104007802,AKJCL,39,66,100,379.8,37980.0,Sumeru Securities Pvt. Ltd.,Miyo Securities Pvt Ltd,2026-04-21 13:56:47.947662
2026042104007871,AKJCL,52,57,20,380.0,7600.0,Sundhara Securities Limited,Aryatara Investment & Securities,2026-04-21 13:57:23.665728
2026042104007908,AKJCL,45,66,200,379.8,75960.0,Imperial Securities Company Pvt. Ltd.,Miyo Securities Pvt Ltd,2026-04-21 13:58:39.299389
2026042104007909,AKJCL,68,66,1000,379.8,379800.0,Elite Stock House Limited,Miyo Securities Pvt Ltd,2026-04-21 13:58:39.299708
2026042104007910,AKJCL,60,66,2800,379.8,1063440.0,Nagarik Stock Dealer ,Miyo Securities Pvt Ltd,2026-04-21 13:58:39.299834
2026042104007975,AKJCL,14,57,100,380.0,38000.0,Nepal Stock House (PVT) Ltd.,Aryatara Investment & Securities,2026-04-21 13:59:55.292903
2026042104008038,AKJCL,52,57,49,380.0,18620.0,Sundhara Securities Limited,Aryatara Investment & Securities,2026-04-21 14:00:49.064180
2026042104008092,AKJCL,41,48,500,379.7,189850.0,Linch Stock Market Ltd.,Trishakti Securities Public Limited,2026-04-21 14:01:34.690637
2026042104008116,AKJCL,48,66,3000,379.6,1138800.0,Trishakti Securities Public Limited,Miyo Securities Pvt Ltd,2026-04-21 14:02:39.901738
2026042104008180,AKJCL,48,60,1777,379.6,674549.2,Trishakti Securities Public Limited,Nagarik Stock Dealer ,2026-04-21 14:04:22.946604
2026042104008181,AKJCL,64,60,500,379.6,189800.0,SUN SECURITIES PVT LTD,Nagarik Stock Dealer ,2026-04-21 14:04:22.946703
2026042104008182,AKJCL,82,60,1000,379.5,379500.0,N.M.B. SECURITIES LIMITED,Nagarik Stock Dealer ,2026-04-21 14:04:22.946774
2026042104008183,AKJCL,6,60,500,379.3,189650.0,Agrawal Securities (PVT) Ltd.,Nagarik Stock Dealer ,2026-04-21 14:04:22.946844
2026042104008184,AKJCL,6,60,400,379.2,151680.0,Agrawal Securities (PVT) Ltd.,Nagarik Stock Dealer ,2026-04-21 14:04:22.946932
2026042104008185,AKJCL,29,60,1623,379.1,615279.3,Trisul Securities & Invt. Ltd.,Nagarik Stock Dealer ,2026-04-21 14:04:22.947032
2026042104008199,AKJCL,29,66,61,379.1,23125.1,Trisul Securities & Invt. Ltd.,Miyo Securities Pvt Ltd,2026-04-21 14:04:52.939104
2026042104008204,AKJCL,29,66,10,379.1,3791.0,Trisul Securities & Invt. Ltd.,Miyo Securities Pvt Ltd,2026-04-21 14:05:04.103652
2026042104008238,AKJCL,39,58,100,379.5,37950.0,Sumeru Securities Pvt. Ltd.,Naasa Securities Co. Ltd.,2026-04-21 14:05:39.720902
2026042104008239,AKJCL,29,91,100,379.1,37910.0,Trisul Securities & Invt. Ltd.,Citizens Share Broker Limited,2026-04-21 14:05:41.821335
2026042104008278,AKJCL,29,58,56,379.1,21229.6,Trisul Securities & Invt. Ltd.,Naasa Securities Co. Ltd.,2026-04-21 14:06:00.095833
2026042104008279,AKJCL,3,58,204,379.1,77336.4,Arun Securities (PVT) Ltd.,Naasa Securities Co. Ltd.,2026-04-21 14:06:00.096395
2026042104008544,AKJCL,99,57,31,380.0,11780.0,Prabhu Stock Market Limited,Aryatara Investment & Securities,2026-04-21 14:11:25.010528
2026042104008545,AKJCL,99,42,10,380.0,3800.0,Prabhu Stock Market Limited,Sani Securities Company Ltd.,2026-04-21 14:11:25.011095
2026042104008546,AKJCL,99,94,59,380.0,22420.0,Prabhu Stock Market Limited,K.B.L. Securities Limited ,2026-04-21 14:11:25.011460
2026042104008550,AKJCL,3,48,796,379.1,301763.6,Arun Securities (PVT) Ltd.,Trishakti Securities Public Limited,2026-04-21 14:11:33.356128
2026042104008551,AKJCL,91,48,50,379.1,18955.0,Citizens Share Broker Limited,Trishakti Securities Public Limited,2026-04-21 14:11:33.356221
2026042104008552,AKJCL,91,48,4000,379.0,1516000.0,Citizens Share Broker Limited,Trishakti Securities Public Limited,2026-04-21 14:11:33.356294
2026042104008553,AKJCL,35,48,10,379.0,3790.0,Kohinoor Investment & Securities Pvt. Ltd.,Trishakti Securities Public Limited,2026-04-21 14:11:33.356417
2026042104008554,AKJCL,58,48,144,379.0,54576.0,Naasa Securities Co. Ltd.,Trishakti Securities Public Limited,2026-04-21 14:11:33.356486
2026042104008839,AKJCL,58,58,256,379.0,97024.0,Naasa Securities Co. Ltd.,Naasa Securities Co. Ltd.,2026-04-21 14:15:21.056414
2026042104008840,AKJCL,51,58,20,379.0,7580.0,Oxford Securities Pvt. Ltd.,Naasa Securities Co. Ltd.,2026-04-21 14:15:21.056733
2026042104008841,AKJCL,56,58,44,379.0,16676.0,Sri Hari Securities Pvt. Ltd.,Naasa Securities Co. Ltd.,2026-04-21 14:15:21.056856
2026042104008842,AKJCL,5,58,25,379.0,9475.0,Market Securities & Exchange (PVT) Ltd.,Naasa Securities Co. Ltd.,2026-04-21 14:15:21.056977
2026042104008872,AKJCL,3,71,500,378.6,189300.0,Arun Securities (PVT) Ltd.,SHUBHAKAMANA SECURITIES PVT. LTD,2026-04-21 14:15:59.548588
2026042104008873,AKJCL,80,71,400,378.5,151400.0,Indira securities pvt. ltd,SHUBHAKAMANA SECURITIES PVT. LTD,2026-04-21 14:15:59.548670
2026042104008874,AKJCL,68,71,1000,378.5,378500.0,Elite Stock House Limited,SHUBHAKAMANA SECURITIES PVT. LTD,2026-04-21 14:15:59.548695
2026042104008875,AKJCL,48,71,199,378.2,75261.8,Trishakti Securities Public Limited,SHUBHAKAMANA SECURITIES PVT. LTD,2026-04-21 14:15:59.548718
2026042104008876,AKJCL,66,71,10,378.2,3782.0,Miyo Securities Pvt Ltd,SHUBHAKAMANA SECURITIES PVT. LTD,2026-04-21 14:15:59.548742
2026042104008877,AKJCL,60,71,500,378.1,189050.0,Nagarik Stock Dealer ,SHUBHAKAMANA SECURITIES PVT. LTD,2026-04-21 14:15:59.548765
2026042104008878,AKJCL,3,71,1000,378.1,378100.0,Arun Securities (PVT) Ltd.,SHUBHAKAMANA SECURITIES PVT. LTD,2026-04-21 14:15:59.548788
2026042104008879,AKJCL,59,71,100,378.1,37810.0,Deevyaa Securities & Stock House Pvt. Ltd,SHUBHAKAMANA SECURITIES PVT. LTD,2026-04-21 14:15:59.548813
2026042104008880,AKJCL,58,71,119,378.1,44993.9,Naasa Securities Co. Ltd.,SHUBHAKAMANA SECURITIES PVT. LTD,2026-04-21 14:15:59.548852
2026042104008881,AKJCL,66,71,129,378.0,48762.0,Miyo Securities Pvt Ltd,SHUBHAKAMANA SECURITIES PVT. LTD,2026-04-21 14:15:59.548883
2026042104008911,AKJCL,32,64,150,378.1,56715.0,Premier Securities Company Ltd.,SUN SECURITIES PVT LTD,2026-04-21 14:16:38.937201
2026042104008922,AKJCL,32,33,130,378.1,49153.0,Premier Securities Company Ltd.,Dakshinkali Investment & Securities Pvt. Ltd.,2026-04-21 14:17:00.930653
2026042104008933,AKJCL,33,58,75,379.0,28425.0,Dakshinkali Investment & Securities Pvt. Ltd.,Naasa Securities Co. Ltd.,2026-04-21 14:17:07.444644
2026042104008934,AKJCL,33,43,25,379.6,9490.0,Dakshinkali Investment & Securities Pvt. Ltd.,South Asian Bulls Pvt. Ltd.,2026-04-21 14:17:07.444700
2026042104008935,AKJCL,32,71,40,378.1,15124.0,Premier Securities Company Ltd.,SHUBHAKAMANA SECURITIES PVT. LTD,2026-04-21 14:17:07.671866
2026042104008986,AKJCL,86,43,975,379.6,370110.0,Stoxkarts Securities Limited,South Asian Bulls Pvt. Ltd.,2026-04-21 14:17:42.210781
2026042104008987,AKJCL,86,58,25,379.7,9492.5,Stoxkarts Securities Limited,Naasa Securities Co. Ltd.,2026-04-21 14:17:42.211350
2026042104008988,AKJCL,32,48,680,378.1,257108.0,Premier Securities Company Ltd.,Trishakti Securities Public Limited,2026-04-21 14:17:42.812532
2026042104008989,AKJCL,32,48,120,378.1,45372.0,Premier Securities Company Ltd.,Trishakti Securities Public Limited,2026-04-21 14:17:42.812634
2026042104008993,AKJCL,32,45,380,378.1,143678.0,Premier Securities Company Ltd.,Imperial Securities Company Pvt. Ltd.,2026-04-21 14:17:48.338527
2026042104008994,AKJCL,64,45,300,378.1,113430.0,SUN SECURITIES PVT LTD,Imperial Securities Company Pvt. Ltd.,2026-04-21 14:17:48.338846
2026042104008995,AKJCL,66,45,320,378.0,120960.0,Miyo Securities Pvt Ltd,Imperial Securities Company Pvt. Ltd.,2026-04-21 14:17:48.338973
2026042104009041,AKJCL,66,28,38,378.0,14364.0,Miyo Securities Pvt Ltd,Shree Krishna Securities Ltd.,2026-04-21 14:18:27.257012
2026042104009042,AKJCL,66,83,513,378.0,193914.0,Miyo Securities Pvt Ltd,Sanima Securities Limited,2026-04-21 14:18:27.583132
2026042104009043,AKJCL,58,83,2500,378.0,945000.0,Naasa Securities Co. Ltd.,Sanima Securities Limited,2026-04-21 14:18:27.583449
2026042104009044,AKJCL,43,83,800,378.0,302400.0,South Asian Bulls Pvt. Ltd.,Sanima Securities Limited,2026-04-21 14:18:27.583583
2026042104009045,AKJCL,34,83,50,378.0,18900.0,Vision Securities Pvt. Ltd,Sanima Securities Limited,2026-04-21 14:18:27.583713
2026042104009046,AKJCL,45,83,50,378.0,18900.0,Imperial Securities Company Pvt. Ltd.,Sanima Securities Limited,2026-04-21 14:18:27.583855
2026042104009047,AKJCL,64,83,1000,378.0,378000.0,SUN SECURITIES PVT LTD,Sanima Securities Limited,2026-04-21 14:18:27.583970
2026042104009048,AKJCL,66,83,3000,378.0,1134000.0,Miyo Securities Pvt Ltd,Sanima Securities Limited,2026-04-21 14:18:27.584094
2026042104009088,AKJCL,81,66,1000,377.5,377500.0,Aakashbhairab Securities Ltd.,Miyo Securities Pvt Ltd,2026-04-21 14:18:44.014382
2026042104009133,AKJCL,3,57,500,377.2,188600.0,Arun Securities (PVT) Ltd.,Aryatara Investment & Securities,2026-04-21 14:19:21.530704
2026042104009134,AKJCL,71,57,1000,377.1,377100.0,SHUBHAKAMANA SECURITIES PVT. LTD,Aryatara Investment & Securities,2026-04-21 14:19:21.531021
2026042104009135,AKJCL,3,57,500,377.1,188550.0,Arun Securities (PVT) Ltd.,Aryatara Investment & Securities,2026-04-21 14:19:21.531147
2026042104009416,AKJCL,10,6,100,377.2,37720.0,Pragyan Securities (PVT) Ltd.,Agrawal Securities (PVT) Ltd.,2026-04-21 14:21:24.697652
2026042104009457,AKJCL,3,66,500,377.1,188550.0,Arun Securities (PVT) Ltd.,Miyo Securities Pvt Ltd,2026-04-21 14:21:47.038452
2026042104009458,AKJCL,3,66,500,377.1,188550.0,Arun Securities (PVT) Ltd.,Miyo Securities Pvt Ltd,2026-04-21 14:21:47.038560
2026042104009459,AKJCL,35,66,10,377.0,3770.0,Kohinoor Investment & Securities Pvt. Ltd.,Miyo Securities Pvt Ltd,2026-04-21 14:21:47.038645
2026042104009460,AKJCL,13,66,500,377.0,188500.0,Thrive Brokerage House Pvt. Ltd,Miyo Securities Pvt Ltd,2026-04-21 14:21:47.038722
2026042104009461,AKJCL,82,66,2000,377.0,754000.0,N.M.B. SECURITIES LIMITED,Miyo Securities Pvt Ltd,2026-04-21 14:21:47.038794
2026042104009462,AKJCL,82,66,1000,377.0,377000.0,N.M.B. SECURITIES LIMITED,Miyo Securities Pvt Ltd,2026-04-21 14:21:47.038866
2026042104009463,AKJCL,3,66,1000,376.2,376200.0,Arun Securities (PVT) Ltd.,Miyo Securities Pvt Ltd,2026-04-21 14:21:47.038941
2026042104009464,AKJCL,59,66,100,376.1,37610.0,Deevyaa Securities & Stock House Pvt. Ltd,Miyo Securities Pvt Ltd,2026-04-21 14:21:47.039007
2026042104009465,AKJCL,56,66,2100,376.0,789600.0,Sri Hari Securities Pvt. Ltd.,Miyo Securities Pvt Ltd,2026-04-21 14:21:47.039074
2026042104009466,AKJCL,82,66,2290,376.0,861040.0,N.M.B. SECURITIES LIMITED,Miyo Securities Pvt Ltd,2026-04-21 14:21:47.039158
2026042104009537,AKJCL,45,34,200,377.2,75440.0,Imperial Securities Company Pvt. Ltd.,Vision Securities Pvt. Ltd,2026-04-21 14:22:26.215668
2026042104009539,AKJCL,45,89,100,377.2,37720.0,Imperial Securities Company Pvt. Ltd.,Global IME Securities Limited,2026-04-21 14:22:28.319836
2026042104009540,AKJCL,70,89,1000,377.2,377200.0,Infinity Securities Limited,Global IME Securities Limited,2026-04-21 14:22:28.320125
2026042104009541,AKJCL,48,89,16,377.0,6032.0,Trishakti Securities Public Limited,Global IME Securities Limited,2026-04-21 14:22:28.320246
2026042104009558,AKJCL,3,28,500,376.1,188050.0,Arun Securities (PVT) Ltd.,Shree Krishna Securities Ltd.,2026-04-21 14:22:45.565122
2026042104009559,AKJCL,82,28,2500,376.0,940000.0,N.M.B. SECURITIES LIMITED,Shree Krishna Securities Ltd.,2026-04-21 14:22:45.565495
2026042104009613,AKJCL,25,66,132,376.1,49645.2,Sweta Securities Private Limited,Miyo Securities Pvt Ltd,2026-04-21 14:23:22.080698
2026042104009614,AKJCL,82,66,210,376.0,78960.0,N.M.B. SECURITIES LIMITED,Miyo Securities Pvt Ltd,2026-04-21 14:23:22.081246
2026042104009615,AKJCL,88,66,158,376.0,59408.0,Blue Chip Securities Ltd,Miyo Securities Pvt Ltd,2026-04-21 14:23:22.081617
2026042104009636,AKJCL,6,66,10,376.2,3762.0,Agrawal Securities (PVT) Ltd.,Miyo Securities Pvt Ltd,2026-04-21 14:23:39.388636
2026042104009653,AKJCL,6,67,300,376.2,112860.0,Agrawal Securities (PVT) Ltd.,Property Wiard Limited,2026-04-21 14:23:53.655993
2026042104009677,AKJCL,6,64,190,376.2,71478.0,Agrawal Securities (PVT) Ltd.,SUN SECURITIES PVT LTD,2026-04-21 14:24:05.095609
2026042104009686,AKJCL,88,34,500,376.0,188000.0,Blue Chip Securities Ltd,Vision Securities Pvt. Ltd,2026-04-21 14:24:12.555295
2026042104009699,AKJCL,88,57,1425,376.0,535800.0,Blue Chip Securities Ltd,Aryatara Investment & Securities,2026-04-21 14:24:19.851580
2026042104009700,AKJCL,37,57,2000,376.0,752000.0,Swarna Laxmi Securities Pvt. Ltd.,Aryatara Investment & Securities,2026-04-21 14:24:19.852216
2026042104009701,AKJCL,36,57,1575,376.0,592200.0,Secured Securities Ltd.,Aryatara Investment & Securities,2026-04-21 14:24:19.852819
2026042104009748,AKJCL,17,64,210,376.2,79002.0,ABC Securities Private Limited,SUN SECURITIES PVT LTD,2026-04-21 14:24:37.091057
2026042104009975,AKJCL,71,64,500,376.4,188200.0,SHUBHAKAMANA SECURITIES PVT. LTD,SUN SECURITIES PVT LTD,2026-04-21 14:25:10.665511
2026042104009976,AKJCL,17,64,790,376.3,297277.0,ABC Securities Private Limited,SUN SECURITIES PVT LTD,2026-04-21 14:25:10.665617
2026042104009977,AKJCL,36,64,57,376.0,21432.0,Secured Securities Ltd.,SUN SECURITIES PVT LTD,2026-04-21 14:25:10.665703
2026042104010003,AKJCL,64,77,14,376.4,5269.6,SUN SECURITIES PVT LTD,Nabil Stock Dealer Ltd.,2026-04-21 14:25:22.639027
2026042104010013,AKJCL,26,38,100,376.1,37610.0,Asian Securities Private Ltd.,Dipshikha Dhitopatra Karobar Co. Pvt Ltd.,2026-04-21 14:25:30.782670
2026042104010014,AKJCL,36,38,900,376.0,338400.0,Secured Securities Ltd.,Dipshikha Dhitopatra Karobar Co. Pvt Ltd.,2026-04-21 14:25:30.782975
2026042104010029,AKJCL,36,77,161,376.0,60536.0,Secured Securities Ltd.,Nabil Stock Dealer Ltd.,2026-04-21 14:25:41.616770
2026042104010077,AKJCL,36,21,307,376.0,115432.0,Secured Securities Ltd.,Midas Stock Broking Company Private Limited,2026-04-21 14:25:51.951890
2026042104010078,AKJCL,36,21,130,376.0,48880.0,Secured Securities Ltd.,Midas Stock Broking Company Private Limited,2026-04-21 14:25:51.952183
2026042104010079,AKJCL,19,21,1500,375.6,563400.0,Nepal Investment And Securities Trading Private Limited,Midas Stock Broking Company Private Limited,2026-04-21 14:25:51.952336
2026042104010080,AKJCL,70,21,1000,375.3,375300.0,Infinity Securities Limited,Midas Stock Broking Company Private Limited,2026-04-21 14:25:51.952464
2026042104010081,AKJCL,38,21,1000,375.2,375200.0,Dipshikha Dhitopatra Karobar Co. Pvt Ltd.,Midas Stock Broking Company Private Limited,2026-04-21 14:25:51.952592
2026042104010082,AKJCL,3,21,63,375.2,23637.6,Arun Securities (PVT) Ltd.,Midas Stock Broking Company Private Limited,2026-04-21 14:25:51.952739
2026042104010122,AKJCL,64,89,10,377.0,3770.0,SUN SECURITIES PVT LTD,Global IME Securities Limited,2026-04-21 14:26:16.464878
2026042104010242,AKJCL,56,65,1100,375.5,413050.0,Sri Hari Securities Pvt. Ltd.,Sharepro Securities Private Limited,2026-04-21 14:27:24.625258
2026042104010243,AKJCL,26,65,100,375.4,37540.0,Asian Securities Private Ltd.,Sharepro Securities Private Limited,2026-04-21 14:27:24.625334
2026042104010244,AKJCL,1,65,300,375.4,112620.0,Kumari Securities Private Limited,Sharepro Securities Private Limited,2026-04-21 14:27:24.625361
2026042104010315,AKJCL,1,6,200,375.4,75080.0,Kumari Securities Private Limited,Agrawal Securities (PVT) Ltd.,2026-04-21 14:28:00.662863
2026042104010316,AKJCL,60,6,500,375.4,187700.0,Nagarik Stock Dealer ,Agrawal Securities (PVT) Ltd.,2026-04-21 14:28:00.663493
2026042104010317,AKJCL,38,6,1000,375.3,375300.0,Dipshikha Dhitopatra Karobar Co. Pvt Ltd.,Agrawal Securities (PVT) Ltd.,2026-04-21 14:28:00.663853
2026042104010318,AKJCL,3,6,937,375.2,351562.4,Arun Securities (PVT) Ltd.,Agrawal Securities (PVT) Ltd.,2026-04-21 14:28:00.664225
2026042104010319,AKJCL,65,6,363,375.2,136197.6,Sharepro Securities Private Limited,Agrawal Securities (PVT) Ltd.,2026-04-21 14:28:00.664598
2026042104010489,AKJCL,65,65,1637,375.2,614202.4,Sharepro Securities Private Limited,Sharepro Securities Private Limited,2026-04-21 14:28:34.805334
2026042104010490,AKJCL,56,65,1100,375.2,412720.0,Sri Hari Securities Pvt. Ltd.,Sharepro Securities Private Limited,2026-04-21 14:28:34.805430
2026042104010491,AKJCL,45,65,4970,375.1,1864247.0,Imperial Securities Company Pvt. Ltd.,Sharepro Securities Private Limited,2026-04-21 14:28:34.805504
2026042104010492,AKJCL,92,65,2293,375.1,860104.3,Roadshow securities limited,Sharepro Securities Private Limited,2026-04-21 14:28:34.805560
2026042104010513,AKJCL,21,64,2000,375.2,750400.0,Midas Stock Broking Company Private Limited,SUN SECURITIES PVT LTD,2026-04-21 14:28:45.451923
2026042104010521,AKJCL,92,62,2207,375.1,827845.7,Roadshow securities limited,Capital Max Securities Ltd,2026-04-21 14:28:47.861959
2026042104010522,AKJCL,80,62,95,375.0,35625.0,Indira securities pvt. ltd,Capital Max Securities Ltd,2026-04-21 14:28:47.862606
2026042104010523,AKJCL,83,62,500,375.0,187500.0,Sanima Securities Limited,Capital Max Securities Ltd,2026-04-21 14:28:47.863017
2026042104010524,AKJCL,58,62,100,375.0,37500.0,Naasa Securities Co. Ltd.,Capital Max Securities Ltd,2026-04-21 14:28:47.863380
2026042104010525,AKJCL,35,62,12,375.0,4500.0,Kohinoor Investment & Securities Pvt. Ltd.,Capital Max Securities Ltd,2026-04-21 14:28:47.863746
2026042104010526,AKJCL,1,62,300,375.0,112500.0,Kumari Securities Private Limited,Capital Max Securities Ltd,2026-04-21 14:28:47.864105
2026042104010527,AKJCL,42,62,2000,375.0,750000.0,Sani Securities Company Ltd.,Capital Max Securities Ltd,2026-04-21 14:28:47.864511
2026042104010528,AKJCL,44,62,3000,375.0,1125000.0,Dynamic Money Managers Securities Pvt. Ltd.,Capital Max Securities Ltd,2026-04-21 14:28:47.864883
2026042104010529,AKJCL,42,62,270,375.0,101250.0,Sani Securities Company Ltd.,Capital Max Securities Ltd,2026-04-21 14:28:47.865239
2026042104010530,AKJCL,21,62,2500,375.0,937500.0,Midas Stock Broking Company Private Limited,Capital Max Securities Ltd,2026-04-21 14:28:47.865613
2026042104010531,AKJCL,21,62,1000,375.0,375000.0,Midas Stock Broking Company Private Limited,Capital Max Securities Ltd,2026-04-21 14:28:47.865953
2026042104010532,AKJCL,14,62,100,375.0,37500.0,Nepal Stock House (PVT) Ltd.,Capital Max Securities Ltd,2026-04-21 14:28:47.866332
2026042104010533,AKJCL,58,62,2000,375.0,750000.0,Naasa Securities Co. Ltd.,Capital Max Securities Ltd,2026-04-21 14:28:47.866697
2026042104010534,AKJCL,38,62,2000,375.0,750000.0,Dipshikha Dhitopatra Karobar Co. Pvt Ltd.,Capital Max Securities Ltd,2026-04-21 14:28:47.867080
2026042104010535,AKJCL,74,62,300,375.0,112500.0,KALASH STOCK MARKET PVT. LTD.,Capital Max Securities Ltd,2026-04-21 14:28:47.867466
2026042104010536,AKJCL,58,62,3000,375.0,1125000.0,Naasa Securities Co. Ltd.,Capital Max Securities Ltd,2026-04-21 14:28:47.867827
2026042104010537,AKJCL,29,62,616,375.0,231000.0,Trisul Securities & Invt. Ltd.,Capital Max Securities Ltd,2026-04-21 14:28:47.868211
2026042104010668,AKJCL,26,92,100,375.1,37510.0,Asian Securities Private Ltd.,Roadshow securities limited,2026-04-21 14:29:13.614551
2026042104010669,AKJCL,29,92,900,375.0,337500.0,Trisul Securities & Invt. Ltd.,Roadshow securities limited,2026-04-21 14:29:13.615074
2026042104010716,AKJCL,29,38,484,375.0,181500.0,Trisul Securities & Invt. Ltd.,Dipshikha Dhitopatra Karobar Co. Pvt Ltd.,2026-04-21 14:29:21.444793
2026042104010717,AKJCL,6,38,150,374.9,56235.0,Agrawal Securities (PVT) Ltd.,Dipshikha Dhitopatra Karobar Co. Pvt Ltd.,2026-04-21 14:29:21.445367
2026042104010718,AKJCL,70,38,1000,374.9,374900.0,Infinity Securities Limited,Dipshikha Dhitopatra Karobar Co. Pvt Ltd.,2026-04-21 14:29:21.445798
2026042104010719,AKJCL,101,38,366,374.0,136884.0,APPLE SECURITIES PRIVATE LIMITED,Dipshikha Dhitopatra Karobar Co. Pvt Ltd.,2026-04-21 14:29:21.446193
2026042104010721,AKJCL,101,64,634,374.0,237116.0,APPLE SECURITIES PRIVATE LIMITED,SUN SECURITIES PVT LTD,2026-04-21 14:29:22.507055
2026042104010722,AKJCL,57,64,1000,374.0,374000.0,Aryatara Investment & Securities,SUN SECURITIES PVT LTD,2026-04-21 14:29:22.507383
2026042104010723,AKJCL,34,64,50,374.0,18700.0,Vision Securities Pvt. Ltd,SUN SECURITIES PVT LTD,2026-04-21 14:29:22.507497
2026042104010724,AKJCL,80,64,50,374.0,18700.0,Indira securities pvt. ltd,SUN SECURITIES PVT LTD,2026-04-21 14:29:22.507605
2026042104010725,AKJCL,58,64,51,374.0,19074.0,Naasa Securities Co. Ltd.,SUN SECURITIES PVT LTD,2026-04-21 14:29:22.507716
2026042104010730,AKJCL,64,64,315,374.0,117810.0,SUN SECURITIES PVT LTD,SUN SECURITIES PVT LTD,2026-04-21 14:29:23.725715
2026042104010795,AKJCL,64,96,185,375.0,69375.0,SUN SECURITIES PVT LTD,Himalayan Securities Limited,2026-04-21 14:30:02.134934
2026042104010796,AKJCL,3,96,800,374.2,299360.0,Arun Securities (PVT) Ltd.,Himalayan Securities Limited,2026-04-21 14:30:02.135540
2026042104010797,AKJCL,58,96,15,374.0,5610.0,Naasa Securities Co. Ltd.,Himalayan Securities Limited,2026-04-21 14:30:02.135873
2026042104011066,AKJCL,41,89,74,377.0,27898.0,Linch Stock Market Ltd.,Global IME Securities Limited,2026-04-21 14:31:52.923201
2026042104011067,AKJCL,41,72,226,377.0,85202.0,Linch Stock Market Ltd.,Hatemalo Financial Services Private Limited,2026-04-21 14:31:52.923539
2026042104011404,AKJCL,50,77,295,376.0,110920.0,Cristal Kanchanjanga Securites Pvt. Ltd.,Nabil Stock Dealer Ltd.,2026-04-21 14:34:47.785810
2026042104011405,AKJCL,50,72,74,376.0,27824.0,Cristal Kanchanjanga Securites Pvt. Ltd.,Hatemalo Financial Services Private Limited,2026-04-21 14:34:49.299245
2026042104011447,AKJCL,50,58,131,376.0,49256.0,Cristal Kanchanjanga Securites Pvt. Ltd.,Naasa Securities Co. Ltd.,2026-04-21 14:35:17.202599
2026042104011478,AKJCL,26,58,500,375.2,187600.0,Asian Securities Private Ltd.,Naasa Securities Co. Ltd.,2026-04-21 14:35:33.959351
2026042104011479,AKJCL,95,58,594,375.1,222809.4,Magnet Securities and Investment Company Private Limited,Naasa Securities Co. Ltd.,2026-04-21 14:35:33.959939
2026042104011533,AKJCL,45,43,200,376.1,75220.0,Imperial Securities Company Pvt. Ltd.,South Asian Bulls Pvt. Ltd.,2026-04-21 14:35:59.914112
2026042104011535,AKJCL,95,58,306,375.1,114780.6,Magnet Securities and Investment Company Private Limited,Naasa Securities Co. Ltd.,2026-04-21 14:36:05.929588
2026042104011536,AKJCL,91,58,22,375.1,8252.2,Citizens Share Broker Limited,Naasa Securities Co. Ltd.,2026-04-21 14:36:05.929910
2026042104011537,AKJCL,50,58,50,375.0,18750.0,Cristal Kanchanjanga Securites Pvt. Ltd.,Naasa Securities Co. Ltd.,2026-04-21 14:36:05.930037
2026042104011538,AKJCL,14,58,500,375.0,187500.0,Nepal Stock House (PVT) Ltd.,Naasa Securities Co. Ltd.,2026-04-21 14:36:05.930156
2026042104011539,AKJCL,1,58,5000,375.0,1875000.0,Kumari Securities Private Limited,Naasa Securities Co. Ltd.,2026-04-21 14:36:05.930274
2026042104011540,AKJCL,72,58,600,375.0,225000.0,Hatemalo Financial Services Private Limited,Naasa Securities Co. Ltd.,2026-04-21 14:36:05.930406
2026042104011578,AKJCL,8,58,100,375.0,37500.0,Brilliant Securities Pvt. Ltd.,Naasa Securities Co. Ltd.,2026-04-21 14:36:26.439802
2026042104011588,AKJCL,50,89,50,374.2,18710.0,Cristal Kanchanjanga Securites Pvt. Ltd.,Global IME Securities Limited,2026-04-21 14:36:31.926097
2026042104011589,AKJCL,26,89,100,374.1,37410.0,Asian Securities Private Ltd.,Global IME Securities Limited,2026-04-21 14:36:31.926666
2026042104011590,AKJCL,58,89,85,374.0,31790.0,Naasa Securities Co. Ltd.,Global IME Securities Limited,2026-04-21 14:36:31.927019
2026042104011591,AKJCL,64,89,265,374.0,99110.0,SUN SECURITIES PVT LTD,Global IME Securities Limited,2026-04-21 14:36:31.927376
2026042104011707,AKJCL,74,58,125,375.0,46875.0,KALASH STOCK MARKET PVT. LTD.,Naasa Securities Co. Ltd.,2026-04-21 14:37:32.325296
2026042104011725,AKJCL,41,58,297,375.0,111375.0,Linch Stock Market Ltd.,Naasa Securities Co. Ltd.,2026-04-21 14:37:40.697348
2026042104011740,AKJCL,41,45,200,374.2,74840.0,Linch Stock Market Ltd.,Imperial Securities Company Pvt. Ltd.,2026-04-21 14:37:47.428959
2026042104011945,AKJCL,26,80,100,374.3,37430.0,Asian Securities Private Ltd.,Indira securities pvt. ltd,2026-04-21 14:39:27.699605
2026042104011946,AKJCL,41,80,300,374.2,112260.0,Linch Stock Market Ltd.,Indira securities pvt. ltd,2026-04-21 14:39:27.700159
2026042104011947,AKJCL,45,80,100,374.2,37420.0,Imperial Securities Company Pvt. Ltd.,Indira securities pvt. ltd,2026-04-21 14:39:27.700514
2026042104011948,AKJCL,64,80,235,374.0,87890.0,SUN SECURITIES PVT LTD,Indira securities pvt. ltd,2026-04-21 14:39:27.700870
2026042104011949,AKJCL,42,80,40,374.0,14960.0,Sani Securities Company Ltd.,Indira securities pvt. ltd,2026-04-21 14:39:27.701239
2026042104011950,AKJCL,64,80,225,374.0,84150.0,SUN SECURITIES PVT LTD,Indira securities pvt. ltd,2026-04-21 14:39:27.701624
2026042104011983,AKJCL,67,58,1000,375.9,375900.0,Property Wiard Limited,Naasa Securities Co. Ltd.,2026-04-21 14:39:40.671899
2026042104012042,AKJCL,10,94,300,376.8,113040.0,Pragyan Securities (PVT) Ltd.,K.B.L. Securities Limited ,2026-04-21 14:40:20.921448
2026042104012043,AKJCL,10,43,200,376.9,75380.0,Pragyan Securities (PVT) Ltd.,South Asian Bulls Pvt. Ltd.,2026-04-21 14:40:20.922015
2026042104012128,AKJCL,41,91,10,376.0,3760.0,Linch Stock Market Ltd.,Citizens Share Broker Limited,2026-04-21 14:41:10.475090
2026042104012129,AKJCL,41,101,200,375.0,75000.0,Linch Stock Market Ltd.,APPLE SECURITIES PRIVATE LIMITED,2026-04-21 14:41:10.695967
2026042104012211,AKJCL,58,101,50,375.0,18750.0,Naasa Securities Co. Ltd.,APPLE SECURITIES PRIVATE LIMITED,2026-04-21 14:41:42.612728
2026042104012235,AKJCL,6,45,15,374.4,5616.0,Agrawal Securities (PVT) Ltd.,Imperial Securities Company Pvt. Ltd.,2026-04-21 14:41:53.161530
2026042104012236,AKJCL,13,45,50,374.3,18715.0,Thrive Brokerage House Pvt. Ltd,Imperial Securities Company Pvt. Ltd.,2026-04-21 14:41:53.161878
2026042104012237,AKJCL,64,45,275,374.0,102850.0,SUN SECURITIES PVT LTD,Imperial Securities Company Pvt. Ltd.,2026-04-21 14:41:53.162233
2026042104012238,AKJCL,58,45,100,374.0,37400.0,Naasa Securities Co. Ltd.,Imperial Securities Company Pvt. Ltd.,2026-04-21 14:41:53.162612
2026042104012239,AKJCL,45,45,60,374.0,22440.0,Imperial Securities Company Pvt. Ltd.,Imperial Securities Company Pvt. Ltd.,2026-04-21 14:41:53.162988
2026042104012240,AKJCL,45,91,40,374.0,14960.0,Imperial Securities Company Pvt. Ltd.,Citizens Share Broker Limited,2026-04-21 14:41:53.853321
2026042104012241,AKJCL,10,91,500,374.0,187000.0,Pragyan Securities (PVT) Ltd.,Citizens Share Broker Limited,2026-04-21 14:41:53.853615
2026042104012370,AKJCL,64,71,1000,373.9,373900.0,SUN SECURITIES PVT LTD,SHUBHAKAMANA SECURITIES PVT. LTD,2026-04-21 14:42:27.930947
2026042104012437,AKJCL,26,66,500,373.9,186950.0,Asian Securities Private Ltd.,Miyo Securities Pvt Ltd,2026-04-21 14:42:50.899904
2026042104012438,AKJCL,41,66,500,373.8,186900.0,Linch Stock Market Ltd.,Miyo Securities Pvt Ltd,2026-04-21 14:42:50.900015
2026042104012439,AKJCL,69,66,500,373.8,186900.0,INDEX SECURITIES LIMITED,Miyo Securities Pvt Ltd,2026-04-21 14:42:50.900116
2026042104012440,AKJCL,50,66,50,373.7,18685.0,Cristal Kanchanjanga Securites Pvt. Ltd.,Miyo Securities Pvt Ltd,2026-04-21 14:42:50.900180
2026042104012441,AKJCL,60,66,950,373.7,355015.0,Nagarik Stock Dealer ,Miyo Securities Pvt Ltd,2026-04-21 14:42:50.900202
2026042104012522,AKJCL,67,101,300,375.0,112500.0,Property Wiard Limited,APPLE SECURITIES PRIVATE LIMITED,2026-04-21 14:43:07.903123
2026042104012543,AKJCL,62,101,10,375.0,3750.0,Capital Max Securities Ltd,APPLE SECURITIES PRIVATE LIMITED,2026-04-21 14:43:18.017880
2026042104012583,AKJCL,60,49,50,373.7,18685.0,Nagarik Stock Dealer ,Online Securities Pvt. Ltd.,2026-04-21 14:43:32.760988
2026042104012584,AKJCL,38,49,1000,373.6,373600.0,Dipshikha Dhitopatra Karobar Co. Pvt Ltd.,Online Securities Pvt. Ltd.,2026-04-21 14:43:32.761607
2026042104012585,AKJCL,41,49,2000,373.6,747200.0,Linch Stock Market Ltd.,Online Securities Pvt. Ltd.,2026-04-21 14:43:32.762037
2026042104012586,AKJCL,43,49,1000,373.6,373600.0,South Asian Bulls Pvt. Ltd.,Online Securities Pvt. Ltd.,2026-04-21 14:43:32.762428
2026042104012587,AKJCL,35,49,31,373.5,11578.5,Kohinoor Investment & Securities Pvt. Ltd.,Online Securities Pvt. Ltd.,2026-04-21 14:43:32.762897
2026042104012588,AKJCL,101,49,2000,373.5,747000.0,APPLE SECURITIES PRIVATE LIMITED,Online Securities Pvt. Ltd.,2026-04-21 14:43:32.763309
2026042104012589,AKJCL,58,49,1500,373.5,560250.0,Naasa Securities Co. Ltd.,Online Securities Pvt. Ltd.,2026-04-21 14:43:32.763811
2026042104012590,AKJCL,77,49,1000,373.1,373100.0,Nabil Stock Dealer Ltd.,Online Securities Pvt. Ltd.,2026-04-21 14:43:32.764308
2026042104012591,AKJCL,59,49,100,373.1,37310.0,Deevyaa Securities & Stock House Pvt. Ltd,Online Securities Pvt. Ltd.,2026-04-21 14:43:32.764795
2026042104012592,AKJCL,43,49,300,373.0,111900.0,South Asian Bulls Pvt. Ltd.,Online Securities Pvt. Ltd.,2026-04-21 14:43:32.765259
2026042104012593,AKJCL,64,49,100,373.0,37300.0,SUN SECURITIES PVT LTD,Online Securities Pvt. Ltd.,2026-04-21 14:43:32.765764
2026042104012594,AKJCL,50,49,1000,373.0,373000.0,Cristal Kanchanjanga Securites Pvt. Ltd.,Online Securities Pvt. Ltd.,2026-04-21 14:43:32.766267
2026042104012595,AKJCL,65,49,100,373.0,37300.0,Sharepro Securities Private Limited,Online Securities Pvt. Ltd.,2026-04-21 14:43:32.766769
2026042104012602,AKJCL,74,49,100,373.0,37300.0,KALASH STOCK MARKET PVT. LTD.,Online Securities Pvt. Ltd.,2026-04-21 14:43:35.240120
2026042104012606,AKJCL,26,49,100,373.0,37300.0,Asian Securities Private Ltd.,Online Securities Pvt. Ltd.,2026-04-21 14:43:38.015042
2026042104012650,AKJCL,47,61,250,372.5,93125.0,Neev Securities Pvt. Ltd.,BHOLE GANESH SECURITIES LTD,2026-04-21 14:43:58.205596
2026042104012651,AKJCL,80,61,200,372.5,74500.0,Indira securities pvt. ltd,BHOLE GANESH SECURITIES LTD,2026-04-21 14:43:58.205865
2026042104012652,AKJCL,80,61,50,372.5,18625.0,Indira securities pvt. ltd,BHOLE GANESH SECURITIES LTD,2026-04-21 14:43:58.205988
2026042104012657,AKJCL,80,91,250,372.5,93125.0,Indira securities pvt. ltd,Citizens Share Broker Limited,2026-04-21 14:44:01.808558
2026042104012658,AKJCL,25,91,217,372.5,80832.5,Sweta Securities Private Limited,Citizens Share Broker Limited,2026-04-21 14:44:01.808633
2026042104012659,AKJCL,99,91,500,372.1,186050.0,Prabhu Stock Market Limited,Citizens Share Broker Limited,2026-04-21 14:44:01.808664
2026042104012660,AKJCL,39,91,100,372.1,37210.0,Sumeru Securities Pvt. Ltd.,Citizens Share Broker Limited,2026-04-21 14:44:01.808688
2026042104012661,AKJCL,5,91,200,372.0,74400.0,Market Securities & Exchange (PVT) Ltd.,Citizens Share Broker Limited,2026-04-21 14:44:01.808713
2026042104012662,AKJCL,60,91,800,372.0,297600.0,Nagarik Stock Dealer ,Citizens Share Broker Limited,2026-04-21 14:44:01.808738
2026042104012663,AKJCL,21,91,300,372.0,111600.0,Midas Stock Broking Company Private Limited,Citizens Share Broker Limited,2026-04-21 14:44:01.808766
2026042104012664,AKJCL,59,91,50,372.0,18600.0,Deevyaa Securities & Stock House Pvt. Ltd,Citizens Share Broker Limited,2026-04-21 14:44:01.808789
2026042104012665,AKJCL,60,91,2583,372.0,960876.0,Nagarik Stock Dealer ,Citizens Share Broker Limited,2026-04-21 14:44:01.808857
2026042104012666,AKJCL,60,49,619,372.0,230268.0,Nagarik Stock Dealer ,Online Securities Pvt. Ltd.,2026-04-21 14:44:04.876330
2026042104012790,AKJCL,74,101,100,373.0,37300.0,KALASH STOCK MARKET PVT. LTD.,APPLE SECURITIES PRIVATE LIMITED,2026-04-21 14:44:48.087976
2026042104012791,AKJCL,26,101,100,372.1,37210.0,Asian Securities Private Ltd.,APPLE SECURITIES PRIVATE LIMITED,2026-04-21 14:44:48.088603
2026042104012792,AKJCL,63,101,740,372.1,275354.0,Himalayan Brokerage Company Limited,APPLE SECURITIES PRIVATE LIMITED,2026-04-21 14:44:48.089030
2026042104012832,AKJCL,63,49,260,372.1,96746.0,Himalayan Brokerage Company Limited,Online Securities Pvt. Ltd.,2026-04-21 14:44:56.763725
2026042104012833,AKJCL,60,49,298,372.0,110856.0,Nagarik Stock Dealer ,Online Securities Pvt. Ltd.,2026-04-21 14:44:56.764034
2026042104012834,AKJCL,49,49,29,372.0,10788.0,Online Securities Pvt. Ltd.,Online Securities Pvt. Ltd.,2026-04-21 14:44:56.764153
2026042104012835,AKJCL,6,49,200,372.0,74400.0,Agrawal Securities (PVT) Ltd.,Online Securities Pvt. Ltd.,2026-04-21 14:44:56.764266
2026042104012836,AKJCL,6,49,10,372.0,3720.0,Agrawal Securities (PVT) Ltd.,Online Securities Pvt. Ltd.,2026-04-21 14:44:56.764383
2026042104012837,AKJCL,64,49,500,372.0,186000.0,SUN SECURITIES PVT LTD,Online Securities Pvt. Ltd.,2026-04-21 14:44:56.764492
2026042104012838,AKJCL,62,49,2500,371.9,929750.0,Capital Max Securities Ltd,Online Securities Pvt. Ltd.,2026-04-21 14:44:56.764602
2026042104012839,AKJCL,38,49,2000,371.2,742400.0,Dipshikha Dhitopatra Karobar Co. Pvt Ltd.,Online Securities Pvt. Ltd.,2026-04-21 14:44:56.764723
2026042104012840,AKJCL,59,49,100,371.1,37110.0,Deevyaa Securities & Stock House Pvt. Ltd,Online Securities Pvt. Ltd.,2026-04-21 14:44:56.764888
2026042104012841,AKJCL,5,49,300,371.0,111300.0,Market Securities & Exchange (PVT) Ltd.,Online Securities Pvt. Ltd.,2026-04-21 14:44:56.765051
2026042104012842,AKJCL,71,49,17,371.0,6307.0,SHUBHAKAMANA SECURITIES PVT. LTD,Online Securities Pvt. Ltd.,2026-04-21 14:44:56.765218
2026042104012897,AKJCL,71,34,4000,371.0,1484000.0,SHUBHAKAMANA SECURITIES PVT. LTD,Vision Securities Pvt. Ltd,2026-04-21 14:45:10.016951
2026042104013106,AKJCL,26,65,100,371.1,37110.0,Asian Securities Private Ltd.,Sharepro Securities Private Limited,2026-04-21 14:46:13.820997
2026042104013107,AKJCL,58,65,200,371.1,74220.0,Naasa Securities Co. Ltd.,Sharepro Securities Private Limited,2026-04-21 14:46:13.821333
2026042104013108,AKJCL,38,65,1000,371.1,371100.0,Dipshikha Dhitopatra Karobar Co. Pvt Ltd.,Sharepro Securities Private Limited,2026-04-21 14:46:13.821447
2026042104013109,AKJCL,6,65,500,371.1,185550.0,Agrawal Securities (PVT) Ltd.,Sharepro Securities Private Limited,2026-04-21 14:46:13.821559
2026042104013110,AKJCL,71,65,983,371.0,364693.0,SHUBHAKAMANA SECURITIES PVT. LTD,Sharepro Securities Private Limited,2026-04-21 14:46:13.821676
2026042104013111,AKJCL,5,65,100,371.0,37100.0,Market Securities & Exchange (PVT) Ltd.,Sharepro Securities Private Limited,2026-04-21 14:46:13.821796
2026042104013112,AKJCL,13,65,400,371.0,148400.0,Thrive Brokerage House Pvt. Ltd,Sharepro Securities Private Limited,2026-04-21 14:46:13.821940
2026042104013113,AKJCL,4,65,500,371.0,185500.0,Opal Securities Investment (PVT) Ltd.,Sharepro Securities Private Limited,2026-04-21 14:46:13.822067
2026042104013114,AKJCL,14,65,217,371.0,80507.0,Nepal Stock House (PVT) Ltd.,Sharepro Securities Private Limited,2026-04-21 14:46:13.822210
2026042104013185,AKJCL,74,50,20,372.0,7440.0,KALASH STOCK MARKET PVT. LTD.,Cristal Kanchanjanga Securites Pvt. Ltd.,2026-04-21 14:46:29.924783
2026042104013317,AKJCL,74,45,10,372.0,3720.0,KALASH STOCK MARKET PVT. LTD.,Imperial Securities Company Pvt. Ltd.,2026-04-21 14:47:26.751527
2026042104013365,AKJCL,74,34,70,372.0,26040.0,KALASH STOCK MARKET PVT. LTD.,Vision Securities Pvt. Ltd,2026-04-21 14:47:39.655165
2026042104013380,AKJCL,56,34,400,372.0,148800.0,Sri Hari Securities Pvt. Ltd.,Vision Securities Pvt. Ltd,2026-04-21 14:47:46.359796
2026042104013381,AKJCL,65,34,200,371.5,74300.0,Sharepro Securities Private Limited,Vision Securities Pvt. Ltd,2026-04-21 14:47:46.360358
2026042104013382,AKJCL,39,34,400,371.1,148440.0,Sumeru Securities Pvt. Ltd.,Vision Securities Pvt. Ltd,2026-04-21 14:47:46.360699
2026042104013490,AKJCL,39,50,20,371.1,7422.0,Sumeru Securities Pvt. Ltd.,Cristal Kanchanjanga Securites Pvt. Ltd.,2026-04-21 14:48:16.370754
2026042104013576,AKJCL,26,34,100,371.2,37120.0,Asian Securities Private Ltd.,Vision Securities Pvt. Ltd,2026-04-21 14:48:38.867853
2026042104013577,AKJCL,63,34,900,371.2,334080.0,Himalayan Brokerage Company Limited,Vision Securities Pvt. Ltd,2026-04-21 14:48:38.868129
2026042104013656,AKJCL,63,22,100,371.2,37120.0,Himalayan Brokerage Company Limited,Siprabi Securities Pvt. Ltd.,2026-04-21 14:48:58.096804
2026042104013657,AKJCL,39,22,580,371.1,215238.0,Sumeru Securities Pvt. Ltd.,Siprabi Securities Pvt. Ltd.,2026-04-21 14:48:58.097091
2026042104013658,AKJCL,48,22,320,371.1,118752.0,Trishakti Securities Public Limited,Siprabi Securities Pvt. Ltd.,2026-04-21 14:48:58.097214
2026042104013855,AKJCL,49,45,30,371.2,11136.0,Online Securities Pvt. Ltd.,Imperial Securities Company Pvt. Ltd.,2026-04-21 14:49:36.575267
2026042104013856,AKJCL,41,45,70,371.2,25984.0,Linch Stock Market Ltd.,Imperial Securities Company Pvt. Ltd.,2026-04-21 14:49:36.575570
2026042104013982,AKJCL,41,29,30,371.2,11136.0,Linch Stock Market Ltd.,Trisul Securities & Invt. Ltd.,2026-04-21 14:49:54.201634
2026042104013983,AKJCL,32,29,25,371.2,9280.0,Premier Securities Company Ltd.,Trisul Securities & Invt. Ltd.,2026-04-21 14:49:54.202155
2026042104013984,AKJCL,45,29,20,371.2,7424.0,Imperial Securities Company Pvt. Ltd.,Trisul Securities & Invt. Ltd.,2026-04-21 14:49:54.202511
2026042104014010,AKJCL,95,29,25,371.2,9280.0,Magnet Securities and Investment Company Private Limited,Trisul Securities & Invt. Ltd.,2026-04-21 14:50:09.577898
2026042104014011,AKJCL,95,95,475,371.2,176320.0,Magnet Securities and Investment Company Private Limited,Magnet Securities and Investment Company Private Limited,2026-04-21 14:50:09.834812
2026042104014012,AKJCL,48,95,525,371.1,194827.5,Trishakti Securities Public Limited,Magnet Securities and Investment Company Private Limited,2026-04-21 14:50:09.835077
2026042104014045,AKJCL,32,89,376,373.8,140548.8,Premier Securities Company Ltd.,Global IME Securities Limited,2026-04-21 14:50:15.706613
2026042104014046,AKJCL,32,32,54,374.0,20196.0,Premier Securities Company Ltd.,Premier Securities Company Ltd.,2026-04-21 14:50:15.706877
2026042104014107,AKJCL,34,3,500,371.2,185600.0,Vision Securities Pvt. Ltd,Arun Securities (PVT) Ltd.,2026-04-21 14:50:31.011371
2026042104014108,AKJCL,48,3,500,371.1,185550.0,Trishakti Securities Public Limited,Arun Securities (PVT) Ltd.,2026-04-21 14:50:31.011639
2026042104014277,AKJCL,58,58,50,372.0,18600.0,Naasa Securities Co. Ltd.,Naasa Securities Co. Ltd.,2026-04-21 14:51:14.163787
2026042104014366,AKJCL,65,20,300,373.0,111900.0,Sharepro Securities Private Limited,Sipla Securities Private Limited,2026-04-21 14:51:47.491481
2026042104014405,AKJCL,10,20,200,373.0,74600.0,Pragyan Securities (PVT) Ltd.,Sipla Securities Private Limited,2026-04-21 14:52:05.518276
2026042104014538,AKJCL,58,64,500,372.3,186150.0,Naasa Securities Co. Ltd.,SUN SECURITIES PVT LTD,2026-04-21 14:52:39.858717
2026042104014645,AKJCL,39,71,200,373.4,74680.0,Sumeru Securities Pvt. Ltd.,SHUBHAKAMANA SECURITIES PVT. LTD,2026-04-21 14:53:12.580599
2026042104014676,AKJCL,1,35,500,373.0,186500.0,Kumari Securities Private Limited,Kohinoor Investment & Securities Pvt. Ltd.,2026-04-21 14:53:20.728446
2026042104014712,AKJCL,1,71,300,373.0,111900.0,Kumari Securities Private Limited,SHUBHAKAMANA SECURITIES PVT. LTD,2026-04-21 14:53:25.586262
2026042104014847,AKJCL,62,94,300,372.5,111750.0,Capital Max Securities Ltd,K.B.L. Securities Limited ,2026-04-21 14:53:56.983259
2026042104014890,AKJCL,62,58,95,372.5,35387.5,Capital Max Securities Ltd,Naasa Securities Co. Ltd.,2026-04-21 14:54:13.164759
2026042104014943,AKJCL,72,14,25,373.4,9335.0,Hatemalo Financial Services Private Limited,Nepal Stock House (PVT) Ltd.,2026-04-21 14:54:30.809036
2026042104014944,AKJCL,72,71,4500,373.8,1682100.0,Hatemalo Financial Services Private Limited,SHUBHAKAMANA SECURITIES PVT. LTD,2026-04-21 14:54:30.809168
2026042104014945,AKJCL,72,43,975,373.9,364552.5,Hatemalo Financial Services Private Limited,South Asian Bulls Pvt. Ltd.,2026-04-21 14:54:30.809249
2026042104015096,AKJCL,13,64,800,373.0,298400.0,Thrive Brokerage House Pvt. Ltd,SUN SECURITIES PVT LTD,2026-04-21 14:55:12.922862
2026042104015132,AKJCL,35,71,500,373.8,186900.0,Kohinoor Investment & Securities Pvt. Ltd.,SHUBHAKAMANA SECURITIES PVT. LTD,2026-04-21 14:55:17.917182
2026042104015246,AKJCL,49,71,31,373.8,11587.8,Online Securities Pvt. Ltd.,SHUBHAKAMANA SECURITIES PVT. LTD,2026-04-21 14:55:42.324001
2026042104015281,AKJCL,75,71,469,373.8,175312.2,N.I.M.B. Stock Markets Limited,SHUBHAKAMANA SECURITIES PVT. LTD,2026-04-21 14:55:51.193981
2026042104015282,AKJCL,75,94,111,373.8,41491.8,N.I.M.B. Stock Markets Limited,K.B.L. Securities Limited ,2026-04-21 14:55:51.332900
2026042104015301,AKJCL,75,43,420,373.8,156996.0,N.I.M.B. Stock Markets Limited,South Asian Bulls Pvt. Ltd.,2026-04-21 14:55:53.394589
2026042104015302,AKJCL,13,43,180,373.0,67140.0,Thrive Brokerage House Pvt. Ltd,South Asian Bulls Pvt. Ltd.,2026-04-21 14:55:53.394856
2026042104015303,AKJCL,13,38,200,373.0,74600.0,Thrive Brokerage House Pvt. Ltd,Dipshikha Dhitopatra Karobar Co. Pvt Ltd.,2026-04-21 14:55:54.080402
2026042104015310,AKJCL,7,43,10,373.9,3739.0,J.F. Securites (PVT) Ltd.,South Asian Bulls Pvt. Ltd.,2026-04-21 14:55:58.412929
2026042104015312,AKJCL,13,64,30,373.0,11190.0,Thrive Brokerage House Pvt. Ltd,SUN SECURITIES PVT LTD,2026-04-21 14:55:59.263760
2026042104015345,AKJCL,45,64,200,373.0,74600.0,Imperial Securities Company Pvt. Ltd.,SUN SECURITIES PVT LTD,2026-04-21 14:56:08.804825
2026042104015408,AKJCL,62,64,180,373.0,67140.0,Capital Max Securities Ltd,SUN SECURITIES PVT LTD,2026-04-21 14:56:25.724111
2026042104015409,AKJCL,62,64,120,373.0,44760.0,Capital Max Securities Ltd,SUN SECURITIES PVT LTD,2026-04-21 14:56:25.724451
2026042104015452,AKJCL,45,64,150,372.6,55890.0,Imperial Securities Company Pvt. Ltd.,SUN SECURITIES PVT LTD,2026-04-21 14:56:33.248809
2026042104015453,AKJCL,62,64,105,372.5,39112.5,Capital Max Securities Ltd,SUN SECURITIES PVT LTD,2026-04-21 14:56:33.249155
2026042104015454,AKJCL,51,64,100,372.5,37250.0,Oxford Securities Pvt. Ltd.,SUN SECURITIES PVT LTD,2026-04-21 14:56:33.249320
2026042104015455,AKJCL,38,64,1645,372.4,612598.0,Dipshikha Dhitopatra Karobar Co. Pvt Ltd.,SUN SECURITIES PVT LTD,2026-04-21 14:56:33.249461
2026042104015480,AKJCL,58,64,170,373.0,63410.0,Naasa Securities Co. Ltd.,SUN SECURITIES PVT LTD,2026-04-21 14:56:36.114109
2026042104015507,AKJCL,39,68,100,372.7,37270.0,Sumeru Securities Pvt. Ltd.,Elite Stock House Limited,2026-04-21 14:56:43.534462
2026042104015508,AKJCL,38,68,355,372.4,132202.0,Dipshikha Dhitopatra Karobar Co. Pvt Ltd.,Elite Stock House Limited,2026-04-21 14:56:43.535056
2026042104015509,AKJCL,34,68,50,372.3,18615.0,Vision Securities Pvt. Ltd,Elite Stock House Limited,2026-04-21 14:56:43.535439
2026042104015510,AKJCL,45,68,300,372.2,111660.0,Imperial Securities Company Pvt. Ltd.,Elite Stock House Limited,2026-04-21 14:56:43.535817
2026042104015511,AKJCL,77,68,4195,372.2,1561379.0,Nabil Stock Dealer Ltd.,Elite Stock House Limited,2026-04-21 14:56:43.536154
2026042104015557,AKJCL,77,56,805,372.2,299621.0,Nabil Stock Dealer Ltd.,Sri Hari Securities Pvt. Ltd.,2026-04-21 14:56:57.871067
2026042104015558,AKJCL,58,56,100,372.2,37220.0,Naasa Securities Co. Ltd.,Sri Hari Securities Pvt. Ltd.,2026-04-21 14:56:57.871363
2026042104015559,AKJCL,48,56,200,372.1,74420.0,Trishakti Securities Public Limited,Sri Hari Securities Pvt. Ltd.,2026-04-21 14:56:57.871498
2026042104015560,AKJCL,62,56,200,372.1,74420.0,Capital Max Securities Ltd,Sri Hari Securities Pvt. Ltd.,2026-04-21 14:56:57.871626
2026042104015561,AKJCL,58,56,2195,372.0,816540.0,Naasa Securities Co. Ltd.,Sri Hari Securities Pvt. Ltd.,2026-04-21 14:56:57.871760
2026042104015586,AKJCL,7,58,5,361.0,1805.0,J.F. Securites (PVT) Ltd.,Naasa Securities Co. Ltd.,2026-04-21 14:57:02.114124
2026042104015664,AKJCL,58,71,1000,372.0,372000.0,Naasa Securities Co. Ltd.,SHUBHAKAMANA SECURITIES PVT. LTD,2026-04-21 14:57:18.725462
2026042104015666,AKJCL,58,6,400,372.0,148800.0,Naasa Securities Co. Ltd.,Agrawal Securities (PVT) Ltd.,2026-04-21 14:57:20.099720
2026042104015687,AKJCL,58,60,500,372.0,186000.0,Naasa Securities Co. Ltd.,Nagarik Stock Dealer ,2026-04-21 14:57:24.634211
2026042104015754,AKJCL,58,20,500,372.0,186000.0,Naasa Securities Co. Ltd.,Sipla Securities Private Limited,2026-04-21 14:57:34.497410
2026042104015769,AKJCL,58,81,1000,372.0,372000.0,Naasa Securities Co. Ltd.,Aakashbhairab Securities Ltd.,2026-04-21 14:57:36.559298
2026042104015801,AKJCL,58,5,500,372.0,186000.0,Naasa Securities Co. Ltd.,Market Securities & Exchange (PVT) Ltd.,2026-04-21 14:57:40.900760
2026042104015856,AKJCL,19,71,200,373.8,74760.0,Nepal Investment And Securities Trading Private Limited,SHUBHAKAMANA SECURITIES PVT. LTD,2026-04-21 14:57:49.383954
2026042104015929,AKJCL,60,71,1000,373.8,373800.0,Nagarik Stock Dealer ,SHUBHAKAMANA SECURITIES PVT. LTD,2026-04-21 14:58:05.012978
2026042104015954,AKJCL,33,89,300,373.0,111900.0,Dakshinkali Investment & Securities Pvt. Ltd.,Global IME Securities Limited,2026-04-21 14:58:09.190274
2026042104016035,AKJCL,42,89,10,373.0,3730.0,Sani Securities Company Ltd.,Global IME Securities Limited,2026-04-21 14:58:23.929396
2026042104016048,AKJCL,58,66,1000,372.5,372500.0,Naasa Securities Co. Ltd.,Miyo Securities Pvt Ltd,2026-04-21 14:58:28.277264
2026042104016049,AKJCL,62,66,500,372.5,186250.0,Capital Max Securities Ltd,Miyo Securities Pvt Ltd,2026-04-21 14:58:28.277462
2026042104016050,AKJCL,39,66,200,372.1,74420.0,Sumeru Securities Pvt. Ltd.,Miyo Securities Pvt Ltd,2026-04-21 14:58:28.277544
2026042104016051,AKJCL,49,66,300,372.1,111630.0,Online Securities Pvt. Ltd.,Miyo Securities Pvt Ltd,2026-04-21 14:58:28.277623
2026042104016081,AKJCL,46,89,250,373.0,93250.0,Kalika Securities Pvt. Ltd.,Global IME Securities Limited,2026-04-21 14:58:32.832042
2026042104016136,AKJCL,38,76,160,372.5,59600.0,Dipshikha Dhitopatra Karobar Co. Pvt Ltd.,Machhapuchchhre Securities Limited,2026-04-21 14:58:42.940619
2026042104016163,AKJCL,49,49,750,372.1,279075.0,Online Securities Pvt. Ltd.,Online Securities Pvt. Ltd.,2026-04-21 14:58:47.838062
2026042104016165,AKJCL,8,76,40,372.5,14900.0,Brilliant Securities Pvt. Ltd.,Machhapuchchhre Securities Limited,2026-04-21 14:58:48.865599
2026042104016180,AKJCL,8,21,700,372.6,260820.0,Brilliant Securities Pvt. Ltd.,Midas Stock Broking Company Private Limited,2026-04-21 14:58:49.560801
2026042104016226,AKJCL,81,89,441,373.0,164493.0,Aakashbhairab Securities Ltd.,Global IME Securities Limited,2026-04-21 14:58:58.341137
2026042104016227,AKJCL,81,64,400,373.0,149200.0,Aakashbhairab Securities Ltd.,SUN SECURITIES PVT LTD,2026-04-21 14:58:58.341469
2026042104016255,AKJCL,99,57,100,373.5,37350.0,Prabhu Stock Market Limited,Aryatara Investment & Securities,2026-04-21 14:59:05.970526
2026042104016279,AKJCL,82,57,200,373.5,74700.0,N.M.B. SECURITIES LIMITED,Aryatara Investment & Securities,2026-04-21 14:59:10.891353
2026042104016280,AKJCL,82,71,1800,373.8,672840.0,N.M.B. SECURITIES LIMITED,SHUBHAKAMANA SECURITIES PVT. LTD,2026-04-21 14:59:10.891872
2026042104016281,AKJCL,82,64,500,373.9,186950.0,N.M.B. SECURITIES LIMITED,SUN SECURITIES PVT LTD,2026-04-21 14:59:10.892235
2026042104016282,AKJCL,82,32,346,374.0,129404.0,N.M.B. SECURITIES LIMITED,Premier Securities Company Ltd.,2026-04-21 14:59:10.892619
2026042104016283,AKJCL,82,52,1000,374.0,374000.0,N.M.B. SECURITIES LIMITED,Sundhara Securities Limited,2026-04-21 14:59:10.892966
2026042104016376,AKJCL,48,48,265,375.0,99375.0,Trishakti Securities Public Limited,Trishakti Securities Public Limited,2026-04-21 14:59:20.799973
2026042104016377,AKJCL,48,34,235,375.0,88125.0,Trishakti Securities Public Limited,Vision Securities Pvt. Ltd,2026-04-21 14:59:20.800273
2026042104016445,AKJCL,82,94,1154,374.0,431596.0,N.M.B. SECURITIES LIMITED,K.B.L. Securities Limited ,2026-04-21 14:59:27.464080
2026042104016446,AKJCL,80,94,8846,373.5,3303981.0,Indira securities pvt. ltd,K.B.L. Securities Limited ,2026-04-21 14:59:27.464633
2026042104016584,AKJCL,99,35,300,374.0,112200.0,Prabhu Stock Market Limited,Kohinoor Investment & Securities Pvt. Ltd.,2026-04-21 14:59:34.005871
2026042104016585,AKJCL,99,65,100,374.9,37490.0,Prabhu Stock Market Limited,Sharepro Securities Private Limited,2026-04-21 14:59:34.006131
2026042104016642,AKJCL,80,94,1000,373.5,373500.0,Indira securities pvt. ltd,K.B.L. Securities Limited ,2026-04-21 14:59:38.968872
2026042104016702,AKJCL,58,8,250,373.9,93475.0,Naasa Securities Co. Ltd.,Brilliant Securities Pvt. Ltd.,2026-04-21 14:59:46.383414
2026042104016703,AKJCL,32,8,50,373.7,18685.0,Premier Securities Company Ltd.,Brilliant Securities Pvt. Ltd.,2026-04-21 14:59:46.383673
2026042104016704,AKJCL,80,8,154,373.5,57519.0,Indira securities pvt. ltd,Brilliant Securities Pvt. Ltd.,2026-04-21 14:59:46.383797
2026042104016716,AKJCL,66,8,100,373.5,37350.0,Miyo Securities Pvt Ltd,Brilliant Securities Pvt. Ltd.,2026-04-21 14:59:47.248516
2026042104016740,AKJCL,17,8,37,373.5,13819.5,ABC Securities Private Limited,Brilliant Securities Pvt. Ltd.,2026-04-21 14:59:48.415188
2026042104016839,AKJCL,99,8,409,373.5,152761.5,Prabhu Stock Market Limited,Brilliant Securities Pvt. Ltd.,2026-04-21 14:59:57.770511
2026042104016872,AKJCL,29,94,150,374.8,56220.0,Trisul Securities & Invt. Ltd.,K.B.L. Securities Limited ,2026-04-21 14:59:59.351855
2026042104016873,AKJCL,29,65,200,374.9,74980.0,Trisul Securities & Invt. Ltd.,Sharepro Securities Private Limited,2026-04-21 14:59:59.351907
2026042104016874,AKJCL,29,34,150,375.0,56250.0,Trisul Securities & Invt. Ltd.,Vision Securities Pvt. Ltd,2026-04-21 14:59:59.351932
