contractId,stockSymbol,buyerMemberId,sellerMemberId,quantity,rate,amount,businessDate,tradeBookId,stockId,buyerBrokerName,sellerBrokerName,transaction_time,securityName
2026042104000176,AKPL,13,45,300,278.0,83400.0,2026-04-21,187184926,2757,Thrive Brokerage House Pvt. Ltd,Imperial Securities Company Pvt. Ltd.,2026-04-21 11:05:13.550216,Arun Kabeli Power Ltd.
2026042104000177,AKPL,49,45,180,278.0,50040.0,2026-04-21,187184928,2757,Online Securities Pvt. Ltd.,Imperial Securities Company Pvt. Ltd.,2026-04-21 11:05:13.550302,Arun Kabeli Power Ltd.
2026042104000178,AKPL,49,45,120,278.0,33360.0,2026-04-21,187184929,2757,Online Securities Pvt. Ltd.,Imperial Securities Company Pvt. Ltd.,2026-04-21 11:05:13.550348,Arun Kabeli Power Ltd.
2026042104000235,AKPL,33,58,10,279.8,2798.0,2026-04-21,187186548,2757,Dakshinkali Investment & Securities Pvt. Ltd.,Naasa Securities Co. Ltd.,2026-04-21 11:07:22.566622,Arun Kabeli Power Ltd.
2026042104000247,AKPL,44,6,33,278.0,9174.0,2026-04-21,187187013,2757,Dynamic Money Managers Securities Pvt. Ltd.,Agrawal Securities (PVT) Ltd.,2026-04-21 11:07:45.568641,Arun Kabeli Power Ltd.
2026042104000399,AKPL,44,45,20,278.0,5560.0,2026-04-21,187189502,2757,Dynamic Money Managers Securities Pvt. Ltd.,Imperial Securities Company Pvt. Ltd.,2026-04-21 11:10:37.141280,Arun Kabeli Power Ltd.
2026042104000400,AKPL,22,45,30,278.0,8340.0,2026-04-21,187189503,2757,Siprabi Securities Pvt. Ltd.,Imperial Securities Company Pvt. Ltd.,2026-04-21 11:10:37.141328,Arun Kabeli Power Ltd.
2026042104000484,AKPL,49,49,500,279.5,139750.0,2026-04-21,187190988,2757,Online Securities Pvt. Ltd.,Online Securities Pvt. Ltd.,2026-04-21 11:12:31.125031,Arun Kabeli Power Ltd.
2026042104000497,AKPL,22,49,70,278.0,19460.0,2026-04-21,187191216,2757,Siprabi Securities Pvt. Ltd.,Online Securities Pvt. Ltd.,2026-04-21 11:12:48.262157,Arun Kabeli Power Ltd.
2026042104000498,AKPL,58,49,358,278.0,99524.0,2026-04-21,187191218,2757,Naasa Securities Co. Ltd.,Online Securities Pvt. Ltd.,2026-04-21 11:12:48.262265,Arun Kabeli Power Ltd.
2026042104000592,AKPL,59,26,100,276.0,27600.0,2026-04-21,187193368,2757,Deevyaa Securities & Stock House Pvt. Ltd,Asian Securities Private Ltd.,2026-04-21 11:15:20.049078,Arun Kabeli Power Ltd.
2026042104000593,AKPL,6,26,530,275.6,146068.0,2026-04-21,187193369,2757,Agrawal Securities (PVT) Ltd.,Asian Securities Private Ltd.,2026-04-21 11:15:20.049188,Arun Kabeli Power Ltd.
2026042104000605,AKPL,33,13,12,277.9,3334.8,2026-04-21,187193564,2757,Dakshinkali Investment & Securities Pvt. Ltd.,Thrive Brokerage House Pvt. Ltd,2026-04-21 11:15:34.611378,Arun Kabeli Power Ltd.
2026042104000714,AKPL,57,13,88,277.9,24455.2,2026-04-21,187196001,2757,Aryatara Investment & Securities,Thrive Brokerage House Pvt. Ltd,2026-04-21 11:18:39.804824,Arun Kabeli Power Ltd.
2026042104000715,AKPL,57,49,72,278.0,20016.0,2026-04-21,187196003,2757,Aryatara Investment & Securities,Online Securities Pvt. Ltd.,2026-04-21 11:18:39.804870,Arun Kabeli Power Ltd.
2026042104000716,AKPL,57,58,10,278.0,2780.0,2026-04-21,187196005,2757,Aryatara Investment & Securities,Naasa Securities Co. Ltd.,2026-04-21 11:18:39.804898,Arun Kabeli Power Ltd.
2026042104000717,AKPL,57,14,115,278.0,31970.0,2026-04-21,187196008,2757,Aryatara Investment & Securities,Nepal Stock House (PVT) Ltd.,2026-04-21 11:18:39.804922,Arun Kabeli Power Ltd.
2026042104000841,AKPL,25,14,35,278.0,9730.0,2026-04-21,187199355,2757,Sweta Securities Private Limited,Nepal Stock House (PVT) Ltd.,2026-04-21 11:21:21.323896,Arun Kabeli Power Ltd.
2026042104000878,AKPL,77,48,100,279.4,27940.0,2026-04-21,187200590,2757,Nabil Stock Dealer Ltd.,Trishakti Securities Public Limited,2026-04-21 11:22:02.515008,Arun Kabeli Power Ltd.
2026042104001032,AKPL,25,6,40,278.0,11120.0,2026-04-21,187204307,2757,Sweta Securities Private Limited,Agrawal Securities (PVT) Ltd.,2026-04-21 11:25:35.208863,Arun Kabeli Power Ltd.
2026042104001199,AKPL,49,26,500,278.8,139400.0,2026-04-21,187207822,2757,Online Securities Pvt. Ltd.,Asian Securities Private Ltd.,2026-04-21 11:30:44.489730,Arun Kabeli Power Ltd.
2026042104001276,AKPL,35,26,54,278.8,15055.2,2026-04-21,187209080,2757,Kohinoor Investment & Securities Pvt. Ltd.,Asian Securities Private Ltd.,2026-04-21 11:32:43.732181,Arun Kabeli Power Ltd.
2026042104001302,AKPL,25,22,25,278.0,6950.0,2026-04-21,187209756,2757,Sweta Securities Private Limited,Siprabi Securities Pvt. Ltd.,2026-04-21 11:33:39.790498,Arun Kabeli Power Ltd.
2026042104001303,AKPL,38,22,10,278.0,2780.0,2026-04-21,187209758,2757,Dipshikha Dhitopatra Karobar Co. Pvt Ltd.,Siprabi Securities Pvt. Ltd.,2026-04-21 11:33:39.790631,Arun Kabeli Power Ltd.
2026042104001315,AKPL,42,22,65,278.0,18070.0,2026-04-21,187210083,2757,Sani Securities Company Ltd.,Siprabi Securities Pvt. Ltd.,2026-04-21 11:34:10.115057,Arun Kabeli Power Ltd.
2026042104001316,AKPL,42,32,100,278.0,27800.0,2026-04-21,187210133,2757,Sani Securities Company Ltd.,Premier Securities Company Ltd.,2026-04-21 11:34:16.527784,Arun Kabeli Power Ltd.
2026042104001362,AKPL,42,63,835,278.0,232130.0,2026-04-21,187211312,2757,Sani Securities Company Ltd.,Himalayan Brokerage Company Limited,2026-04-21 11:35:33.591531,Arun Kabeli Power Ltd.
2026042104001374,AKPL,49,56,500,277.0,138500.0,2026-04-21,187211619,2757,Online Securities Pvt. Ltd.,Sri Hari Securities Pvt. Ltd.,2026-04-21 11:36:09.652641,Arun Kabeli Power Ltd.
2026042104001558,AKPL,57,63,100,277.9,27790.0,2026-04-21,187215142,2757,Aryatara Investment & Securities,Himalayan Brokerage Company Limited,2026-04-21 11:41:31.833353,Arun Kabeli Power Ltd.
2026042104001576,AKPL,34,63,65,277.9,18063.5,2026-04-21,187215843,2757,Vision Securities Pvt. Ltd,Himalayan Brokerage Company Limited,2026-04-21 11:42:20.281024,Arun Kabeli Power Ltd.
2026042104001577,AKPL,34,48,150,278.0,41700.0,2026-04-21,187215845,2757,Vision Securities Pvt. Ltd,Trishakti Securities Public Limited,2026-04-21 11:42:20.281194,Arun Kabeli Power Ltd.
2026042104001578,AKPL,34,17,60,278.0,16680.0,2026-04-21,187215847,2757,Vision Securities Pvt. Ltd,ABC Securities Private Limited,2026-04-21 11:42:20.281259,Arun Kabeli Power Ltd.
2026042104001579,AKPL,34,29,60,278.0,16680.0,2026-04-21,187215849,2757,Vision Securities Pvt. Ltd,Trisul Securities & Invt. Ltd.,2026-04-21 11:42:20.281343,Arun Kabeli Power Ltd.
2026042104001604,AKPL,34,48,100,278.0,27800.0,2026-04-21,187216333,2757,Vision Securities Pvt. Ltd,Trishakti Securities Public Limited,2026-04-21 11:42:48.246958,Arun Kabeli Power Ltd.
2026042104001644,AKPL,49,26,446,278.8,124344.8,2026-04-21,187217067,2757,Online Securities Pvt. Ltd.,Asian Securities Private Ltd.,2026-04-21 11:43:32.013250,Arun Kabeli Power Ltd.
2026042104001645,AKPL,49,38,54,278.8,15055.2,2026-04-21,187217070,2757,Online Securities Pvt. Ltd.,Dipshikha Dhitopatra Karobar Co. Pvt Ltd.,2026-04-21 11:43:32.013410,Arun Kabeli Power Ltd.
2026042104001939,AKPL,57,38,200,278.8,55760.0,2026-04-21,187221270,2757,Aryatara Investment & Securities,Dipshikha Dhitopatra Karobar Co. Pvt Ltd.,2026-04-21 11:48:39.383012,Arun Kabeli Power Ltd.
2026042104001999,AKPL,41,36,119,278.1,33093.9,2026-04-21,187222431,2757,Linch Stock Market Ltd.,Secured Securities Ltd.,2026-04-21 11:50:12.040606,Arun Kabeli Power Ltd.
2026042104002005,AKPL,41,35,81,278.1,22526.1,2026-04-21,187222500,2757,Linch Stock Market Ltd.,Kohinoor Investment & Securities Pvt. Ltd.,2026-04-21 11:50:19.550515,Arun Kabeli Power Ltd.
2026042104002006,AKPL,34,42,686,278.0,190708.0,2026-04-21,187222503,2757,Vision Securities Pvt. Ltd,Sani Securities Company Ltd.,2026-04-21 11:50:19.834707,Arun Kabeli Power Ltd.
2026042104002029,AKPL,34,58,379,278.0,105362.0,2026-04-21,187222962,2757,Vision Securities Pvt. Ltd,Naasa Securities Co. Ltd.,2026-04-21 11:50:54.300468,Arun Kabeli Power Ltd.
2026042104002070,AKPL,42,58,50,278.0,13900.0,2026-04-21,187223684,2757,Sani Securities Company Ltd.,Naasa Securities Co. Ltd.,2026-04-21 11:51:44.724096,Arun Kabeli Power Ltd.
2026042104002103,AKPL,21,58,268,278.0,74504.0,2026-04-21,187224094,2757,Midas Stock Broking Company Private Limited,Naasa Securities Co. Ltd.,2026-04-21 11:52:08.189144,Arun Kabeli Power Ltd.
2026042104002104,AKPL,18,58,500,278.0,139000.0,2026-04-21,187224122,2757,Sagarmatha Securities Private Limited,Naasa Securities Co. Ltd.,2026-04-21 11:52:09.963335,Arun Kabeli Power Ltd.
2026042104002124,AKPL,42,26,200,277.0,55400.0,2026-04-21,187224376,2757,Sani Securities Company Ltd.,Asian Securities Private Ltd.,2026-04-21 11:52:35.055471,Arun Kabeli Power Ltd.
2026042104002125,AKPL,42,26,320,277.0,88640.0,2026-04-21,187224378,2757,Sani Securities Company Ltd.,Asian Securities Private Ltd.,2026-04-21 11:52:35.055636,Arun Kabeli Power Ltd.
2026042104002126,AKPL,57,26,2480,277.0,686960.0,2026-04-21,187224379,2757,Aryatara Investment & Securities,Asian Securities Private Ltd.,2026-04-21 11:52:35.055708,Arun Kabeli Power Ltd.
2026042104002127,AKPL,57,44,210,277.0,58170.0,2026-04-21,187224415,2757,Aryatara Investment & Securities,Dynamic Money Managers Securities Pvt. Ltd.,2026-04-21 11:52:38.697287,Arun Kabeli Power Ltd.
2026042104002171,AKPL,41,58,100,278.0,27800.0,2026-04-21,187224918,2757,Linch Stock Market Ltd.,Naasa Securities Co. Ltd.,2026-04-21 11:53:18.281216,Arun Kabeli Power Ltd.
2026042104002218,AKPL,41,36,20,278.0,5560.0,2026-04-21,187225825,2757,Linch Stock Market Ltd.,Secured Securities Ltd.,2026-04-21 11:54:02.386137,Arun Kabeli Power Ltd.
2026042104002219,AKPL,41,35,335,278.1,93163.5,2026-04-21,187225827,2757,Linch Stock Market Ltd.,Kohinoor Investment & Securities Pvt. Ltd.,2026-04-21 11:54:02.386483,Arun Kabeli Power Ltd.
2026042104002220,AKPL,41,38,145,278.8,40426.0,2026-04-21,187225830,2757,Linch Stock Market Ltd.,Dipshikha Dhitopatra Karobar Co. Pvt Ltd.,2026-04-21 11:54:02.386675,Arun Kabeli Power Ltd.
2026042104002331,AKPL,57,58,1000,277.0,277000.0,2026-04-21,187227357,2757,Aryatara Investment & Securities,Naasa Securities Co. Ltd.,2026-04-21 11:55:50.512872,Arun Kabeli Power Ltd.
2026042104002363,AKPL,32,26,500,277.1,138550.0,2026-04-21,187227536,2757,Premier Securities Company Ltd.,Asian Securities Private Ltd.,2026-04-21 11:56:03.573574,Arun Kabeli Power Ltd.
2026042104002364,AKPL,57,26,500,277.0,138500.0,2026-04-21,187227537,2757,Aryatara Investment & Securities,Asian Securities Private Ltd.,2026-04-21 11:56:03.573888,Arun Kabeli Power Ltd.
2026042104002442,AKPL,57,57,810,277.0,224370.0,2026-04-21,187228184,2757,Aryatara Investment & Securities,Aryatara Investment & Securities,2026-04-21 11:56:50.974837,Arun Kabeli Power Ltd.
2026042104002443,AKPL,10,57,190,276.0,52440.0,2026-04-21,187228185,2757,Pragyan Securities (PVT) Ltd.,Aryatara Investment & Securities,2026-04-21 11:56:50.974983,Arun Kabeli Power Ltd.
2026042104002489,AKPL,10,50,10,276.0,2760.0,2026-04-21,187228560,2757,Pragyan Securities (PVT) Ltd.,Cristal Kanchanjanga Securites Pvt. Ltd.,2026-04-21 11:57:21.502219,Arun Kabeli Power Ltd.
2026042104002490,AKPL,57,50,2800,276.0,772800.0,2026-04-21,187228561,2757,Aryatara Investment & Securities,Cristal Kanchanjanga Securites Pvt. Ltd.,2026-04-21 11:57:21.502553,Arun Kabeli Power Ltd.
2026042104002549,AKPL,21,26,100,276.1,27610.0,2026-04-21,187229368,2757,Midas Stock Broking Company Private Limited,Asian Securities Private Ltd.,2026-04-21 11:58:40.683697,Arun Kabeli Power Ltd.
2026042104002550,AKPL,57,26,1900,276.0,524400.0,2026-04-21,187229369,2757,Aryatara Investment & Securities,Asian Securities Private Ltd.,2026-04-21 11:58:40.683868,Arun Kabeli Power Ltd.
2026042104002655,AKPL,57,45,300,276.0,82800.0,2026-04-21,187230725,2757,Aryatara Investment & Securities,Imperial Securities Company Pvt. Ltd.,2026-04-21 12:00:35.027245,Arun Kabeli Power Ltd.
2026042104002726,AKPL,45,17,12,276.5,3318.0,2026-04-21,187231713,2757,Imperial Securities Company Pvt. Ltd.,ABC Securities Private Limited,2026-04-21 12:02:17.586858,Arun Kabeli Power Ltd.
2026042104002870,AKPL,51,29,10,278.0,2780.0,2026-04-21,187233260,2757,Oxford Securities Pvt. Ltd.,Trisul Securities & Invt. Ltd.,2026-04-21 12:04:42.412901,Arun Kabeli Power Ltd.
2026042104003243,AKPL,42,26,10,277.9,2779.0,2026-04-21,187238750,2757,Sani Securities Company Ltd.,Asian Securities Private Ltd.,2026-04-21 12:15:20.845257,Arun Kabeli Power Ltd.
2026042104003347,AKPL,45,49,50,276.5,13825.0,2026-04-21,187239815,2757,Imperial Securities Company Pvt. Ltd.,Online Securities Pvt. Ltd.,2026-04-21 12:17:36.830737,Arun Kabeli Power Ltd.
2026042104003350,AKPL,42,26,10,277.9,2779.0,2026-04-21,187239890,2757,Sani Securities Company Ltd.,Asian Securities Private Ltd.,2026-04-21 12:17:50.135736,Arun Kabeli Power Ltd.
2026042104003411,AKPL,45,49,38,276.5,10507.0,2026-04-21,187240762,2757,Imperial Securities Company Pvt. Ltd.,Online Securities Pvt. Ltd.,2026-04-21 12:19:27.930002,Arun Kabeli Power Ltd.
2026042104003412,AKPL,45,49,500,276.5,138250.0,2026-04-21,187240764,2757,Imperial Securities Company Pvt. Ltd.,Online Securities Pvt. Ltd.,2026-04-21 12:19:27.930384,Arun Kabeli Power Ltd.
2026042104003413,AKPL,68,49,40,276.1,11044.0,2026-04-21,187240766,2757,Elite Stock House Limited,Online Securities Pvt. Ltd.,2026-04-21 12:19:27.930608,Arun Kabeli Power Ltd.
2026042104003414,AKPL,41,49,150,276.0,41400.0,2026-04-21,187240767,2757,Linch Stock Market Ltd.,Online Securities Pvt. Ltd.,2026-04-21 12:19:27.930828,Arun Kabeli Power Ltd.
2026042104003504,AKPL,41,49,50,276.0,13800.0,2026-04-21,187242173,2757,Linch Stock Market Ltd.,Online Securities Pvt. Ltd.,2026-04-21 12:22:06.425796,Arun Kabeli Power Ltd.
2026042104003559,AKPL,3,7,6,275.0,1650.0,2026-04-21,187242505,2757,Arun Securities (PVT) Ltd.,J.F. Securites (PVT) Ltd.,2026-04-21 12:22:51.619426,Arun Kabeli Power Ltd.
2026042104003748,AKPL,41,58,20,276.0,5520.0,2026-04-21,187244343,2757,Linch Stock Market Ltd.,Naasa Securities Co. Ltd.,2026-04-21 12:26:48.673091,Arun Kabeli Power Ltd.
2026042104003858,AKPL,41,34,80,276.0,22080.0,2026-04-21,187246032,2757,Linch Stock Market Ltd.,Vision Securities Pvt. Ltd,2026-04-21 12:29:33.482897,Arun Kabeli Power Ltd.
2026042104003859,AKPL,3,34,50,275.8,13790.0,2026-04-21,187246034,2757,Arun Securities (PVT) Ltd.,Vision Securities Pvt. Ltd,2026-04-21 12:29:33.483266,Arun Kabeli Power Ltd.
2026042104003860,AKPL,95,34,100,275.8,27580.0,2026-04-21,187246036,2757,Magnet Securities and Investment Company Private Limited,Vision Securities Pvt. Ltd,2026-04-21 12:29:33.483367,Arun Kabeli Power Ltd.
2026042104003861,AKPL,75,34,1020,275.8,281316.0,2026-04-21,187246037,2757,N.I.M.B. Stock Markets Limited,Vision Securities Pvt. Ltd,2026-04-21 12:29:33.483464,Arun Kabeli Power Ltd.
2026042104003903,AKPL,75,42,145,275.8,39991.0,2026-04-21,187246621,2757,N.I.M.B. Stock Markets Limited,Sani Securities Company Ltd.,2026-04-21 12:30:28.787390,Arun Kabeli Power Ltd.
2026042104003950,AKPL,75,19,425,275.8,117215.0,2026-04-21,187247371,2757,N.I.M.B. Stock Markets Limited,Nepal Investment And Securities Trading Private Limited,2026-04-21 12:31:31.221276,Arun Kabeli Power Ltd.
2026042104003986,AKPL,75,26,410,275.8,113078.0,2026-04-21,187247806,2757,N.I.M.B. Stock Markets Limited,Asian Securities Private Ltd.,2026-04-21 12:32:03.696323,Arun Kabeli Power Ltd.
2026042104003987,AKPL,1,26,500,275.7,137850.0,2026-04-21,187247808,2757,Kumari Securities Private Limited,Asian Securities Private Ltd.,2026-04-21 12:32:03.696515,Arun Kabeli Power Ltd.
2026042104003992,AKPL,44,26,70,275.7,19299.0,2026-04-21,187247889,2757,Dynamic Money Managers Securities Pvt. Ltd.,Asian Securities Private Ltd.,2026-04-21 12:32:13.699461,Arun Kabeli Power Ltd.
2026042104003993,AKPL,44,65,110,276.9,30459.0,2026-04-21,187247892,2757,Dynamic Money Managers Securities Pvt. Ltd.,Sharepro Securities Private Limited,2026-04-21 12:32:13.699679,Arun Kabeli Power Ltd.
2026042104004026,AKPL,32,65,31,276.9,8583.9,2026-04-21,187248126,2757,Premier Securities Company Ltd.,Sharepro Securities Private Limited,2026-04-21 12:32:38.825198,Arun Kabeli Power Ltd.
2026042104004043,AKPL,6,50,300,275.6,82680.0,2026-04-21,187248267,2757,Agrawal Securities (PVT) Ltd.,Cristal Kanchanjanga Securites Pvt. Ltd.,2026-04-21 12:32:57.481711,Arun Kabeli Power Ltd.
2026042104004070,AKPL,6,95,100,275.6,27560.0,2026-04-21,187248509,2757,Agrawal Securities (PVT) Ltd.,Magnet Securities and Investment Company Private Limited,2026-04-21 12:33:19.381694,Arun Kabeli Power Ltd.
2026042104004091,AKPL,6,26,1000,275.6,275600.0,2026-04-21,187248801,2757,Agrawal Securities (PVT) Ltd.,Asian Securities Private Ltd.,2026-04-21 12:33:46.637660,Arun Kabeli Power Ltd.
2026042104004110,AKPL,6,34,500,275.6,137800.0,2026-04-21,187249058,2757,Agrawal Securities (PVT) Ltd.,Vision Securities Pvt. Ltd,2026-04-21 12:34:07.572931,Arun Kabeli Power Ltd.
2026042104004201,AKPL,6,65,70,275.6,19292.0,2026-04-21,187250404,2757,Agrawal Securities (PVT) Ltd.,Sharepro Securities Private Limited,2026-04-21 12:36:25.647515,Arun Kabeli Power Ltd.
2026042104004202,AKPL,19,65,20,275.6,5512.0,2026-04-21,187250406,2757,Nepal Investment And Securities Trading Private Limited,Sharepro Securities Private Limited,2026-04-21 12:36:25.647755,Arun Kabeli Power Ltd.
2026042104004203,AKPL,43,65,300,275.1,82530.0,2026-04-21,187250408,2757,South Asian Bulls Pvt. Ltd.,Sharepro Securities Private Limited,2026-04-21 12:36:25.647849,Arun Kabeli Power Ltd.
2026042104004204,AKPL,36,65,10,275.1,2751.0,2026-04-21,187250410,2757,Secured Securities Ltd.,Sharepro Securities Private Limited,2026-04-21 12:36:25.647922,Arun Kabeli Power Ltd.
2026042104004205,AKPL,49,65,1600,275.0,440000.0,2026-04-21,187250411,2757,Online Securities Pvt. Ltd.,Sharepro Securities Private Limited,2026-04-21 12:36:25.647998,Arun Kabeli Power Ltd.
2026042104004237,AKPL,49,65,400,275.0,110000.0,2026-04-21,187251038,2757,Online Securities Pvt. Ltd.,Sharepro Securities Private Limited,2026-04-21 12:37:42.528685,Arun Kabeli Power Ltd.
2026042104004238,AKPL,49,65,60,275.0,16500.0,2026-04-21,187251040,2757,Online Securities Pvt. Ltd.,Sharepro Securities Private Limited,2026-04-21 12:37:42.528944,Arun Kabeli Power Ltd.
2026042104004239,AKPL,58,65,54,275.0,14850.0,2026-04-21,187251042,2757,Naasa Securities Co. Ltd.,Sharepro Securities Private Limited,2026-04-21 12:37:42.529036,Arun Kabeli Power Ltd.
2026042104004240,AKPL,52,65,418,275.0,114950.0,2026-04-21,187251044,2757,Sundhara Securities Limited,Sharepro Securities Private Limited,2026-04-21 12:37:42.529127,Arun Kabeli Power Ltd.
2026042104004241,AKPL,54,65,68,275.0,18700.0,2026-04-21,187251045,2757,Sewa Securities Pvt. Ltd.,Sharepro Securities Private Limited,2026-04-21 12:37:42.529213,Arun Kabeli Power Ltd.
2026042104004264,AKPL,54,65,32,275.0,8800.0,2026-04-21,187251256,2757,Sewa Securities Pvt. Ltd.,Sharepro Securities Private Limited,2026-04-21 12:38:00.894016,Arun Kabeli Power Ltd.
2026042104004265,AKPL,6,65,80,275.0,22000.0,2026-04-21,187251258,2757,Agrawal Securities (PVT) Ltd.,Sharepro Securities Private Limited,2026-04-21 12:38:00.894385,Arun Kabeli Power Ltd.
2026042104004266,AKPL,38,65,20,275.0,5500.0,2026-04-21,187251260,2757,Dipshikha Dhitopatra Karobar Co. Pvt Ltd.,Sharepro Securities Private Limited,2026-04-21 12:38:00.894600,Arun Kabeli Power Ltd.
2026042104004267,AKPL,42,65,868,275.0,238700.0,2026-04-21,187251261,2757,Sani Securities Company Ltd.,Sharepro Securities Private Limited,2026-04-21 12:38:00.894837,Arun Kabeli Power Ltd.
2026042104004458,AKPL,49,46,250,276.0,69000.0,2026-04-21,187253129,2757,Online Securities Pvt. Ltd.,Kalika Securities Pvt. Ltd.,2026-04-21 12:41:46.604097,Arun Kabeli Power Ltd.
2026042104004561,AKPL,49,62,10,275.5,2755.0,2026-04-21,187254115,2757,Online Securities Pvt. Ltd.,Capital Max Securities Ltd,2026-04-21 12:43:39.827909,Arun Kabeli Power Ltd.
2026042104004573,AKPL,58,65,20,276.9,5538.0,2026-04-21,187254366,2757,Naasa Securities Co. Ltd.,Sharepro Securities Private Limited,2026-04-21 12:44:09.949168,Arun Kabeli Power Ltd.
2026042104004663,AKPL,49,29,90,275.5,24795.0,2026-04-21,187255986,2757,Online Securities Pvt. Ltd.,Trisul Securities & Invt. Ltd.,2026-04-21 12:47:19.495028,Arun Kabeli Power Ltd.
2026042104004664,AKPL,48,29,55,275.1,15130.5,2026-04-21,187255988,2757,Trishakti Securities Public Limited,Trisul Securities & Invt. Ltd.,2026-04-21 12:47:19.495251,Arun Kabeli Power Ltd.
2026042104004665,AKPL,57,29,80,275.1,22008.0,2026-04-21,187255990,2757,Aryatara Investment & Securities,Trisul Securities & Invt. Ltd.,2026-04-21 12:47:19.495382,Arun Kabeli Power Ltd.
2026042104004666,AKPL,6,29,165,275.1,45391.5,2026-04-21,187255991,2757,Agrawal Securities (PVT) Ltd.,Trisul Securities & Invt. Ltd.,2026-04-21 12:47:19.495464,Arun Kabeli Power Ltd.
2026042104004820,AKPL,49,65,480,276.9,132912.0,2026-04-21,187257595,2757,Online Securities Pvt. Ltd.,Sharepro Securities Private Limited,2026-04-21 12:50:47.459042,Arun Kabeli Power Ltd.
2026042104004867,AKPL,49,32,20,276.9,5538.0,2026-04-21,187258172,2757,Online Securities Pvt. Ltd.,Premier Securities Company Ltd.,2026-04-21 12:51:41.947883,Arun Kabeli Power Ltd.
2026042104004868,AKPL,6,32,980,275.1,269598.0,2026-04-21,187258173,2757,Agrawal Securities (PVT) Ltd.,Premier Securities Company Ltd.,2026-04-21 12:51:41.948111,Arun Kabeli Power Ltd.
2026042104005076,AKPL,32,63,100,275.2,27520.0,2026-04-21,187260880,2757,Premier Securities Company Ltd.,Himalayan Brokerage Company Limited,2026-04-21 12:56:18.405499,Arun Kabeli Power Ltd.
2026042104005077,AKPL,6,63,1355,275.1,372760.5,2026-04-21,187260882,2757,Agrawal Securities (PVT) Ltd.,Himalayan Brokerage Company Limited,2026-04-21 12:56:18.405935,Arun Kabeli Power Ltd.
2026042104005078,AKPL,1,63,300,275.1,82530.0,2026-04-21,187260884,2757,Kumari Securities Private Limited,Himalayan Brokerage Company Limited,2026-04-21 12:56:18.406206,Arun Kabeli Power Ltd.
2026042104005079,AKPL,42,63,132,275.0,36300.0,2026-04-21,187260886,2757,Sani Securities Company Ltd.,Himalayan Brokerage Company Limited,2026-04-21 12:56:18.406478,Arun Kabeli Power Ltd.
2026042104005080,AKPL,22,63,220,275.0,60500.0,2026-04-21,187260888,2757,Siprabi Securities Pvt. Ltd.,Himalayan Brokerage Company Limited,2026-04-21 12:56:18.406721,Arun Kabeli Power Ltd.
2026042104005081,AKPL,38,63,500,275.0,137500.0,2026-04-21,187260890,2757,Dipshikha Dhitopatra Karobar Co. Pvt Ltd.,Himalayan Brokerage Company Limited,2026-04-21 12:56:18.406987,Arun Kabeli Power Ltd.
2026042104005082,AKPL,58,63,200,275.0,55000.0,2026-04-21,187260892,2757,Naasa Securities Co. Ltd.,Himalayan Brokerage Company Limited,2026-04-21 12:56:18.407271,Arun Kabeli Power Ltd.
2026042104005083,AKPL,47,63,500,275.0,137500.0,2026-04-21,187260894,2757,Neev Securities Pvt. Ltd.,Himalayan Brokerage Company Limited,2026-04-21 12:56:18.407533,Arun Kabeli Power Ltd.
2026042104005084,AKPL,58,63,20,275.0,5500.0,2026-04-21,187260896,2757,Naasa Securities Co. Ltd.,Himalayan Brokerage Company Limited,2026-04-21 12:56:18.407777,Arun Kabeli Power Ltd.
2026042104005085,AKPL,32,63,250,275.0,68750.0,2026-04-21,187260898,2757,Premier Securities Company Ltd.,Himalayan Brokerage Company Limited,2026-04-21 12:56:18.408022,Arun Kabeli Power Ltd.
2026042104005086,AKPL,35,63,50,275.0,13750.0,2026-04-21,187260900,2757,Kohinoor Investment & Securities Pvt. Ltd.,Himalayan Brokerage Company Limited,2026-04-21 12:56:18.408267,Arun Kabeli Power Ltd.
2026042104005087,AKPL,35,63,1000,275.0,275000.0,2026-04-21,187260902,2757,Kohinoor Investment & Securities Pvt. Ltd.,Himalayan Brokerage Company Limited,2026-04-21 12:56:18.408519,Arun Kabeli Power Ltd.
2026042104005088,AKPL,13,63,50,275.0,13750.0,2026-04-21,187260904,2757,Thrive Brokerage House Pvt. Ltd,Himalayan Brokerage Company Limited,2026-04-21 12:56:18.408773,Arun Kabeli Power Ltd.
2026042104005089,AKPL,35,63,200,275.0,55000.0,2026-04-21,187260906,2757,Kohinoor Investment & Securities Pvt. Ltd.,Himalayan Brokerage Company Limited,2026-04-21 12:56:18.409018,Arun Kabeli Power Ltd.
2026042104005090,AKPL,39,63,500,275.0,137500.0,2026-04-21,187260908,2757,Sumeru Securities Pvt. Ltd.,Himalayan Brokerage Company Limited,2026-04-21 12:56:18.409279,Arun Kabeli Power Ltd.
2026042104005091,AKPL,58,63,20,275.0,5500.0,2026-04-21,187260910,2757,Naasa Securities Co. Ltd.,Himalayan Brokerage Company Limited,2026-04-21 12:56:18.409537,Arun Kabeli Power Ltd.
2026042104005092,AKPL,28,63,300,275.0,82500.0,2026-04-21,187260912,2757,Shree Krishna Securities Ltd.,Himalayan Brokerage Company Limited,2026-04-21 12:56:18.409780,Arun Kabeli Power Ltd.
2026042104005093,AKPL,42,63,100,275.0,27500.0,2026-04-21,187260914,2757,Sani Securities Company Ltd.,Himalayan Brokerage Company Limited,2026-04-21 12:56:18.410024,Arun Kabeli Power Ltd.
2026042104005094,AKPL,51,63,100,275.0,27500.0,2026-04-21,187260916,2757,Oxford Securities Pvt. Ltd.,Himalayan Brokerage Company Limited,2026-04-21 12:56:18.410285,Arun Kabeli Power Ltd.
2026042104005095,AKPL,49,63,35,275.0,9625.0,2026-04-21,187260918,2757,Online Securities Pvt. Ltd.,Himalayan Brokerage Company Limited,2026-04-21 12:56:18.410533,Arun Kabeli Power Ltd.
2026042104005096,AKPL,58,63,363,275.0,99825.0,2026-04-21,187260920,2757,Naasa Securities Co. Ltd.,Himalayan Brokerage Company Limited,2026-04-21 12:56:18.410777,Arun Kabeli Power Ltd.
2026042104005359,AKPL,58,35,100,274.5,27450.0,2026-04-21,187263808,2757,Naasa Securities Co. Ltd.,Kohinoor Investment & Securities Pvt. Ltd.,2026-04-21 13:01:28.543117,Arun Kabeli Power Ltd.
2026042104005360,AKPL,43,35,300,274.1,82230.0,2026-04-21,187263810,2757,South Asian Bulls Pvt. Ltd.,Kohinoor Investment & Securities Pvt. Ltd.,2026-04-21 13:01:28.543205,Arun Kabeli Power Ltd.
2026042104005361,AKPL,75,35,50,274.1,13705.0,2026-04-21,187263812,2757,N.I.M.B. Stock Markets Limited,Kohinoor Investment & Securities Pvt. Ltd.,2026-04-21 13:01:28.543232,Arun Kabeli Power Ltd.
2026042104005362,AKPL,41,35,750,274.1,205575.0,2026-04-21,187263813,2757,Linch Stock Market Ltd.,Kohinoor Investment & Securities Pvt. Ltd.,2026-04-21 13:01:28.543277,Arun Kabeli Power Ltd.
2026042104005434,AKPL,49,65,100,274.5,27450.0,2026-04-21,187265032,2757,Online Securities Pvt. Ltd.,Sharepro Securities Private Limited,2026-04-21 13:03:49.504014,Arun Kabeli Power Ltd.
2026042104005435,AKPL,51,65,200,274.2,54840.0,2026-04-21,187265034,2757,Oxford Securities Pvt. Ltd.,Sharepro Securities Private Limited,2026-04-21 13:03:49.504242,Arun Kabeli Power Ltd.
2026042104005436,AKPL,40,65,500,274.2,137100.0,2026-04-21,187265036,2757,Creative Securities Pvt Ltd,Sharepro Securities Private Limited,2026-04-21 13:03:49.504355,Arun Kabeli Power Ltd.
2026042104005437,AKPL,41,65,750,274.1,205575.0,2026-04-21,187265039,2757,Linch Stock Market Ltd.,Sharepro Securities Private Limited,2026-04-21 13:03:49.504454,Arun Kabeli Power Ltd.
2026042104005438,AKPL,57,65,450,274.0,123300.0,2026-04-21,187265041,2757,Aryatara Investment & Securities,Sharepro Securities Private Limited,2026-04-21 13:03:49.504537,Arun Kabeli Power Ltd.
2026042104005452,AKPL,85,63,775,275.0,213125.0,2026-04-21,187265189,2757,Capital Hub P. Ltd,Himalayan Brokerage Company Limited,2026-04-21 13:03:59.467899,Arun Kabeli Power Ltd.
2026042104005523,AKPL,62,65,12,275.0,3300.0,2026-04-21,187265849,2757,Capital Max Securities Ltd,Sharepro Securities Private Limited,2026-04-21 13:05:22.210072,Arun Kabeli Power Ltd.
2026042104005568,AKPL,62,58,13,275.0,3575.0,2026-04-21,187266656,2757,Capital Max Securities Ltd,Naasa Securities Co. Ltd.,2026-04-21 13:06:21.605048,Arun Kabeli Power Ltd.
2026042104005586,AKPL,7,29,10,274.5,2745.0,2026-04-21,187267053,2757,J.F. Securites (PVT) Ltd.,Trisul Securities & Invt. Ltd.,2026-04-21 13:07:16.965799,Arun Kabeli Power Ltd.
2026042104005604,AKPL,7,58,150,274.5,41175.0,2026-04-21,187267393,2757,J.F. Securites (PVT) Ltd.,Naasa Securities Co. Ltd.,2026-04-21 13:08:02.305484,Arun Kabeli Power Ltd.
2026042104005654,AKPL,7,48,140,274.5,38430.0,2026-04-21,187270434,2757,J.F. Securites (PVT) Ltd.,Trishakti Securities Public Limited,2026-04-21 13:09:32.464651,Arun Kabeli Power Ltd.
2026042104005666,AKPL,39,48,60,274.5,16470.0,2026-04-21,187270737,2757,Sumeru Securities Pvt. Ltd.,Trishakti Securities Public Limited,2026-04-21 13:09:59.574204,Arun Kabeli Power Ltd.
2026042104005789,AKPL,62,58,12,275.0,3300.0,2026-04-21,187272792,2757,Capital Max Securities Ltd,Naasa Securities Co. Ltd.,2026-04-21 13:12:05.790572,Arun Kabeli Power Ltd.
2026042104005976,AKPL,49,65,359,276.8,99371.2,2026-04-21,187275032,2757,Online Securities Pvt. Ltd.,Sharepro Securities Private Limited,2026-04-21 13:15:53.737126,Arun Kabeli Power Ltd.
2026042104006383,AKPL,53,13,143,275.2,39353.6,2026-04-21,187279807,2757,Investment Management Nepal Pvt. Ltd.,Thrive Brokerage House Pvt. Ltd,2026-04-21 13:25:02.432081,Arun Kabeli Power Ltd.
2026042104006565,AKPL,53,45,157,275.2,43206.4,2026-04-21,187281756,2757,Investment Management Nepal Pvt. Ltd.,Imperial Securities Company Pvt. Ltd.,2026-04-21 13:28:03.194516,Arun Kabeli Power Ltd.
2026042104006566,AKPL,35,45,1000,275.2,275200.0,2026-04-21,187281758,2757,Kohinoor Investment & Securities Pvt. Ltd.,Imperial Securities Company Pvt. Ltd.,2026-04-21 13:28:03.194785,Arun Kabeli Power Ltd.
2026042104006567,AKPL,81,45,1000,275.1,275100.0,2026-04-21,187281760,2757,Aakashbhairab Securities Ltd.,Imperial Securities Company Pvt. Ltd.,2026-04-21 13:28:03.194887,Arun Kabeli Power Ltd.
2026042104006568,AKPL,59,45,200,275.0,55000.0,2026-04-21,187281762,2757,Deevyaa Securities & Stock House Pvt. Ltd,Imperial Securities Company Pvt. Ltd.,2026-04-21 13:28:03.194986,Arun Kabeli Power Ltd.
2026042104006569,AKPL,33,45,160,275.0,44000.0,2026-04-21,187281764,2757,Dakshinkali Investment & Securities Pvt. Ltd.,Imperial Securities Company Pvt. Ltd.,2026-04-21 13:28:03.195082,Arun Kabeli Power Ltd.
2026042104006570,AKPL,8,45,483,275.0,132825.0,2026-04-21,187281765,2757,Brilliant Securities Pvt. Ltd.,Imperial Securities Company Pvt. Ltd.,2026-04-21 13:28:03.195177,Arun Kabeli Power Ltd.
2026042104006748,AKPL,8,42,150,275.0,41250.0,2026-04-21,187284145,2757,Brilliant Securities Pvt. Ltd.,Sani Securities Company Ltd.,2026-04-21 13:32:49.820184,Arun Kabeli Power Ltd.
2026042104006916,AKPL,8,41,24,275.0,6600.0,2026-04-21,187286189,2757,Brilliant Securities Pvt. Ltd.,Linch Stock Market Ltd.,2026-04-21 13:36:33.946554,Arun Kabeli Power Ltd.
2026042104006970,AKPL,8,25,20,275.0,5500.0,2026-04-21,187286519,2757,Brilliant Securities Pvt. Ltd.,Sweta Securities Private Limited,2026-04-21 13:37:12.367602,Arun Kabeli Power Ltd.
2026042104007007,AKPL,33,17,12,276.0,3312.0,2026-04-21,187286737,2757,Dakshinkali Investment & Securities Pvt. Ltd.,ABC Securities Private Limited,2026-04-21 13:37:40.980599,Arun Kabeli Power Ltd.
2026042104007008,AKPL,33,60,76,276.0,20976.0,2026-04-21,187286739,2757,Dakshinkali Investment & Securities Pvt. Ltd.,Nagarik Stock Dealer ,2026-04-21 13:37:40.981065,Arun Kabeli Power Ltd.
2026042104007034,AKPL,33,35,10,276.0,2760.0,2026-04-21,187287122,2757,Dakshinkali Investment & Securities Pvt. Ltd.,Kohinoor Investment & Securities Pvt. Ltd.,2026-04-21 13:38:20.380626,Arun Kabeli Power Ltd.
2026042104007442,AKPL,43,14,136,276.0,37536.0,2026-04-21,187291519,2757,South Asian Bulls Pvt. Ltd.,Nepal Stock House (PVT) Ltd.,2026-04-21 13:46:15.511584,Arun Kabeli Power Ltd.
2026042104007578,AKPL,43,48,140,276.0,38640.0,2026-04-21,187293373,2757,South Asian Bulls Pvt. Ltd.,Trishakti Securities Public Limited,2026-04-21 13:49:52.620680,Arun Kabeli Power Ltd.
2026042104007780,AKPL,43,40,150,276.0,41400.0,2026-04-21,187296909,2757,South Asian Bulls Pvt. Ltd.,Creative Securities Pvt Ltd,2026-04-21 13:56:20.907167,Arun Kabeli Power Ltd.
2026042104007838,AKPL,14,65,36,276.9,9968.4,2026-04-21,187297434,2757,Nepal Stock House (PVT) Ltd.,Sharepro Securities Private Limited,2026-04-21 13:57:07.980200,Arun Kabeli Power Ltd.
2026042104007883,AKPL,43,97,574,276.0,158424.0,2026-04-21,187297946,2757,South Asian Bulls Pvt. Ltd.,R.B.B. Securities Company Ltd,2026-04-21 13:57:58.589615,Arun Kabeli Power Ltd.
2026042104007884,AKPL,77,97,46,276.0,12696.0,2026-04-21,187297947,2757,Nabil Stock Dealer Ltd.,R.B.B. Securities Company Ltd,2026-04-21 13:57:58.590213,Arun Kabeli Power Ltd.
2026042104007923,AKPL,77,95,74,276.0,20424.0,2026-04-21,187298910,2757,Nabil Stock Dealer Ltd.,Magnet Securities and Investment Company Private Limited,2026-04-21 13:59:08.612331,Arun Kabeli Power Ltd.
2026042104007924,AKPL,58,95,26,276.0,7176.0,2026-04-21,187298911,2757,Naasa Securities Co. Ltd.,Magnet Securities and Investment Company Private Limited,2026-04-21 13:59:08.612849,Arun Kabeli Power Ltd.
2026042104008037,AKPL,68,65,10,276.9,2769.0,2026-04-21,187299950,2757,Elite Stock House Limited,Sharepro Securities Private Limited,2026-04-21 14:00:46.427002,Arun Kabeli Power Ltd.
2026042104008059,AKPL,58,45,22,276.0,6072.0,2026-04-21,187300063,2757,Naasa Securities Co. Ltd.,Imperial Securities Company Pvt. Ltd.,2026-04-21 14:00:58.462231,Arun Kabeli Power Ltd.
2026042104008168,AKPL,77,42,70,275.5,19285.0,2026-04-21,187301916,2757,Nabil Stock Dealer Ltd.,Sani Securities Company Ltd.,2026-04-21 14:04:16.654585,Arun Kabeli Power Ltd.
2026042104008169,AKPL,48,42,110,275.3,30283.0,2026-04-21,187301918,2757,Trishakti Securities Public Limited,Sani Securities Company Ltd.,2026-04-21 14:04:16.655116,Arun Kabeli Power Ltd.
2026042104008170,AKPL,49,42,300,275.2,82560.0,2026-04-21,187301920,2757,Online Securities Pvt. Ltd.,Sani Securities Company Ltd.,2026-04-21 14:04:16.655457,Arun Kabeli Power Ltd.
2026042104008171,AKPL,39,42,1000,275.2,275200.0,2026-04-21,187301922,2757,Sumeru Securities Pvt. Ltd.,Sani Securities Company Ltd.,2026-04-21 14:04:16.655770,Arun Kabeli Power Ltd.
2026042104008172,AKPL,8,42,323,275.0,88825.0,2026-04-21,187301924,2757,Brilliant Securities Pvt. Ltd.,Sani Securities Company Ltd.,2026-04-21 14:04:16.656088,Arun Kabeli Power Ltd.
2026042104008173,AKPL,35,42,197,275.0,54175.0,2026-04-21,187301925,2757,Kohinoor Investment & Securities Pvt. Ltd.,Sani Securities Company Ltd.,2026-04-21 14:04:16.656413,Arun Kabeli Power Ltd.
2026042104008282,AKPL,45,57,1150,275.1,316365.0,2026-04-21,187303181,2757,Imperial Securities Company Pvt. Ltd.,Aryatara Investment & Securities,2026-04-21 14:06:11.674587,Arun Kabeli Power Ltd.
2026042104008299,AKPL,41,35,80,275.9,22072.0,2026-04-21,187303548,2757,Linch Stock Market Ltd.,Kohinoor Investment & Securities Pvt. Ltd.,2026-04-21 14:06:47.517725,Arun Kabeli Power Ltd.
2026042104008343,AKPL,22,53,190,276.0,52440.0,2026-04-21,187303974,2757,Siprabi Securities Pvt. Ltd.,Investment Management Nepal Pvt. Ltd.,2026-04-21 14:07:25.922824,Arun Kabeli Power Ltd.
2026042104008507,AKPL,77,34,40,275.5,11020.0,2026-04-21,187306148,2757,Nabil Stock Dealer Ltd.,Vision Securities Pvt. Ltd,2026-04-21 14:10:54.504970,Arun Kabeli Power Ltd.
2026042104008508,AKPL,22,34,500,275.2,137600.0,2026-04-21,187306150,2757,Siprabi Securities Pvt. Ltd.,Vision Securities Pvt. Ltd,2026-04-21 14:10:54.505535,Arun Kabeli Power Ltd.
2026042104008509,AKPL,45,34,1850,275.1,508935.0,2026-04-21,187306152,2757,Imperial Securities Company Pvt. Ltd.,Vision Securities Pvt. Ltd,2026-04-21 14:10:54.505874,Arun Kabeli Power Ltd.
2026042104008510,AKPL,35,34,803,275.0,220825.0,2026-04-21,187306154,2757,Kohinoor Investment & Securities Pvt. Ltd.,Vision Securities Pvt. Ltd,2026-04-21 14:10:54.506197,Arun Kabeli Power Ltd.
2026042104008511,AKPL,42,34,10,275.0,2750.0,2026-04-21,187306156,2757,Sani Securities Company Ltd.,Vision Securities Pvt. Ltd,2026-04-21 14:10:54.506551,Arun Kabeli Power Ltd.
2026042104008512,AKPL,32,34,50,275.0,13750.0,2026-04-21,187306158,2757,Premier Securities Company Ltd.,Vision Securities Pvt. Ltd,2026-04-21 14:10:54.506875,Arun Kabeli Power Ltd.
2026042104008513,AKPL,39,34,1450,275.0,398750.0,2026-04-21,187306160,2757,Sumeru Securities Pvt. Ltd.,Vision Securities Pvt. Ltd,2026-04-21 14:10:54.507190,Arun Kabeli Power Ltd.
2026042104008514,AKPL,51,34,30,275.0,8250.0,2026-04-21,187306162,2757,Oxford Securities Pvt. Ltd.,Vision Securities Pvt. Ltd,2026-04-21 14:10:54.507522,Arun Kabeli Power Ltd.
2026042104008515,AKPL,32,34,100,275.0,27500.0,2026-04-21,187306164,2757,Premier Securities Company Ltd.,Vision Securities Pvt. Ltd,2026-04-21 14:10:54.507837,Arun Kabeli Power Ltd.
2026042104008516,AKPL,11,34,50,275.0,13750.0,2026-04-21,187306166,2757,Malla & Malla Stock Broking Company Pvt. Limited,Vision Securities Pvt. Ltd,2026-04-21 14:10:54.508148,Arun Kabeli Power Ltd.
2026042104008517,AKPL,7,34,117,275.0,32175.0,2026-04-21,187306167,2757,J.F. Securites (PVT) Ltd.,Vision Securities Pvt. Ltd,2026-04-21 14:10:54.508497,Arun Kabeli Power Ltd.
2026042104008526,AKPL,58,58,4,275.1,1100.4,2026-04-21,187306285,2757,Naasa Securities Co. Ltd.,Naasa Securities Co. Ltd.,2026-04-21 14:11:05.998077,Arun Kabeli Power Ltd.
2026042104008630,AKPL,41,46,50,275.6,13780.0,2026-04-21,187307310,2757,Linch Stock Market Ltd.,Kalika Securities Pvt. Ltd.,2026-04-21 14:12:43.484733,Arun Kabeli Power Ltd.
2026042104008661,AKPL,58,35,30,275.9,8277.0,2026-04-21,187307536,2757,Naasa Securities Co. Ltd.,Kohinoor Investment & Securities Pvt. Ltd.,2026-04-21 14:13:05.072169,Arun Kabeli Power Ltd.
2026042104008664,AKPL,41,35,70,275.9,19313.0,2026-04-21,187307591,2757,Linch Stock Market Ltd.,Kohinoor Investment & Securities Pvt. Ltd.,2026-04-21 14:13:08.772048,Arun Kabeli Power Ltd.
2026042104008700,AKPL,41,57,30,275.9,8277.0,2026-04-21,187307940,2757,Linch Stock Market Ltd.,Aryatara Investment & Securities,2026-04-21 14:13:37.077153,Arun Kabeli Power Ltd.
2026042104008705,AKPL,7,64,233,275.0,64075.0,2026-04-21,187308024,2757,J.F. Securites (PVT) Ltd.,SUN SECURITIES PVT LTD,2026-04-21 14:13:48.579788,Arun Kabeli Power Ltd.
2026042104008706,AKPL,58,64,364,274.7,99990.8,2026-04-21,187308026,2757,Naasa Securities Co. Ltd.,SUN SECURITIES PVT LTD,2026-04-21 14:13:48.579868,Arun Kabeli Power Ltd.
2026042104008707,AKPL,14,64,200,274.6,54920.0,2026-04-21,187308028,2757,Nepal Stock House (PVT) Ltd.,SUN SECURITIES PVT LTD,2026-04-21 14:13:48.579903,Arun Kabeli Power Ltd.
2026042104008708,AKPL,39,64,140,274.5,38430.0,2026-04-21,187308030,2757,Sumeru Securities Pvt. Ltd.,SUN SECURITIES PVT LTD,2026-04-21 14:13:48.579929,Arun Kabeli Power Ltd.
2026042104008709,AKPL,51,64,63,274.5,17293.5,2026-04-21,187308031,2757,Oxford Securities Pvt. Ltd.,SUN SECURITIES PVT LTD,2026-04-21 14:13:48.579960,Arun Kabeli Power Ltd.
2026042104008776,AKPL,42,57,170,274.6,46682.0,2026-04-21,187308543,2757,Sani Securities Company Ltd.,Aryatara Investment & Securities,2026-04-21 14:14:30.448824,Arun Kabeli Power Ltd.
2026042104008913,AKPL,64,58,30,275.0,8250.0,2026-04-21,187309983,2757,SUN SECURITIES PVT LTD,Naasa Securities Co. Ltd.,2026-04-21 14:16:39.463657,Arun Kabeli Power Ltd.
2026042104008971,AKPL,64,50,70,275.0,19250.0,2026-04-21,187310654,2757,SUN SECURITIES PVT LTD,Cristal Kanchanjanga Securites Pvt. Ltd.,2026-04-21 14:17:33.946238,Arun Kabeli Power Ltd.
2026042104008972,AKPL,57,50,30,275.0,8250.0,2026-04-21,187310655,2757,Aryatara Investment & Securities,Cristal Kanchanjanga Securites Pvt. Ltd.,2026-04-21 14:17:33.946551,Arun Kabeli Power Ltd.
2026042104009126,AKPL,57,38,20,275.0,5500.0,2026-04-21,187312072,2757,Aryatara Investment & Securities,Dipshikha Dhitopatra Karobar Co. Pvt Ltd.,2026-04-21 14:19:17.463576,Arun Kabeli Power Ltd.
2026042104009127,AKPL,32,38,100,275.0,27500.0,2026-04-21,187312074,2757,Premier Securities Company Ltd.,Dipshikha Dhitopatra Karobar Co. Pvt Ltd.,2026-04-21 14:19:17.463895,Arun Kabeli Power Ltd.
2026042104009434,AKPL,42,53,20,274.6,5492.0,2026-04-21,187314422,2757,Sani Securities Company Ltd.,Investment Management Nepal Pvt. Ltd.,2026-04-21 14:21:37.107025,Arun Kabeli Power Ltd.
2026042104009435,AKPL,51,53,37,274.5,10156.5,2026-04-21,187314424,2757,Oxford Securities Pvt. Ltd.,Investment Management Nepal Pvt. Ltd.,2026-04-21 14:21:37.107275,Arun Kabeli Power Ltd.
2026042104009436,AKPL,83,53,100,274.5,27450.0,2026-04-21,187314426,2757,Sanima Securities Limited,Investment Management Nepal Pvt. Ltd.,2026-04-21 14:21:37.107392,Arun Kabeli Power Ltd.
2026042104009437,AKPL,62,53,25,274.4,6860.0,2026-04-21,187314428,2757,Capital Max Securities Ltd,Investment Management Nepal Pvt. Ltd.,2026-04-21 14:21:37.107501,Arun Kabeli Power Ltd.
2026042104009438,AKPL,42,53,1628,274.4,446723.2,2026-04-21,187314429,2757,Sani Securities Company Ltd.,Investment Management Nepal Pvt. Ltd.,2026-04-21 14:21:37.107627,Arun Kabeli Power Ltd.
2026042104009453,AKPL,42,59,500,274.4,137200.0,2026-04-21,187314591,2757,Sani Securities Company Ltd.,Deevyaa Securities & Stock House Pvt. Ltd,2026-04-21 14:21:45.396091,Arun Kabeli Power Ltd.
2026042104009576,AKPL,6,38,130,274.5,35685.0,2026-04-21,187315717,2757,Agrawal Securities (PVT) Ltd.,Dipshikha Dhitopatra Karobar Co. Pvt Ltd.,2026-04-21 14:22:57.886480,Arun Kabeli Power Ltd.
2026042104009649,AKPL,32,84,10,274.6,2746.0,2026-04-21,187316474,2757,Premier Securities Company Ltd.,MILKY WAY SHARE BROKER COMPANY LTD ,2026-04-21 14:23:52.172868,Arun Kabeli Power Ltd.
2026042104009650,AKPL,6,84,315,274.5,86467.5,2026-04-21,187316475,2757,Agrawal Securities (PVT) Ltd.,MILKY WAY SHARE BROKER COMPANY LTD ,2026-04-21 14:23:52.173193,Arun Kabeli Power Ltd.
2026042104009796,AKPL,35,66,60,275.0,16500.0,2026-04-21,187317476,2757,Kohinoor Investment & Securities Pvt. Ltd.,Miyo Securities Pvt Ltd,2026-04-21 14:24:47.277296,Arun Kabeli Power Ltd.
2026042104010275,AKPL,13,38,100,275.0,27500.0,2026-04-21,187320616,2757,Thrive Brokerage House Pvt. Ltd,Dipshikha Dhitopatra Karobar Co. Pvt Ltd.,2026-04-21 14:27:40.227159,Arun Kabeli Power Ltd.
2026042104010411,AKPL,58,33,40,275.0,11000.0,2026-04-21,187321195,2757,Naasa Securities Co. Ltd.,Dakshinkali Investment & Securities Pvt. Ltd.,2026-04-21 14:28:06.673529,Arun Kabeli Power Ltd.
2026042104010773,AKPL,45,33,50,274.6,13730.0,2026-04-21,187323087,2757,Imperial Securities Company Pvt. Ltd.,Dakshinkali Investment & Securities Pvt. Ltd.,2026-04-21 14:29:40.575510,Arun Kabeli Power Ltd.
2026042104010980,AKPL,45,57,1000,274.6,274600.0,2026-04-21,187324847,2757,Imperial Securities Company Pvt. Ltd.,Aryatara Investment & Securities,2026-04-21 14:31:17.510520,Arun Kabeli Power Ltd.
2026042104011097,AKPL,74,59,300,275.0,82500.0,2026-04-21,187325778,2757,KALASH STOCK MARKET PVT. LTD.,Deevyaa Securities & Stock House Pvt. Ltd,2026-04-21 14:32:12.852991,Arun Kabeli Power Ltd.
2026042104011237,AKPL,45,56,450,274.6,123570.0,2026-04-21,187327068,2757,Imperial Securities Company Pvt. Ltd.,Sri Hari Securities Pvt. Ltd.,2026-04-21 14:33:20.797882,Arun Kabeli Power Ltd.
2026042104011238,AKPL,32,56,10,274.6,2746.0,2026-04-21,187327070,2757,Premier Securities Company Ltd.,Sri Hari Securities Pvt. Ltd.,2026-04-21 14:33:20.798168,Arun Kabeli Power Ltd.
2026042104011239,AKPL,77,56,42,274.6,11533.2,2026-04-21,187327071,2757,Nabil Stock Dealer Ltd.,Sri Hari Securities Pvt. Ltd.,2026-04-21 14:33:20.798292,Arun Kabeli Power Ltd.
2026042104011319,AKPL,77,25,158,274.6,43386.8,2026-04-21,187327742,2757,Nabil Stock Dealer Ltd.,Sweta Securities Private Limited,2026-04-21 14:34:07.089066,Arun Kabeli Power Ltd.
2026042104011391,AKPL,6,34,2055,274.5,564097.5,2026-04-21,187328294,2757,Agrawal Securities (PVT) Ltd.,Vision Securities Pvt. Ltd,2026-04-21 14:34:33.152614,Arun Kabeli Power Ltd.
2026042104011392,AKPL,42,34,10,274.5,2745.0,2026-04-21,187328296,2757,Sani Securities Company Ltd.,Vision Securities Pvt. Ltd,2026-04-21 14:34:33.152861,Arun Kabeli Power Ltd.
2026042104011393,AKPL,42,34,2872,274.4,788076.8,2026-04-21,187328298,2757,Sani Securities Company Ltd.,Vision Securities Pvt. Ltd,2026-04-21 14:34:33.152975,Arun Kabeli Power Ltd.
2026042104011413,AKPL,49,34,179,274.4,49117.6,2026-04-21,187328629,2757,Online Securities Pvt. Ltd.,Vision Securities Pvt. Ltd,2026-04-21 14:34:56.257327,Arun Kabeli Power Ltd.
2026042104011414,AKPL,49,25,10,274.6,2746.0,2026-04-21,187328632,2757,Online Securities Pvt. Ltd.,Sweta Securities Private Limited,2026-04-21 14:34:56.257588,Arun Kabeli Power Ltd.
2026042104011430,AKPL,49,25,332,274.6,91167.2,2026-04-21,187328777,2757,Online Securities Pvt. Ltd.,Sweta Securities Private Limited,2026-04-21 14:35:03.522295,Arun Kabeli Power Ltd.
2026042104011431,AKPL,49,48,168,275.0,46200.0,2026-04-21,187328780,2757,Online Securities Pvt. Ltd.,Trishakti Securities Public Limited,2026-04-21 14:35:03.522629,Arun Kabeli Power Ltd.
2026042104011525,AKPL,39,58,20,274.3,5486.0,2026-04-21,187329695,2757,Sumeru Securities Pvt. Ltd.,Naasa Securities Co. Ltd.,2026-04-21 14:35:50.675398,Arun Kabeli Power Ltd.
2026042104011560,AKPL,49,25,22,274.5,6039.0,2026-04-21,187330044,2757,Online Securities Pvt. Ltd.,Sweta Securities Private Limited,2026-04-21 14:36:16.873347,Arun Kabeli Power Ltd.
2026042104011617,AKPL,39,52,100,274.3,27430.0,2026-04-21,187330547,2757,Sumeru Securities Pvt. Ltd.,Sundhara Securities Limited,2026-04-21 14:36:42.215076,Arun Kabeli Power Ltd.
2026042104011745,AKPL,39,3,80,274.3,21944.0,2026-04-21,187331802,2757,Sumeru Securities Pvt. Ltd.,Arun Securities (PVT) Ltd.,2026-04-21 14:37:48.822675,Arun Kabeli Power Ltd.
2026042104011746,AKPL,32,3,20,274.3,5486.0,2026-04-21,187331803,2757,Premier Securities Company Ltd.,Arun Securities (PVT) Ltd.,2026-04-21 14:37:48.822977,Arun Kabeli Power Ltd.
2026042104011799,AKPL,41,58,66,274.4,18110.4,2026-04-21,187332249,2757,Linch Stock Market Ltd.,Naasa Securities Co. Ltd.,2026-04-21 14:38:18.609698,Arun Kabeli Power Ltd.
2026042104011830,AKPL,41,25,478,274.5,131211.0,2026-04-21,187332630,2757,Linch Stock Market Ltd.,Sweta Securities Private Limited,2026-04-21 14:38:47.712371,Arun Kabeli Power Ltd.
2026042104012048,AKPL,41,63,34,274.4,9329.6,2026-04-21,187334522,2757,Linch Stock Market Ltd.,Himalayan Brokerage Company Limited,2026-04-21 14:40:26.344973,Arun Kabeli Power Ltd.
2026042104012049,AKPL,83,63,100,274.3,27430.0,2026-04-21,187334524,2757,Sanima Securities Limited,Himalayan Brokerage Company Limited,2026-04-21 14:40:26.345110,Arun Kabeli Power Ltd.
2026042104012050,AKPL,32,63,30,274.3,8229.0,2026-04-21,187334526,2757,Premier Securities Company Ltd.,Himalayan Brokerage Company Limited,2026-04-21 14:40:26.345191,Arun Kabeli Power Ltd.
2026042104012051,AKPL,85,63,836,274.1,229147.6,2026-04-21,187334527,2757,Capital Hub P. Ltd,Himalayan Brokerage Company Limited,2026-04-21 14:40:26.345267,Arun Kabeli Power Ltd.
2026042104012213,AKPL,85,48,500,274.1,137050.0,2026-04-21,187336113,2757,Capital Hub P. Ltd,Trishakti Securities Public Limited,2026-04-21 14:41:43.801249,Arun Kabeli Power Ltd.
2026042104012372,AKPL,85,62,500,274.1,137050.0,2026-04-21,187337129,2757,Capital Hub P. Ltd,Capital Max Securities Ltd,2026-04-21 14:42:28.913696,Arun Kabeli Power Ltd.
2026042104012667,AKPL,57,48,50,275.0,13750.0,2026-04-21,187339576,2757,Aryatara Investment & Securities,Trishakti Securities Public Limited,2026-04-21 14:44:07.704739,Arun Kabeli Power Ltd.
2026042104012970,AKPL,85,32,800,274.1,219280.0,2026-04-21,187341805,2757,Capital Hub P. Ltd,Premier Securities Company Ltd.,2026-04-21 14:45:26.397171,Arun Kabeli Power Ltd.
2026042104013013,AKPL,85,13,50,274.1,13705.0,2026-04-21,187342057,2757,Capital Hub P. Ltd,Thrive Brokerage House Pvt. Ltd,2026-04-21 14:45:36.861605,Arun Kabeli Power Ltd.
2026042104013182,AKPL,85,25,500,274.1,137050.0,2026-04-21,187343271,2757,Capital Hub P. Ltd,Sweta Securities Private Limited,2026-04-21 14:46:27.609093,Arun Kabeli Power Ltd.
2026042104013247,AKPL,85,62,500,274.1,137050.0,2026-04-21,187344217,2757,Capital Hub P. Ltd,Capital Max Securities Ltd,2026-04-21 14:46:58.653686,Arun Kabeli Power Ltd.
2026042104013329,AKPL,85,51,500,274.1,137050.0,2026-04-21,187345009,2757,Capital Hub P. Ltd,Oxford Securities Pvt. Ltd.,2026-04-21 14:47:30.498800,Arun Kabeli Power Ltd.
2026042104013330,AKPL,85,44,39,274.1,10689.9,2026-04-21,187345032,2757,Capital Hub P. Ltd,Dynamic Money Managers Securities Pvt. Ltd.,2026-04-21 14:47:31.518275,Arun Kabeli Power Ltd.
2026042104013331,AKPL,58,44,100,274.1,27410.0,2026-04-21,187345034,2757,Naasa Securities Co. Ltd.,Dynamic Money Managers Securities Pvt. Ltd.,2026-04-21 14:47:31.518543,Arun Kabeli Power Ltd.
2026042104013369,AKPL,57,63,1000,274.0,274000.0,2026-04-21,187345277,2757,Aryatara Investment & Securities,Himalayan Brokerage Company Limited,2026-04-21 14:47:40.832026,Arun Kabeli Power Ltd.
2026042104013384,AKPL,57,13,100,274.0,27400.0,2026-04-21,187345399,2757,Aryatara Investment & Securities,Thrive Brokerage House Pvt. Ltd,2026-04-21 14:47:47.222808,Arun Kabeli Power Ltd.
2026042104013454,AKPL,57,48,1070,274.0,293180.0,2026-04-21,187345803,2757,Aryatara Investment & Securities,Trishakti Securities Public Limited,2026-04-21 14:48:03.683427,Arun Kabeli Power Ltd.
2026042104013527,AKPL,32,44,50,274.1,13705.0,2026-04-21,187346410,2757,Premier Securities Company Ltd.,Dynamic Money Managers Securities Pvt. Ltd.,2026-04-21 14:48:27.106564,Arun Kabeli Power Ltd.
2026042104013569,AKPL,25,44,500,274.1,137050.0,2026-04-21,187346676,2757,Sweta Securities Private Limited,Dynamic Money Managers Securities Pvt. Ltd.,2026-04-21 14:48:35.647837,Arun Kabeli Power Ltd.
2026042104013579,AKPL,57,42,1600,274.0,438400.0,2026-04-21,187346801,2757,Aryatara Investment & Securities,Sani Securities Company Ltd.,2026-04-21 14:48:40.801885,Arun Kabeli Power Ltd.
2026042104013607,AKPL,57,42,780,274.0,213720.0,2026-04-21,187347006,2757,Aryatara Investment & Securities,Sani Securities Company Ltd.,2026-04-21 14:48:48.921353,Arun Kabeli Power Ltd.
2026042104013608,AKPL,35,42,50,274.0,13700.0,2026-04-21,187347008,2757,Kohinoor Investment & Securities Pvt. Ltd.,Sani Securities Company Ltd.,2026-04-21 14:48:48.921611,Arun Kabeli Power Ltd.
2026042104013609,AKPL,41,42,200,274.0,54800.0,2026-04-21,187347010,2757,Linch Stock Market Ltd.,Sani Securities Company Ltd.,2026-04-21 14:48:48.921721,Arun Kabeli Power Ltd.
2026042104013610,AKPL,53,42,570,274.0,156180.0,2026-04-21,187347011,2757,Investment Management Nepal Pvt. Ltd.,Sani Securities Company Ltd.,2026-04-21 14:48:48.921848,Arun Kabeli Power Ltd.
2026042104013649,AKPL,53,13,30,274.0,8220.0,2026-04-21,187347284,2757,Investment Management Nepal Pvt. Ltd.,Thrive Brokerage House Pvt. Ltd,2026-04-21 14:48:57.566949,Arun Kabeli Power Ltd.
2026042104013650,AKPL,56,13,100,274.0,27400.0,2026-04-21,187347288,2757,Sri Hari Securities Pvt. Ltd.,Thrive Brokerage House Pvt. Ltd,2026-04-21 14:48:57.567510,Arun Kabeli Power Ltd.
2026042104013651,AKPL,36,13,150,274.0,41100.0,2026-04-21,187347292,2757,Secured Securities Ltd.,Thrive Brokerage House Pvt. Ltd,2026-04-21 14:48:57.567817,Arun Kabeli Power Ltd.
2026042104013652,AKPL,45,13,10,274.0,2740.0,2026-04-21,187347294,2757,Imperial Securities Company Pvt. Ltd.,Thrive Brokerage House Pvt. Ltd,2026-04-21 14:48:57.568140,Arun Kabeli Power Ltd.
2026042104013653,AKPL,62,13,20,274.0,5480.0,2026-04-21,187347295,2757,Capital Max Securities Ltd,Thrive Brokerage House Pvt. Ltd,2026-04-21 14:48:57.568460,Arun Kabeli Power Ltd.
2026042104013728,AKPL,32,44,50,274.1,13705.0,2026-04-21,187347738,2757,Premier Securities Company Ltd.,Dynamic Money Managers Securities Pvt. Ltd.,2026-04-21 14:49:12.879695,Arun Kabeli Power Ltd.
2026042104013754,AKPL,62,5,1000,274.0,274000.0,2026-04-21,187348047,2757,Capital Max Securities Ltd,Market Securities & Exchange (PVT) Ltd.,2026-04-21 14:49:20.194027,Arun Kabeli Power Ltd.
2026042104013769,AKPL,40,44,200,274.1,54820.0,2026-04-21,187348118,2757,Creative Securities Pvt Ltd,Dynamic Money Managers Securities Pvt. Ltd.,2026-04-21 14:49:23.322821,Arun Kabeli Power Ltd.
2026042104013858,AKPL,62,33,480,274.0,131520.0,2026-04-21,187348530,2757,Capital Max Securities Ltd,Dakshinkali Investment & Securities Pvt. Ltd.,2026-04-21 14:49:37.610223,Arun Kabeli Power Ltd.
2026042104013859,AKPL,45,33,20,274.0,5480.0,2026-04-21,187348531,2757,Imperial Securities Company Pvt. Ltd.,Dakshinkali Investment & Securities Pvt. Ltd.,2026-04-21 14:49:37.610521,Arun Kabeli Power Ltd.
2026042104013862,AKPL,25,44,10,274.1,2741.0,2026-04-21,187348614,2757,Sweta Securities Private Limited,Dynamic Money Managers Securities Pvt. Ltd.,2026-04-21 14:49:40.623946,Arun Kabeli Power Ltd.
2026042104013933,AKPL,45,52,80,274.0,21920.0,2026-04-21,187348966,2757,Imperial Securities Company Pvt. Ltd.,Sundhara Securities Limited,2026-04-21 14:49:50.672347,Arun Kabeli Power Ltd.
2026042104013934,AKPL,58,52,55,274.0,15070.0,2026-04-21,187348968,2757,Naasa Securities Co. Ltd.,Sundhara Securities Limited,2026-04-21 14:49:50.672841,Arun Kabeli Power Ltd.
2026042104013935,AKPL,58,52,100,274.0,27400.0,2026-04-21,187348970,2757,Naasa Securities Co. Ltd.,Sundhara Securities Limited,2026-04-21 14:49:50.673158,Arun Kabeli Power Ltd.
2026042104014081,AKPL,21,52,100,274.0,27400.0,2026-04-21,187349846,2757,Midas Stock Broking Company Private Limited,Sundhara Securities Limited,2026-04-21 14:50:21.733835,Arun Kabeli Power Ltd.
2026042104014148,AKPL,22,38,12,273.8,3285.6,2026-04-21,187350413,2757,Siprabi Securities Pvt. Ltd.,Dipshikha Dhitopatra Karobar Co. Pvt Ltd.,2026-04-21 14:50:40.858503,Arun Kabeli Power Ltd.
2026042104014181,AKPL,22,36,63,273.8,17249.4,2026-04-21,187350976,2757,Siprabi Securities Pvt. Ltd.,Secured Securities Ltd.,2026-04-21 14:50:58.776155,Arun Kabeli Power Ltd.
2026042104014249,AKPL,43,17,400,273.6,109440.0,2026-04-21,187351284,2757,South Asian Bulls Pvt. Ltd.,ABC Securities Private Limited,2026-04-21 14:51:09.237403,Arun Kabeli Power Ltd.
2026042104014250,AKPL,51,17,100,273.5,27350.0,2026-04-21,187351286,2757,Oxford Securities Pvt. Ltd.,ABC Securities Private Limited,2026-04-21 14:51:09.237906,Arun Kabeli Power Ltd.
2026042104014251,AKPL,83,17,200,273.5,54700.0,2026-04-21,187351288,2757,Sanima Securities Limited,ABC Securities Private Limited,2026-04-21 14:51:09.238221,Arun Kabeli Power Ltd.
2026042104014252,AKPL,42,17,200,273.3,54660.0,2026-04-21,187351289,2757,Sani Securities Company Ltd.,ABC Securities Private Limited,2026-04-21 14:51:09.238546,Arun Kabeli Power Ltd.
2026042104014608,AKPL,42,65,454,273.3,124078.2,2026-04-21,187354197,2757,Sani Securities Company Ltd.,Sharepro Securities Private Limited,2026-04-21 14:53:00.541985,Arun Kabeli Power Ltd.
2026042104014619,AKPL,42,4,180,273.3,49194.0,2026-04-21,187354277,2757,Sani Securities Company Ltd.,Opal Securities Investment (PVT) Ltd.,2026-04-21 14:53:03.455215,Arun Kabeli Power Ltd.
2026042104014677,AKPL,42,20,426,273.3,116425.8,2026-04-21,187354646,2757,Sani Securities Company Ltd.,Sipla Securities Private Limited,2026-04-21 14:53:20.826470,Arun Kabeli Power Ltd.
2026042104014678,AKPL,58,20,10,273.3,2733.0,2026-04-21,187354648,2757,Naasa Securities Co. Ltd.,Sipla Securities Private Limited,2026-04-21 14:53:20.826948,Arun Kabeli Power Ltd.
2026042104014679,AKPL,1,20,64,273.2,17484.8,2026-04-21,187354649,2757,Kumari Securities Private Limited,Sipla Securities Private Limited,2026-04-21 14:53:20.827290,Arun Kabeli Power Ltd.
2026042104014776,AKPL,1,39,300,273.2,81960.0,2026-04-21,187355315,2757,Kumari Securities Private Limited,Sumeru Securities Pvt. Ltd.,2026-04-21 14:53:42.741878,Arun Kabeli Power Ltd.
2026042104014784,AKPL,1,49,136,273.2,37155.2,2026-04-21,187355395,2757,Kumari Securities Private Limited,Online Securities Pvt. Ltd.,2026-04-21 14:53:45.255447,Arun Kabeli Power Ltd.
2026042104014785,AKPL,40,49,500,273.1,136550.0,2026-04-21,187355397,2757,Creative Securities Pvt Ltd,Online Securities Pvt. Ltd.,2026-04-21 14:53:45.256027,Arun Kabeli Power Ltd.
2026042104014786,AKPL,35,49,200,273.1,54620.0,2026-04-21,187355399,2757,Kohinoor Investment & Securities Pvt. Ltd.,Online Securities Pvt. Ltd.,2026-04-21 14:53:45.256558,Arun Kabeli Power Ltd.
2026042104014787,AKPL,6,49,2500,273.0,682500.0,2026-04-21,187355401,2757,Agrawal Securities (PVT) Ltd.,Online Securities Pvt. Ltd.,2026-04-21 14:53:45.257007,Arun Kabeli Power Ltd.
2026042104014788,AKPL,54,49,100,273.0,27300.0,2026-04-21,187355403,2757,Sewa Securities Pvt. Ltd.,Online Securities Pvt. Ltd.,2026-04-21 14:53:45.257470,Arun Kabeli Power Ltd.
2026042104014789,AKPL,1,49,50,273.0,13650.0,2026-04-21,187355405,2757,Kumari Securities Private Limited,Online Securities Pvt. Ltd.,2026-04-21 14:53:45.257930,Arun Kabeli Power Ltd.
2026042104014790,AKPL,35,49,50,273.0,13650.0,2026-04-21,187355407,2757,Kohinoor Investment & Securities Pvt. Ltd.,Online Securities Pvt. Ltd.,2026-04-21 14:53:45.258436,Arun Kabeli Power Ltd.
2026042104014791,AKPL,51,49,100,273.0,27300.0,2026-04-21,187355409,2757,Oxford Securities Pvt. Ltd.,Online Securities Pvt. Ltd.,2026-04-21 14:53:45.258917,Arun Kabeli Power Ltd.
2026042104014792,AKPL,39,49,50,273.0,13650.0,2026-04-21,187355411,2757,Sumeru Securities Pvt. Ltd.,Online Securities Pvt. Ltd.,2026-04-21 14:53:45.259432,Arun Kabeli Power Ltd.
2026042104014793,AKPL,57,49,100,273.0,27300.0,2026-04-21,187355413,2757,Aryatara Investment & Securities,Online Securities Pvt. Ltd.,2026-04-21 14:53:45.259919,Arun Kabeli Power Ltd.
2026042104014794,AKPL,57,49,1214,273.0,331422.0,2026-04-21,187355414,2757,Aryatara Investment & Securities,Online Securities Pvt. Ltd.,2026-04-21 14:53:45.260411,Arun Kabeli Power Ltd.
2026042104014834,AKPL,32,10,50,273.1,13655.0,2026-04-21,187355736,2757,Premier Securities Company Ltd.,Pragyan Securities (PVT) Ltd.,2026-04-21 14:53:54.115998,Arun Kabeli Power Ltd.
2026042104014835,AKPL,57,10,572,273.0,156156.0,2026-04-21,187355737,2757,Aryatara Investment & Securities,Pragyan Securities (PVT) Ltd.,2026-04-21 14:53:54.116599,Arun Kabeli Power Ltd.
2026042104014884,AKPL,21,58,200,273.2,54640.0,2026-04-21,187356007,2757,Midas Stock Broking Company Private Limited,Naasa Securities Co. Ltd.,2026-04-21 14:54:08.074040,Arun Kabeli Power Ltd.
2026042104014885,AKPL,57,58,300,273.0,81900.0,2026-04-21,187356008,2757,Aryatara Investment & Securities,Naasa Securities Co. Ltd.,2026-04-21 14:54:08.074176,Arun Kabeli Power Ltd.
2026042104014912,AKPL,57,68,200,273.0,54600.0,2026-04-21,187356399,2757,Aryatara Investment & Securities,Elite Stock House Limited,2026-04-21 14:54:21.386577,Arun Kabeli Power Ltd.
2026042104015035,AKPL,41,47,200,273.1,54620.0,2026-04-21,187357483,2757,Linch Stock Market Ltd.,Neev Securities Pvt. Ltd.,2026-04-21 14:55:00.360846,Arun Kabeli Power Ltd.
2026042104015129,AKPL,57,29,2714,273.0,740922.0,2026-04-21,187358038,2757,Aryatara Investment & Securities,Trisul Securities & Invt. Ltd.,2026-04-21 14:55:16.893087,Arun Kabeli Power Ltd.
2026042104015130,AKPL,57,29,2286,273.0,624078.0,2026-04-21,187358039,2757,Aryatara Investment & Securities,Trisul Securities & Invt. Ltd.,2026-04-21 14:55:16.893372,Arun Kabeli Power Ltd.
2026042104015229,AKPL,57,43,500,273.0,136500.0,2026-04-21,187358711,2757,Aryatara Investment & Securities,South Asian Bulls Pvt. Ltd.,2026-04-21 14:55:37.847295,Arun Kabeli Power Ltd.
2026042104015279,AKPL,57,49,90,273.0,24570.0,2026-04-21,187359187,2757,Aryatara Investment & Securities,Online Securities Pvt. Ltd.,2026-04-21 14:55:49.181224,Arun Kabeli Power Ltd.
2026042104015361,AKPL,57,52,115,273.0,31395.0,2026-04-21,187359937,2757,Aryatara Investment & Securities,Sundhara Securities Limited,2026-04-21 14:56:11.089328,Arun Kabeli Power Ltd.
2026042104015485,AKPL,57,14,2009,273.0,548457.0,2026-04-21,187360958,2757,Aryatara Investment & Securities,Nepal Stock House (PVT) Ltd.,2026-04-21 14:56:40.157907,Arun Kabeli Power Ltd.
2026042104015486,AKPL,36,14,50,273.0,13650.0,2026-04-21,187360960,2757,Secured Securities Ltd.,Nepal Stock House (PVT) Ltd.,2026-04-21 14:56:40.158156,Arun Kabeli Power Ltd.
2026042104015487,AKPL,58,14,50,273.0,13650.0,2026-04-21,187360962,2757,Naasa Securities Co. Ltd.,Nepal Stock House (PVT) Ltd.,2026-04-21 14:56:40.158266,Arun Kabeli Power Ltd.
2026042104015488,AKPL,41,14,500,273.0,136500.0,2026-04-21,187360964,2757,Linch Stock Market Ltd.,Nepal Stock House (PVT) Ltd.,2026-04-21 14:56:40.158384,Arun Kabeli Power Ltd.
2026042104015489,AKPL,17,14,293,273.0,79989.0,2026-04-21,187360966,2757,ABC Securities Private Limited,Nepal Stock House (PVT) Ltd.,2026-04-21 14:56:40.158490,Arun Kabeli Power Ltd.
2026042104015490,AKPL,58,14,100,273.0,27300.0,2026-04-21,187360968,2757,Naasa Securities Co. Ltd.,Nepal Stock House (PVT) Ltd.,2026-04-21 14:56:40.158602,Arun Kabeli Power Ltd.
2026042104015491,AKPL,58,14,25,273.0,6825.0,2026-04-21,187360970,2757,Naasa Securities Co. Ltd.,Nepal Stock House (PVT) Ltd.,2026-04-21 14:56:40.158708,Arun Kabeli Power Ltd.
2026042104015492,AKPL,5,14,100,273.0,27300.0,2026-04-21,187360972,2757,Market Securities & Exchange (PVT) Ltd.,Nepal Stock House (PVT) Ltd.,2026-04-21 14:56:40.158810,Arun Kabeli Power Ltd.
2026042104015493,AKPL,51,14,50,273.0,13650.0,2026-04-21,187360974,2757,Oxford Securities Pvt. Ltd.,Nepal Stock House (PVT) Ltd.,2026-04-21 14:56:40.158913,Arun Kabeli Power Ltd.
2026042104015494,AKPL,14,14,44,273.0,12012.0,2026-04-21,187360975,2757,Nepal Stock House (PVT) Ltd.,Nepal Stock House (PVT) Ltd.,2026-04-21 14:56:40.159019,Arun Kabeli Power Ltd.
2026042104015514,AKPL,58,42,100,273.5,27350.0,2026-04-21,187361174,2757,Naasa Securities Co. Ltd.,Sani Securities Company Ltd.,2026-04-21 14:56:44.283518,Arun Kabeli Power Ltd.
2026042104015546,AKPL,40,85,200,273.0,54600.0,2026-04-21,187361503,2757,Creative Securities Pvt Ltd,Capital Hub P. Ltd,2026-04-21 14:56:54.063263,Arun Kabeli Power Ltd.
2026042104015630,AKPL,6,85,1000,273.0,273000.0,2026-04-21,187362190,2757,Agrawal Securities (PVT) Ltd.,Capital Hub P. Ltd,2026-04-21 14:57:11.820675,Arun Kabeli Power Ltd.
2026042104015650,AKPL,47,38,200,272.1,54420.0,2026-04-21,187362368,2757,Neev Securities Pvt. Ltd.,Dipshikha Dhitopatra Karobar Co. Pvt Ltd.,2026-04-21 14:57:18.264823,Arun Kabeli Power Ltd.
2026042104015651,AKPL,48,38,180,272.0,48960.0,2026-04-21,187362370,2757,Trishakti Securities Public Limited,Dipshikha Dhitopatra Karobar Co. Pvt Ltd.,2026-04-21 14:57:18.264925,Arun Kabeli Power Ltd.
2026042104015652,AKPL,47,38,120,272.0,32640.0,2026-04-21,187362371,2757,Neev Securities Pvt. Ltd.,Dipshikha Dhitopatra Karobar Co. Pvt Ltd.,2026-04-21 14:57:18.264993,Arun Kabeli Power Ltd.
2026042104015728,AKPL,47,43,180,272.0,48960.0,2026-04-21,187363006,2757,Neev Securities Pvt. Ltd.,South Asian Bulls Pvt. Ltd.,2026-04-21 14:57:31.582720,Arun Kabeli Power Ltd.
2026042104015729,AKPL,58,43,10,272.0,2720.0,2026-04-21,187363008,2757,Naasa Securities Co. Ltd.,South Asian Bulls Pvt. Ltd.,2026-04-21 14:57:31.583017,Arun Kabeli Power Ltd.
2026042104015730,AKPL,35,43,10,272.0,2720.0,2026-04-21,187363009,2757,Kohinoor Investment & Securities Pvt. Ltd.,South Asian Bulls Pvt. Ltd.,2026-04-21 14:57:31.583126,Arun Kabeli Power Ltd.
2026042104015865,AKPL,36,85,1550,273.0,423150.0,2026-04-21,187363909,2757,Secured Securities Ltd.,Capital Hub P. Ltd,2026-04-21 14:57:52.561143,Arun Kabeli Power Ltd.
2026042104015866,AKPL,36,51,150,273.0,40950.0,2026-04-21,187363912,2757,Secured Securities Ltd.,Oxford Securities Pvt. Ltd.,2026-04-21 14:57:52.561618,Arun Kabeli Power Ltd.
2026042104015949,AKPL,34,51,500,273.0,136500.0,2026-04-21,187364587,2757,Vision Securities Pvt. Ltd,Oxford Securities Pvt. Ltd.,2026-04-21 14:58:08.306140,Arun Kabeli Power Ltd.
2026042104016060,AKPL,97,33,50,272.9,13645.0,2026-04-21,187365433,2757,R.B.B. Securities Company Ltd,Dakshinkali Investment & Securities Pvt. Ltd.,2026-04-21 14:58:29.762406,Arun Kabeli Power Ltd.
2026042104016061,AKPL,97,51,150,273.0,40950.0,2026-04-21,187365436,2757,R.B.B. Securities Company Ltd,Oxford Securities Pvt. Ltd.,2026-04-21 14:58:29.762636,Arun Kabeli Power Ltd.
2026042104016067,AKPL,41,8,100,272.1,27210.0,2026-04-21,187365458,2757,Linch Stock Market Ltd.,Brilliant Securities Pvt. Ltd.,2026-04-21 14:58:30.176386,Arun Kabeli Power Ltd.
2026042104016068,AKPL,58,8,20,272.1,5442.0,2026-04-21,187365459,2757,Naasa Securities Co. Ltd.,Brilliant Securities Pvt. Ltd.,2026-04-21 14:58:30.176872,Arun Kabeli Power Ltd.
2026042104016371,AKPL,58,45,80,272.1,21768.0,2026-04-21,187367894,2757,Naasa Securities Co. Ltd.,Imperial Securities Company Pvt. Ltd.,2026-04-21 14:59:19.836573,Arun Kabeli Power Ltd.
2026042104016372,AKPL,7,45,200,272.1,54420.0,2026-04-21,187367896,2757,J.F. Securites (PVT) Ltd.,Imperial Securities Company Pvt. Ltd.,2026-04-21 14:59:19.836833,Arun Kabeli Power Ltd.
2026042104016373,AKPL,52,45,200,272.1,54420.0,2026-04-21,187367898,2757,Sundhara Securities Limited,Imperial Securities Company Pvt. Ltd.,2026-04-21 14:59:19.836950,Arun Kabeli Power Ltd.
2026042104016374,AKPL,3,45,320,272.1,87072.0,2026-04-21,187367899,2757,Arun Securities (PVT) Ltd.,Imperial Securities Company Pvt. Ltd.,2026-04-21 14:59:19.837062,Arun Kabeli Power Ltd.
2026042104016380,AKPL,3,62,20,272.1,5442.0,2026-04-21,187367997,2757,Arun Securities (PVT) Ltd.,Capital Max Securities Ltd,2026-04-21 14:59:21.112875,Arun Kabeli Power Ltd.
2026042104016484,AKPL,32,50,150,272.2,40830.0,2026-04-21,187368688,2757,Premier Securities Company Ltd.,Cristal Kanchanjanga Securites Pvt. Ltd.,2026-04-21 14:59:30.403071,Arun Kabeli Power Ltd.
2026042104016485,AKPL,3,50,1660,272.1,451686.0,2026-04-21,187368690,2757,Arun Securities (PVT) Ltd.,Cristal Kanchanjanga Securites Pvt. Ltd.,2026-04-21 14:59:30.403555,Arun Kabeli Power Ltd.
2026042104016486,AKPL,35,50,40,272.0,10880.0,2026-04-21,187368692,2757,Kohinoor Investment & Securities Pvt. Ltd.,Cristal Kanchanjanga Securites Pvt. Ltd.,2026-04-21 14:59:30.403922,Arun Kabeli Power Ltd.
2026042104016487,AKPL,19,50,550,272.0,149600.0,2026-04-21,187368693,2757,Nepal Investment And Securities Trading Private Limited,Cristal Kanchanjanga Securites Pvt. Ltd.,2026-04-21 14:59:30.404268,Arun Kabeli Power Ltd.
2026042104016763,AKPL,59,17,100,272.1,27210.0,2026-04-21,187370466,2757,Deevyaa Securities & Stock House Pvt. Ltd,ABC Securities Private Limited,2026-04-21 14:59:51.706520,Arun Kabeli Power Ltd.
2026042104016780,AKPL,47,17,100,272.1,27210.0,2026-04-21,187370628,2757,Neev Securities Pvt. Ltd.,ABC Securities Private Limited,2026-04-21 14:59:53.557792,Arun Kabeli Power Ltd.
