contractId,stockSymbol,buyerMemberId,sellerMemberId,quantity,rate,amount,businessDate,tradeBookId,stockId,buyerBrokerName,sellerBrokerName,transaction_time,securityName
2026042103000666,GFCL,34,58,10,631.0,6310.0,2026-04-21,187218458,232,Vision Securities Pvt. Ltd,Naasa Securities Co. Ltd.,2026-04-21 11:45:21.764331,Goodwill Finance Limited
2026042103000667,GFCL,54,58,75,630.0,47250.0,2026-04-21,187218459,232,Sewa Securities Pvt. Ltd.,Naasa Securities Co. Ltd.,2026-04-21 11:45:21.764492,Goodwill Finance Limited
2026042103000742,GFCL,58,17,14,640.0,8960.0,2026-04-21,187221989,232,Naasa Securities Co. Ltd.,ABC Securities Private Limited,2026-04-21 11:49:38.088616,Goodwill Finance Limited
2026042103000743,GFCL,58,7,32,640.0,20480.0,2026-04-21,187221992,232,Naasa Securities Co. Ltd.,J.F. Securites (PVT) Ltd.,2026-04-21 11:49:38.088753,Goodwill Finance Limited
2026042103001232,GFCL,62,35,80,637.9,51032.0,2026-04-21,187235854,232,Capital Max Securities Ltd,Kohinoor Investment & Securities Pvt. Ltd.,2026-04-21 12:09:22.640462,Goodwill Finance Limited
2026042103001491,GFCL,36,34,40,630.1,25204.0,2026-04-21,187243178,232,Secured Securities Ltd.,Vision Securities Pvt. Ltd,2026-04-21 12:24:16.396337,Goodwill Finance Limited
2026042103001492,GFCL,54,34,25,630.0,15750.0,2026-04-21,187243180,232,Sewa Securities Pvt. Ltd.,Vision Securities Pvt. Ltd,2026-04-21 12:24:16.396387,Goodwill Finance Limited
2026042103001493,GFCL,14,34,200,630.0,126000.0,2026-04-21,187243182,232,Nepal Stock House (PVT) Ltd.,Vision Securities Pvt. Ltd,2026-04-21 12:24:16.396410,Goodwill Finance Limited
2026042103001494,GFCL,74,34,500,630.0,315000.0,2026-04-21,187243184,232,KALASH STOCK MARKET PVT. LTD.,Vision Securities Pvt. Ltd,2026-04-21 12:24:16.396431,Goodwill Finance Limited
2026042103001495,GFCL,44,34,300,628.0,188400.0,2026-04-21,187243186,232,Dynamic Money Managers Securities Pvt. Ltd.,Vision Securities Pvt. Ltd,2026-04-21 12:24:16.396453,Goodwill Finance Limited
2026042103001496,GFCL,14,34,1000,628.0,628000.0,2026-04-21,187243188,232,Nepal Stock House (PVT) Ltd.,Vision Securities Pvt. Ltd,2026-04-21 12:24:16.396491,Goodwill Finance Limited
2026042103001497,GFCL,38,34,85,625.0,53125.0,2026-04-21,187243189,232,Dipshikha Dhitopatra Karobar Co. Pvt Ltd.,Vision Securities Pvt. Ltd,2026-04-21 12:24:16.396511,Goodwill Finance Limited
2026042103001886,GFCL,58,58,25,627.0,15675.0,2026-04-21,187252523,232,Naasa Securities Co. Ltd.,Naasa Securities Co. Ltd.,2026-04-21 12:40:26.433260,Goodwill Finance Limited
2026042103002156,GFCL,58,1,50,627.5,31375.0,2026-04-21,187259684,232,Naasa Securities Co. Ltd.,Kumari Securities Private Limited,2026-04-21 12:54:14.715893,Goodwill Finance Limited
2026042103002157,GFCL,58,1,94,627.0,58938.0,2026-04-21,187259686,232,Naasa Securities Co. Ltd.,Kumari Securities Private Limited,2026-04-21 12:54:14.715995,Goodwill Finance Limited
2026042103002158,GFCL,32,1,10,627.0,6270.0,2026-04-21,187259688,232,Premier Securities Company Ltd.,Kumari Securities Private Limited,2026-04-21 12:54:14.716046,Goodwill Finance Limited
2026042103002159,GFCL,46,1,100,627.0,62700.0,2026-04-21,187259690,232,Kalika Securities Pvt. Ltd.,Kumari Securities Private Limited,2026-04-21 12:54:14.716087,Goodwill Finance Limited
2026042103002160,GFCL,6,1,100,626.1,62610.0,2026-04-21,187259692,232,Agrawal Securities (PVT) Ltd.,Kumari Securities Private Limited,2026-04-21 12:54:14.716131,Goodwill Finance Limited
2026042103002161,GFCL,42,1,50,626.0,31300.0,2026-04-21,187259694,232,Sani Securities Company Ltd.,Kumari Securities Private Limited,2026-04-21 12:54:14.716173,Goodwill Finance Limited
2026042103002166,GFCL,38,1,96,625.0,60000.0,2026-04-21,187259757,232,Dipshikha Dhitopatra Karobar Co. Pvt Ltd.,Kumari Securities Private Limited,2026-04-21 12:54:23.111039,Goodwill Finance Limited
2026042103003200,GFCL,58,45,100,626.3,62630.0,2026-04-21,187288817,232,Naasa Securities Co. Ltd.,Imperial Securities Company Pvt. Ltd.,2026-04-21 13:41:07.585191,Goodwill Finance Limited
2026042103003705,GFCL,58,19,10,626.3,6263.0,2026-04-21,187296711,232,Naasa Securities Co. Ltd.,Nepal Investment And Securities Trading Private Limited,2026-04-21 13:55:50.944869,Goodwill Finance Limited
2026042103004083,GFCL,11,56,200,627.1,125420.0,2026-04-21,187304684,232,Malla & Malla Stock Broking Company Pvt. Limited,Sri Hari Securities Pvt. Ltd.,2026-04-21 14:08:22.866562,Goodwill Finance Limited
2026042103004084,GFCL,58,56,500,627.0,313500.0,2026-04-21,187304686,232,Naasa Securities Co. Ltd.,Sri Hari Securities Pvt. Ltd.,2026-04-21 14:08:22.866811,Goodwill Finance Limited
2026042103004085,GFCL,58,56,190,626.3,118997.0,2026-04-21,187304688,232,Naasa Securities Co. Ltd.,Sri Hari Securities Pvt. Ltd.,2026-04-21 14:08:22.866986,Goodwill Finance Limited
2026042103004086,GFCL,13,56,210,626.2,131502.0,2026-04-21,187304689,232,Thrive Brokerage House Pvt. Ltd,Sri Hari Securities Pvt. Ltd.,2026-04-21 14:08:22.867159,Goodwill Finance Limited
2026042103004310,GFCL,64,56,100,626.3,62630.0,2026-04-21,187309782,232,SUN SECURITIES PVT LTD,Sri Hari Securities Pvt. Ltd.,2026-04-21 14:16:25.041331,Goodwill Finance Limited
2026042103004311,GFCL,13,56,290,626.2,181598.0,2026-04-21,187309784,232,Thrive Brokerage House Pvt. Ltd,Sri Hari Securities Pvt. Ltd.,2026-04-21 14:16:25.041504,Goodwill Finance Limited
2026042103004312,GFCL,45,56,100,626.1,62610.0,2026-04-21,187309786,232,Imperial Securities Company Pvt. Ltd.,Sri Hari Securities Pvt. Ltd.,2026-04-21 14:16:25.041578,Goodwill Finance Limited
2026042103004313,GFCL,58,56,20,626.0,12520.0,2026-04-21,187309788,232,Naasa Securities Co. Ltd.,Sri Hari Securities Pvt. Ltd.,2026-04-21 14:16:25.041658,Goodwill Finance Limited
2026042103004314,GFCL,48,56,250,626.0,156500.0,2026-04-21,187309790,232,Trishakti Securities Public Limited,Sri Hari Securities Pvt. Ltd.,2026-04-21 14:16:25.041711,Goodwill Finance Limited
2026042103004315,GFCL,1,56,25,626.0,15650.0,2026-04-21,187309792,232,Kumari Securities Private Limited,Sri Hari Securities Pvt. Ltd.,2026-04-21 14:16:25.041768,Goodwill Finance Limited
2026042103004316,GFCL,13,56,200,626.0,125200.0,2026-04-21,187309794,232,Thrive Brokerage House Pvt. Ltd,Sri Hari Securities Pvt. Ltd.,2026-04-21 14:16:25.041828,Goodwill Finance Limited
2026042103004977,GFCL,14,49,100,626.0,62600.0,2026-04-21,187325759,232,Nepal Stock House (PVT) Ltd.,Online Securities Pvt. Ltd.,2026-04-21 14:32:11.764840,Goodwill Finance Limited
2026042103005229,GFCL,42,56,10,626.0,6260.0,2026-04-21,187331656,232,Sani Securities Company Ltd.,Sri Hari Securities Pvt. Ltd.,2026-04-21 14:37:43.188919,Goodwill Finance Limited
2026042103005230,GFCL,41,56,500,625.2,312600.0,2026-04-21,187331658,232,Linch Stock Market Ltd.,Sri Hari Securities Pvt. Ltd.,2026-04-21 14:37:43.189075,Goodwill Finance Limited
2026042103005231,GFCL,33,56,200,625.1,125020.0,2026-04-21,187331660,232,Dakshinkali Investment & Securities Pvt. Ltd.,Sri Hari Securities Pvt. Ltd.,2026-04-21 14:37:43.189133,Goodwill Finance Limited
2026042103005232,GFCL,38,56,290,625.0,181250.0,2026-04-21,187331661,232,Dipshikha Dhitopatra Karobar Co. Pvt Ltd.,Sri Hari Securities Pvt. Ltd.,2026-04-21 14:37:43.189184,Goodwill Finance Limited
2026042103005515,GFCL,38,62,29,625.0,18125.0,2026-04-21,187338184,232,Dipshikha Dhitopatra Karobar Co. Pvt Ltd.,Capital Max Securities Ltd,2026-04-21 14:43:13.823888,Goodwill Finance Limited
2026042103005516,GFCL,38,62,20,625.0,12500.0,2026-04-21,187338186,232,Dipshikha Dhitopatra Karobar Co. Pvt Ltd.,Capital Max Securities Ltd,2026-04-21 14:43:13.824156,Goodwill Finance Limited
2026042103005517,GFCL,58,62,245,625.0,153125.0,2026-04-21,187338187,232,Naasa Securities Co. Ltd.,Capital Max Securities Ltd,2026-04-21 14:43:13.824305,Goodwill Finance Limited
2026042103005600,GFCL,11,57,30,627.0,18810.0,2026-04-21,187339364,232,Malla & Malla Stock Broking Company Pvt. Limited,Aryatara Investment & Securities,2026-04-21 14:43:58.040906,Goodwill Finance Limited
2026042103005705,GFCL,58,45,75,625.0,46875.0,2026-04-21,187341572,232,Naasa Securities Co. Ltd.,Imperial Securities Company Pvt. Ltd.,2026-04-21 14:45:16.812546,Goodwill Finance Limited
2026042103005706,GFCL,58,45,50,625.0,31250.0,2026-04-21,187341574,232,Naasa Securities Co. Ltd.,Imperial Securities Company Pvt. Ltd.,2026-04-21 14:45:16.812790,Goodwill Finance Limited
2026042103005707,GFCL,51,45,10,625.0,6250.0,2026-04-21,187341576,232,Oxford Securities Pvt. Ltd.,Imperial Securities Company Pvt. Ltd.,2026-04-21 14:45:16.812931,Goodwill Finance Limited
2026042103005708,GFCL,34,45,100,625.0,62500.0,2026-04-21,187341578,232,Vision Securities Pvt. Ltd,Imperial Securities Company Pvt. Ltd.,2026-04-21 14:45:16.813093,Goodwill Finance Limited
2026042103005709,GFCL,58,45,33,625.0,20625.0,2026-04-21,187341580,232,Naasa Securities Co. Ltd.,Imperial Securities Company Pvt. Ltd.,2026-04-21 14:45:16.813236,Goodwill Finance Limited
2026042103005747,GFCL,19,45,32,625.0,20000.0,2026-04-21,187342449,232,Nepal Investment And Securities Trading Private Limited,Imperial Securities Company Pvt. Ltd.,2026-04-21 14:45:52.527069,Goodwill Finance Limited
2026042103006066,GFCL,19,58,10,625.1,6251.0,2026-04-21,187346673,232,Nepal Investment And Securities Trading Private Limited,Naasa Securities Co. Ltd.,2026-04-21 14:48:35.569379,Goodwill Finance Limited
2026042103006204,GFCL,19,91,58,625.1,36255.8,2026-04-21,187350728,232,Nepal Investment And Securities Trading Private Limited,Citizens Share Broker Limited,2026-04-21 14:50:47.653238,Goodwill Finance Limited
2026042103006205,GFCL,49,91,25,625.0,15625.0,2026-04-21,187350730,232,Online Securities Pvt. Ltd.,Citizens Share Broker Limited,2026-04-21 14:50:47.653467,Goodwill Finance Limited
2026042103006206,GFCL,32,91,117,625.0,73125.0,2026-04-21,187350731,232,Premier Securities Company Ltd.,Citizens Share Broker Limited,2026-04-21 14:50:47.653617,Goodwill Finance Limited
2026042103006321,GFCL,32,45,33,625.0,20625.0,2026-04-21,187352966,232,Premier Securities Company Ltd.,Imperial Securities Company Pvt. Ltd.,2026-04-21 14:52:17.002138,Goodwill Finance Limited
2026042103006322,GFCL,54,45,75,625.0,46875.0,2026-04-21,187352968,232,Sewa Securities Pvt. Ltd.,Imperial Securities Company Pvt. Ltd.,2026-04-21 14:52:17.002271,Goodwill Finance Limited
2026042103006599,GFCL,51,45,10,624.0,6240.0,2026-04-21,187357854,232,Oxford Securities Pvt. Ltd.,Imperial Securities Company Pvt. Ltd.,2026-04-21 14:55:10.506425,Goodwill Finance Limited
2026042103006600,GFCL,49,45,10,624.0,6240.0,2026-04-21,187357856,232,Online Securities Pvt. Ltd.,Imperial Securities Company Pvt. Ltd.,2026-04-21 14:55:10.506541,Goodwill Finance Limited
2026042103006685,GFCL,36,56,100,623.1,62310.0,2026-04-21,187360150,232,Secured Securities Ltd.,Sri Hari Securities Pvt. Ltd.,2026-04-21 14:56:16.329994,Goodwill Finance Limited
2026042103006686,GFCL,45,56,100,623.0,62300.0,2026-04-21,187360152,232,Imperial Securities Company Pvt. Ltd.,Sri Hari Securities Pvt. Ltd.,2026-04-21 14:56:16.330128,Goodwill Finance Limited
2026042103006687,GFCL,34,56,300,623.0,186900.0,2026-04-21,187360153,232,Vision Securities Pvt. Ltd,Sri Hari Securities Pvt. Ltd.,2026-04-21 14:56:16.330181,Goodwill Finance Limited
2026042103006828,GFCL,34,45,177,623.0,110271.0,2026-04-21,187362411,232,Vision Securities Pvt. Ltd,Imperial Securities Company Pvt. Ltd.,2026-04-21 14:57:19.615412,Goodwill Finance Limited
2026042103006875,GFCL,34,91,23,623.0,14329.0,2026-04-21,187363306,232,Vision Securities Pvt. Ltd,Citizens Share Broker Limited,2026-04-21 14:57:38.222383,Goodwill Finance Limited
2026042103006876,GFCL,21,91,77,623.0,47971.0,2026-04-21,187363309,232,Midas Stock Broking Company Private Limited,Citizens Share Broker Limited,2026-04-21 14:57:38.222512,Goodwill Finance Limited
2026042103006984,GFCL,45,50,30,623.1,18693.0,2026-04-21,187365075,232,Imperial Securities Company Pvt. Ltd.,Cristal Kanchanjanga Securites Pvt. Ltd.,2026-04-21 14:58:21.310754,Goodwill Finance Limited
2026042103006985,GFCL,45,38,62,624.0,38688.0,2026-04-21,187365077,232,Imperial Securities Company Pvt. Ltd.,Dipshikha Dhitopatra Karobar Co. Pvt Ltd.,2026-04-21 14:58:21.310992,Goodwill Finance Limited
2026042103007020,GFCL,21,42,11,623.0,6853.0,2026-04-21,187365698,232,Midas Stock Broking Company Private Limited,Sani Securities Company Ltd.,2026-04-21 14:58:36.127679,Goodwill Finance Limited
2026042103007021,GFCL,58,42,50,623.0,31150.0,2026-04-21,187365700,232,Naasa Securities Co. Ltd.,Sani Securities Company Ltd.,2026-04-21 14:58:36.127787,Goodwill Finance Limited
2026042103007022,GFCL,8,42,639,622.5,397777.5,2026-04-21,187365701,232,Brilliant Securities Pvt. Ltd.,Sani Securities Company Ltd.,2026-04-21 14:58:36.127847,Goodwill Finance Limited
