contract_id,symbol,buyer_member_id,seller_member_id,volume,price,amount,buyer_broker,seller_broker,transaction_time
2026042104001070,GHL,8,42,15,248.3,3724.5,Brilliant Securities Pvt. Ltd.,Sani Securities Company Ltd.,2026-04-21 11:26:38.587613
2026042104001483,GHL,8,6,10,248.9,2489.0,Brilliant Securities Pvt. Ltd.,Agrawal Securities (PVT) Ltd.,2026-04-21 11:39:34.886554
2026042104001484,GHL,8,6,10,248.8,2488.0,Brilliant Securities Pvt. Ltd.,Agrawal Securities (PVT) Ltd.,2026-04-21 11:39:34.886695
2026042104001485,GHL,88,6,500,248.7,124350.0,Blue Chip Securities Ltd,Agrawal Securities (PVT) Ltd.,2026-04-21 11:39:34.886747
2026042104001486,GHL,88,6,1000,248.6,248600.0,Blue Chip Securities Ltd,Agrawal Securities (PVT) Ltd.,2026-04-21 11:39:34.886794
2026042104001487,GHL,4,6,380,248.5,94430.0,Opal Securities Investment (PVT) Ltd.,Agrawal Securities (PVT) Ltd.,2026-04-21 11:39:34.886859
2026042104001721,GHL,8,57,30,248.7,7461.0,Brilliant Securities Pvt. Ltd.,Aryatara Investment & Securities,2026-04-21 11:44:35.154308
2026042104001816,GHL,59,59,330,249.9,82467.0,Deevyaa Securities & Stock House Pvt. Ltd,Deevyaa Securities & Stock House Pvt. Ltd,2026-04-21 11:46:23.817737
2026042104001864,GHL,59,49,10,250.0,2500.0,Deevyaa Securities & Stock House Pvt. Ltd,Online Securities Pvt. Ltd.,2026-04-21 11:47:27.693547
2026042104001865,GHL,59,38,250,250.0,62500.0,Deevyaa Securities & Stock House Pvt. Ltd,Dipshikha Dhitopatra Karobar Co. Pvt Ltd.,2026-04-21 11:47:27.693781
2026042104001891,GHL,4,62,300,251.0,75300.0,Opal Securities Investment (PVT) Ltd.,Capital Max Securities Ltd,2026-04-21 11:47:53.356304
2026042104002080,GHL,59,29,30,251.1,7533.0,Deevyaa Securities & Stock House Pvt. Ltd,Trisul Securities & Invt. Ltd.,2026-04-21 11:51:50.736710
2026042104002420,GHL,4,29,200,251.0,50200.0,Opal Securities Investment (PVT) Ltd.,Trisul Securities & Invt. Ltd.,2026-04-21 11:56:33.378358
2026042104002421,GHL,5,29,10,250.0,2500.0,Market Securities & Exchange (PVT) Ltd.,Trisul Securities & Invt. Ltd.,2026-04-21 11:56:33.378604
2026042104002422,GHL,59,29,190,250.0,47500.0,Deevyaa Securities & Stock House Pvt. Ltd,Trisul Securities & Invt. Ltd.,2026-04-21 11:56:33.378773
2026042104002426,GHL,59,29,20,250.0,5000.0,Deevyaa Securities & Stock House Pvt. Ltd,Trisul Securities & Invt. Ltd.,2026-04-21 11:56:40.514082
2026042104002514,GHL,4,29,120,249.1,29892.0,Opal Securities Investment (PVT) Ltd.,Trisul Securities & Invt. Ltd.,2026-04-21 11:57:53.193920
2026042104002515,GHL,25,29,480,249.0,119520.0,Sweta Securities Private Limited,Trisul Securities & Invt. Ltd.,2026-04-21 11:57:53.194050
2026042104002571,GHL,25,58,20,249.0,4980.0,Sweta Securities Private Limited,Naasa Securities Co. Ltd.,2026-04-21 11:59:00.376150
2026042104002572,GHL,45,58,40,248.8,9952.0,Imperial Securities Company Pvt. Ltd.,Naasa Securities Co. Ltd.,2026-04-21 11:59:00.376294
2026042104002642,GHL,45,8,160,248.8,39808.0,Imperial Securities Company Pvt. Ltd.,Brilliant Securities Pvt. Ltd.,2026-04-21 12:00:13.836724
2026042104002643,GHL,59,8,100,248.7,24870.0,Deevyaa Securities & Stock House Pvt. Ltd,Brilliant Securities Pvt. Ltd.,2026-04-21 12:00:13.836980
2026042104002644,GHL,52,8,205,248.5,50942.5,Sundhara Securities Limited,Brilliant Securities Pvt. Ltd.,2026-04-21 12:00:13.837145
2026042104002645,GHL,57,8,100,248.4,24840.0,Aryatara Investment & Securities,Brilliant Securities Pvt. Ltd.,2026-04-21 12:00:13.837364
2026042104002646,GHL,88,8,1000,248.4,248400.0,Blue Chip Securities Ltd,Brilliant Securities Pvt. Ltd.,2026-04-21 12:00:13.837558
2026042104002647,GHL,8,8,285,248.3,70765.5,Brilliant Securities Pvt. Ltd.,Brilliant Securities Pvt. Ltd.,2026-04-21 12:00:13.837783
2026042104002648,GHL,39,8,150,248.1,37215.0,Sumeru Securities Pvt. Ltd.,Brilliant Securities Pvt. Ltd.,2026-04-21 12:00:13.837970
2026042104002817,GHL,17,14,20,249.0,4980.0,ABC Securities Private Limited,Nepal Stock House (PVT) Ltd.,2026-04-21 12:03:24.974577
2026042104002821,GHL,49,49,26,250.0,6500.0,Online Securities Pvt. Ltd.,Online Securities Pvt. Ltd.,2026-04-21 12:03:33.295158
2026042104002881,GHL,17,58,1980,249.0,493020.0,ABC Securities Private Limited,Naasa Securities Co. Ltd.,2026-04-21 12:04:52.950016
2026042104002882,GHL,38,58,11,249.0,2739.0,Dipshikha Dhitopatra Karobar Co. Pvt Ltd.,Naasa Securities Co. Ltd.,2026-04-21 12:04:52.950241
2026042104003332,GHL,39,58,350,248.1,86835.0,Sumeru Securities Pvt. Ltd.,Naasa Securities Co. Ltd.,2026-04-21 12:17:28.145178
2026042104003333,GHL,48,58,100,248.0,24800.0,Trishakti Securities Public Limited,Naasa Securities Co. Ltd.,2026-04-21 12:17:28.145276
2026042104003648,GHL,8,57,30,247.3,7419.0,Brilliant Securities Pvt. Ltd.,Aryatara Investment & Securities,2026-04-21 12:24:45.110499
2026042104003835,GHL,59,46,1192,247.2,294662.4,Deevyaa Securities & Stock House Pvt. Ltd,Kalika Securities Pvt. Ltd.,2026-04-21 12:29:08.227008
2026042104003998,GHL,59,58,2000,247.2,494400.0,Deevyaa Securities & Stock House Pvt. Ltd,Naasa Securities Co. Ltd.,2026-04-21 12:32:16.602276
2026042104004010,GHL,58,14,100,247.1,24710.0,Naasa Securities Co. Ltd.,Nepal Stock House (PVT) Ltd.,2026-04-21 12:32:29.790326
2026042104004011,GHL,8,14,500,247.1,123550.0,Brilliant Securities Pvt. Ltd.,Nepal Stock House (PVT) Ltd.,2026-04-21 12:32:29.790471
2026042104004012,GHL,21,14,1000,247.0,247000.0,Midas Stock Broking Company Private Limited,Nepal Stock House (PVT) Ltd.,2026-04-21 12:32:29.790532
2026042104004013,GHL,3,14,100,247.0,24700.0,Arun Securities (PVT) Ltd.,Nepal Stock House (PVT) Ltd.,2026-04-21 12:32:29.790583
2026042104004413,GHL,59,49,32,246.6,7891.2,Deevyaa Securities & Stock House Pvt. Ltd,Online Securities Pvt. Ltd.,2026-04-21 12:40:46.149471
2026042104005049,GHL,39,14,800,247.5,198000.0,Sumeru Securities Pvt. Ltd.,Nepal Stock House (PVT) Ltd.,2026-04-21 12:55:55.278170
2026042104005184,GHL,29,17,150,248.3,37245.0,Trisul Securities & Invt. Ltd.,ABC Securities Private Limited,2026-04-21 12:57:14.938262
2026042104005186,GHL,29,54,250,247.6,61900.0,Trisul Securities & Invt. Ltd.,Sewa Securities Pvt. Ltd.,2026-04-21 12:57:16.414084
2026042104005349,GHL,54,39,100,247.7,24770.0,Sewa Securities Pvt. Ltd.,Sumeru Securities Pvt. Ltd.,2026-04-21 13:01:09.692518
2026042104005350,GHL,29,39,550,247.6,136180.0,Trisul Securities & Invt. Ltd.,Sumeru Securities Pvt. Ltd.,2026-04-21 13:01:09.692576
2026042104005583,GHL,29,58,50,248.0,12400.0,Trisul Securities & Invt. Ltd.,Naasa Securities Co. Ltd.,2026-04-21 13:06:51.100548
2026042104005585,GHL,59,58,100,248.0,24800.0,Deevyaa Securities & Stock House Pvt. Ltd,Naasa Securities Co. Ltd.,2026-04-21 13:07:08.983728
2026042104005674,GHL,59,17,350,248.3,86905.0,Deevyaa Securities & Stock House Pvt. Ltd,ABC Securities Private Limited,2026-04-21 13:10:25.852052
2026042104005966,GHL,1,50,30,249.0,7470.0,Kumari Securities Private Limited,Cristal Kanchanjanga Securites Pvt. Ltd.,2026-04-21 13:15:50.626283
2026042104005979,GHL,59,50,470,249.0,117030.0,Deevyaa Securities & Stock House Pvt. Ltd,Cristal Kanchanjanga Securites Pvt. Ltd.,2026-04-21 13:16:03.443253
2026042104005988,GHL,7,49,50,248.0,12400.0,J.F. Securites (PVT) Ltd.,Online Securities Pvt. Ltd.,2026-04-21 13:16:06.644341
2026042104005989,GHL,38,49,150,248.0,37200.0,Dipshikha Dhitopatra Karobar Co. Pvt Ltd.,Online Securities Pvt. Ltd.,2026-04-21 13:16:06.644394
2026042104005990,GHL,7,49,1500,248.0,372000.0,J.F. Securites (PVT) Ltd.,Online Securities Pvt. Ltd.,2026-04-21 13:16:06.644417
2026042104005991,GHL,59,49,100,247.6,24760.0,Deevyaa Securities & Stock House Pvt. Ltd,Online Securities Pvt. Ltd.,2026-04-21 13:16:06.644440
2026042104005992,GHL,39,49,200,247.5,49500.0,Sumeru Securities Pvt. Ltd.,Online Securities Pvt. Ltd.,2026-04-21 13:16:06.644478
2026042104006148,GHL,43,42,25,248.2,6205.0,South Asian Bulls Pvt. Ltd.,Sani Securities Company Ltd.,2026-04-21 13:19:29.474029
2026042104006299,GHL,17,49,10,250.0,2500.0,ABC Securities Private Limited,Online Securities Pvt. Ltd.,2026-04-21 13:23:02.217632
2026042104006318,GHL,43,38,50,248.2,12410.0,South Asian Bulls Pvt. Ltd.,Dipshikha Dhitopatra Karobar Co. Pvt Ltd.,2026-04-21 13:23:22.855900
2026042104006575,GHL,17,49,10,250.0,2500.0,ABC Securities Private Limited,Online Securities Pvt. Ltd.,2026-04-21 13:28:08.074707
2026042104006645,GHL,13,48,750,248.3,186225.0,Thrive Brokerage House Pvt. Ltd,Trishakti Securities Public Limited,2026-04-21 13:30:17.762254
2026042104006667,GHL,13,58,30,248.3,7449.0,Thrive Brokerage House Pvt. Ltd,Naasa Securities Co. Ltd.,2026-04-21 13:30:35.798869
2026042104006742,GHL,13,35,10,248.3,2483.0,Thrive Brokerage House Pvt. Ltd,Kohinoor Investment & Securities Pvt. Ltd.,2026-04-21 13:32:26.423789
2026042104006800,GHL,13,45,210,248.3,52143.0,Thrive Brokerage House Pvt. Ltd,Imperial Securities Company Pvt. Ltd.,2026-04-21 13:33:39.402807
2026042104006812,GHL,43,45,25,248.2,6205.0,South Asian Bulls Pvt. Ltd.,Imperial Securities Company Pvt. Ltd.,2026-04-21 13:34:09.202126
2026042104006813,GHL,59,45,100,248.2,24820.0,Deevyaa Securities & Stock House Pvt. Ltd,Imperial Securities Company Pvt. Ltd.,2026-04-21 13:34:09.202319
2026042104006831,GHL,48,39,70,248.0,17360.0,Trishakti Securities Public Limited,Sumeru Securities Pvt. Ltd.,2026-04-21 13:34:51.171406
2026042104006832,GHL,62,39,400,247.6,99040.0,Capital Max Securities Ltd,Sumeru Securities Pvt. Ltd.,2026-04-21 13:34:51.171520
2026042104006962,GHL,39,60,10,247.5,2475.0,Sumeru Securities Pvt. Ltd.,Nagarik Stock Dealer ,2026-04-21 13:36:54.883273
2026042104006971,GHL,16,65,20,247.6,4952.0,Primo Securities (PVT) Ltd.,Sharepro Securities Private Limited,2026-04-21 13:37:14.572702
2026042104006972,GHL,39,65,2490,247.5,616275.0,Sumeru Securities Pvt. Ltd.,Sharepro Securities Private Limited,2026-04-21 13:37:14.573076
2026042104006973,GHL,38,65,490,247.4,121226.0,Dipshikha Dhitopatra Karobar Co. Pvt Ltd.,Sharepro Securities Private Limited,2026-04-21 13:37:14.573271
2026042104007378,GHL,54,39,100,249.9,24990.0,Sewa Securities Pvt. Ltd.,Sumeru Securities Pvt. Ltd.,2026-04-21 13:44:38.939667
2026042104007379,GHL,54,49,349,250.0,87250.0,Sewa Securities Pvt. Ltd.,Online Securities Pvt. Ltd.,2026-04-21 13:44:38.939830
2026042104007380,GHL,54,26,60,250.0,15000.0,Sewa Securities Pvt. Ltd.,Asian Securities Private Ltd.,2026-04-21 13:44:38.939901
2026042104007381,GHL,54,7,250,250.0,62500.0,Sewa Securities Pvt. Ltd.,J.F. Securites (PVT) Ltd.,2026-04-21 13:44:38.939968
2026042104007382,GHL,54,58,40,250.0,10000.0,Sewa Securities Pvt. Ltd.,Naasa Securities Co. Ltd.,2026-04-21 13:44:38.940032
2026042104007383,GHL,54,17,1200,250.0,300000.0,Sewa Securities Pvt. Ltd.,ABC Securities Private Limited,2026-04-21 13:44:38.940097
2026042104007413,GHL,54,34,30,250.0,7500.0,Sewa Securities Pvt. Ltd.,Vision Securities Pvt. Ltd,2026-04-21 13:45:20.447184
2026042104007414,GHL,54,10,945,250.0,236250.0,Sewa Securities Pvt. Ltd.,Pragyan Securities (PVT) Ltd.,2026-04-21 13:45:20.447515
2026042104007463,GHL,54,48,300,250.0,75000.0,Sewa Securities Pvt. Ltd.,Trishakti Securities Public Limited,2026-04-21 13:46:31.398613
2026042104007483,GHL,54,34,200,250.0,50000.0,Sewa Securities Pvt. Ltd.,Vision Securities Pvt. Ltd,2026-04-21 13:46:56.070694
2026042104007519,GHL,54,81,400,251.0,100400.0,Sewa Securities Pvt. Ltd.,Aakashbhairab Securities Ltd.,2026-04-21 13:47:56.106176
2026042104007523,GHL,54,45,525,250.0,131250.0,Sewa Securities Pvt. Ltd.,Imperial Securities Company Pvt. Ltd.,2026-04-21 13:48:18.438422
2026042104007538,GHL,54,45,275,250.0,68750.0,Sewa Securities Pvt. Ltd.,Imperial Securities Company Pvt. Ltd.,2026-04-21 13:49:00.736979
2026042104007539,GHL,54,39,225,250.0,56250.0,Sewa Securities Pvt. Ltd.,Sumeru Securities Pvt. Ltd.,2026-04-21 13:49:00.737292
2026042104007595,GHL,58,39,52,250.0,13000.0,Naasa Securities Co. Ltd.,Sumeru Securities Pvt. Ltd.,2026-04-21 13:50:10.126420
2026042104007609,GHL,54,39,723,250.0,180750.0,Sewa Securities Pvt. Ltd.,Sumeru Securities Pvt. Ltd.,2026-04-21 13:50:52.683466
2026042104007610,GHL,54,51,1277,250.0,319250.0,Sewa Securities Pvt. Ltd.,Oxford Securities Pvt. Ltd.,2026-04-21 13:50:52.683671
2026042104007629,GHL,54,51,500,250.0,125000.0,Sewa Securities Pvt. Ltd.,Oxford Securities Pvt. Ltd.,2026-04-21 13:51:50.620717
2026042104007684,GHL,54,51,350,250.0,87500.0,Sewa Securities Pvt. Ltd.,Oxford Securities Pvt. Ltd.,2026-04-21 13:53:05.112941
2026042104008155,GHL,42,33,100,249.0,24900.0,Sani Securities Company Ltd.,Dakshinkali Investment & Securities Pvt. Ltd.,2026-04-21 14:03:52.057340
2026042104008160,GHL,42,33,100,249.0,24900.0,Sani Securities Company Ltd.,Dakshinkali Investment & Securities Pvt. Ltd.,2026-04-21 14:04:06.640913
2026042104008241,GHL,59,58,10,248.1,2481.0,Deevyaa Securities & Stock House Pvt. Ltd,Naasa Securities Co. Ltd.,2026-04-21 14:05:47.991851
2026042104008532,GHL,59,45,90,248.1,22329.0,Deevyaa Securities & Stock House Pvt. Ltd,Imperial Securities Company Pvt. Ltd.,2026-04-21 14:11:10.188622
2026042104008714,GHL,3,63,200,248.0,49600.0,Arun Securities (PVT) Ltd.,Himalayan Brokerage Company Limited,2026-04-21 14:14:01.257444
2026042104008715,GHL,7,63,1000,247.5,247500.0,J.F. Securites (PVT) Ltd.,Himalayan Brokerage Company Limited,2026-04-21 14:14:01.257628
2026042104008716,GHL,38,63,842,247.4,208310.8,Dipshikha Dhitopatra Karobar Co. Pvt Ltd.,Himalayan Brokerage Company Limited,2026-04-21 14:14:01.257696
2026042104008717,GHL,58,63,100,247.3,24730.0,Naasa Securities Co. Ltd.,Himalayan Brokerage Company Limited,2026-04-21 14:14:01.257766
2026042104008718,GHL,4,63,858,247.3,212183.4,Opal Securities Investment (PVT) Ltd.,Himalayan Brokerage Company Limited,2026-04-21 14:14:01.257831
2026042104008897,GHL,7,34,75,249.0,18675.0,J.F. Securites (PVT) Ltd.,Vision Securities Pvt. Ltd,2026-04-21 14:16:29.823094
2026042104008960,GHL,7,4,500,247.4,123700.0,J.F. Securites (PVT) Ltd.,Opal Securities Investment (PVT) Ltd.,2026-04-21 14:17:21.984023
2026042104009089,GHL,7,87,87,247.4,21523.8,J.F. Securites (PVT) Ltd.,S.P.S.A. Securities Limited,2026-04-21 14:18:44.309633
2026042104009112,GHL,7,34,413,247.4,102176.2,J.F. Securites (PVT) Ltd.,Vision Securities Pvt. Ltd,2026-04-21 14:18:57.451259
2026042104009113,GHL,62,34,12,247.4,2968.8,Capital Max Securities Ltd,Vision Securities Pvt. Ltd,2026-04-21 14:18:57.451635
2026042104009219,GHL,62,45,88,247.4,21771.2,Capital Max Securities Ltd,Imperial Securities Company Pvt. Ltd.,2026-04-21 14:20:07.090098
2026042104009403,GHL,41,56,500,247.5,123750.0,Linch Stock Market Ltd.,Sri Hari Securities Pvt. Ltd.,2026-04-21 14:21:17.852931
2026042104009404,GHL,4,56,642,247.3,158766.6,Opal Securities Investment (PVT) Ltd.,Sri Hari Securities Pvt. Ltd.,2026-04-21 14:21:17.853093
2026042104009405,GHL,36,56,858,247.1,212011.8,Secured Securities Ltd.,Sri Hari Securities Pvt. Ltd.,2026-04-21 14:21:17.853168
2026042104009480,GHL,36,51,142,247.1,35088.2,Secured Securities Ltd.,Oxford Securities Pvt. Ltd.,2026-04-21 14:21:57.492883
2026042104009481,GHL,59,51,76,247.1,18779.6,Deevyaa Securities & Stock House Pvt. Ltd,Oxford Securities Pvt. Ltd.,2026-04-21 14:21:57.493212
2026042104009549,GHL,59,56,124,247.1,30640.4,Deevyaa Securities & Stock House Pvt. Ltd,Sri Hari Securities Pvt. Ltd.,2026-04-21 14:22:39.504045
2026042104009697,GHL,43,26,140,246.8,34552.0,South Asian Bulls Pvt. Ltd.,Asian Securities Private Ltd.,2026-04-21 14:24:18.479394
2026042104009738,GHL,59,56,876,246.4,215846.4,Deevyaa Securities & Stock House Pvt. Ltd,Sri Hari Securities Pvt. Ltd.,2026-04-21 14:24:32.505958
2026042104010005,GHL,59,25,124,246.4,30553.6,Deevyaa Securities & Stock House Pvt. Ltd,Sweta Securities Private Limited,2026-04-21 14:25:23.554577
2026042104010006,GHL,8,25,200,246.4,49280.0,Brilliant Securities Pvt. Ltd.,Sweta Securities Private Limited,2026-04-21 14:25:23.554899
2026042104010007,GHL,7,25,70,246.3,17241.0,J.F. Securites (PVT) Ltd.,Sweta Securities Private Limited,2026-04-21 14:25:23.555117
2026042104010101,GHL,7,45,315,246.3,77584.5,J.F. Securites (PVT) Ltd.,Imperial Securities Company Pvt. Ltd.,2026-04-21 14:26:01.817944
2026042104010414,GHL,59,17,1000,246.4,246400.0,Deevyaa Securities & Stock House Pvt. Ltd,ABC Securities Private Limited,2026-04-21 14:28:12.957251
2026042104010472,GHL,38,26,360,246.8,88848.0,Dipshikha Dhitopatra Karobar Co. Pvt Ltd.,Asian Securities Private Ltd.,2026-04-21 14:28:26.622843
2026042104011228,GHL,4,56,500,246.5,123250.0,Opal Securities Investment (PVT) Ltd.,Sri Hari Securities Pvt. Ltd.,2026-04-21 14:33:15.865996
2026042104011229,GHL,3,56,100,246.5,24650.0,Arun Securities (PVT) Ltd.,Sri Hari Securities Pvt. Ltd.,2026-04-21 14:33:15.866143
2026042104011230,GHL,39,56,1000,246.4,246400.0,Sumeru Securities Pvt. Ltd.,Sri Hari Securities Pvt. Ltd.,2026-04-21 14:33:15.866216
2026042104011231,GHL,7,56,200,246.3,49260.0,J.F. Securites (PVT) Ltd.,Sri Hari Securities Pvt. Ltd.,2026-04-21 14:33:15.866283
2026042104011254,GHL,58,29,90,248.8,22392.0,Naasa Securities Co. Ltd.,Trisul Securities & Invt. Ltd.,2026-04-21 14:33:29.608454
2026042104011481,GHL,7,29,10,246.3,2463.0,J.F. Securites (PVT) Ltd.,Trisul Securities & Invt. Ltd.,2026-04-21 14:35:34.744249
2026042104011689,GHL,7,29,200,246.3,49260.0,J.F. Securites (PVT) Ltd.,Trisul Securities & Invt. Ltd.,2026-04-21 14:37:19.014140
2026042104011793,GHL,7,42,205,246.3,50491.5,J.F. Securites (PVT) Ltd.,Sani Securities Company Ltd.,2026-04-21 14:38:14.887229
2026042104011794,GHL,8,42,200,246.3,49260.0,Brilliant Securities Pvt. Ltd.,Sani Securities Company Ltd.,2026-04-21 14:38:14.887436
2026042104011795,GHL,8,42,20,246.2,4924.0,Brilliant Securities Pvt. Ltd.,Sani Securities Company Ltd.,2026-04-21 14:38:14.887518
2026042104011796,GHL,32,42,1600,246.2,393920.0,Premier Securities Company Ltd.,Sani Securities Company Ltd.,2026-04-21 14:38:14.887586
2026042104011967,GHL,32,42,400,246.2,98480.0,Premier Securities Company Ltd.,Sani Securities Company Ltd.,2026-04-21 14:39:33.183054
2026042104011968,GHL,58,42,100,246.2,24620.0,Naasa Securities Co. Ltd.,Sani Securities Company Ltd.,2026-04-21 14:39:33.183385
2026042104011969,GHL,11,42,1500,246.1,369150.0,Malla & Malla Stock Broking Company Pvt. Limited,Sani Securities Company Ltd.,2026-04-21 14:39:33.183590
2026042104011970,GHL,59,42,100,246.1,24610.0,Deevyaa Securities & Stock House Pvt. Ltd,Sani Securities Company Ltd.,2026-04-21 14:39:33.183793
2026042104011971,GHL,22,42,25,246.0,6150.0,Siprabi Securities Pvt. Ltd.,Sani Securities Company Ltd.,2026-04-21 14:39:33.184002
2026042104011972,GHL,21,42,50,246.0,12300.0,Midas Stock Broking Company Private Limited,Sani Securities Company Ltd.,2026-04-21 14:39:33.184191
2026042104011973,GHL,11,42,150,246.0,36900.0,Malla & Malla Stock Broking Company Pvt. Limited,Sani Securities Company Ltd.,2026-04-21 14:39:33.184403
2026042104011974,GHL,58,42,200,246.0,49200.0,Naasa Securities Co. Ltd.,Sani Securities Company Ltd.,2026-04-21 14:39:33.184601
2026042104011975,GHL,42,42,100,246.0,24600.0,Sani Securities Company Ltd.,Sani Securities Company Ltd.,2026-04-21 14:39:33.184784
2026042104011976,GHL,62,42,1000,246.0,246000.0,Capital Max Securities Ltd,Sani Securities Company Ltd.,2026-04-21 14:39:33.184974
2026042104011977,GHL,4,42,400,246.0,98400.0,Opal Securities Investment (PVT) Ltd.,Sani Securities Company Ltd.,2026-04-21 14:39:33.185164
2026042104012281,GHL,4,58,100,246.0,24600.0,Opal Securities Investment (PVT) Ltd.,Naasa Securities Co. Ltd.,2026-04-21 14:42:15.166038
2026042104012282,GHL,8,58,200,245.3,49060.0,Brilliant Securities Pvt. Ltd.,Naasa Securities Co. Ltd.,2026-04-21 14:42:15.166108
2026042104012283,GHL,17,58,300,245.1,73530.0,ABC Securities Private Limited,Naasa Securities Co. Ltd.,2026-04-21 14:42:15.166157
2026042104012284,GHL,32,58,2000,245.1,490200.0,Premier Securities Company Ltd.,Naasa Securities Co. Ltd.,2026-04-21 14:42:15.166184
2026042104012285,GHL,41,58,244,245.1,59804.4,Linch Stock Market Ltd.,Naasa Securities Co. Ltd.,2026-04-21 14:42:15.166208
2026042104012619,GHL,8,49,300,245.3,73590.0,Brilliant Securities Pvt. Ltd.,Online Securities Pvt. Ltd.,2026-04-21 14:43:48.150328
2026042104012728,GHL,38,34,500,245.5,122750.0,Dipshikha Dhitopatra Karobar Co. Pvt Ltd.,Vision Securities Pvt. Ltd,2026-04-21 14:44:16.741912
2026042104012729,GHL,59,34,1000,245.2,245200.0,Deevyaa Securities & Stock House Pvt. Ltd,Vision Securities Pvt. Ltd,2026-04-21 14:44:16.742079
2026042104012730,GHL,41,34,256,245.1,62745.6,Linch Stock Market Ltd.,Vision Securities Pvt. Ltd,2026-04-21 14:44:16.742144
2026042104012731,GHL,32,34,2000,245.1,490200.0,Premier Securities Company Ltd.,Vision Securities Pvt. Ltd,2026-04-21 14:44:16.742209
2026042104012732,GHL,32,34,244,245.0,59780.0,Premier Securities Company Ltd.,Vision Securities Pvt. Ltd,2026-04-21 14:44:16.742273
2026042104012771,GHL,32,42,1756,245.0,430220.0,Premier Securities Company Ltd.,Sani Securities Company Ltd.,2026-04-21 14:44:46.857418
2026042104012772,GHL,3,42,100,245.0,24500.0,Arun Securities (PVT) Ltd.,Sani Securities Company Ltd.,2026-04-21 14:44:46.857600
2026042104012773,GHL,48,42,10,245.0,2450.0,Trishakti Securities Public Limited,Sani Securities Company Ltd.,2026-04-21 14:44:46.857666
2026042104012774,GHL,48,42,100,245.0,24500.0,Trishakti Securities Public Limited,Sani Securities Company Ltd.,2026-04-21 14:44:46.857728
2026042104012775,GHL,46,42,200,245.0,49000.0,Kalika Securities Pvt. Ltd.,Sani Securities Company Ltd.,2026-04-21 14:44:46.857787
2026042104012776,GHL,38,42,300,245.0,73500.0,Dipshikha Dhitopatra Karobar Co. Pvt Ltd.,Sani Securities Company Ltd.,2026-04-21 14:44:46.857846
2026042104012777,GHL,22,42,1000,245.0,245000.0,Siprabi Securities Pvt. Ltd.,Sani Securities Company Ltd.,2026-04-21 14:44:46.857903
2026042104012778,GHL,52,42,100,245.0,24500.0,Sundhara Securities Limited,Sani Securities Company Ltd.,2026-04-21 14:44:46.857962
2026042104012779,GHL,38,42,1000,245.0,245000.0,Dipshikha Dhitopatra Karobar Co. Pvt Ltd.,Sani Securities Company Ltd.,2026-04-21 14:44:46.858021
2026042104012780,GHL,4,42,500,245.0,122500.0,Opal Securities Investment (PVT) Ltd.,Sani Securities Company Ltd.,2026-04-21 14:44:46.858080
2026042104012781,GHL,34,42,100,245.0,24500.0,Vision Securities Pvt. Ltd,Sani Securities Company Ltd.,2026-04-21 14:44:46.858138
2026042104012782,GHL,38,42,400,245.0,98000.0,Dipshikha Dhitopatra Karobar Co. Pvt Ltd.,Sani Securities Company Ltd.,2026-04-21 14:44:46.858196
2026042104012783,GHL,34,42,50,245.0,12250.0,Vision Securities Pvt. Ltd,Sani Securities Company Ltd.,2026-04-21 14:44:46.858254
2026042104012784,GHL,4,42,384,245.0,94080.0,Opal Securities Investment (PVT) Ltd.,Sani Securities Company Ltd.,2026-04-21 14:44:46.858308
2026042104013310,GHL,4,47,116,245.0,28420.0,Opal Securities Investment (PVT) Ltd.,Neev Securities Pvt. Ltd.,2026-04-21 14:47:25.449142
2026042104013316,GHL,62,47,100,245.0,24500.0,Capital Max Securities Ltd,Neev Securities Pvt. Ltd.,2026-04-21 14:47:26.161695
2026042104013446,GHL,25,49,765,244.3,186889.5,Sweta Securities Private Limited,Online Securities Pvt. Ltd.,2026-04-21 14:47:59.581405
2026042104013447,GHL,62,49,400,244.3,97720.0,Capital Max Securities Ltd,Online Securities Pvt. Ltd.,2026-04-21 14:47:59.581484
2026042104013448,GHL,56,49,1835,244.1,447923.5,Sri Hari Securities Pvt. Ltd.,Online Securities Pvt. Ltd.,2026-04-21 14:47:59.581516
2026042104013491,GHL,35,47,10,245.0,2450.0,Kohinoor Investment & Securities Pvt. Ltd.,Neev Securities Pvt. Ltd.,2026-04-21 14:48:16.465630
2026042104013492,GHL,56,29,165,244.1,40276.5,Sri Hari Securities Pvt. Ltd.,Trisul Securities & Invt. Ltd.,2026-04-21 14:48:17.577774
2026042104013493,GHL,70,29,835,244.0,203740.0,Infinity Securities Limited,Trisul Securities & Invt. Ltd.,2026-04-21 14:48:17.577975
2026042104013600,GHL,58,29,500,244.2,122100.0,Naasa Securities Co. Ltd.,Trisul Securities & Invt. Ltd.,2026-04-21 14:48:46.645969
2026042104013698,GHL,58,42,500,244.2,122100.0,Naasa Securities Co. Ltd.,Sani Securities Company Ltd.,2026-04-21 14:49:06.447969
2026042104013699,GHL,59,42,450,244.1,109845.0,Deevyaa Securities & Stock House Pvt. Ltd,Sani Securities Company Ltd.,2026-04-21 14:49:06.448308
2026042104013700,GHL,49,42,50,244.0,12200.0,Online Securities Pvt. Ltd.,Sani Securities Company Ltd.,2026-04-21 14:49:06.448513
2026042104013874,GHL,29,49,200,244.0,48800.0,Trisul Securities & Invt. Ltd.,Online Securities Pvt. Ltd.,2026-04-21 14:49:42.730443
2026042104013875,GHL,29,42,800,244.0,195200.0,Trisul Securities & Invt. Ltd.,Sani Securities Company Ltd.,2026-04-21 14:49:42.981210
2026042104013876,GHL,38,42,500,244.0,122000.0,Dipshikha Dhitopatra Karobar Co. Pvt Ltd.,Sani Securities Company Ltd.,2026-04-21 14:49:42.981397
2026042104013877,GHL,3,42,100,244.0,24400.0,Arun Securities (PVT) Ltd.,Sani Securities Company Ltd.,2026-04-21 14:49:42.981461
2026042104013878,GHL,58,42,17,244.0,4148.0,Naasa Securities Co. Ltd.,Sani Securities Company Ltd.,2026-04-21 14:49:42.981522
2026042104013879,GHL,42,42,50,244.0,12200.0,Sani Securities Company Ltd.,Sani Securities Company Ltd.,2026-04-21 14:49:42.981581
2026042104013930,GHL,70,42,200,244.0,48800.0,Infinity Securities Limited,Sani Securities Company Ltd.,2026-04-21 14:49:49.275386
2026042104013998,GHL,38,42,40,244.0,9760.0,Dipshikha Dhitopatra Karobar Co. Pvt Ltd.,Sani Securities Company Ltd.,2026-04-21 14:50:03.168832
2026042104014085,GHL,98,47,74,243.6,18026.4,Trademow Securities Private Limited,Neev Securities Pvt. Ltd.,2026-04-21 14:50:24.872229
2026042104014102,GHL,36,42,12,244.0,2928.0,Secured Securities Ltd.,Sani Securities Company Ltd.,2026-04-21 14:50:29.932864
2026042104014331,GHL,98,57,426,243.6,103773.6,Trademow Securities Private Limited,Aryatara Investment & Securities,2026-04-21 14:51:35.945350
2026042104014332,GHL,8,57,10,243.4,2434.0,Brilliant Securities Pvt. Ltd.,Aryatara Investment & Securities,2026-04-21 14:51:35.945460
2026042104014333,GHL,58,57,700,243.4,170380.0,Naasa Securities Co. Ltd.,Aryatara Investment & Securities,2026-04-21 14:51:35.945527
2026042104014334,GHL,8,57,500,243.3,121650.0,Brilliant Securities Pvt. Ltd.,Aryatara Investment & Securities,2026-04-21 14:51:35.945593
2026042104014335,GHL,7,57,364,243.2,88524.8,J.F. Securites (PVT) Ltd.,Aryatara Investment & Securities,2026-04-21 14:51:35.945656
2026042104014377,GHL,35,42,200,244.0,48800.0,Kohinoor Investment & Securities Pvt. Ltd.,Sani Securities Company Ltd.,2026-04-21 14:51:49.186270
2026042104014391,GHL,43,42,140,243.3,34062.0,South Asian Bulls Pvt. Ltd.,Sani Securities Company Ltd.,2026-04-21 14:51:59.809625
2026042104014392,GHL,7,42,141,243.2,34291.2,J.F. Securites (PVT) Ltd.,Sani Securities Company Ltd.,2026-04-21 14:51:59.809789
2026042104014569,GHL,7,21,200,243.2,48640.0,J.F. Securites (PVT) Ltd.,Midas Stock Broking Company Private Limited,2026-04-21 14:52:49.705370
2026042104014604,GHL,70,42,200,243.3,48660.0,Infinity Securities Limited,Sani Securities Company Ltd.,2026-04-21 14:52:59.878514
2026042104014605,GHL,7,42,295,243.2,71744.0,J.F. Securites (PVT) Ltd.,Sani Securities Company Ltd.,2026-04-21 14:52:59.878805
2026042104014606,GHL,57,42,450,243.2,109440.0,Aryatara Investment & Securities,Sani Securities Company Ltd.,2026-04-21 14:52:59.878990
2026042104014607,GHL,8,42,20,243.1,4862.0,Brilliant Securities Pvt. Ltd.,Sani Securities Company Ltd.,2026-04-21 14:52:59.879164
2026042104014632,GHL,91,42,35,243.1,8508.5,Citizens Share Broker Limited,Sani Securities Company Ltd.,2026-04-21 14:53:09.100444
2026042104014655,GHL,91,42,365,243.5,88877.5,Citizens Share Broker Limited,Sani Securities Company Ltd.,2026-04-21 14:53:17.823628
2026042104014656,GHL,53,42,50,243.0,12150.0,Investment Management Nepal Pvt. Ltd.,Sani Securities Company Ltd.,2026-04-21 14:53:17.823816
2026042104014657,GHL,33,42,100,243.0,24300.0,Dakshinkali Investment & Securities Pvt. Ltd.,Sani Securities Company Ltd.,2026-04-21 14:53:17.823889
2026042104014658,GHL,46,42,300,243.0,72900.0,Kalika Securities Pvt. Ltd.,Sani Securities Company Ltd.,2026-04-21 14:53:17.823952
2026042104014659,GHL,48,42,10,243.0,2430.0,Trishakti Securities Public Limited,Sani Securities Company Ltd.,2026-04-21 14:53:17.824015
2026042104014660,GHL,25,42,175,243.0,42525.0,Sweta Securities Private Limited,Sani Securities Company Ltd.,2026-04-21 14:53:17.824073
2026042104014690,GHL,7,48,500,244.0,122000.0,J.F. Securites (PVT) Ltd.,Trishakti Securities Public Limited,2026-04-21 14:53:24.887507
2026042104014914,GHL,6,42,200,243.2,48640.0,Agrawal Securities (PVT) Ltd.,Sani Securities Company Ltd.,2026-04-21 14:54:23.977089
2026042104014915,GHL,38,42,35,243.1,8508.5,Dipshikha Dhitopatra Karobar Co. Pvt Ltd.,Sani Securities Company Ltd.,2026-04-21 14:54:23.977418
2026042104014916,GHL,7,42,765,243.1,185971.5,J.F. Securites (PVT) Ltd.,Sani Securities Company Ltd.,2026-04-21 14:54:23.977602
2026042104015034,GHL,7,58,15,243.1,3646.5,J.F. Securites (PVT) Ltd.,Naasa Securities Co. Ltd.,2026-04-21 14:54:59.954827
2026042104015092,GHL,4,42,14,243.2,3404.8,Opal Securities Investment (PVT) Ltd.,Sani Securities Company Ltd.,2026-04-21 14:55:10.275416
2026042104015152,GHL,4,49,486,243.2,118195.2,Opal Securities Investment (PVT) Ltd.,Online Securities Pvt. Ltd.,2026-04-21 14:55:20.882501
2026042104015153,GHL,7,49,220,243.1,53482.0,J.F. Securites (PVT) Ltd.,Online Securities Pvt. Ltd.,2026-04-21 14:55:20.882552
2026042104015154,GHL,7,49,294,243.1,71471.4,J.F. Securites (PVT) Ltd.,Online Securities Pvt. Ltd.,2026-04-21 14:55:20.882578
2026042104015305,GHL,57,42,20,243.2,4864.0,Aryatara Investment & Securities,Sani Securities Company Ltd.,2026-04-21 14:55:54.507528
2026042104015306,GHL,7,42,10,243.2,2432.0,J.F. Securites (PVT) Ltd.,Sani Securities Company Ltd.,2026-04-21 14:55:54.507800
2026042104015352,GHL,35,57,25,243.3,6082.5,Kohinoor Investment & Securities Pvt. Ltd.,Aryatara Investment & Securities,2026-04-21 14:56:08.990414
2026042104015353,GHL,7,57,490,243.2,119168.0,J.F. Securites (PVT) Ltd.,Aryatara Investment & Securities,2026-04-21 14:56:08.990478
2026042104015354,GHL,7,57,706,243.1,171628.6,J.F. Securites (PVT) Ltd.,Aryatara Investment & Securities,2026-04-21 14:56:08.990506
2026042104015355,GHL,25,57,125,243.0,30375.0,Sweta Securities Private Limited,Aryatara Investment & Securities,2026-04-21 14:56:08.990531
2026042104015356,GHL,22,57,500,243.0,121500.0,Siprabi Securities Pvt. Ltd.,Aryatara Investment & Securities,2026-04-21 14:56:08.990558
2026042104015357,GHL,66,57,154,243.0,37422.0,Miyo Securities Pvt Ltd,Aryatara Investment & Securities,2026-04-21 14:56:08.990585
2026042104015398,GHL,66,43,46,243.0,11178.0,Miyo Securities Pvt Ltd,South Asian Bulls Pvt. Ltd.,2026-04-21 14:56:22.173478
2026042104015399,GHL,58,43,10,243.0,2430.0,Naasa Securities Co. Ltd.,South Asian Bulls Pvt. Ltd.,2026-04-21 14:56:22.173513
2026042104015400,GHL,8,43,200,242.9,48580.0,Brilliant Securities Pvt. Ltd.,South Asian Bulls Pvt. Ltd.,2026-04-21 14:56:22.173538
2026042104015401,GHL,57,43,800,242.8,194240.0,Aryatara Investment & Securities,South Asian Bulls Pvt. Ltd.,2026-04-21 14:56:22.173559
2026042104015402,GHL,58,43,100,242.7,24270.0,Naasa Securities Co. Ltd.,South Asian Bulls Pvt. Ltd.,2026-04-21 14:56:22.173585
2026042104015403,GHL,32,43,3000,242.7,728100.0,Premier Securities Company Ltd.,South Asian Bulls Pvt. Ltd.,2026-04-21 14:56:22.173626
2026042104015404,GHL,34,43,851,242.4,206282.4,Vision Securities Pvt. Ltd,South Asian Bulls Pvt. Ltd.,2026-04-21 14:56:22.173648
2026042104015925,GHL,39,34,500,242.5,121250.0,Sumeru Securities Pvt. Ltd.,Vision Securities Pvt. Ltd,2026-04-21 14:58:03.861784
2026042104015926,GHL,41,34,200,242.5,48500.0,Linch Stock Market Ltd.,Vision Securities Pvt. Ltd,2026-04-21 14:58:03.861950
2026042104015964,GHL,49,34,500,242.5,121250.0,Online Securities Pvt. Ltd.,Vision Securities Pvt. Ltd,2026-04-21 14:58:12.773658
2026042104015973,GHL,43,34,100,242.5,24250.0,South Asian Bulls Pvt. Ltd.,Vision Securities Pvt. Ltd,2026-04-21 14:58:14.191024
2026042104016047,GHL,58,34,55,242.5,13337.5,Naasa Securities Co. Ltd.,Vision Securities Pvt. Ltd,2026-04-21 14:58:27.577301
2026042104016108,GHL,42,34,45,242.5,10912.5,Sani Securities Company Ltd.,Vision Securities Pvt. Ltd,2026-04-21 14:58:37.368417
2026042104016250,GHL,42,34,255,242.5,61837.5,Sani Securities Company Ltd.,Vision Securities Pvt. Ltd,2026-04-21 14:59:02.855651
2026042104016251,GHL,26,34,245,242.5,59412.5,Asian Securities Private Ltd.,Vision Securities Pvt. Ltd,2026-04-21 14:59:02.856000
2026042104016379,GHL,6,57,100,243.0,24300.0,Agrawal Securities (PVT) Ltd.,Aryatara Investment & Securities,2026-04-21 14:59:20.938173
2026042104016629,GHL,34,57,100,243.0,24300.0,Vision Securities Pvt. Ltd,Aryatara Investment & Securities,2026-04-21 14:59:37.046221
2026042104016630,GHL,34,58,80,243.0,19440.0,Vision Securities Pvt. Ltd,Naasa Securities Co. Ltd.,2026-04-21 14:59:37.046457
2026042104016631,GHL,34,34,120,243.0,29160.0,Vision Securities Pvt. Ltd,Vision Securities Pvt. Ltd,2026-04-21 14:59:37.046565
2026042104016762,GHL,7,59,1000,242.6,242600.0,J.F. Securites (PVT) Ltd.,Deevyaa Securities & Stock House Pvt. Ltd,2026-04-21 14:59:51.642567
2026042104016784,GHL,77,34,880,243.0,213840.0,Nabil Stock Dealer Ltd.,Vision Securities Pvt. Ltd,2026-04-21 14:59:54.834953
2026042104016785,GHL,77,32,10,244.8,2448.0,Nabil Stock Dealer Ltd.,Premier Securities Company Ltd.,2026-04-21 14:59:54.835119
2026042104016786,GHL,77,17,10,244.9,2449.0,Nabil Stock Dealer Ltd.,ABC Securities Private Limited,2026-04-21 14:59:54.835189
2026042104016834,GHL,35,17,10,244.9,2449.0,Kohinoor Investment & Securities Pvt. Ltd.,ABC Securities Private Limited,2026-04-21 14:59:57.557873
