contractId,stockSymbol,buyerMemberId,sellerMemberId,quantity,rate,amount,businessDate,tradeBookId,stockId,buyerBrokerName,sellerBrokerName,transaction_time,securityName
2026042104000027,HDHPC,74,57,10,250.1,2501.0,2026-04-21,187180639,2880,KALASH STOCK MARKET PVT. LTD.,Aryatara Investment & Securities,2026-04-21 10:46:00.124385,Himal Dolakha Hydropower Company Limited
2026042104000115,HDHPC,58,58,70,242.8,16996.0,2026-04-21,187182829,2880,Naasa Securities Co. Ltd.,Naasa Securities Co. Ltd.,2026-04-21 11:02:41.385160,Himal Dolakha Hydropower Company Limited
2026042104000116,HDHPC,58,45,300,242.8,72840.0,2026-04-21,187182831,2880,Naasa Securities Co. Ltd.,Imperial Securities Company Pvt. Ltd.,2026-04-21 11:02:41.385423,Himal Dolakha Hydropower Company Limited
2026042104000117,HDHPC,58,42,170,242.9,41293.0,2026-04-21,187182834,2880,Naasa Securities Co. Ltd.,Sani Securities Company Ltd.,2026-04-21 11:02:41.385572,Himal Dolakha Hydropower Company Limited
2026042104000164,HDHPC,49,16,20,242.6,4852.0,2026-04-21,187184422,2880,Online Securities Pvt. Ltd.,Primo Securities (PVT) Ltd.,2026-04-21 11:04:37.710519,Himal Dolakha Hydropower Company Limited
2026042104000231,HDHPC,45,58,25,240.0,6000.0,2026-04-21,187186423,2880,Imperial Securities Company Pvt. Ltd.,Naasa Securities Co. Ltd.,2026-04-21 11:07:15.094171,Himal Dolakha Hydropower Company Limited
2026042104000243,HDHPC,45,41,160,240.0,38400.0,2026-04-21,187186783,2880,Imperial Securities Company Pvt. Ltd.,Linch Stock Market Ltd.,2026-04-21 11:07:35.776468,Himal Dolakha Hydropower Company Limited
2026042104000244,HDHPC,45,45,1315,240.0,315600.0,2026-04-21,187186930,2880,Imperial Securities Company Pvt. Ltd.,Imperial Securities Company Pvt. Ltd.,2026-04-21 11:07:39.906457,Himal Dolakha Hydropower Company Limited
2026042104000281,HDHPC,1,58,40,238.0,9520.0,2026-04-21,187187678,2880,Kumari Securities Private Limited,Naasa Securities Co. Ltd.,2026-04-21 11:08:26.561240,Himal Dolakha Hydropower Company Limited
2026042104000282,HDHPC,35,58,100,238.0,23800.0,2026-04-21,187187679,2880,Kohinoor Investment & Securities Pvt. Ltd.,Naasa Securities Co. Ltd.,2026-04-21 11:08:26.561592,Himal Dolakha Hydropower Company Limited
2026042104000373,HDHPC,47,58,25,238.1,5952.5,2026-04-21,187189085,2880,Neev Securities Pvt. Ltd.,Naasa Securities Co. Ltd.,2026-04-21 11:10:14.250155,Himal Dolakha Hydropower Company Limited
2026042104000396,HDHPC,47,58,70,238.1,16667.0,2026-04-21,187189429,2880,Neev Securities Pvt. Ltd.,Naasa Securities Co. Ltd.,2026-04-21 11:10:31.847219,Himal Dolakha Hydropower Company Limited
2026042104000425,HDHPC,84,16,200,238.1,47620.0,2026-04-21,187189857,2880,MILKY WAY SHARE BROKER COMPANY LTD ,Primo Securities (PVT) Ltd.,2026-04-21 11:11:08.033080,Himal Dolakha Hydropower Company Limited
2026042104000436,HDHPC,84,49,800,238.1,190480.0,2026-04-21,187189984,2880,MILKY WAY SHARE BROKER COMPANY LTD ,Online Securities Pvt. Ltd.,2026-04-21 11:11:15.020300,Himal Dolakha Hydropower Company Limited
2026042104000437,HDHPC,47,49,15,238.1,3571.5,2026-04-21,187189986,2880,Neev Securities Pvt. Ltd.,Online Securities Pvt. Ltd.,2026-04-21 11:11:15.021085,Himal Dolakha Hydropower Company Limited
2026042104000438,HDHPC,35,20,500,238.0,119000.0,2026-04-21,187189997,2880,Kohinoor Investment & Securities Pvt. Ltd.,Sipla Securities Private Limited,2026-04-21 11:11:15.924384,Himal Dolakha Hydropower Company Limited
2026042104000447,HDHPC,35,32,70,238.0,16660.0,2026-04-21,187190055,2880,Kohinoor Investment & Securities Pvt. Ltd.,Premier Securities Company Ltd.,2026-04-21 11:11:19.282594,Himal Dolakha Hydropower Company Limited
2026042104000451,HDHPC,84,49,500,238.1,119050.0,2026-04-21,187190200,2880,MILKY WAY SHARE BROKER COMPANY LTD ,Online Securities Pvt. Ltd.,2026-04-21 11:11:29.652427,Himal Dolakha Hydropower Company Limited
2026042104000457,HDHPC,35,41,330,238.0,78540.0,2026-04-21,187190348,2880,Kohinoor Investment & Securities Pvt. Ltd.,Linch Stock Market Ltd.,2026-04-21 11:11:40.402712,Himal Dolakha Hydropower Company Limited
2026042104000458,HDHPC,11,41,165,238.0,39270.0,2026-04-21,187190349,2880,Malla & Malla Stock Broking Company Pvt. Limited,Linch Stock Market Ltd.,2026-04-21 11:11:40.403682,Himal Dolakha Hydropower Company Limited
2026042104000468,HDHPC,11,49,135,238.0,32130.0,2026-04-21,187190586,2880,Malla & Malla Stock Broking Company Pvt. Limited,Online Securities Pvt. Ltd.,2026-04-21 11:12:01.646295,Himal Dolakha Hydropower Company Limited
2026042104000469,HDHPC,84,49,200,238.0,47600.0,2026-04-21,187190588,2880,MILKY WAY SHARE BROKER COMPANY LTD ,Online Securities Pvt. Ltd.,2026-04-21 11:12:01.715703,Himal Dolakha Hydropower Company Limited
2026042104000536,HDHPC,20,16,300,237.9,71370.0,2026-04-21,187191996,2880,Sipla Securities Private Limited,Primo Securities (PVT) Ltd.,2026-04-21 11:13:43.575128,Himal Dolakha Hydropower Company Limited
2026042104000540,HDHPC,47,56,90,236.9,21321.0,2026-04-21,187192112,2880,Neev Securities Pvt. Ltd.,Sri Hari Securities Pvt. Ltd.,2026-04-21 11:13:51.823446,Himal Dolakha Hydropower Company Limited
2026042104000541,HDHPC,6,56,300,236.8,71040.0,2026-04-21,187192114,2880,Agrawal Securities (PVT) Ltd.,Sri Hari Securities Pvt. Ltd.,2026-04-21 11:13:51.823827,Himal Dolakha Hydropower Company Limited
2026042104000542,HDHPC,4,56,400,236.6,94640.0,2026-04-21,187192116,2880,Opal Securities Investment (PVT) Ltd.,Sri Hari Securities Pvt. Ltd.,2026-04-21 11:13:51.824164,Himal Dolakha Hydropower Company Limited
2026042104000543,HDHPC,84,56,1500,236.5,354750.0,2026-04-21,187192118,2880,MILKY WAY SHARE BROKER COMPANY LTD ,Sri Hari Securities Pvt. Ltd.,2026-04-21 11:13:51.824447,Himal Dolakha Hydropower Company Limited
2026042104000544,HDHPC,35,56,1000,236.4,236400.0,2026-04-21,187192120,2880,Kohinoor Investment & Securities Pvt. Ltd.,Sri Hari Securities Pvt. Ltd.,2026-04-21 11:13:51.824713,Himal Dolakha Hydropower Company Limited
2026042104000545,HDHPC,14,56,2210,236.3,522223.0,2026-04-21,187192121,2880,Nepal Stock House (PVT) Ltd.,Sri Hari Securities Pvt. Ltd.,2026-04-21 11:13:51.824956,Himal Dolakha Hydropower Company Limited
2026042104000561,HDHPC,14,49,790,236.3,186677.0,2026-04-21,187192444,2880,Nepal Stock House (PVT) Ltd.,Online Securities Pvt. Ltd.,2026-04-21 11:14:25.777049,Himal Dolakha Hydropower Company Limited
2026042104000565,HDHPC,84,49,375,236.3,88612.5,2026-04-21,187192589,2880,MILKY WAY SHARE BROKER COMPANY LTD ,Online Securities Pvt. Ltd.,2026-04-21 11:14:41.965522,Himal Dolakha Hydropower Company Limited
2026042104000582,HDHPC,84,19,500,236.3,118150.0,2026-04-21,187192805,2880,MILKY WAY SHARE BROKER COMPANY LTD ,Nepal Investment And Securities Trading Private Limited,2026-04-21 11:14:55.293141,Himal Dolakha Hydropower Company Limited
2026042104000601,HDHPC,47,4,15,236.4,3546.0,2026-04-21,187193517,2880,Neev Securities Pvt. Ltd.,Opal Securities Investment (PVT) Ltd.,2026-04-21 11:15:31.519679,Himal Dolakha Hydropower Company Limited
2026042104000625,HDHPC,84,48,150,236.5,35475.0,2026-04-21,187194199,2880,MILKY WAY SHARE BROKER COMPANY LTD ,Trishakti Securities Public Limited,2026-04-21 11:16:34.412684,Himal Dolakha Hydropower Company Limited
2026042104000634,HDHPC,84,36,70,236.5,16555.0,2026-04-21,187194381,2880,MILKY WAY SHARE BROKER COMPANY LTD ,Secured Securities Ltd.,2026-04-21 11:16:51.196559,Himal Dolakha Hydropower Company Limited
2026042104000691,HDHPC,45,19,100,236.7,23670.0,2026-04-21,187195358,2880,Imperial Securities Company Pvt. Ltd.,Nepal Investment And Securities Trading Private Limited,2026-04-21 11:18:09.344349,Himal Dolakha Hydropower Company Limited
2026042104000692,HDHPC,43,19,400,236.6,94640.0,2026-04-21,187195359,2880,South Asian Bulls Pvt. Ltd.,Nepal Investment And Securities Trading Private Limited,2026-04-21 11:18:09.344737,Himal Dolakha Hydropower Company Limited
2026042104000704,HDHPC,45,8,300,237.8,71340.0,2026-04-21,187195804,2880,Imperial Securities Company Pvt. Ltd.,Brilliant Securities Pvt. Ltd.,2026-04-21 11:18:26.000608,Himal Dolakha Hydropower Company Limited
2026042104000720,HDHPC,43,58,20,236.6,4732.0,2026-04-21,187196093,2880,South Asian Bulls Pvt. Ltd.,Naasa Securities Co. Ltd.,2026-04-21 11:18:48.676801,Himal Dolakha Hydropower Company Limited
2026042104000746,HDHPC,43,95,80,236.6,18928.0,2026-04-21,187196624,2880,South Asian Bulls Pvt. Ltd.,Magnet Securities and Investment Company Private Limited,2026-04-21 11:19:21.639743,Himal Dolakha Hydropower Company Limited
2026042104000747,HDHPC,84,95,905,236.5,214032.5,2026-04-21,187196626,2880,MILKY WAY SHARE BROKER COMPANY LTD ,Magnet Securities and Investment Company Private Limited,2026-04-21 11:19:21.640563,Himal Dolakha Hydropower Company Limited
2026042104000748,HDHPC,47,95,15,236.4,3546.0,2026-04-21,187196627,2880,Neev Securities Pvt. Ltd.,Magnet Securities and Investment Company Private Limited,2026-04-21 11:19:21.641143,Himal Dolakha Hydropower Company Limited
2026042104000774,HDHPC,68,8,3140,237.8,746692.0,2026-04-21,187197330,2880,Elite Stock House Limited,Brilliant Securities Pvt. Ltd.,2026-04-21 11:19:50.263785,Himal Dolakha Hydropower Company Limited
2026042104000775,HDHPC,21,59,101,237.0,23937.0,2026-04-21,187197350,2880,Midas Stock Broking Company Private Limited,Deevyaa Securities & Stock House Pvt. Ltd,2026-04-21 11:19:51.676844,Himal Dolakha Hydropower Company Limited
2026042104000776,HDHPC,49,59,50,237.0,11850.0,2026-04-21,187197352,2880,Online Securities Pvt. Ltd.,Deevyaa Securities & Stock House Pvt. Ltd,2026-04-21 11:19:51.677665,Himal Dolakha Hydropower Company Limited
2026042104000790,HDHPC,84,59,1800,237.0,426600.0,2026-04-21,187197508,2880,MILKY WAY SHARE BROKER COMPANY LTD ,Deevyaa Securities & Stock House Pvt. Ltd,2026-04-21 11:20:03.034647,Himal Dolakha Hydropower Company Limited
2026042104000801,HDHPC,84,64,100,236.5,23650.0,2026-04-21,187198211,2880,MILKY WAY SHARE BROKER COMPANY LTD ,SUN SECURITIES PVT LTD,2026-04-21 11:20:23.918017,Himal Dolakha Hydropower Company Limited
2026042104000862,HDHPC,35,16,1680,237.9,399672.0,2026-04-21,187200139,2880,Kohinoor Investment & Securities Pvt. Ltd.,Primo Securities (PVT) Ltd.,2026-04-21 11:21:38.255802,Himal Dolakha Hydropower Company Limited
2026042104000863,HDHPC,35,62,250,238.0,59500.0,2026-04-21,187200141,2880,Kohinoor Investment & Securities Pvt. Ltd.,Capital Max Securities Ltd,2026-04-21 11:21:38.255864,Himal Dolakha Hydropower Company Limited
2026042104000864,HDHPC,35,34,18,238.0,4284.0,2026-04-21,187200143,2880,Kohinoor Investment & Securities Pvt. Ltd.,Vision Securities Pvt. Ltd,2026-04-21 11:21:38.255890,Himal Dolakha Hydropower Company Limited
2026042104000865,HDHPC,35,42,552,238.0,131376.0,2026-04-21,187200146,2880,Kohinoor Investment & Securities Pvt. Ltd.,Sani Securities Company Ltd.,2026-04-21 11:21:38.255933,Himal Dolakha Hydropower Company Limited
2026042104000870,HDHPC,84,42,448,238.0,106624.0,2026-04-21,187200201,2880,MILKY WAY SHARE BROKER COMPANY LTD ,Sani Securities Company Ltd.,2026-04-21 11:21:41.366401,Himal Dolakha Hydropower Company Limited
2026042104000874,HDHPC,47,49,70,238.1,16667.0,2026-04-21,187200504,2880,Neev Securities Pvt. Ltd.,Online Securities Pvt. Ltd.,2026-04-21 11:21:56.456925,Himal Dolakha Hydropower Company Limited
2026042104000881,HDHPC,84,49,115,238.1,27381.5,2026-04-21,187200603,2880,MILKY WAY SHARE BROKER COMPANY LTD ,Online Securities Pvt. Ltd.,2026-04-21 11:22:03.405474,Himal Dolakha Hydropower Company Limited
2026042104000887,HDHPC,84,44,10,239.0,2390.0,2026-04-21,187200826,2880,MILKY WAY SHARE BROKER COMPANY LTD ,Dynamic Money Managers Securities Pvt. Ltd.,2026-04-21 11:22:13.426882,Himal Dolakha Hydropower Company Limited
2026042104000961,HDHPC,6,37,500,238.2,119100.0,2026-04-21,187203061,2880,Agrawal Securities (PVT) Ltd.,Swarna Laxmi Securities Pvt. Ltd.,2026-04-21 11:24:19.025449,Himal Dolakha Hydropower Company Limited
2026042104001031,HDHPC,84,44,10,239.0,2390.0,2026-04-21,187204216,2880,MILKY WAY SHARE BROKER COMPANY LTD ,Dynamic Money Managers Securities Pvt. Ltd.,2026-04-21 11:25:30.002217,Himal Dolakha Hydropower Company Limited
2026042104001034,HDHPC,45,44,11,239.0,2629.0,2026-04-21,187204368,2880,Imperial Securities Company Pvt. Ltd.,Dynamic Money Managers Securities Pvt. Ltd.,2026-04-21 11:25:38.656385,Himal Dolakha Hydropower Company Limited
2026042104001035,HDHPC,6,64,250,238.2,59550.0,2026-04-21,187204455,2880,Agrawal Securities (PVT) Ltd.,SUN SECURITIES PVT LTD,2026-04-21 11:25:46.961409,Himal Dolakha Hydropower Company Limited
2026042104001042,HDHPC,6,58,250,238.2,59550.0,2026-04-21,187204634,2880,Agrawal Securities (PVT) Ltd.,Naasa Securities Co. Ltd.,2026-04-21 11:25:59.495518,Himal Dolakha Hydropower Company Limited
2026042104001043,HDHPC,38,58,50,238.2,11910.0,2026-04-21,187204636,2880,Dipshikha Dhitopatra Karobar Co. Pvt Ltd.,Naasa Securities Co. Ltd.,2026-04-21 11:25:59.495600,Himal Dolakha Hydropower Company Limited
2026042104001044,HDHPC,22,58,10,238.1,2381.0,2026-04-21,187204638,2880,Siprabi Securities Pvt. Ltd.,Naasa Securities Co. Ltd.,2026-04-21 11:25:59.495653,Himal Dolakha Hydropower Company Limited
2026042104001045,HDHPC,49,58,10,238.1,2381.0,2026-04-21,187204640,2880,Online Securities Pvt. Ltd.,Naasa Securities Co. Ltd.,2026-04-21 11:25:59.495678,Himal Dolakha Hydropower Company Limited
2026042104001046,HDHPC,51,58,80,238.0,19040.0,2026-04-21,187204641,2880,Oxford Securities Pvt. Ltd.,Naasa Securities Co. Ltd.,2026-04-21 11:25:59.495702,Himal Dolakha Hydropower Company Limited
2026042104001081,HDHPC,1,14,500,237.0,118500.0,2026-04-21,187205375,2880,Kumari Securities Private Limited,Nepal Stock House (PVT) Ltd.,2026-04-21 11:26:58.762711,Himal Dolakha Hydropower Company Limited
2026042104001085,HDHPC,1,49,105,237.0,24885.0,2026-04-21,187205433,2880,Kumari Securities Private Limited,Online Securities Pvt. Ltd.,2026-04-21 11:27:05.814122,Himal Dolakha Hydropower Company Limited
2026042104001097,HDHPC,42,44,69,237.1,16359.9,2026-04-21,187205895,2880,Sani Securities Company Ltd.,Dynamic Money Managers Securities Pvt. Ltd.,2026-04-21 11:27:52.525388,Himal Dolakha Hydropower Company Limited
2026042104001110,HDHPC,14,59,5,237.0,1185.0,2026-04-21,187206119,2880,Nepal Stock House (PVT) Ltd.,Deevyaa Securities & Stock House Pvt. Ltd,2026-04-21 11:28:13.389376,Himal Dolakha Hydropower Company Limited
2026042104001115,HDHPC,58,95,50,238.0,11900.0,2026-04-21,187206226,2880,Naasa Securities Co. Ltd.,Magnet Securities and Investment Company Private Limited,2026-04-21 11:28:20.205879,Himal Dolakha Hydropower Company Limited
2026042104001162,HDHPC,42,95,231,237.1,54770.1,2026-04-21,187207152,2880,Sani Securities Company Ltd.,Magnet Securities and Investment Company Private Limited,2026-04-21 11:29:46.201328,Himal Dolakha Hydropower Company Limited
2026042104001163,HDHPC,1,95,269,237.0,63753.0,2026-04-21,187207153,2880,Kumari Securities Private Limited,Magnet Securities and Investment Company Private Limited,2026-04-21 11:29:46.201760,Himal Dolakha Hydropower Company Limited
2026042104001229,HDHPC,35,49,500,238.0,119000.0,2026-04-21,187208194,2880,Kohinoor Investment & Securities Pvt. Ltd.,Online Securities Pvt. Ltd.,2026-04-21 11:31:24.304308,Himal Dolakha Hydropower Company Limited
2026042104001236,HDHPC,58,49,600,238.0,142800.0,2026-04-21,187208290,2880,Naasa Securities Co. Ltd.,Online Securities Pvt. Ltd.,2026-04-21 11:31:32.639878,Himal Dolakha Hydropower Company Limited
2026042104001248,HDHPC,22,3,500,238.0,119000.0,2026-04-21,187208448,2880,Siprabi Securities Pvt. Ltd.,Arun Securities (PVT) Ltd.,2026-04-21 11:31:50.014230,Himal Dolakha Hydropower Company Limited
2026042104001261,HDHPC,37,3,39,238.0,9282.0,2026-04-21,187208768,2880,Swarna Laxmi Securities Pvt. Ltd.,Arun Securities (PVT) Ltd.,2026-04-21 11:32:13.916937,Himal Dolakha Hydropower Company Limited
2026042104001407,HDHPC,34,28,100,237.6,23760.0,2026-04-21,187212253,2880,Vision Securities Pvt. Ltd,Shree Krishna Securities Ltd.,2026-04-21 11:37:11.062588,Himal Dolakha Hydropower Company Limited
2026042104001439,HDHPC,34,37,100,237.6,23760.0,2026-04-21,187212898,2880,Vision Securities Pvt. Ltd,Swarna Laxmi Securities Pvt. Ltd.,2026-04-21 11:38:13.948342,Himal Dolakha Hydropower Company Limited
2026042104001440,HDHPC,95,37,100,237.5,23750.0,2026-04-21,187212900,2880,Magnet Securities and Investment Company Private Limited,Swarna Laxmi Securities Pvt. Ltd.,2026-04-21 11:38:13.948840,Himal Dolakha Hydropower Company Limited
2026042104001441,HDHPC,91,37,300,237.1,71130.0,2026-04-21,187212901,2880,Citizens Share Broker Limited,Swarna Laxmi Securities Pvt. Ltd.,2026-04-21 11:38:13.949070,Himal Dolakha Hydropower Company Limited
2026042104001464,HDHPC,91,3,200,237.1,47420.0,2026-04-21,187213612,2880,Citizens Share Broker Limited,Arun Securities (PVT) Ltd.,2026-04-21 11:39:06.745711,Himal Dolakha Hydropower Company Limited
2026042104001465,HDHPC,58,3,200,237.1,47420.0,2026-04-21,187213614,2880,Naasa Securities Co. Ltd.,Arun Securities (PVT) Ltd.,2026-04-21 11:39:06.746225,Himal Dolakha Hydropower Company Limited
2026042104001475,HDHPC,49,3,40,237.1,9484.0,2026-04-21,187213770,2880,Online Securities Pvt. Ltd.,Arun Securities (PVT) Ltd.,2026-04-21 11:39:19.673814,Himal Dolakha Hydropower Company Limited
2026042104001495,HDHPC,1,32,126,237.0,29862.0,2026-04-21,187214068,2880,Kumari Securities Private Limited,Premier Securities Company Ltd.,2026-04-21 11:39:52.950865,Himal Dolakha Hydropower Company Limited
2026042104001496,HDHPC,63,32,420,237.0,99540.0,2026-04-21,187214070,2880,Himalayan Brokerage Company Limited,Premier Securities Company Ltd.,2026-04-21 11:39:52.951302,Himal Dolakha Hydropower Company Limited
2026042104001497,HDHPC,62,32,1000,237.0,237000.0,2026-04-21,187214072,2880,Capital Max Securities Ltd,Premier Securities Company Ltd.,2026-04-21 11:39:52.951545,Himal Dolakha Hydropower Company Limited
2026042104001519,HDHPC,29,32,454,237.0,107598.0,2026-04-21,187214433,2880,Trisul Securities & Invt. Ltd.,Premier Securities Company Ltd.,2026-04-21 11:40:27.467397,Himal Dolakha Hydropower Company Limited
2026042104001522,HDHPC,29,45,53,237.0,12561.0,2026-04-21,187214563,2880,Trisul Securities & Invt. Ltd.,Imperial Securities Company Pvt. Ltd.,2026-04-21 11:40:38.024112,Himal Dolakha Hydropower Company Limited
2026042104001550,HDHPC,42,3,408,237.1,96736.8,2026-04-21,187215015,2880,Sani Securities Company Ltd.,Arun Securities (PVT) Ltd.,2026-04-21 11:41:18.228092,Himal Dolakha Hydropower Company Limited
2026042104001551,HDHPC,42,49,240,237.1,56904.0,2026-04-21,187215017,2880,Sani Securities Company Ltd.,Online Securities Pvt. Ltd.,2026-04-21 11:41:18.228654,Himal Dolakha Hydropower Company Limited
2026042104001658,HDHPC,14,47,1200,237.5,285000.0,2026-04-21,187217227,2880,Nepal Stock House (PVT) Ltd.,Neev Securities Pvt. Ltd.,2026-04-21 11:43:44.153879,Himal Dolakha Hydropower Company Limited
2026042104001710,HDHPC,14,58,21,239.0,5019.0,2026-04-21,187217791,2880,Nepal Stock House (PVT) Ltd.,Naasa Securities Co. Ltd.,2026-04-21 11:44:30.866433,Himal Dolakha Hydropower Company Limited
2026042104001711,HDHPC,14,71,200,239.3,47860.0,2026-04-21,187217793,2880,Nepal Stock House (PVT) Ltd.,SHUBHAKAMANA SECURITIES PVT. LTD,2026-04-21 11:44:30.867441,Himal Dolakha Hydropower Company Limited
2026042104001712,HDHPC,14,71,200,239.4,47880.0,2026-04-21,187217795,2880,Nepal Stock House (PVT) Ltd.,SHUBHAKAMANA SECURITIES PVT. LTD,2026-04-21 11:44:30.868207,Himal Dolakha Hydropower Company Limited
2026042104001713,HDHPC,14,71,200,239.5,47900.0,2026-04-21,187217797,2880,Nepal Stock House (PVT) Ltd.,SHUBHAKAMANA SECURITIES PVT. LTD,2026-04-21 11:44:30.868976,Himal Dolakha Hydropower Company Limited
2026042104001714,HDHPC,14,71,200,239.6,47920.0,2026-04-21,187217799,2880,Nepal Stock House (PVT) Ltd.,SHUBHAKAMANA SECURITIES PVT. LTD,2026-04-21 11:44:30.869747,Himal Dolakha Hydropower Company Limited
2026042104001715,HDHPC,14,38,100,240.0,24000.0,2026-04-21,187217801,2880,Nepal Stock House (PVT) Ltd.,Dipshikha Dhitopatra Karobar Co. Pvt Ltd.,2026-04-21 11:44:30.870495,Himal Dolakha Hydropower Company Limited
2026042104001716,HDHPC,14,68,44,240.0,10560.0,2026-04-21,187217803,2880,Nepal Stock House (PVT) Ltd.,Elite Stock House Limited,2026-04-21 11:44:30.871251,Himal Dolakha Hydropower Company Limited
2026042104001717,HDHPC,14,11,50,240.0,12000.0,2026-04-21,187217805,2880,Nepal Stock House (PVT) Ltd.,Malla & Malla Stock Broking Company Pvt. Limited,2026-04-21 11:44:30.872079,Himal Dolakha Hydropower Company Limited
2026042104001718,HDHPC,14,57,100,240.0,24000.0,2026-04-21,187217807,2880,Nepal Stock House (PVT) Ltd.,Aryatara Investment & Securities,2026-04-21 11:44:30.872867,Himal Dolakha Hydropower Company Limited
2026042104001729,HDHPC,58,42,550,240.9,132495.0,2026-04-21,187217993,2880,Naasa Securities Co. Ltd.,Sani Securities Company Ltd.,2026-04-21 11:44:42.628002,Himal Dolakha Hydropower Company Limited
2026042104001730,HDHPC,58,34,450,241.0,108450.0,2026-04-21,187217996,2880,Naasa Securities Co. Ltd.,Vision Securities Pvt. Ltd,2026-04-21 11:44:42.628140,Himal Dolakha Hydropower Company Limited
2026042104001749,HDHPC,14,25,100,240.0,24000.0,2026-04-21,187218373,2880,Nepal Stock House (PVT) Ltd.,Sweta Securities Private Limited,2026-04-21 11:45:17.616142,Himal Dolakha Hydropower Company Limited
2026042104001761,HDHPC,14,50,400,240.0,96000.0,2026-04-21,187218757,2880,Nepal Stock House (PVT) Ltd.,Cristal Kanchanjanga Securites Pvt. Ltd.,2026-04-21 11:45:45.147519,Himal Dolakha Hydropower Company Limited
2026042104001778,HDHPC,14,71,1500,240.0,360000.0,2026-04-21,187218931,2880,Nepal Stock House (PVT) Ltd.,SHUBHAKAMANA SECURITIES PVT. LTD,2026-04-21 11:45:54.048004,Himal Dolakha Hydropower Company Limited
2026042104001789,HDHPC,14,34,18,240.0,4320.0,2026-04-21,187219279,2880,Nepal Stock House (PVT) Ltd.,Vision Securities Pvt. Ltd,2026-04-21 11:46:09.851387,Himal Dolakha Hydropower Company Limited
2026042104001805,HDHPC,14,58,500,240.0,120000.0,2026-04-21,187219391,2880,Nepal Stock House (PVT) Ltd.,Naasa Securities Co. Ltd.,2026-04-21 11:46:18.669080,Himal Dolakha Hydropower Company Limited
2026042104001837,HDHPC,14,58,45,240.0,10800.0,2026-04-21,187219869,2880,Nepal Stock House (PVT) Ltd.,Naasa Securities Co. Ltd.,2026-04-21 11:46:48.413657,Himal Dolakha Hydropower Company Limited
2026042104001841,HDHPC,14,35,50,240.0,12000.0,2026-04-21,187219953,2880,Nepal Stock House (PVT) Ltd.,Kohinoor Investment & Securities Pvt. Ltd.,2026-04-21 11:46:57.079937,Himal Dolakha Hydropower Company Limited
2026042104001849,HDHPC,14,19,72,240.0,17280.0,2026-04-21,187220086,2880,Nepal Stock House (PVT) Ltd.,Nepal Investment And Securities Trading Private Limited,2026-04-21 11:47:08.638924,Himal Dolakha Hydropower Company Limited
2026042104001850,HDHPC,58,19,178,240.0,42720.0,2026-04-21,187220087,2880,Naasa Securities Co. Ltd.,Nepal Investment And Securities Trading Private Limited,2026-04-21 11:47:08.639452,Himal Dolakha Hydropower Company Limited
2026042104001853,HDHPC,38,71,200,240.5,48100.0,2026-04-21,187220123,2880,Dipshikha Dhitopatra Karobar Co. Pvt Ltd.,SHUBHAKAMANA SECURITIES PVT. LTD,2026-04-21 11:47:13.121669,Himal Dolakha Hydropower Company Limited
2026042104001854,HDHPC,38,71,200,240.6,48120.0,2026-04-21,187220125,2880,Dipshikha Dhitopatra Karobar Co. Pvt Ltd.,SHUBHAKAMANA SECURITIES PVT. LTD,2026-04-21 11:47:13.122146,Himal Dolakha Hydropower Company Limited
2026042104001890,HDHPC,38,5,500,240.6,120300.0,2026-04-21,187220665,2880,Dipshikha Dhitopatra Karobar Co. Pvt Ltd.,Market Securities & Exchange (PVT) Ltd.,2026-04-21 11:47:53.086576,Himal Dolakha Hydropower Company Limited
2026042104001906,HDHPC,38,17,100,240.6,24060.0,2026-04-21,187220872,2880,Dipshikha Dhitopatra Karobar Co. Pvt Ltd.,ABC Securities Private Limited,2026-04-21 11:48:07.431553,Himal Dolakha Hydropower Company Limited
2026042104001907,HDHPC,49,17,20,240.6,4812.0,2026-04-21,187220874,2880,Online Securities Pvt. Ltd.,ABC Securities Private Limited,2026-04-21 11:48:07.432664,Himal Dolakha Hydropower Company Limited
2026042104001932,HDHPC,26,17,500,240.6,120300.0,2026-04-21,187221112,2880,Asian Securities Private Ltd.,ABC Securities Private Limited,2026-04-21 11:48:26.084852,Himal Dolakha Hydropower Company Limited
2026042104002031,HDHPC,58,52,18,240.0,4320.0,2026-04-21,187223027,2880,Naasa Securities Co. Ltd.,Sundhara Securities Limited,2026-04-21 11:50:58.557631,Himal Dolakha Hydropower Company Limited
2026042104002032,HDHPC,58,58,4,240.0,960.0,2026-04-21,187223029,2880,Naasa Securities Co. Ltd.,Naasa Securities Co. Ltd.,2026-04-21 11:50:58.557968,Himal Dolakha Hydropower Company Limited
2026042104002086,HDHPC,59,49,700,238.0,166600.0,2026-04-21,187223979,2880,Deevyaa Securities & Stock House Pvt. Ltd,Online Securities Pvt. Ltd.,2026-04-21 11:52:01.281218,Himal Dolakha Hydropower Company Limited
2026042104002098,HDHPC,59,32,175,238.0,41650.0,2026-04-21,187224081,2880,Deevyaa Securities & Stock House Pvt. Ltd,Premier Securities Company Ltd.,2026-04-21 11:52:07.396607,Himal Dolakha Hydropower Company Limited
2026042104002154,HDHPC,59,52,125,238.0,29750.0,2026-04-21,187224674,2880,Deevyaa Securities & Stock House Pvt. Ltd,Sundhara Securities Limited,2026-04-21 11:52:59.243476,Himal Dolakha Hydropower Company Limited
2026042104002155,HDHPC,33,52,345,238.0,82110.0,2026-04-21,187224675,2880,Dakshinkali Investment & Securities Pvt. Ltd.,Sundhara Securities Limited,2026-04-21 11:52:59.244504,Himal Dolakha Hydropower Company Limited
2026042104002313,HDHPC,13,42,830,238.0,197540.0,2026-04-21,187227201,2880,Thrive Brokerage House Pvt. Ltd,Sani Securities Company Ltd.,2026-04-21 11:55:33.673709,Himal Dolakha Hydropower Company Limited
2026042104002339,HDHPC,68,42,500,238.1,119050.0,2026-04-21,187227436,2880,Elite Stock House Limited,Sani Securities Company Ltd.,2026-04-21 11:55:57.124255,Himal Dolakha Hydropower Company Limited
2026042104002340,HDHPC,13,42,500,238.0,119000.0,2026-04-21,187227437,2880,Thrive Brokerage House Pvt. Ltd,Sani Securities Company Ltd.,2026-04-21 11:55:57.124739,Himal Dolakha Hydropower Company Limited
2026042104002376,HDHPC,13,58,100,238.0,23800.0,2026-04-21,187227677,2880,Thrive Brokerage House Pvt. Ltd,Naasa Securities Co. Ltd.,2026-04-21 11:56:11.364893,Himal Dolakha Hydropower Company Limited
2026042104002382,HDHPC,26,57,500,239.0,119500.0,2026-04-21,187227710,2880,Asian Securities Private Ltd.,Aryatara Investment & Securities,2026-04-21 11:56:13.173200,Himal Dolakha Hydropower Company Limited
2026042104002385,HDHPC,13,21,350,238.0,83300.0,2026-04-21,187227727,2880,Thrive Brokerage House Pvt. Ltd,Midas Stock Broking Company Private Limited,2026-04-21 11:56:14.438040,Himal Dolakha Hydropower Company Limited
2026042104002446,HDHPC,13,37,220,238.0,52360.0,2026-04-21,187228242,2880,Thrive Brokerage House Pvt. Ltd,Swarna Laxmi Securities Pvt. Ltd.,2026-04-21 11:56:57.528633,Himal Dolakha Hydropower Company Limited
2026042104002447,HDHPC,33,37,300,238.0,71400.0,2026-04-21,187228245,2880,Dakshinkali Investment & Securities Pvt. Ltd.,Swarna Laxmi Securities Pvt. Ltd.,2026-04-21 11:56:57.529109,Himal Dolakha Hydropower Company Limited
2026042104002448,HDHPC,39,37,100,238.0,23800.0,2026-04-21,187228248,2880,Sumeru Securities Pvt. Ltd.,Swarna Laxmi Securities Pvt. Ltd.,2026-04-21 11:56:57.529365,Himal Dolakha Hydropower Company Limited
2026042104002449,HDHPC,62,37,30,238.0,7140.0,2026-04-21,187228249,2880,Capital Max Securities Ltd,Swarna Laxmi Securities Pvt. Ltd.,2026-04-21 11:56:57.529604,Himal Dolakha Hydropower Company Limited
2026042104002486,HDHPC,62,37,315,238.0,74970.0,2026-04-21,187228529,2880,Capital Max Securities Ltd,Swarna Laxmi Securities Pvt. Ltd.,2026-04-21 11:57:19.317945,Himal Dolakha Hydropower Company Limited
2026042104002526,HDHPC,62,48,255,238.0,60690.0,2026-04-21,187229032,2880,Capital Max Securities Ltd,Trishakti Securities Public Limited,2026-04-21 11:58:07.482159,Himal Dolakha Hydropower Company Limited
2026042104002527,HDHPC,38,48,50,238.0,11900.0,2026-04-21,187229034,2880,Dipshikha Dhitopatra Karobar Co. Pvt Ltd.,Trishakti Securities Public Limited,2026-04-21 11:58:07.483236,Himal Dolakha Hydropower Company Limited
2026042104002573,HDHPC,52,48,84,238.0,19992.0,2026-04-21,187229570,2880,Sundhara Securities Limited,Trishakti Securities Public Limited,2026-04-21 11:59:00.541940,Himal Dolakha Hydropower Company Limited
2026042104002575,HDHPC,58,48,11,238.0,2618.0,2026-04-21,187229601,2880,Naasa Securities Co. Ltd.,Trishakti Securities Public Limited,2026-04-21 11:59:03.358110,Himal Dolakha Hydropower Company Limited
2026042104002619,HDHPC,58,42,209,238.0,49742.0,2026-04-21,187230150,2880,Naasa Securities Co. Ltd.,Sani Securities Company Ltd.,2026-04-21 11:59:46.962134,Himal Dolakha Hydropower Company Limited
2026042104002666,HDHPC,13,62,120,237.4,28488.0,2026-04-21,187230856,2880,Thrive Brokerage House Pvt. Ltd,Capital Max Securities Ltd,2026-04-21 12:00:52.451488,Himal Dolakha Hydropower Company Limited
2026042104002689,HDHPC,13,42,100,237.3,23730.0,2026-04-21,187231102,2880,Thrive Brokerage House Pvt. Ltd,Sani Securities Company Ltd.,2026-04-21 12:01:18.096012,Himal Dolakha Hydropower Company Limited
2026042104002690,HDHPC,13,42,200,237.2,47440.0,2026-04-21,187231104,2880,Thrive Brokerage House Pvt. Ltd,Sani Securities Company Ltd.,2026-04-21 12:01:18.096562,Himal Dolakha Hydropower Company Limited
2026042104002714,HDHPC,42,42,52,237.1,12329.2,2026-04-21,187231526,2880,Sani Securities Company Ltd.,Sani Securities Company Ltd.,2026-04-21 12:01:59.087026,Himal Dolakha Hydropower Company Limited
2026042104002715,HDHPC,38,42,50,237.1,11855.0,2026-04-21,187231528,2880,Dipshikha Dhitopatra Karobar Co. Pvt Ltd.,Sani Securities Company Ltd.,2026-04-21 12:01:59.087580,Himal Dolakha Hydropower Company Limited
2026042104002716,HDHPC,43,42,289,237.1,68521.9,2026-04-21,187231529,2880,South Asian Bulls Pvt. Ltd.,Sani Securities Company Ltd.,2026-04-21 12:01:59.087828,Himal Dolakha Hydropower Company Limited
2026042104002778,HDHPC,43,17,2480,237.1,588008.0,2026-04-21,187232089,2880,South Asian Bulls Pvt. Ltd.,ABC Securities Private Limited,2026-04-21 12:02:45.638580,Himal Dolakha Hydropower Company Limited
2026042104002857,HDHPC,43,42,35,237.1,8298.5,2026-04-21,187233057,2880,South Asian Bulls Pvt. Ltd.,Sani Securities Company Ltd.,2026-04-21 12:04:17.255182,Himal Dolakha Hydropower Company Limited
2026042104002896,HDHPC,43,58,196,237.1,46471.6,2026-04-21,187233548,2880,South Asian Bulls Pvt. Ltd.,Naasa Securities Co. Ltd.,2026-04-21 12:05:10.528104,Himal Dolakha Hydropower Company Limited
2026042104002897,HDHPC,29,58,48,237.0,11376.0,2026-04-21,187233550,2880,Trisul Securities & Invt. Ltd.,Naasa Securities Co. Ltd.,2026-04-21 12:05:10.528661,Himal Dolakha Hydropower Company Limited
2026042104002898,HDHPC,45,58,256,237.0,60672.0,2026-04-21,187233551,2880,Imperial Securities Company Pvt. Ltd.,Naasa Securities Co. Ltd.,2026-04-21 12:05:10.528948,Himal Dolakha Hydropower Company Limited
2026042104002972,HDHPC,45,14,20,237.0,4740.0,2026-04-21,187234867,2880,Imperial Securities Company Pvt. Ltd.,Nepal Stock House (PVT) Ltd.,2026-04-21 12:07:11.399340,Himal Dolakha Hydropower Company Limited
2026042104002974,HDHPC,45,47,224,237.0,53088.0,2026-04-21,187234904,2880,Imperial Securities Company Pvt. Ltd.,Neev Securities Pvt. Ltd.,2026-04-21 12:07:15.780848,Himal Dolakha Hydropower Company Limited
2026042104002975,HDHPC,16,47,1000,237.0,237000.0,2026-04-21,187234906,2880,Primo Securities (PVT) Ltd.,Neev Securities Pvt. Ltd.,2026-04-21 12:07:15.781969,Himal Dolakha Hydropower Company Limited
2026042104002976,HDHPC,40,47,1025,237.0,242925.0,2026-04-21,187234908,2880,Creative Securities Pvt Ltd,Neev Securities Pvt. Ltd.,2026-04-21 12:07:15.782939,Himal Dolakha Hydropower Company Limited
2026042104002977,HDHPC,56,47,664,237.0,157368.0,2026-04-21,187234910,2880,Sri Hari Securities Pvt. Ltd.,Neev Securities Pvt. Ltd.,2026-04-21 12:07:15.783938,Himal Dolakha Hydropower Company Limited
2026042104002978,HDHPC,84,47,87,237.0,20619.0,2026-04-21,187234911,2880,MILKY WAY SHARE BROKER COMPANY LTD ,Neev Securities Pvt. Ltd.,2026-04-21 12:07:15.784988,Himal Dolakha Hydropower Company Limited
2026042104002979,HDHPC,84,62,180,237.4,42732.0,2026-04-21,187234918,2880,MILKY WAY SHARE BROKER COMPANY LTD ,Capital Max Securities Ltd,2026-04-21 12:07:17.365978,Himal Dolakha Hydropower Company Limited
2026042104002985,HDHPC,35,49,150,237.0,35550.0,2026-04-21,187235048,2880,Kohinoor Investment & Securities Pvt. Ltd.,Online Securities Pvt. Ltd.,2026-04-21 12:07:37.277952,Himal Dolakha Hydropower Company Limited
2026042104002986,HDHPC,94,49,420,237.0,99540.0,2026-04-21,187235050,2880,K.B.L. Securities Limited ,Online Securities Pvt. Ltd.,2026-04-21 12:07:37.278996,Himal Dolakha Hydropower Company Limited
2026042104003009,HDHPC,80,58,25,236.9,5922.5,2026-04-21,187235221,2880,Indira securities pvt. ltd,Naasa Securities Co. Ltd.,2026-04-21 12:08:00.386599,Himal Dolakha Hydropower Company Limited
2026042104003060,HDHPC,84,49,430,237.0,101910.0,2026-04-21,187236127,2880,MILKY WAY SHARE BROKER COMPANY LTD ,Online Securities Pvt. Ltd.,2026-04-21 12:09:57.612996,Himal Dolakha Hydropower Company Limited
2026042104003073,HDHPC,42,49,10,238.0,2380.0,2026-04-21,187236334,2880,Sani Securities Company Ltd.,Online Securities Pvt. Ltd.,2026-04-21 12:10:29.630260,Himal Dolakha Hydropower Company Limited
2026042104003074,HDHPC,84,49,10,238.0,2380.0,2026-04-21,187236366,2880,MILKY WAY SHARE BROKER COMPANY LTD ,Online Securities Pvt. Ltd.,2026-04-21 12:10:33.677199,Himal Dolakha Hydropower Company Limited
2026042104003075,HDHPC,21,49,50,238.0,11900.0,2026-04-21,187236376,2880,Midas Stock Broking Company Private Limited,Online Securities Pvt. Ltd.,2026-04-21 12:10:34.376499,Himal Dolakha Hydropower Company Limited
2026042104003151,HDHPC,47,42,100,237.0,23700.0,2026-04-21,187237320,2880,Neev Securities Pvt. Ltd.,Sani Securities Company Ltd.,2026-04-21 12:11:52.859759,Himal Dolakha Hydropower Company Limited
2026042104003178,HDHPC,84,42,298,237.0,70626.0,2026-04-21,187237821,2880,MILKY WAY SHARE BROKER COMPANY LTD ,Sani Securities Company Ltd.,2026-04-21 12:13:05.893100,Himal Dolakha Hydropower Company Limited
2026042104003181,HDHPC,41,49,50,238.0,11900.0,2026-04-21,187237852,2880,Linch Stock Market Ltd.,Online Securities Pvt. Ltd.,2026-04-21 12:13:10.252341,Himal Dolakha Hydropower Company Limited
2026042104003182,HDHPC,84,49,10,238.0,2380.0,2026-04-21,187237856,2880,MILKY WAY SHARE BROKER COMPANY LTD ,Online Securities Pvt. Ltd.,2026-04-21 12:13:13.909493,Himal Dolakha Hydropower Company Limited
2026042104003183,HDHPC,42,49,10,238.0,2380.0,2026-04-21,187237882,2880,Sani Securities Company Ltd.,Online Securities Pvt. Ltd.,2026-04-21 12:13:17.819370,Himal Dolakha Hydropower Company Limited
2026042104003234,HDHPC,58,42,35,237.0,8295.0,2026-04-21,187238637,2880,Naasa Securities Co. Ltd.,Sani Securities Company Ltd.,2026-04-21 12:15:04.162579,Himal Dolakha Hydropower Company Limited
2026042104003261,HDHPC,58,46,100,237.0,23700.0,2026-04-21,187238945,2880,Naasa Securities Co. Ltd.,Kalika Securities Pvt. Ltd.,2026-04-21 12:15:47.182891,Himal Dolakha Hydropower Company Limited
2026042104003349,HDHPC,44,49,10,238.0,2380.0,2026-04-21,187239856,2880,Dynamic Money Managers Securities Pvt. Ltd.,Online Securities Pvt. Ltd.,2026-04-21 12:17:44.540972,Himal Dolakha Hydropower Company Limited
2026042104003404,HDHPC,39,49,100,238.0,23800.0,2026-04-21,187240585,2880,Sumeru Securities Pvt. Ltd.,Online Securities Pvt. Ltd.,2026-04-21 12:19:07.881531,Himal Dolakha Hydropower Company Limited
2026042104003405,HDHPC,39,34,400,238.0,95200.0,2026-04-21,187240588,2880,Sumeru Securities Pvt. Ltd.,Vision Securities Pvt. Ltd,2026-04-21 12:19:07.882623,Himal Dolakha Hydropower Company Limited
2026042104003441,HDHPC,14,64,100,237.1,23710.0,2026-04-21,187241291,2880,Nepal Stock House (PVT) Ltd.,SUN SECURITIES PVT LTD,2026-04-21 12:20:28.030936,Himal Dolakha Hydropower Company Limited
2026042104003444,HDHPC,58,5,800,237.0,189600.0,2026-04-21,187241327,2880,Naasa Securities Co. Ltd.,Market Securities & Exchange (PVT) Ltd.,2026-04-21 12:20:35.308525,Himal Dolakha Hydropower Company Limited
2026042104003482,HDHPC,58,58,200,237.0,47400.0,2026-04-21,187241711,2880,Naasa Securities Co. Ltd.,Naasa Securities Co. Ltd.,2026-04-21 12:21:19.369431,Himal Dolakha Hydropower Company Limited
2026042104003570,HDHPC,58,71,265,237.0,62805.0,2026-04-21,187242642,2880,Naasa Securities Co. Ltd.,SHUBHAKAMANA SECURITIES PVT. LTD,2026-04-21 12:23:07.312371,Himal Dolakha Hydropower Company Limited
2026042104003571,HDHPC,14,71,1635,237.0,387495.0,2026-04-21,187242643,2880,Nepal Stock House (PVT) Ltd.,SHUBHAKAMANA SECURITIES PVT. LTD,2026-04-21 12:23:07.313547,Himal Dolakha Hydropower Company Limited
2026042104003594,HDHPC,14,49,275,237.0,65175.0,2026-04-21,187242811,2880,Nepal Stock House (PVT) Ltd.,Online Securities Pvt. Ltd.,2026-04-21 12:23:24.491020,Himal Dolakha Hydropower Company Limited
2026042104003639,HDHPC,14,62,90,237.0,21330.0,2026-04-21,187243246,2880,Nepal Stock House (PVT) Ltd.,Capital Max Securities Ltd,2026-04-21 12:24:23.893225,Himal Dolakha Hydropower Company Limited
2026042104003705,HDHPC,80,35,70,236.9,16583.0,2026-04-21,187243735,2880,Indira securities pvt. ltd,Kohinoor Investment & Securities Pvt. Ltd.,2026-04-21 12:25:20.908259,Himal Dolakha Hydropower Company Limited
2026042104003706,HDHPC,80,64,250,236.9,59225.0,2026-04-21,187243759,2880,Indira securities pvt. ltd,SUN SECURITIES PVT LTD,2026-04-21 12:25:24.558653,Himal Dolakha Hydropower Company Limited
2026042104003744,HDHPC,80,54,10,236.9,2369.0,2026-04-21,187244293,2880,Indira securities pvt. ltd,Sewa Securities Pvt. Ltd.,2026-04-21 12:26:44.037256,Himal Dolakha Hydropower Company Limited
2026042104003762,HDHPC,80,41,145,236.9,34350.5,2026-04-21,187244604,2880,Indira securities pvt. ltd,Linch Stock Market Ltd.,2026-04-21 12:27:21.393008,Himal Dolakha Hydropower Company Limited
2026042104003763,HDHPC,42,41,205,236.9,48564.5,2026-04-21,187244605,2880,Sani Securities Company Ltd.,Linch Stock Market Ltd.,2026-04-21 12:27:21.393552,Himal Dolakha Hydropower Company Limited
2026042104003787,HDHPC,42,81,500,236.9,118450.0,2026-04-21,187245071,2880,Sani Securities Company Ltd.,Aakashbhairab Securities Ltd.,2026-04-21 12:28:13.994216,Himal Dolakha Hydropower Company Limited
2026042104003805,HDHPC,58,49,500,237.0,118500.0,2026-04-21,187245245,2880,Naasa Securities Co. Ltd.,Online Securities Pvt. Ltd.,2026-04-21 12:28:28.240001,Himal Dolakha Hydropower Company Limited
2026042104003806,HDHPC,58,38,100,237.0,23700.0,2026-04-21,187245247,2880,Naasa Securities Co. Ltd.,Dipshikha Dhitopatra Karobar Co. Pvt Ltd.,2026-04-21 12:28:28.241092,Himal Dolakha Hydropower Company Limited
2026042104003814,HDHPC,58,34,100,237.0,23700.0,2026-04-21,187245473,2880,Naasa Securities Co. Ltd.,Vision Securities Pvt. Ltd,2026-04-21 12:28:44.434619,Himal Dolakha Hydropower Company Limited
2026042104003836,HDHPC,42,10,33,236.9,7817.7,2026-04-21,187245774,2880,Sani Securities Company Ltd.,Pragyan Securities (PVT) Ltd.,2026-04-21 12:29:09.243359,Himal Dolakha Hydropower Company Limited
2026042104003837,HDHPC,13,10,100,236.8,23680.0,2026-04-21,187245776,2880,Thrive Brokerage House Pvt. Ltd,Pragyan Securities (PVT) Ltd.,2026-04-21 12:29:09.244488,Himal Dolakha Hydropower Company Limited
2026042104003838,HDHPC,42,10,100,236.8,23680.0,2026-04-21,187245778,2880,Sani Securities Company Ltd.,Pragyan Securities (PVT) Ltd.,2026-04-21 12:29:09.245345,Himal Dolakha Hydropower Company Limited
2026042104003839,HDHPC,42,10,100,236.8,23680.0,2026-04-21,187245780,2880,Sani Securities Company Ltd.,Pragyan Securities (PVT) Ltd.,2026-04-21 12:29:09.246174,Himal Dolakha Hydropower Company Limited
2026042104003840,HDHPC,13,10,100,236.7,23670.0,2026-04-21,187245782,2880,Thrive Brokerage House Pvt. Ltd,Pragyan Securities (PVT) Ltd.,2026-04-21 12:29:09.247003,Himal Dolakha Hydropower Company Limited
2026042104003841,HDHPC,32,10,100,236.7,23670.0,2026-04-21,187245784,2880,Premier Securities Company Ltd.,Pragyan Securities (PVT) Ltd.,2026-04-21 12:29:09.247842,Himal Dolakha Hydropower Company Limited
2026042104003842,HDHPC,91,10,108,236.4,25531.2,2026-04-21,187245785,2880,Citizens Share Broker Limited,Pragyan Securities (PVT) Ltd.,2026-04-21 12:29:09.248678,Himal Dolakha Hydropower Company Limited
2026042104003865,HDHPC,91,35,392,236.4,92668.8,2026-04-21,187246058,2880,Citizens Share Broker Limited,Kohinoor Investment & Securities Pvt. Ltd.,2026-04-21 12:29:36.085624,Himal Dolakha Hydropower Company Limited
2026042104003866,HDHPC,26,35,608,236.4,143731.2,2026-04-21,187246059,2880,Asian Securities Private Ltd.,Kohinoor Investment & Securities Pvt. Ltd.,2026-04-21 12:29:36.086740,Himal Dolakha Hydropower Company Limited
2026042104003882,HDHPC,26,26,1392,236.4,329068.8,2026-04-21,187246260,2880,Asian Securities Private Ltd.,Asian Securities Private Ltd.,2026-04-21 12:30:05.914098,Himal Dolakha Hydropower Company Limited
2026042104003883,HDHPC,57,26,500,236.4,118200.0,2026-04-21,187246262,2880,Aryatara Investment & Securities,Asian Securities Private Ltd.,2026-04-21 12:30:05.914138,Himal Dolakha Hydropower Company Limited
2026042104003884,HDHPC,35,26,108,236.3,25520.4,2026-04-21,187246263,2880,Kohinoor Investment & Securities Pvt. Ltd.,Asian Securities Private Ltd.,2026-04-21 12:30:05.914167,Himal Dolakha Hydropower Company Limited
2026042104003983,HDHPC,35,3,30,236.3,7089.0,2026-04-21,187247779,2880,Kohinoor Investment & Securities Pvt. Ltd.,Arun Securities (PVT) Ltd.,2026-04-21 12:31:59.709911,Himal Dolakha Hydropower Company Limited
2026042104004042,HDHPC,35,4,280,236.3,66164.0,2026-04-21,187248253,2880,Kohinoor Investment & Securities Pvt. Ltd.,Opal Securities Investment (PVT) Ltd.,2026-04-21 12:32:54.465473,Himal Dolakha Hydropower Company Limited
2026042104004045,HDHPC,35,21,582,236.3,137526.6,2026-04-21,187248290,2880,Kohinoor Investment & Securities Pvt. Ltd.,Midas Stock Broking Company Private Limited,2026-04-21 12:33:01.509737,Himal Dolakha Hydropower Company Limited
2026042104004046,HDHPC,58,21,1000,236.3,236300.0,2026-04-21,187248292,2880,Naasa Securities Co. Ltd.,Midas Stock Broking Company Private Limited,2026-04-21 12:33:01.510290,Himal Dolakha Hydropower Company Limited
2026042104004047,HDHPC,13,21,900,236.1,212490.0,2026-04-21,187248294,2880,Thrive Brokerage House Pvt. Ltd,Midas Stock Broking Company Private Limited,2026-04-21 12:33:01.510570,Himal Dolakha Hydropower Company Limited
2026042104004048,HDHPC,50,21,500,236.1,118050.0,2026-04-21,187248296,2880,Cristal Kanchanjanga Securites Pvt. Ltd.,Midas Stock Broking Company Private Limited,2026-04-21 12:33:01.510835,Himal Dolakha Hydropower Company Limited
2026042104004049,HDHPC,1,21,200,236.1,47220.0,2026-04-21,187248298,2880,Kumari Securities Private Limited,Midas Stock Broking Company Private Limited,2026-04-21 12:33:01.511098,Himal Dolakha Hydropower Company Limited
2026042104004050,HDHPC,35,21,268,236.0,63248.0,2026-04-21,187248299,2880,Kohinoor Investment & Securities Pvt. Ltd.,Midas Stock Broking Company Private Limited,2026-04-21 12:33:01.511366,Himal Dolakha Hydropower Company Limited
2026042104004058,HDHPC,35,21,232,236.0,54752.0,2026-04-21,187248404,2880,Kohinoor Investment & Securities Pvt. Ltd.,Midas Stock Broking Company Private Limited,2026-04-21 12:33:09.291813,Himal Dolakha Hydropower Company Limited
2026042104004059,HDHPC,6,21,200,236.0,47200.0,2026-04-21,187248406,2880,Agrawal Securities (PVT) Ltd.,Midas Stock Broking Company Private Limited,2026-04-21 12:33:09.292988,Himal Dolakha Hydropower Company Limited
2026042104004060,HDHPC,4,21,250,236.0,59000.0,2026-04-21,187248408,2880,Opal Securities Investment (PVT) Ltd.,Midas Stock Broking Company Private Limited,2026-04-21 12:33:09.294031,Himal Dolakha Hydropower Company Limited
2026042104004061,HDHPC,1,21,318,236.0,75048.0,2026-04-21,187248409,2880,Kumari Securities Private Limited,Midas Stock Broking Company Private Limited,2026-04-21 12:33:09.295077,Himal Dolakha Hydropower Company Limited
2026042104004064,HDHPC,1,43,182,236.0,42952.0,2026-04-21,187248420,2880,Kumari Securities Private Limited,South Asian Bulls Pvt. Ltd.,2026-04-21 12:33:11.105166,Himal Dolakha Hydropower Company Limited
2026042104004065,HDHPC,29,43,818,236.0,193048.0,2026-04-21,187248421,2880,Trisul Securities & Invt. Ltd.,South Asian Bulls Pvt. Ltd.,2026-04-21 12:33:11.106239,Himal Dolakha Hydropower Company Limited
2026042104004075,HDHPC,62,53,30,236.3,7089.0,2026-04-21,187248580,2880,Capital Max Securities Ltd,Investment Management Nepal Pvt. Ltd.,2026-04-21 12:33:27.043633,Himal Dolakha Hydropower Company Limited
2026042104004102,HDHPC,84,53,1470,236.3,347361.0,2026-04-21,187248930,2880,MILKY WAY SHARE BROKER COMPANY LTD ,Investment Management Nepal Pvt. Ltd.,2026-04-21 12:33:56.149331,Himal Dolakha Hydropower Company Limited
2026042104004200,HDHPC,58,35,27,236.9,6396.3,2026-04-21,187250390,2880,Naasa Securities Co. Ltd.,Kohinoor Investment & Securities Pvt. Ltd.,2026-04-21 12:36:24.720223,Himal Dolakha Hydropower Company Limited
2026042104004228,HDHPC,84,32,300,236.1,70830.0,2026-04-21,187250795,2880,MILKY WAY SHARE BROKER COMPANY LTD ,Premier Securities Company Ltd.,2026-04-21 12:37:07.709744,Himal Dolakha Hydropower Company Limited
2026042104004304,HDHPC,37,35,73,236.9,17293.7,2026-04-21,187251477,2880,Swarna Laxmi Securities Pvt. Ltd.,Kohinoor Investment & Securities Pvt. Ltd.,2026-04-21 12:38:29.733883,Himal Dolakha Hydropower Company Limited
2026042104004305,HDHPC,37,58,77,236.9,18241.3,2026-04-21,187251480,2880,Swarna Laxmi Securities Pvt. Ltd.,Naasa Securities Co. Ltd.,2026-04-21 12:38:29.734445,Himal Dolakha Hydropower Company Limited
2026042104004308,HDHPC,84,58,200,236.1,47220.0,2026-04-21,187251532,2880,MILKY WAY SHARE BROKER COMPANY LTD ,Naasa Securities Co. Ltd.,2026-04-21 12:38:38.403404,Himal Dolakha Hydropower Company Limited
2026042104004309,HDHPC,71,58,600,236.1,141660.0,2026-04-21,187251533,2880,SHUBHAKAMANA SECURITIES PVT. LTD,Naasa Securities Co. Ltd.,2026-04-21 12:38:38.404580,Himal Dolakha Hydropower Company Limited
2026042104004332,HDHPC,71,58,20,236.1,4722.0,2026-04-21,187251763,2880,SHUBHAKAMANA SECURITIES PVT. LTD,Naasa Securities Co. Ltd.,2026-04-21 12:39:04.244281,Himal Dolakha Hydropower Company Limited
2026042104004333,HDHPC,71,58,23,236.1,5430.3,2026-04-21,187251765,2880,SHUBHAKAMANA SECURITIES PVT. LTD,Naasa Securities Co. Ltd.,2026-04-21 12:39:04.790173,Himal Dolakha Hydropower Company Limited
2026042104004365,HDHPC,71,58,200,236.1,47220.0,2026-04-21,187252183,2880,SHUBHAKAMANA SECURITIES PVT. LTD,Naasa Securities Co. Ltd.,2026-04-21 12:39:57.189374,Himal Dolakha Hydropower Company Limited
2026042104004491,HDHPC,99,32,500,237.0,118500.0,2026-04-21,187253469,2880,Prabhu Stock Market Limited,Premier Securities Company Ltd.,2026-04-21 12:42:27.254290,Himal Dolakha Hydropower Company Limited
2026042104004513,HDHPC,99,16,266,237.0,63042.0,2026-04-21,187253707,2880,Prabhu Stock Market Limited,Primo Securities (PVT) Ltd.,2026-04-21 12:42:51.393532,Himal Dolakha Hydropower Company Limited
2026042104004537,HDHPC,59,49,150,237.5,35625.0,2026-04-21,187253995,2880,Deevyaa Securities & Stock House Pvt. Ltd,Online Securities Pvt. Ltd.,2026-04-21 12:43:28.397881,Himal Dolakha Hydropower Company Limited
2026042104004538,HDHPC,59,34,200,238.0,47600.0,2026-04-21,187253997,2880,Deevyaa Securities & Stock House Pvt. Ltd,Vision Securities Pvt. Ltd,2026-04-21 12:43:28.398515,Himal Dolakha Hydropower Company Limited
2026042104004539,HDHPC,59,28,50,238.0,11900.0,2026-04-21,187253999,2880,Deevyaa Securities & Stock House Pvt. Ltd,Shree Krishna Securities Ltd.,2026-04-21 12:43:28.398810,Himal Dolakha Hydropower Company Limited
2026042104004540,HDHPC,59,57,175,238.0,41650.0,2026-04-21,187254001,2880,Deevyaa Securities & Stock House Pvt. Ltd,Aryatara Investment & Securities,2026-04-21 12:43:28.399209,Himal Dolakha Hydropower Company Limited
2026042104004541,HDHPC,59,41,900,238.0,214200.0,2026-04-21,187254003,2880,Deevyaa Securities & Stock House Pvt. Ltd,Linch Stock Market Ltd.,2026-04-21 12:43:28.399573,Himal Dolakha Hydropower Company Limited
2026042104004542,HDHPC,59,58,2000,238.0,476000.0,2026-04-21,187254005,2880,Deevyaa Securities & Stock House Pvt. Ltd,Naasa Securities Co. Ltd.,2026-04-21 12:43:28.399864,Himal Dolakha Hydropower Company Limited
2026042104004543,HDHPC,59,56,100,238.5,23850.0,2026-04-21,187254007,2880,Deevyaa Securities & Stock House Pvt. Ltd,Sri Hari Securities Pvt. Ltd.,2026-04-21 12:43:28.400128,Himal Dolakha Hydropower Company Limited
2026042104004544,HDHPC,59,58,100,238.5,23850.0,2026-04-21,187254009,2880,Deevyaa Securities & Stock House Pvt. Ltd,Naasa Securities Co. Ltd.,2026-04-21 12:43:28.400396,Himal Dolakha Hydropower Company Limited
2026042104004545,HDHPC,59,58,665,239.9,159533.5,2026-04-21,187254011,2880,Deevyaa Securities & Stock House Pvt. Ltd,Naasa Securities Co. Ltd.,2026-04-21 12:43:28.400671,Himal Dolakha Hydropower Company Limited
2026042104004546,HDHPC,59,57,197,240.0,47280.0,2026-04-21,187254013,2880,Deevyaa Securities & Stock House Pvt. Ltd,Aryatara Investment & Securities,2026-04-21 12:43:28.400944,Himal Dolakha Hydropower Company Limited
2026042104004547,HDHPC,59,36,1000,240.0,240000.0,2026-04-21,187254015,2880,Deevyaa Securities & Stock House Pvt. Ltd,Secured Securities Ltd.,2026-04-21 12:43:28.401219,Himal Dolakha Hydropower Company Limited
2026042104004548,HDHPC,59,85,200,240.0,48000.0,2026-04-21,187254017,2880,Deevyaa Securities & Stock House Pvt. Ltd,Capital Hub P. Ltd,2026-04-21 12:43:28.401498,Himal Dolakha Hydropower Company Limited
2026042104004549,HDHPC,59,19,200,240.0,48000.0,2026-04-21,187254019,2880,Deevyaa Securities & Stock House Pvt. Ltd,Nepal Investment And Securities Trading Private Limited,2026-04-21 12:43:28.401762,Himal Dolakha Hydropower Company Limited
2026042104004550,HDHPC,59,49,120,240.0,28800.0,2026-04-21,187254021,2880,Deevyaa Securities & Stock House Pvt. Ltd,Online Securities Pvt. Ltd.,2026-04-21 12:43:28.402036,Himal Dolakha Hydropower Company Limited
2026042104004551,HDHPC,59,44,1000,240.0,240000.0,2026-04-21,187254023,2880,Deevyaa Securities & Stock House Pvt. Ltd,Dynamic Money Managers Securities Pvt. Ltd.,2026-04-21 12:43:28.402295,Himal Dolakha Hydropower Company Limited
2026042104004552,HDHPC,59,63,40,240.0,9600.0,2026-04-21,187254025,2880,Deevyaa Securities & Stock House Pvt. Ltd,Himalayan Brokerage Company Limited,2026-04-21 12:43:28.402574,Himal Dolakha Hydropower Company Limited
2026042104004553,HDHPC,59,20,500,240.0,120000.0,2026-04-21,187254027,2880,Deevyaa Securities & Stock House Pvt. Ltd,Sipla Securities Private Limited,2026-04-21 12:43:28.402830,Himal Dolakha Hydropower Company Limited
2026042104004554,HDHPC,59,52,1246,240.0,299040.0,2026-04-21,187254029,2880,Deevyaa Securities & Stock House Pvt. Ltd,Sundhara Securities Limited,2026-04-21 12:43:28.403089,Himal Dolakha Hydropower Company Limited
2026042104004555,HDHPC,59,20,700,240.0,168000.0,2026-04-21,187254031,2880,Deevyaa Securities & Stock House Pvt. Ltd,Sipla Securities Private Limited,2026-04-21 12:43:28.403366,Himal Dolakha Hydropower Company Limited
2026042104004556,HDHPC,59,58,50,240.0,12000.0,2026-04-21,187254033,2880,Deevyaa Securities & Stock House Pvt. Ltd,Naasa Securities Co. Ltd.,2026-04-21 12:43:28.404359,Himal Dolakha Hydropower Company Limited
2026042104004557,HDHPC,59,50,13,240.0,3120.0,2026-04-21,187254035,2880,Deevyaa Securities & Stock House Pvt. Ltd,Cristal Kanchanjanga Securites Pvt. Ltd.,2026-04-21 12:43:28.405141,Himal Dolakha Hydropower Company Limited
2026042104004558,HDHPC,59,89,394,240.0,94560.0,2026-04-21,187254038,2880,Deevyaa Securities & Stock House Pvt. Ltd,Global IME Securities Limited,2026-04-21 12:43:28.405917,Himal Dolakha Hydropower Company Limited
2026042104004593,HDHPC,59,71,500,239.9,119950.0,2026-04-21,187254770,2880,Deevyaa Securities & Stock House Pvt. Ltd,SHUBHAKAMANA SECURITIES PVT. LTD,2026-04-21 12:45:07.873110,Himal Dolakha Hydropower Company Limited
2026042104004608,HDHPC,59,71,500,239.9,119950.0,2026-04-21,187255283,2880,Deevyaa Securities & Stock House Pvt. Ltd,SHUBHAKAMANA SECURITIES PVT. LTD,2026-04-21 12:46:08.427517,Himal Dolakha Hydropower Company Limited
2026042104004609,HDHPC,59,58,500,240.0,120000.0,2026-04-21,187255285,2880,Deevyaa Securities & Stock House Pvt. Ltd,Naasa Securities Co. Ltd.,2026-04-21 12:46:08.428088,Himal Dolakha Hydropower Company Limited
2026042104004610,HDHPC,59,89,506,240.0,121440.0,2026-04-21,187255287,2880,Deevyaa Securities & Stock House Pvt. Ltd,Global IME Securities Limited,2026-04-21 12:46:08.428375,Himal Dolakha Hydropower Company Limited
2026042104004611,HDHPC,59,63,200,240.0,48000.0,2026-04-21,187255289,2880,Deevyaa Securities & Stock House Pvt. Ltd,Himalayan Brokerage Company Limited,2026-04-21 12:46:08.428645,Himal Dolakha Hydropower Company Limited
2026042104004613,HDHPC,59,71,150,240.0,36000.0,2026-04-21,187255351,2880,Deevyaa Securities & Stock House Pvt. Ltd,SHUBHAKAMANA SECURITIES PVT. LTD,2026-04-21 12:46:14.612472,Himal Dolakha Hydropower Company Limited
2026042104004625,HDHPC,59,58,200,240.0,48000.0,2026-04-21,187255535,2880,Deevyaa Securities & Stock House Pvt. Ltd,Naasa Securities Co. Ltd.,2026-04-21 12:46:47.264767,Himal Dolakha Hydropower Company Limited
2026042104004629,HDHPC,59,99,1000,240.0,240000.0,2026-04-21,187255597,2880,Deevyaa Securities & Stock House Pvt. Ltd,Prabhu Stock Market Limited,2026-04-21 12:46:55.405364,Himal Dolakha Hydropower Company Limited
2026042104004633,HDHPC,59,71,944,240.0,226560.0,2026-04-21,187255674,2880,Deevyaa Securities & Stock House Pvt. Ltd,SHUBHAKAMANA SECURITIES PVT. LTD,2026-04-21 12:47:04.567907,Himal Dolakha Hydropower Company Limited
2026042104004645,HDHPC,49,71,22,240.0,5280.0,2026-04-21,187255796,2880,Online Securities Pvt. Ltd.,SHUBHAKAMANA SECURITIES PVT. LTD,2026-04-21 12:47:15.673458,Himal Dolakha Hydropower Company Limited
2026042104004679,HDHPC,59,71,34,240.0,8160.0,2026-04-21,187256205,2880,Deevyaa Securities & Stock House Pvt. Ltd,SHUBHAKAMANA SECURITIES PVT. LTD,2026-04-21 12:48:01.216424,Himal Dolakha Hydropower Company Limited
2026042104004697,HDHPC,59,71,16,240.0,3840.0,2026-04-21,187256388,2880,Deevyaa Securities & Stock House Pvt. Ltd,SHUBHAKAMANA SECURITIES PVT. LTD,2026-04-21 12:48:23.720783,Himal Dolakha Hydropower Company Limited
2026042104004775,HDHPC,14,71,1000,237.5,237500.0,2026-04-21,187257442,2880,Nepal Stock House (PVT) Ltd.,SHUBHAKAMANA SECURITIES PVT. LTD,2026-04-21 12:50:34.608422,Himal Dolakha Hydropower Company Limited
2026042104004776,HDHPC,17,71,215,237.5,51062.5,2026-04-21,187257443,2880,ABC Securities Private Limited,SHUBHAKAMANA SECURITIES PVT. LTD,2026-04-21 12:50:34.608528,Himal Dolakha Hydropower Company Limited
2026042104004881,HDHPC,34,71,10,237.5,2375.0,2026-04-21,187258406,2880,Vision Securities Pvt. Ltd,SHUBHAKAMANA SECURITIES PVT. LTD,2026-04-21 12:52:09.773981,Himal Dolakha Hydropower Company Limited
2026042104004882,HDHPC,58,71,20,237.5,4750.0,2026-04-21,187258408,2880,Naasa Securities Co. Ltd.,SHUBHAKAMANA SECURITIES PVT. LTD,2026-04-21 12:52:09.774069,Himal Dolakha Hydropower Company Limited
2026042104004883,HDHPC,33,71,1000,237.5,237500.0,2026-04-21,187258409,2880,Dakshinkali Investment & Securities Pvt. Ltd.,SHUBHAKAMANA SECURITIES PVT. LTD,2026-04-21 12:52:09.774091,Himal Dolakha Hydropower Company Limited
2026042104004981,HDHPC,58,45,20,238.0,4760.0,2026-04-21,187259616,2880,Naasa Securities Co. Ltd.,Imperial Securities Company Pvt. Ltd.,2026-04-21 12:54:08.230908,Himal Dolakha Hydropower Company Limited
2026042104004982,HDHPC,33,45,480,237.5,114000.0,2026-04-21,187259617,2880,Dakshinkali Investment & Securities Pvt. Ltd.,Imperial Securities Company Pvt. Ltd.,2026-04-21 12:54:08.231003,Himal Dolakha Hydropower Company Limited
2026042104005007,HDHPC,58,71,28,239.0,6692.0,2026-04-21,187259866,2880,Naasa Securities Co. Ltd.,SHUBHAKAMANA SECURITIES PVT. LTD,2026-04-21 12:54:32.995161,Himal Dolakha Hydropower Company Limited
2026042104005015,HDHPC,33,71,200,239.0,47800.0,2026-04-21,187259998,2880,Dakshinkali Investment & Securities Pvt. Ltd.,SHUBHAKAMANA SECURITIES PVT. LTD,2026-04-21 12:54:44.967530,Himal Dolakha Hydropower Company Limited
2026042104005039,HDHPC,33,71,22,239.0,5258.0,2026-04-21,187260483,2880,Dakshinkali Investment & Securities Pvt. Ltd.,SHUBHAKAMANA SECURITIES PVT. LTD,2026-04-21 12:55:32.129538,Himal Dolakha Hydropower Company Limited
2026042104005043,HDHPC,33,71,378,239.0,90342.0,2026-04-21,187260548,2880,Dakshinkali Investment & Securities Pvt. Ltd.,SHUBHAKAMANA SECURITIES PVT. LTD,2026-04-21 12:55:44.172698,Himal Dolakha Hydropower Company Limited
2026042104005212,HDHPC,28,71,1000,237.6,237600.0,2026-04-21,187262105,2880,Shree Krishna Securities Ltd.,SHUBHAKAMANA SECURITIES PVT. LTD,2026-04-21 12:57:44.166769,Himal Dolakha Hydropower Company Limited
2026042104005327,HDHPC,32,38,10,237.6,2376.0,2026-04-21,187263367,2880,Premier Securities Company Ltd.,Dipshikha Dhitopatra Karobar Co. Pvt Ltd.,2026-04-21 13:00:26.147635,Himal Dolakha Hydropower Company Limited
2026042104005368,HDHPC,44,71,250,237.5,59375.0,2026-04-21,187263907,2880,Dynamic Money Managers Securities Pvt. Ltd.,SHUBHAKAMANA SECURITIES PVT. LTD,2026-04-21 13:01:37.928869,Himal Dolakha Hydropower Company Limited
2026042104005369,HDHPC,38,49,150,237.6,35640.0,2026-04-21,187263911,2880,Dipshikha Dhitopatra Karobar Co. Pvt Ltd.,Online Securities Pvt. Ltd.,2026-04-21 13:01:38.346055,Himal Dolakha Hydropower Company Limited
2026042104005373,HDHPC,38,71,50,237.6,11880.0,2026-04-21,187263943,2880,Dipshikha Dhitopatra Karobar Co. Pvt Ltd.,SHUBHAKAMANA SECURITIES PVT. LTD,2026-04-21 13:01:44.652806,Himal Dolakha Hydropower Company Limited
2026042104005508,HDHPC,46,71,105,237.9,24979.5,2026-04-21,187265600,2880,Kalika Securities Pvt. Ltd.,SHUBHAKAMANA SECURITIES PVT. LTD,2026-04-21 13:04:50.342585,Himal Dolakha Hydropower Company Limited
2026042104005607,HDHPC,34,49,500,237.6,118800.0,2026-04-21,187267436,2880,Vision Securities Pvt. Ltd,Online Securities Pvt. Ltd.,2026-04-21 13:08:05.728363,Himal Dolakha Hydropower Company Limited
2026042104005608,HDHPC,1,49,500,237.5,118750.0,2026-04-21,187267438,2880,Kumari Securities Private Limited,Online Securities Pvt. Ltd.,2026-04-21 13:08:05.728539,Himal Dolakha Hydropower Company Limited
2026042104005609,HDHPC,32,49,9530,237.4,2262422.0,2026-04-21,187267439,2880,Premier Securities Company Ltd.,Online Securities Pvt. Ltd.,2026-04-21 13:08:05.728611,Himal Dolakha Hydropower Company Limited
2026042104005647,HDHPC,81,16,35,237.5,8312.5,2026-04-21,187270229,2880,Aakashbhairab Securities Ltd.,Primo Securities (PVT) Ltd.,2026-04-21 13:09:16.504083,Himal Dolakha Hydropower Company Limited
2026042104005657,HDHPC,95,71,395,237.9,93970.5,2026-04-21,187270477,2880,Magnet Securities and Investment Company Private Limited,SHUBHAKAMANA SECURITIES PVT. LTD,2026-04-21 13:09:37.909907,Himal Dolakha Hydropower Company Limited
2026042104005658,HDHPC,95,45,100,237.9,23790.0,2026-04-21,187270480,2880,Magnet Securities and Investment Company Private Limited,Imperial Securities Company Pvt. Ltd.,2026-04-21 13:09:37.910526,Himal Dolakha Hydropower Company Limited
2026042104005673,HDHPC,14,28,1000,238.0,238000.0,2026-04-21,187270894,2880,Nepal Stock House (PVT) Ltd.,Shree Krishna Securities Ltd.,2026-04-21 13:10:12.714990,Himal Dolakha Hydropower Company Limited
2026042104005676,HDHPC,34,56,500,239.0,119500.0,2026-04-21,187271020,2880,Vision Securities Pvt. Ltd,Sri Hari Securities Pvt. Ltd.,2026-04-21 13:10:30.304974,Himal Dolakha Hydropower Company Limited
2026042104005739,HDHPC,46,56,20,239.0,4780.0,2026-04-21,187272248,2880,Kalika Securities Pvt. Ltd.,Sri Hari Securities Pvt. Ltd.,2026-04-21 13:11:08.074498,Himal Dolakha Hydropower Company Limited
2026042104005740,HDHPC,1,56,480,239.0,114720.0,2026-04-21,187272299,2880,Kumari Securities Private Limited,Sri Hari Securities Pvt. Ltd.,2026-04-21 13:11:11.749068,Himal Dolakha Hydropower Company Limited
2026042104005741,HDHPC,1,44,1900,239.0,454100.0,2026-04-21,187272301,2880,Kumari Securities Private Limited,Dynamic Money Managers Securities Pvt. Ltd.,2026-04-21 13:11:11.749649,Himal Dolakha Hydropower Company Limited
2026042104005742,HDHPC,1,28,1000,239.0,239000.0,2026-04-21,187272303,2880,Kumari Securities Private Limited,Shree Krishna Securities Ltd.,2026-04-21 13:11:11.749952,Himal Dolakha Hydropower Company Limited
2026042104005743,HDHPC,1,6,370,239.0,88430.0,2026-04-21,187272305,2880,Kumari Securities Private Limited,Agrawal Securities (PVT) Ltd.,2026-04-21 13:11:11.750280,Himal Dolakha Hydropower Company Limited
2026042104005749,HDHPC,43,46,120,239.9,28788.0,2026-04-21,187272369,2880,South Asian Bulls Pvt. Ltd.,Kalika Securities Pvt. Ltd.,2026-04-21 13:11:17.835765,Himal Dolakha Hydropower Company Limited
2026042104005750,HDHPC,43,17,880,239.9,211112.0,2026-04-21,187272372,2880,South Asian Bulls Pvt. Ltd.,ABC Securities Private Limited,2026-04-21 13:11:17.836554,Himal Dolakha Hydropower Company Limited
2026042104005761,HDHPC,19,17,120,239.9,28788.0,2026-04-21,187272559,2880,Nepal Investment And Securities Trading Private Limited,ABC Securities Private Limited,2026-04-21 13:11:40.720063,Himal Dolakha Hydropower Company Limited
2026042104005762,HDHPC,19,28,30,240.0,7200.0,2026-04-21,187272562,2880,Nepal Investment And Securities Trading Private Limited,Shree Krishna Securities Ltd.,2026-04-21 13:11:40.721252,Himal Dolakha Hydropower Company Limited
2026042104005790,HDHPC,28,28,500,240.0,120000.0,2026-04-21,187272818,2880,Shree Krishna Securities Ltd.,Shree Krishna Securities Ltd.,2026-04-21 13:12:06.086284,Himal Dolakha Hydropower Company Limited
2026042104005842,HDHPC,63,28,470,240.0,112800.0,2026-04-21,187273251,2880,Himalayan Brokerage Company Limited,Shree Krishna Securities Ltd.,2026-04-21 13:12:51.739580,Himal Dolakha Hydropower Company Limited
2026042104005843,HDHPC,63,49,530,240.0,127200.0,2026-04-21,187273254,2880,Himalayan Brokerage Company Limited,Online Securities Pvt. Ltd.,2026-04-21 13:12:51.739690,Himal Dolakha Hydropower Company Limited
2026042104005847,HDHPC,1,39,20,239.0,4780.0,2026-04-21,187273326,2880,Kumari Securities Private Limited,Sumeru Securities Pvt. Ltd.,2026-04-21 13:13:04.540249,Himal Dolakha Hydropower Company Limited
2026042104005848,HDHPC,32,39,4980,239.0,1190220.0,2026-04-21,187273327,2880,Premier Securities Company Ltd.,Sumeru Securities Pvt. Ltd.,2026-04-21 13:13:04.540893,Himal Dolakha Hydropower Company Limited
2026042104005859,HDHPC,95,49,50,239.8,11990.0,2026-04-21,187273663,2880,Magnet Securities and Investment Company Private Limited,Online Securities Pvt. Ltd.,2026-04-21 13:13:37.012446,Himal Dolakha Hydropower Company Limited
2026042104005860,HDHPC,95,49,450,240.0,108000.0,2026-04-21,187273666,2880,Magnet Securities and Investment Company Private Limited,Online Securities Pvt. Ltd.,2026-04-21 13:13:37.013610,Himal Dolakha Hydropower Company Limited
2026042104005890,HDHPC,48,49,60,240.0,14400.0,2026-04-21,187273995,2880,Trishakti Securities Public Limited,Online Securities Pvt. Ltd.,2026-04-21 13:14:07.923512,Himal Dolakha Hydropower Company Limited
2026042104005891,HDHPC,48,48,500,240.0,120000.0,2026-04-21,187273997,2880,Trishakti Securities Public Limited,Trishakti Securities Public Limited,2026-04-21 13:14:07.924172,Himal Dolakha Hydropower Company Limited
2026042104005892,HDHPC,48,63,20,240.0,4800.0,2026-04-21,187273999,2880,Trishakti Securities Public Limited,Himalayan Brokerage Company Limited,2026-04-21 13:14:07.924619,Himal Dolakha Hydropower Company Limited
2026042104005893,HDHPC,48,62,150,240.0,36000.0,2026-04-21,187274001,2880,Trishakti Securities Public Limited,Capital Max Securities Ltd,2026-04-21 13:14:07.924933,Himal Dolakha Hydropower Company Limited
2026042104005894,HDHPC,48,43,15,240.0,3600.0,2026-04-21,187274003,2880,Trishakti Securities Public Limited,South Asian Bulls Pvt. Ltd.,2026-04-21 13:14:07.925304,Himal Dolakha Hydropower Company Limited
2026042104005895,HDHPC,48,45,500,240.0,120000.0,2026-04-21,187274005,2880,Trishakti Securities Public Limited,Imperial Securities Company Pvt. Ltd.,2026-04-21 13:14:07.925610,Himal Dolakha Hydropower Company Limited
2026042104005896,HDHPC,48,58,200,240.0,48000.0,2026-04-21,187274007,2880,Trishakti Securities Public Limited,Naasa Securities Co. Ltd.,2026-04-21 13:14:07.925886,Himal Dolakha Hydropower Company Limited
2026042104005897,HDHPC,48,28,1000,240.0,240000.0,2026-04-21,187274009,2880,Trishakti Securities Public Limited,Shree Krishna Securities Ltd.,2026-04-21 13:14:07.926177,Himal Dolakha Hydropower Company Limited
2026042104005907,HDHPC,48,35,400,240.0,96000.0,2026-04-21,187274119,2880,Trishakti Securities Public Limited,Kohinoor Investment & Securities Pvt. Ltd.,2026-04-21 13:14:21.892229,Himal Dolakha Hydropower Company Limited
2026042104005909,HDHPC,40,26,500,240.2,120100.0,2026-04-21,187274143,2880,Creative Securities Pvt Ltd,Asian Securities Private Ltd.,2026-04-21 13:14:25.869008,Himal Dolakha Hydropower Company Limited
2026042104005910,HDHPC,40,63,20,240.2,4804.0,2026-04-21,187274145,2880,Creative Securities Pvt Ltd,Himalayan Brokerage Company Limited,2026-04-21 13:14:25.870174,Himal Dolakha Hydropower Company Limited
2026042104005926,HDHPC,40,58,500,240.5,120250.0,2026-04-21,187274353,2880,Creative Securities Pvt Ltd,Naasa Securities Co. Ltd.,2026-04-21 13:14:49.823388,Himal Dolakha Hydropower Company Limited
2026042104005927,HDHPC,40,58,15,240.5,3607.5,2026-04-21,187274355,2880,Creative Securities Pvt Ltd,Naasa Securities Co. Ltd.,2026-04-21 13:14:49.823991,Himal Dolakha Hydropower Company Limited
2026042104005928,HDHPC,40,35,200,240.5,48100.0,2026-04-21,187274357,2880,Creative Securities Pvt Ltd,Kohinoor Investment & Securities Pvt. Ltd.,2026-04-21 13:14:49.824276,Himal Dolakha Hydropower Company Limited
2026042104005932,HDHPC,40,70,200,240.6,48120.0,2026-04-21,187274531,2880,Creative Securities Pvt Ltd,Infinity Securities Limited,2026-04-21 13:15:06.956310,Himal Dolakha Hydropower Company Limited
2026042104005933,HDHPC,40,28,565,240.6,135939.0,2026-04-21,187274538,2880,Creative Securities Pvt Ltd,Shree Krishna Securities Ltd.,2026-04-21 13:15:07.202623,Himal Dolakha Hydropower Company Limited
2026042104005948,HDHPC,48,45,155,240.0,37200.0,2026-04-21,187274696,2880,Trishakti Securities Public Limited,Imperial Securities Company Pvt. Ltd.,2026-04-21 13:15:23.569591,Himal Dolakha Hydropower Company Limited
2026042104005949,HDHPC,58,45,26,240.0,6240.0,2026-04-21,187274698,2880,Naasa Securities Co. Ltd.,Imperial Securities Company Pvt. Ltd.,2026-04-21 13:15:23.570737,Himal Dolakha Hydropower Company Limited
2026042104006023,HDHPC,58,28,18,239.2,4305.6,2026-04-21,187275367,2880,Naasa Securities Co. Ltd.,Shree Krishna Securities Ltd.,2026-04-21 13:16:39.487963,Himal Dolakha Hydropower Company Limited
2026042104006024,HDHPC,40,71,500,239.5,119750.0,2026-04-21,187275372,2880,Creative Securities Pvt Ltd,SHUBHAKAMANA SECURITIES PVT. LTD,2026-04-21 13:16:39.597819,Himal Dolakha Hydropower Company Limited
2026042104006036,HDHPC,58,6,500,239.2,119600.0,2026-04-21,187275519,2880,Naasa Securities Co. Ltd.,Agrawal Securities (PVT) Ltd.,2026-04-21 13:16:54.486872,Himal Dolakha Hydropower Company Limited
2026042104006044,HDHPC,58,58,100,239.2,23920.0,2026-04-21,187275565,2880,Naasa Securities Co. Ltd.,Naasa Securities Co. Ltd.,2026-04-21 13:16:59.061361,Himal Dolakha Hydropower Company Limited
2026042104006054,HDHPC,40,71,500,239.9,119950.0,2026-04-21,187275682,2880,Creative Securities Pvt Ltd,SHUBHAKAMANA SECURITIES PVT. LTD,2026-04-21 13:17:14.665476,Himal Dolakha Hydropower Company Limited
2026042104006082,HDHPC,95,71,500,239.9,119950.0,2026-04-21,187275944,2880,Magnet Securities and Investment Company Private Limited,SHUBHAKAMANA SECURITIES PVT. LTD,2026-04-21 13:17:45.183377,Himal Dolakha Hydropower Company Limited
2026042104006115,HDHPC,59,71,1440,239.3,344592.0,2026-04-21,187276590,2880,Deevyaa Securities & Stock House Pvt. Ltd,SHUBHAKAMANA SECURITIES PVT. LTD,2026-04-21 13:19:06.419547,Himal Dolakha Hydropower Company Limited
2026042104006116,HDHPC,58,71,60,239.2,14352.0,2026-04-21,187276591,2880,Naasa Securities Co. Ltd.,SHUBHAKAMANA SECURITIES PVT. LTD,2026-04-21 13:19:06.420694,Himal Dolakha Hydropower Company Limited
2026042104006156,HDHPC,58,71,322,239.2,77022.4,2026-04-21,187276988,2880,Naasa Securities Co. Ltd.,SHUBHAKAMANA SECURITIES PVT. LTD,2026-04-21 13:19:50.274665,Himal Dolakha Hydropower Company Limited
2026042104006157,HDHPC,36,71,500,239.0,119500.0,2026-04-21,187276990,2880,Secured Securities Ltd.,SHUBHAKAMANA SECURITIES PVT. LTD,2026-04-21 13:19:50.275955,Himal Dolakha Hydropower Company Limited
2026042104006234,HDHPC,57,64,100,238.6,23860.0,2026-04-21,187278159,2880,Aryatara Investment & Securities,SUN SECURITIES PVT LTD,2026-04-21 13:21:44.777027,Himal Dolakha Hydropower Company Limited
2026042104006314,HDHPC,1,71,12,239.0,2868.0,2026-04-21,187279001,2880,Kumari Securities Private Limited,SHUBHAKAMANA SECURITIES PVT. LTD,2026-04-21 13:23:21.047481,Himal Dolakha Hydropower Company Limited
2026042104006315,HDHPC,57,71,1000,238.6,238600.0,2026-04-21,187279004,2880,Aryatara Investment & Securities,SHUBHAKAMANA SECURITIES PVT. LTD,2026-04-21 13:23:21.047588,Himal Dolakha Hydropower Company Limited
2026042104006316,HDHPC,47,71,100,238.5,23850.0,2026-04-21,187279006,2880,Neev Securities Pvt. Ltd.,SHUBHAKAMANA SECURITIES PVT. LTD,2026-04-21 13:23:21.047689,Himal Dolakha Hydropower Company Limited
2026042104006317,HDHPC,34,71,500,238.5,119250.0,2026-04-21,187279007,2880,Vision Securities Pvt. Ltd,SHUBHAKAMANA SECURITIES PVT. LTD,2026-04-21 13:23:21.047769,Himal Dolakha Hydropower Company Limited
2026042104006363,HDHPC,40,71,500,238.1,119050.0,2026-04-21,187279552,2880,Creative Securities Pvt Ltd,SHUBHAKAMANA SECURITIES PVT. LTD,2026-04-21 13:24:27.913716,Himal Dolakha Hydropower Company Limited
2026042104006364,HDHPC,51,71,320,238.0,76160.0,2026-04-21,187279554,2880,Oxford Securities Pvt. Ltd.,SHUBHAKAMANA SECURITIES PVT. LTD,2026-04-21 13:24:27.913811,Himal Dolakha Hydropower Company Limited
2026042104006365,HDHPC,35,71,2100,238.0,499800.0,2026-04-21,187279556,2880,Kohinoor Investment & Securities Pvt. Ltd.,SHUBHAKAMANA SECURITIES PVT. LTD,2026-04-21 13:24:27.913867,Himal Dolakha Hydropower Company Limited
2026042104006366,HDHPC,17,71,157,238.0,37366.0,2026-04-21,187279557,2880,ABC Securities Private Limited,SHUBHAKAMANA SECURITIES PVT. LTD,2026-04-21 13:24:27.913965,Himal Dolakha Hydropower Company Limited
2026042104006483,HDHPC,17,72,53,238.0,12614.0,2026-04-21,187280924,2880,ABC Securities Private Limited,Hatemalo Financial Services Private Limited,2026-04-21 13:26:38.293031,Himal Dolakha Hydropower Company Limited
2026042104006484,HDHPC,13,72,57,237.7,13548.9,2026-04-21,187280925,2880,Thrive Brokerage House Pvt. Ltd,Hatemalo Financial Services Private Limited,2026-04-21 13:26:38.293123,Himal Dolakha Hydropower Company Limited
2026042104006525,HDHPC,13,71,43,237.7,10221.1,2026-04-21,187281254,2880,Thrive Brokerage House Pvt. Ltd,SHUBHAKAMANA SECURITIES PVT. LTD,2026-04-21 13:27:11.093711,Himal Dolakha Hydropower Company Limited
2026042104006526,HDHPC,81,71,457,237.5,108537.5,2026-04-21,187281255,2880,Aakashbhairab Securities Ltd.,SHUBHAKAMANA SECURITIES PVT. LTD,2026-04-21 13:27:11.094349,Himal Dolakha Hydropower Company Limited
2026042104006545,HDHPC,81,64,250,237.5,59375.0,2026-04-21,187281511,2880,Aakashbhairab Securities Ltd.,SUN SECURITIES PVT LTD,2026-04-21 13:27:40.512904,Himal Dolakha Hydropower Company Limited
2026042104006591,HDHPC,81,42,400,237.6,95040.0,2026-04-21,187282072,2880,Aakashbhairab Securities Ltd.,Sani Securities Company Ltd.,2026-04-21 13:28:37.301956,Himal Dolakha Hydropower Company Limited
2026042104006592,HDHPC,81,42,258,237.5,61275.0,2026-04-21,187282074,2880,Aakashbhairab Securities Ltd.,Sani Securities Company Ltd.,2026-04-21 13:28:37.302573,Himal Dolakha Hydropower Company Limited
2026042104006593,HDHPC,17,42,135,237.5,32062.5,2026-04-21,187282076,2880,ABC Securities Private Limited,Sani Securities Company Ltd.,2026-04-21 13:28:37.302868,Himal Dolakha Hydropower Company Limited
2026042104006594,HDHPC,1,42,50,237.5,11875.0,2026-04-21,187282078,2880,Kumari Securities Private Limited,Sani Securities Company Ltd.,2026-04-21 13:28:37.303152,Himal Dolakha Hydropower Company Limited
2026042104006595,HDHPC,58,42,10,237.3,2373.0,2026-04-21,187282080,2880,Naasa Securities Co. Ltd.,Sani Securities Company Ltd.,2026-04-21 13:28:37.303431,Himal Dolakha Hydropower Company Limited
2026042104006596,HDHPC,22,42,47,237.3,11153.1,2026-04-21,187282081,2880,Siprabi Securities Pvt. Ltd.,Sani Securities Company Ltd.,2026-04-21 13:28:37.303712,Himal Dolakha Hydropower Company Limited
2026042104006636,HDHPC,32,22,75,238.9,17917.5,2026-04-21,187282799,2880,Premier Securities Company Ltd.,Siprabi Securities Pvt. Ltd.,2026-04-21 13:30:05.021960,Himal Dolakha Hydropower Company Limited
2026042104006637,HDHPC,32,58,10,239.0,2390.0,2026-04-21,187282801,2880,Premier Securities Company Ltd.,Naasa Securities Co. Ltd.,2026-04-21 13:30:05.022077,Himal Dolakha Hydropower Company Limited
2026042104006638,HDHPC,32,51,300,239.9,71970.0,2026-04-21,187282803,2880,Premier Securities Company Ltd.,Oxford Securities Pvt. Ltd.,2026-04-21 13:30:05.022166,Himal Dolakha Hydropower Company Limited
2026042104006639,HDHPC,32,45,15,240.0,3600.0,2026-04-21,187282806,2880,Premier Securities Company Ltd.,Imperial Securities Company Pvt. Ltd.,2026-04-21 13:30:05.022236,Himal Dolakha Hydropower Company Limited
2026042104006741,HDHPC,58,28,120,239.9,28788.0,2026-04-21,187283940,2880,Naasa Securities Co. Ltd.,Shree Krishna Securities Ltd.,2026-04-21 13:32:20.391494,Himal Dolakha Hydropower Company Limited
2026042104006769,HDHPC,44,6,250,237.5,59375.0,2026-04-21,187284465,2880,Dynamic Money Managers Securities Pvt. Ltd.,Agrawal Securities (PVT) Ltd.,2026-04-21 13:33:25.445804,Himal Dolakha Hydropower Company Limited
2026042104006771,HDHPC,58,3,10,239.8,2398.0,2026-04-21,187284498,2880,Naasa Securities Co. Ltd.,Arun Securities (PVT) Ltd.,2026-04-21 13:33:27.622053,Himal Dolakha Hydropower Company Limited
2026042104006853,HDHPC,95,28,200,239.7,47940.0,2026-04-21,187285670,2880,Magnet Securities and Investment Company Private Limited,Shree Krishna Securities Ltd.,2026-04-21 13:35:28.707167,Himal Dolakha Hydropower Company Limited
2026042104006895,HDHPC,49,52,20,239.0,4780.0,2026-04-21,187286034,2880,Online Securities Pvt. Ltd.,Sundhara Securities Limited,2026-04-21 13:36:12.977593,Himal Dolakha Hydropower Company Limited
2026042104007114,HDHPC,51,52,10,239.0,2390.0,2026-04-21,187287576,2880,Oxford Securities Pvt. Ltd.,Sundhara Securities Limited,2026-04-21 13:39:07.662413,Himal Dolakha Hydropower Company Limited
2026042104007115,HDHPC,10,52,58,239.0,13862.0,2026-04-21,187287587,2880,Pragyan Securities (PVT) Ltd.,Sundhara Securities Limited,2026-04-21 13:39:09.916742,Himal Dolakha Hydropower Company Limited
2026042104007116,HDHPC,10,57,24,239.0,5736.0,2026-04-21,187287589,2880,Pragyan Securities (PVT) Ltd.,Aryatara Investment & Securities,2026-04-21 13:39:09.917954,Himal Dolakha Hydropower Company Limited
2026042104007117,HDHPC,10,17,50,239.0,11950.0,2026-04-21,187287591,2880,Pragyan Securities (PVT) Ltd.,ABC Securities Private Limited,2026-04-21 13:39:09.918854,Himal Dolakha Hydropower Company Limited
2026042104007118,HDHPC,10,62,1000,239.0,239000.0,2026-04-21,187287593,2880,Pragyan Securities (PVT) Ltd.,Capital Max Securities Ltd,2026-04-21 13:39:09.919765,Himal Dolakha Hydropower Company Limited
2026042104007119,HDHPC,10,41,868,239.0,207452.0,2026-04-21,187287596,2880,Pragyan Securities (PVT) Ltd.,Linch Stock Market Ltd.,2026-04-21 13:39:09.921011,Himal Dolakha Hydropower Company Limited
2026042104007149,HDHPC,95,41,132,239.0,31548.0,2026-04-21,187287751,2880,Magnet Securities and Investment Company Private Limited,Linch Stock Market Ltd.,2026-04-21 13:39:24.076407,Himal Dolakha Hydropower Company Limited
2026042104007171,HDHPC,95,28,318,239.0,76002.0,2026-04-21,187287992,2880,Magnet Securities and Investment Company Private Limited,Shree Krishna Securities Ltd.,2026-04-21 13:39:51.636632,Himal Dolakha Hydropower Company Limited
2026042104007203,HDHPC,44,44,30,237.5,7125.0,2026-04-21,187288337,2880,Dynamic Money Managers Securities Pvt. Ltd.,Dynamic Money Managers Securities Pvt. Ltd.,2026-04-21 13:40:26.089907,Himal Dolakha Hydropower Company Limited
2026042104007302,HDHPC,41,48,10,238.5,2385.0,2026-04-21,187289746,2880,Linch Stock Market Ltd.,Trishakti Securities Public Limited,2026-04-21 13:42:33.346524,Himal Dolakha Hydropower Company Limited
2026042104007372,HDHPC,35,35,200,237.8,47560.0,2026-04-21,187290674,2880,Kohinoor Investment & Securities Pvt. Ltd.,Kohinoor Investment & Securities Pvt. Ltd.,2026-04-21 13:44:24.588426,Himal Dolakha Hydropower Company Limited
2026042104007445,HDHPC,58,48,47,238.0,11186.0,2026-04-21,187291528,2880,Naasa Securities Co. Ltd.,Trishakti Securities Public Limited,2026-04-21 13:46:17.153366,Himal Dolakha Hydropower Company Limited
2026042104007456,HDHPC,62,48,38,238.0,9044.0,2026-04-21,187291577,2880,Capital Max Securities Ltd,Trishakti Securities Public Limited,2026-04-21 13:46:22.495264,Himal Dolakha Hydropower Company Limited
2026042104007457,HDHPC,62,14,50,238.0,11900.0,2026-04-21,187291579,2880,Capital Max Securities Ltd,Nepal Stock House (PVT) Ltd.,2026-04-21 13:46:22.495883,Himal Dolakha Hydropower Company Limited
2026042104007472,HDHPC,62,7,1412,238.0,336056.0,2026-04-21,187291792,2880,Capital Max Securities Ltd,J.F. Securites (PVT) Ltd.,2026-04-21 13:46:43.528266,Himal Dolakha Hydropower Company Limited
2026042104007482,HDHPC,58,7,200,238.0,47600.0,2026-04-21,187291874,2880,Naasa Securities Co. Ltd.,J.F. Securites (PVT) Ltd.,2026-04-21 13:46:55.031761,Himal Dolakha Hydropower Company Limited
2026042104007547,HDHPC,34,7,300,238.0,71400.0,2026-04-21,187293106,2880,Vision Securities Pvt. Ltd,J.F. Securites (PVT) Ltd.,2026-04-21 13:49:17.752661,Himal Dolakha Hydropower Company Limited
2026042104007565,HDHPC,34,7,88,238.0,20944.0,2026-04-21,187293169,2880,Vision Securities Pvt. Ltd,J.F. Securites (PVT) Ltd.,2026-04-21 13:49:23.797378,Himal Dolakha Hydropower Company Limited
2026042104007692,HDHPC,17,7,191,238.8,45610.8,2026-04-21,187295380,2880,ABC Securities Private Limited,J.F. Securites (PVT) Ltd.,2026-04-21 13:53:24.190996,Himal Dolakha Hydropower Company Limited
2026042104007722,HDHPC,34,48,1468,238.8,350558.4,2026-04-21,187295926,2880,Vision Securities Pvt. Ltd,Trishakti Securities Public Limited,2026-04-21 13:54:35.993809,Himal Dolakha Hydropower Company Limited
2026042104007739,HDHPC,52,48,32,238.8,7641.6,2026-04-21,187296281,2880,Sundhara Securities Limited,Trishakti Securities Public Limited,2026-04-21 13:55:07.450875,Himal Dolakha Hydropower Company Limited
2026042104007800,HDHPC,44,28,53,239.0,12667.0,2026-04-21,187297168,2880,Dynamic Money Managers Securities Pvt. Ltd.,Shree Krishna Securities Ltd.,2026-04-21 13:56:44.869930,Himal Dolakha Hydropower Company Limited
2026042104007804,HDHPC,45,28,315,239.0,75285.0,2026-04-21,187297208,2880,Imperial Securities Company Pvt. Ltd.,Shree Krishna Securities Ltd.,2026-04-21 13:56:48.438223,Himal Dolakha Hydropower Company Limited
2026042104007826,HDHPC,84,28,77,239.0,18403.0,2026-04-21,187297401,2880,MILKY WAY SHARE BROKER COMPANY LTD ,Shree Krishna Securities Ltd.,2026-04-21 13:57:06.705793,Himal Dolakha Hydropower Company Limited
2026042104007827,HDHPC,84,45,341,239.0,81499.0,2026-04-21,187297403,2880,MILKY WAY SHARE BROKER COMPANY LTD ,Imperial Securities Company Pvt. Ltd.,2026-04-21 13:57:06.706432,Himal Dolakha Hydropower Company Limited
2026042104007828,HDHPC,84,35,1582,239.0,378098.0,2026-04-21,187297406,2880,MILKY WAY SHARE BROKER COMPANY LTD ,Kohinoor Investment & Securities Pvt. Ltd.,2026-04-21 13:57:06.706783,Himal Dolakha Hydropower Company Limited
2026042104007847,HDHPC,52,45,178,238.8,42506.4,2026-04-21,187297480,2880,Sundhara Securities Limited,Imperial Securities Company Pvt. Ltd.,2026-04-21 13:57:13.849984,Himal Dolakha Hydropower Company Limited
2026042104007848,HDHPC,44,45,250,238.1,59525.0,2026-04-21,187297482,2880,Dynamic Money Managers Securities Pvt. Ltd.,Imperial Securities Company Pvt. Ltd.,2026-04-21 13:57:13.851185,Himal Dolakha Hydropower Company Limited
2026042104007849,HDHPC,49,45,200,238.1,47620.0,2026-04-21,187297484,2880,Online Securities Pvt. Ltd.,Imperial Securities Company Pvt. Ltd.,2026-04-21 13:57:13.852090,Himal Dolakha Hydropower Company Limited
2026042104007850,HDHPC,81,45,50,238.1,11905.0,2026-04-21,187297486,2880,Aakashbhairab Securities Ltd.,Imperial Securities Company Pvt. Ltd.,2026-04-21 13:57:13.852962,Himal Dolakha Hydropower Company Limited
2026042104007851,HDHPC,45,45,1126,238.0,267988.0,2026-04-21,187297487,2880,Imperial Securities Company Pvt. Ltd.,Imperial Securities Company Pvt. Ltd.,2026-04-21 13:57:13.853841,Himal Dolakha Hydropower Company Limited
2026042104007852,HDHPC,84,35,3000,239.0,717000.0,2026-04-21,187297494,2880,MILKY WAY SHARE BROKER COMPANY LTD ,Kohinoor Investment & Securities Pvt. Ltd.,2026-04-21 13:57:14.719821,Himal Dolakha Hydropower Company Limited
2026042104007873,HDHPC,45,58,50,238.0,11900.0,2026-04-21,187297649,2880,Imperial Securities Company Pvt. Ltd.,Naasa Securities Co. Ltd.,2026-04-21 13:57:30.750797,Himal Dolakha Hydropower Company Limited
2026042104007885,HDHPC,84,35,418,239.0,99902.0,2026-04-21,187297949,2880,MILKY WAY SHARE BROKER COMPANY LTD ,Kohinoor Investment & Securities Pvt. Ltd.,2026-04-21 13:57:58.783583,Himal Dolakha Hydropower Company Limited
2026042104007895,HDHPC,84,28,10,239.4,2394.0,2026-04-21,187298190,2880,MILKY WAY SHARE BROKER COMPANY LTD ,Shree Krishna Securities Ltd.,2026-04-21 13:58:24.834798,Himal Dolakha Hydropower Company Limited
2026042104007961,HDHPC,84,62,82,239.0,19598.0,2026-04-21,187299208,2880,MILKY WAY SHARE BROKER COMPANY LTD ,Capital Max Securities Ltd,2026-04-21 13:59:37.922720,Himal Dolakha Hydropower Company Limited
2026042104007962,HDHPC,57,62,500,239.0,119500.0,2026-04-21,187299210,2880,Aryatara Investment & Securities,Capital Max Securities Ltd,2026-04-21 13:59:37.923412,Himal Dolakha Hydropower Company Limited
2026042104007976,HDHPC,42,62,418,239.0,99902.0,2026-04-21,187299379,2880,Sani Securities Company Ltd.,Capital Max Securities Ltd,2026-04-21 13:59:56.112459,Himal Dolakha Hydropower Company Limited
2026042104008022,HDHPC,58,45,30,238.3,7149.0,2026-04-21,187299779,2880,Naasa Securities Co. Ltd.,Imperial Securities Company Pvt. Ltd.,2026-04-21 14:00:32.250935,Himal Dolakha Hydropower Company Limited
2026042104008026,HDHPC,58,45,1040,238.3,247832.0,2026-04-21,187299872,2880,Naasa Securities Co. Ltd.,Imperial Securities Company Pvt. Ltd.,2026-04-21 14:00:37.305670,Himal Dolakha Hydropower Company Limited
2026042104008027,HDHPC,36,45,30,238.2,7146.0,2026-04-21,187299874,2880,Secured Securities Ltd.,Imperial Securities Company Pvt. Ltd.,2026-04-21 14:00:37.306303,Himal Dolakha Hydropower Company Limited
2026042104008028,HDHPC,84,45,930,238.2,221526.0,2026-04-21,187299875,2880,MILKY WAY SHARE BROKER COMPANY LTD ,Imperial Securities Company Pvt. Ltd.,2026-04-21 14:00:37.306662,Himal Dolakha Hydropower Company Limited
2026042104008087,HDHPC,84,46,125,238.2,29775.0,2026-04-21,187300439,2880,MILKY WAY SHARE BROKER COMPANY LTD ,Kalika Securities Pvt. Ltd.,2026-04-21 14:01:31.180609,Himal Dolakha Hydropower Company Limited
2026042104008118,HDHPC,84,28,945,238.2,225099.0,2026-04-21,187301042,2880,MILKY WAY SHARE BROKER COMPANY LTD ,Shree Krishna Securities Ltd.,2026-04-21 14:02:42.189008,Himal Dolakha Hydropower Company Limited
2026042104008119,HDHPC,45,28,7045,238.0,1676710.0,2026-04-21,187301043,2880,Imperial Securities Company Pvt. Ltd.,Shree Krishna Securities Ltd.,2026-04-21 14:02:42.189675,Himal Dolakha Hydropower Company Limited
2026042104008135,HDHPC,45,45,2000,238.0,476000.0,2026-04-21,187301233,2880,Imperial Securities Company Pvt. Ltd.,Imperial Securities Company Pvt. Ltd.,2026-04-21 14:03:10.274028,Himal Dolakha Hydropower Company Limited
2026042104008149,HDHPC,45,1,2000,238.0,476000.0,2026-04-21,187301435,2880,Imperial Securities Company Pvt. Ltd.,Kumari Securities Private Limited,2026-04-21 14:03:29.409030,Himal Dolakha Hydropower Company Limited
2026042104008190,HDHPC,45,17,1725,238.0,410550.0,2026-04-21,187302049,2880,Imperial Securities Company Pvt. Ltd.,ABC Securities Private Limited,2026-04-21 14:04:26.030479,Himal Dolakha Hydropower Company Limited
2026042104008191,HDHPC,45,53,175,238.0,41650.0,2026-04-21,187302051,2880,Imperial Securities Company Pvt. Ltd.,Investment Management Nepal Pvt. Ltd.,2026-04-21 14:04:26.204177,Himal Dolakha Hydropower Company Limited
2026042104008195,HDHPC,95,62,20,239.0,4780.0,2026-04-21,187302180,2880,Magnet Securities and Investment Company Private Limited,Capital Max Securities Ltd,2026-04-21 14:04:43.628013,Himal Dolakha Hydropower Company Limited
2026042104008200,HDHPC,49,45,100,238.0,23800.0,2026-04-21,187302332,2880,Online Securities Pvt. Ltd.,Imperial Securities Company Pvt. Ltd.,2026-04-21 14:04:53.860364,Himal Dolakha Hydropower Company Limited
2026042104008201,HDHPC,18,45,1000,238.0,238000.0,2026-04-21,187302334,2880,Sagarmatha Securities Private Limited,Imperial Securities Company Pvt. Ltd.,2026-04-21 14:04:53.861644,Himal Dolakha Hydropower Company Limited
2026042104008221,HDHPC,44,59,150,237.5,35625.0,2026-04-21,187302711,2880,Dynamic Money Managers Securities Pvt. Ltd.,Deevyaa Securities & Stock House Pvt. Ltd,2026-04-21 14:05:21.155921,Himal Dolakha Hydropower Company Limited
2026042104008242,HDHPC,14,45,20,238.0,4760.0,2026-04-21,187302962,2880,Nepal Stock House (PVT) Ltd.,Imperial Securities Company Pvt. Ltd.,2026-04-21 14:05:49.680815,Himal Dolakha Hydropower Company Limited
2026042104008252,HDHPC,44,99,70,237.5,16625.0,2026-04-21,187303052,2880,Dynamic Money Managers Securities Pvt. Ltd.,Prabhu Stock Market Limited,2026-04-21 14:05:59.477995,Himal Dolakha Hydropower Company Limited
2026042104008253,HDHPC,45,99,50,237.5,11875.0,2026-04-21,187303054,2880,Imperial Securities Company Pvt. Ltd.,Prabhu Stock Market Limited,2026-04-21 14:05:59.479245,Himal Dolakha Hydropower Company Limited
2026042104008254,HDHPC,44,99,400,237.4,94960.0,2026-04-21,187303056,2880,Dynamic Money Managers Securities Pvt. Ltd.,Prabhu Stock Market Limited,2026-04-21 14:05:59.480156,Himal Dolakha Hydropower Company Limited
2026042104008255,HDHPC,6,99,1000,237.4,237400.0,2026-04-21,187303058,2880,Agrawal Securities (PVT) Ltd.,Prabhu Stock Market Limited,2026-04-21 14:05:59.481067,Himal Dolakha Hydropower Company Limited
2026042104008256,HDHPC,22,99,2253,237.3,534636.9,2026-04-21,187303060,2880,Siprabi Securities Pvt. Ltd.,Prabhu Stock Market Limited,2026-04-21 14:05:59.481953,Himal Dolakha Hydropower Company Limited
2026042104008257,HDHPC,57,99,500,237.1,118550.0,2026-04-21,187303062,2880,Aryatara Investment & Securities,Prabhu Stock Market Limited,2026-04-21 14:05:59.482853,Himal Dolakha Hydropower Company Limited
2026042104008258,HDHPC,45,99,115,237.1,27266.5,2026-04-21,187303064,2880,Imperial Securities Company Pvt. Ltd.,Prabhu Stock Market Limited,2026-04-21 14:05:59.483742,Himal Dolakha Hydropower Company Limited
2026042104008259,HDHPC,58,99,10,237.0,2370.0,2026-04-21,187303066,2880,Naasa Securities Co. Ltd.,Prabhu Stock Market Limited,2026-04-21 14:05:59.484636,Himal Dolakha Hydropower Company Limited
2026042104008260,HDHPC,7,99,50,237.0,11850.0,2026-04-21,187303068,2880,J.F. Securites (PVT) Ltd.,Prabhu Stock Market Limited,2026-04-21 14:05:59.485530,Himal Dolakha Hydropower Company Limited
2026042104008261,HDHPC,45,99,30,237.0,7110.0,2026-04-21,187303070,2880,Imperial Securities Company Pvt. Ltd.,Prabhu Stock Market Limited,2026-04-21 14:05:59.486173,Himal Dolakha Hydropower Company Limited
2026042104008262,HDHPC,58,99,49,237.0,11613.0,2026-04-21,187303072,2880,Naasa Securities Co. Ltd.,Prabhu Stock Market Limited,2026-04-21 14:05:59.486468,Himal Dolakha Hydropower Company Limited
2026042104008263,HDHPC,52,99,10,237.0,2370.0,2026-04-21,187303074,2880,Sundhara Securities Limited,Prabhu Stock Market Limited,2026-04-21 14:05:59.486755,Himal Dolakha Hydropower Company Limited
2026042104008264,HDHPC,11,99,200,237.0,47400.0,2026-04-21,187303076,2880,Malla & Malla Stock Broking Company Pvt. Limited,Prabhu Stock Market Limited,2026-04-21 14:05:59.487065,Himal Dolakha Hydropower Company Limited
2026042104008265,HDHPC,38,99,150,237.0,35550.0,2026-04-21,187303078,2880,Dipshikha Dhitopatra Karobar Co. Pvt Ltd.,Prabhu Stock Market Limited,2026-04-21 14:05:59.487354,Himal Dolakha Hydropower Company Limited
2026042104008266,HDHPC,48,99,700,237.0,165900.0,2026-04-21,187303080,2880,Trishakti Securities Public Limited,Prabhu Stock Market Limited,2026-04-21 14:05:59.487639,Himal Dolakha Hydropower Company Limited
2026042104008267,HDHPC,45,99,500,237.0,118500.0,2026-04-21,187303082,2880,Imperial Securities Company Pvt. Ltd.,Prabhu Stock Market Limited,2026-04-21 14:05:59.487928,Himal Dolakha Hydropower Company Limited
2026042104008268,HDHPC,52,99,100,237.0,23700.0,2026-04-21,187303084,2880,Sundhara Securities Limited,Prabhu Stock Market Limited,2026-04-21 14:05:59.488213,Himal Dolakha Hydropower Company Limited
2026042104008269,HDHPC,49,99,147,237.0,34839.0,2026-04-21,187303086,2880,Online Securities Pvt. Ltd.,Prabhu Stock Market Limited,2026-04-21 14:05:59.488501,Himal Dolakha Hydropower Company Limited
2026042104008270,HDHPC,34,99,1000,237.0,237000.0,2026-04-21,187303088,2880,Vision Securities Pvt. Ltd,Prabhu Stock Market Limited,2026-04-21 14:05:59.488805,Himal Dolakha Hydropower Company Limited
2026042104008271,HDHPC,58,99,350,237.0,82950.0,2026-04-21,187303090,2880,Naasa Securities Co. Ltd.,Prabhu Stock Market Limited,2026-04-21 14:05:59.489084,Himal Dolakha Hydropower Company Limited
2026042104008272,HDHPC,48,99,10,237.0,2370.0,2026-04-21,187303092,2880,Trishakti Securities Public Limited,Prabhu Stock Market Limited,2026-04-21 14:05:59.489373,Himal Dolakha Hydropower Company Limited
2026042104008273,HDHPC,8,99,500,237.0,118500.0,2026-04-21,187303094,2880,Brilliant Securities Pvt. Ltd.,Prabhu Stock Market Limited,2026-04-21 14:05:59.489655,Himal Dolakha Hydropower Company Limited
2026042104008274,HDHPC,49,99,60,237.0,14220.0,2026-04-21,187303096,2880,Online Securities Pvt. Ltd.,Prabhu Stock Market Limited,2026-04-21 14:05:59.489937,Himal Dolakha Hydropower Company Limited
2026042104008275,HDHPC,58,99,200,237.0,47400.0,2026-04-21,187303098,2880,Naasa Securities Co. Ltd.,Prabhu Stock Market Limited,2026-04-21 14:05:59.490226,Himal Dolakha Hydropower Company Limited
2026042104008276,HDHPC,18,99,546,237.0,129402.0,2026-04-21,187303099,2880,Sagarmatha Securities Private Limited,Prabhu Stock Market Limited,2026-04-21 14:05:59.490514,Himal Dolakha Hydropower Company Limited
2026042104008291,HDHPC,18,58,20,237.0,4740.0,2026-04-21,187303301,2880,Sagarmatha Securities Private Limited,Naasa Securities Co. Ltd.,2026-04-21 14:06:23.191387,Himal Dolakha Hydropower Company Limited
2026042104008292,HDHPC,18,17,434,237.0,102858.0,2026-04-21,187303312,2880,Sagarmatha Securities Private Limited,ABC Securities Private Limited,2026-04-21 14:06:24.062331,Himal Dolakha Hydropower Company Limited
2026042104008293,HDHPC,39,17,66,236.7,15622.2,2026-04-21,187303313,2880,Sumeru Securities Pvt. Ltd.,ABC Securities Private Limited,2026-04-21 14:06:24.063609,Himal Dolakha Hydropower Company Limited
2026042104008362,HDHPC,14,39,50,236.8,11840.0,2026-04-21,187304258,2880,Nepal Stock House (PVT) Ltd.,Sumeru Securities Pvt. Ltd.,2026-04-21 14:07:49.450155,Himal Dolakha Hydropower Company Limited
2026042104008363,HDHPC,39,39,350,236.7,82845.0,2026-04-21,187304259,2880,Sumeru Securities Pvt. Ltd.,Sumeru Securities Pvt. Ltd.,2026-04-21 14:07:49.451476,Himal Dolakha Hydropower Company Limited
2026042104008403,HDHPC,39,35,50,236.7,11835.0,2026-04-21,187304919,2880,Sumeru Securities Pvt. Ltd.,Kohinoor Investment & Securities Pvt. Ltd.,2026-04-21 14:08:48.742762,Himal Dolakha Hydropower Company Limited
2026042104008434,HDHPC,49,60,2840,237.0,673080.0,2026-04-21,187305324,2880,Online Securities Pvt. Ltd.,Nagarik Stock Dealer ,2026-04-21 14:09:21.687630,Himal Dolakha Hydropower Company Limited
2026042104008506,HDHPC,63,36,300,237.0,71100.0,2026-04-21,187306144,2880,Himalayan Brokerage Company Limited,Secured Securities Ltd.,2026-04-21 14:10:53.515679,Himal Dolakha Hydropower Company Limited
2026042104008570,HDHPC,17,36,200,237.0,47400.0,2026-04-21,187306796,2880,ABC Securities Private Limited,Secured Securities Ltd.,2026-04-21 14:11:54.079597,Himal Dolakha Hydropower Company Limited
2026042104008596,HDHPC,17,36,200,237.0,47400.0,2026-04-21,187307006,2880,ABC Securities Private Limited,Secured Securities Ltd.,2026-04-21 14:12:10.349019,Himal Dolakha Hydropower Company Limited
2026042104008640,HDHPC,14,54,50,236.8,11840.0,2026-04-21,187307390,2880,Nepal Stock House (PVT) Ltd.,Sewa Securities Pvt. Ltd.,2026-04-21 14:12:48.217042,Himal Dolakha Hydropower Company Limited
2026042104008641,HDHPC,39,54,150,236.7,35505.0,2026-04-21,187307391,2880,Sumeru Securities Pvt. Ltd.,Sewa Securities Pvt. Ltd.,2026-04-21 14:12:48.217647,Himal Dolakha Hydropower Company Limited
2026042104008666,HDHPC,84,36,300,237.0,71100.0,2026-04-21,187307634,2880,MILKY WAY SHARE BROKER COMPANY LTD ,Secured Securities Ltd.,2026-04-21 14:13:12.908004,Himal Dolakha Hydropower Company Limited
2026042104008788,HDHPC,42,42,10,236.9,2369.0,2026-04-21,187308634,2880,Sani Securities Company Ltd.,Sani Securities Company Ltd.,2026-04-21 14:14:36.749623,Himal Dolakha Hydropower Company Limited
2026042104008796,HDHPC,53,42,320,236.9,75808.0,2026-04-21,187308759,2880,Investment Management Nepal Pvt. Ltd.,Sani Securities Company Ltd.,2026-04-21 14:14:46.376631,Himal Dolakha Hydropower Company Limited
2026042104008797,HDHPC,53,60,680,237.0,161160.0,2026-04-21,187308762,2880,Investment Management Nepal Pvt. Ltd.,Nagarik Stock Dealer ,2026-04-21 14:14:46.377839,Himal Dolakha Hydropower Company Limited
2026042104008887,HDHPC,63,47,60,236.8,14208.0,2026-04-21,187309714,2880,Himalayan Brokerage Company Limited,Neev Securities Pvt. Ltd.,2026-04-21 14:16:16.145742,Himal Dolakha Hydropower Company Limited
2026042104008888,HDHPC,71,47,57,236.8,13497.6,2026-04-21,187309715,2880,SHUBHAKAMANA SECURITIES PVT. LTD,Neev Securities Pvt. Ltd.,2026-04-21 14:16:16.146379,Himal Dolakha Hydropower Company Limited
2026042104008889,HDHPC,95,60,380,237.0,90060.0,2026-04-21,187309732,2880,Magnet Securities and Investment Company Private Limited,Nagarik Stock Dealer ,2026-04-21 14:16:17.971715,Himal Dolakha Hydropower Company Limited
2026042104008899,HDHPC,84,60,400,237.0,94800.0,2026-04-21,187309901,2880,MILKY WAY SHARE BROKER COMPANY LTD ,Nagarik Stock Dealer ,2026-04-21 14:16:33.208990,Himal Dolakha Hydropower Company Limited
2026042104008900,HDHPC,84,34,350,237.0,82950.0,2026-04-21,187309903,2880,MILKY WAY SHARE BROKER COMPANY LTD ,Vision Securities Pvt. Ltd,2026-04-21 14:16:33.210229,Himal Dolakha Hydropower Company Limited
2026042104008901,HDHPC,84,58,10,237.0,2370.0,2026-04-21,187309905,2880,MILKY WAY SHARE BROKER COMPANY LTD ,Naasa Securities Co. Ltd.,2026-04-21 14:16:33.211159,Himal Dolakha Hydropower Company Limited
2026042104008916,HDHPC,84,6,10,237.9,2379.0,2026-04-21,187310048,2880,MILKY WAY SHARE BROKER COMPANY LTD ,Agrawal Securities (PVT) Ltd.,2026-04-21 14:16:45.230178,Himal Dolakha Hydropower Company Limited
2026042104008919,HDHPC,84,87,97,237.0,22989.0,2026-04-21,187310153,2880,MILKY WAY SHARE BROKER COMPANY LTD ,S.P.S.A. Securities Limited,2026-04-21 14:16:55.090145,Himal Dolakha Hydropower Company Limited
2026042104008920,HDHPC,84,36,273,237.0,64701.0,2026-04-21,187310182,2880,MILKY WAY SHARE BROKER COMPANY LTD ,Secured Securities Ltd.,2026-04-21 14:16:59.435302,Himal Dolakha Hydropower Company Limited
2026042104008973,HDHPC,71,45,100,236.8,23680.0,2026-04-21,187310666,2880,SHUBHAKAMANA SECURITIES PVT. LTD,Imperial Securities Company Pvt. Ltd.,2026-04-21 14:17:35.614801,Himal Dolakha Hydropower Company Limited
2026042104008974,HDHPC,84,45,780,236.8,184704.0,2026-04-21,187310667,2880,MILKY WAY SHARE BROKER COMPANY LTD ,Imperial Securities Company Pvt. Ltd.,2026-04-21 14:17:35.615431,Himal Dolakha Hydropower Company Limited
2026042104009050,HDHPC,84,7,720,236.8,170496.0,2026-04-21,187311322,2880,MILKY WAY SHARE BROKER COMPANY LTD ,J.F. Securites (PVT) Ltd.,2026-04-21 14:18:29.079599,Himal Dolakha Hydropower Company Limited
2026042104009051,HDHPC,39,7,580,236.7,137286.0,2026-04-21,187311323,2880,Sumeru Securities Pvt. Ltd.,J.F. Securites (PVT) Ltd.,2026-04-21 14:18:29.080894,Himal Dolakha Hydropower Company Limited
2026042104009094,HDHPC,39,58,500,236.7,118350.0,2026-04-21,187311587,2880,Sumeru Securities Pvt. Ltd.,Naasa Securities Co. Ltd.,2026-04-21 14:18:46.020032,Himal Dolakha Hydropower Company Limited
2026042104009120,HDHPC,39,57,222,236.7,52547.4,2026-04-21,187311967,2880,Sumeru Securities Pvt. Ltd.,Aryatara Investment & Securities,2026-04-21 14:19:09.359725,Himal Dolakha Hydropower Company Limited
2026042104009151,HDHPC,39,14,82,236.7,19409.4,2026-04-21,187312290,2880,Sumeru Securities Pvt. Ltd.,Nepal Stock House (PVT) Ltd.,2026-04-21 14:19:30.633803,Himal Dolakha Hydropower Company Limited
2026042104009152,HDHPC,48,14,200,236.7,47340.0,2026-04-21,187312292,2880,Trishakti Securities Public Limited,Nepal Stock House (PVT) Ltd.,2026-04-21 14:19:30.634430,Himal Dolakha Hydropower Company Limited
2026042104009153,HDHPC,28,14,718,236.6,169878.8,2026-04-21,187312293,2880,Shree Krishna Securities Ltd.,Nepal Stock House (PVT) Ltd.,2026-04-21 14:19:30.634805,Himal Dolakha Hydropower Company Limited
2026042104009259,HDHPC,84,36,30,236.7,7101.0,2026-04-21,187313023,2880,MILKY WAY SHARE BROKER COMPANY LTD ,Secured Securities Ltd.,2026-04-21 14:20:28.731013,Himal Dolakha Hydropower Company Limited
2026042104009292,HDHPC,84,17,470,236.7,111249.0,2026-04-21,187313580,2880,MILKY WAY SHARE BROKER COMPANY LTD ,ABC Securities Private Limited,2026-04-21 14:20:50.846732,Himal Dolakha Hydropower Company Limited
2026042104009293,HDHPC,28,17,282,236.6,66721.2,2026-04-21,187313582,2880,Shree Krishna Securities Ltd.,ABC Securities Private Limited,2026-04-21 14:20:50.846841,Himal Dolakha Hydropower Company Limited
2026042104009294,HDHPC,46,17,205,236.6,48503.0,2026-04-21,187313584,2880,Kalika Securities Pvt. Ltd.,ABC Securities Private Limited,2026-04-21 14:20:50.846936,Himal Dolakha Hydropower Company Limited
2026042104009295,HDHPC,29,17,1000,236.5,236500.0,2026-04-21,187313586,2880,Trisul Securities & Invt. Ltd.,ABC Securities Private Limited,2026-04-21 14:20:50.847013,Himal Dolakha Hydropower Company Limited
2026042104009296,HDHPC,34,17,2000,236.4,472800.0,2026-04-21,187313588,2880,Vision Securities Pvt. Ltd,ABC Securities Private Limited,2026-04-21 14:20:50.847091,Himal Dolakha Hydropower Company Limited
2026042104009297,HDHPC,13,17,500,236.2,118100.0,2026-04-21,187313590,2880,Thrive Brokerage House Pvt. Ltd,ABC Securities Private Limited,2026-04-21 14:20:50.847162,Himal Dolakha Hydropower Company Limited
2026042104009298,HDHPC,44,17,52,236.2,12282.4,2026-04-21,187313592,2880,Dynamic Money Managers Securities Pvt. Ltd.,ABC Securities Private Limited,2026-04-21 14:20:50.847237,Himal Dolakha Hydropower Company Limited
2026042104009299,HDHPC,91,17,1000,236.2,236200.0,2026-04-21,187313594,2880,Citizens Share Broker Limited,ABC Securities Private Limited,2026-04-21 14:20:50.847303,Himal Dolakha Hydropower Company Limited
2026042104009300,HDHPC,14,17,50,236.2,11810.0,2026-04-21,187313596,2880,Nepal Stock House (PVT) Ltd.,ABC Securities Private Limited,2026-04-21 14:20:50.847407,Himal Dolakha Hydropower Company Limited
2026042104009301,HDHPC,21,17,100,236.1,23610.0,2026-04-21,187313598,2880,Midas Stock Broking Company Private Limited,ABC Securities Private Limited,2026-04-21 14:20:50.847479,Himal Dolakha Hydropower Company Limited
