contractId,stockSymbol,buyerMemberId,sellerMemberId,quantity,rate,amount,businessDate,tradeBookId,stockId,buyerBrokerName,sellerBrokerName,transaction_time,securityName
2026042104000024,HURJA,22,40,10,258.4,2584.0,2026-04-21,187180611,2824,Siprabi Securities Pvt. Ltd.,Creative Securities Pvt Ltd,2026-04-21 10:46:00.115641,Himalaya Urja Bikas Company Limited
2026042104000121,HURJA,14,84,10,270.0,2700.0,2026-04-21,187182899,2824,Nepal Stock House (PVT) Ltd.,MILKY WAY SHARE BROKER COMPANY LTD ,2026-04-21 11:02:47.935273,Himalaya Urja Bikas Company Limited
2026042104000289,HURJA,34,25,11,274.9,3023.9,2026-04-21,187187921,2824,Vision Securities Pvt. Ltd,Sweta Securities Private Limited,2026-04-21 11:08:47.391542,Himalaya Urja Bikas Company Limited
2026042104000340,HURJA,5,68,349,274.9,95940.1,2026-04-21,187188625,2824,Market Securities & Exchange (PVT) Ltd.,Elite Stock House Limited,2026-04-21 11:09:42.796648,Himalaya Urja Bikas Company Limited
2026042104000341,HURJA,5,58,651,275.0,179025.0,2026-04-21,187188628,2824,Market Securities & Exchange (PVT) Ltd.,Naasa Securities Co. Ltd.,2026-04-21 11:09:42.796908,Himalaya Urja Bikas Company Limited
2026042104000379,HURJA,58,58,1840,275.0,506000.0,2026-04-21,187189168,2824,Naasa Securities Co. Ltd.,Naasa Securities Co. Ltd.,2026-04-21 11:10:20.088429,Himalaya Urja Bikas Company Limited
2026042104000426,HURJA,62,51,11,276.9,3045.9,2026-04-21,187189912,2824,Capital Max Securities Ltd,Oxford Securities Pvt. Ltd.,2026-04-21 11:11:10.820730,Himalaya Urja Bikas Company Limited
2026042104000501,HURJA,11,66,250,273.0,68250.0,2026-04-21,187191248,2824,Malla & Malla Stock Broking Company Pvt. Limited,Miyo Securities Pvt Ltd,2026-04-21 11:12:50.143421,Himalaya Urja Bikas Company Limited
2026042104000502,HURJA,34,66,100,273.0,27300.0,2026-04-21,187191250,2824,Vision Securities Pvt. Ltd,Miyo Securities Pvt Ltd,2026-04-21 11:12:50.143608,Himalaya Urja Bikas Company Limited
2026042104000508,HURJA,21,34,500,272.1,136050.0,2026-04-21,187191433,2824,Midas Stock Broking Company Private Limited,Vision Securities Pvt. Ltd,2026-04-21 11:13:05.697645,Himalaya Urja Bikas Company Limited
2026042104000528,HURJA,11,66,250,273.0,68250.0,2026-04-21,187191932,2824,Malla & Malla Stock Broking Company Pvt. Limited,Miyo Securities Pvt Ltd,2026-04-21 11:13:38.730639,Himalaya Urja Bikas Company Limited
2026042104000560,HURJA,25,66,200,273.0,54600.0,2026-04-21,187192436,2824,Sweta Securities Private Limited,Miyo Securities Pvt Ltd,2026-04-21 11:14:25.033048,Himalaya Urja Bikas Company Limited
2026042104000646,HURJA,45,45,100,271.0,27100.0,2026-04-21,187194639,2824,Imperial Securities Company Pvt. Ltd.,Imperial Securities Company Pvt. Ltd.,2026-04-21 11:17:13.120930,Himalaya Urja Bikas Company Limited
2026042104000647,HURJA,11,45,200,271.0,54200.0,2026-04-21,187194642,2824,Malla & Malla Stock Broking Company Pvt. Limited,Imperial Securities Company Pvt. Ltd.,2026-04-21 11:17:13.121241,Himalaya Urja Bikas Company Limited
2026042104000648,HURJA,14,45,111,270.3,30003.3,2026-04-21,187194644,2824,Nepal Stock House (PVT) Ltd.,Imperial Securities Company Pvt. Ltd.,2026-04-21 11:17:13.121458,Himalaya Urja Bikas Company Limited
2026042104000652,HURJA,35,45,500,270.2,135100.0,2026-04-21,187194744,2824,Kohinoor Investment & Securities Pvt. Ltd.,Imperial Securities Company Pvt. Ltd.,2026-04-21 11:17:21.883087,Himalaya Urja Bikas Company Limited
2026042104000653,HURJA,14,45,89,270.0,24030.0,2026-04-21,187194745,2824,Nepal Stock House (PVT) Ltd.,Imperial Securities Company Pvt. Ltd.,2026-04-21 11:17:21.883247,Himalaya Urja Bikas Company Limited
2026042104000675,HURJA,62,66,10,273.0,2730.0,2026-04-21,187195020,2824,Capital Max Securities Ltd,Miyo Securities Pvt Ltd,2026-04-21 11:17:45.423280,Himalaya Urja Bikas Company Limited
2026042104000930,HURJA,14,66,190,273.0,51870.0,2026-04-21,187202149,2824,Nepal Stock House (PVT) Ltd.,Miyo Securities Pvt Ltd,2026-04-21 11:23:30.947594,Himalaya Urja Bikas Company Limited
2026042104000931,HURJA,14,80,10,273.0,2730.0,2026-04-21,187202152,2824,Nepal Stock House (PVT) Ltd.,Indira securities pvt. ltd,2026-04-21 11:23:30.947926,Himalaya Urja Bikas Company Limited
2026042104001120,HURJA,11,49,250,272.0,68000.0,2026-04-21,187206292,2824,Malla & Malla Stock Broking Company Pvt. Limited,Online Securities Pvt. Ltd.,2026-04-21 11:28:27.527628,Himalaya Urja Bikas Company Limited
2026042104001180,HURJA,6,49,50,272.0,13600.0,2026-04-21,187207582,2824,Agrawal Securities (PVT) Ltd.,Online Securities Pvt. Ltd.,2026-04-21 11:30:25.280974,Himalaya Urja Bikas Company Limited
2026042104001192,HURJA,49,49,1000,272.0,272000.0,2026-04-21,187207754,2824,Online Securities Pvt. Ltd.,Online Securities Pvt. Ltd.,2026-04-21 11:30:38.356122,Himalaya Urja Bikas Company Limited
2026042104001207,HURJA,49,49,400,272.0,108800.0,2026-04-21,187208004,2824,Online Securities Pvt. Ltd.,Online Securities Pvt. Ltd.,2026-04-21 11:31:03.167907,Himalaya Urja Bikas Company Limited
2026042104001260,HURJA,44,45,80,271.0,21680.0,2026-04-21,187208755,2824,Dynamic Money Managers Securities Pvt. Ltd.,Imperial Securities Company Pvt. Ltd.,2026-04-21 11:32:11.576644,Himalaya Urja Bikas Company Limited
2026042104001359,HURJA,6,57,25,272.0,6800.0,2026-04-21,187211284,2824,Agrawal Securities (PVT) Ltd.,Aryatara Investment & Securities,2026-04-21 11:35:30.346868,Himalaya Urja Bikas Company Limited
2026042104001360,HURJA,44,57,75,271.0,20325.0,2026-04-21,187211285,2824,Dynamic Money Managers Securities Pvt. Ltd.,Aryatara Investment & Securities,2026-04-21 11:35:30.347063,Himalaya Urja Bikas Company Limited
2026042104001474,HURJA,25,16,100,274.0,27400.0,2026-04-21,187213764,2824,Sweta Securities Private Limited,Primo Securities (PVT) Ltd.,2026-04-21 11:39:18.405528,Himalaya Urja Bikas Company Limited
2026042104001610,HURJA,84,25,1000,272.0,272000.0,2026-04-21,187216538,2824,MILKY WAY SHARE BROKER COMPANY LTD ,Sweta Securities Private Limited,2026-04-21 11:42:55.901625,Himalaya Urja Bikas Company Limited
2026042104001611,HURJA,58,25,44,272.0,11968.0,2026-04-21,187216540,2824,Naasa Securities Co. Ltd.,Sweta Securities Private Limited,2026-04-21 11:42:55.902032,Himalaya Urja Bikas Company Limited
2026042104001654,HURJA,6,25,50,272.0,13600.0,2026-04-21,187217192,2824,Agrawal Securities (PVT) Ltd.,Sweta Securities Private Limited,2026-04-21 11:43:42.284889,Himalaya Urja Bikas Company Limited
2026042104001741,HURJA,6,25,400,272.0,108800.0,2026-04-21,187218166,2824,Agrawal Securities (PVT) Ltd.,Sweta Securities Private Limited,2026-04-21 11:44:56.873275,Himalaya Urja Bikas Company Limited
2026042104001786,HURJA,76,5,10,273.9,2739.0,2026-04-21,187219240,2824,Machhapuchchhre Securities Limited,Market Securities & Exchange (PVT) Ltd.,2026-04-21 11:46:07.403691,Himalaya Urja Bikas Company Limited
2026042104001866,HURJA,44,34,20,271.0,5420.0,2026-04-21,187220301,2824,Dynamic Money Managers Securities Pvt. Ltd.,Vision Securities Pvt. Ltd,2026-04-21 11:47:28.569431,Himalaya Urja Bikas Company Limited
2026042104002042,HURJA,76,34,10,273.0,2730.0,2026-04-21,187223130,2824,Machhapuchchhre Securities Limited,Vision Securities Pvt. Ltd,2026-04-21 11:51:08.206368,Himalaya Urja Bikas Company Limited
2026042104002093,HURJA,58,32,102,272.0,27744.0,2026-04-21,187224010,2824,Naasa Securities Co. Ltd.,Premier Securities Company Ltd.,2026-04-21 11:52:02.622543,Himalaya Urja Bikas Company Limited
2026042104002094,HURJA,53,32,148,271.2,40137.6,2026-04-21,187224011,2824,Investment Management Nepal Pvt. Ltd.,Premier Securities Company Ltd.,2026-04-21 11:52:02.622908,Himalaya Urja Bikas Company Limited
2026042104002176,HURJA,58,34,15,273.0,4095.0,2026-04-21,187224944,2824,Naasa Securities Co. Ltd.,Vision Securities Pvt. Ltd,2026-04-21 11:53:20.062462,Himalaya Urja Bikas Company Limited
2026042104002297,HURJA,52,51,20,272.9,5458.0,2026-04-21,187227027,2824,Sundhara Securities Limited,Oxford Securities Pvt. Ltd.,2026-04-21 11:55:21.905173,Himalaya Urja Bikas Company Limited
2026042104002298,HURJA,52,34,275,273.0,75075.0,2026-04-21,187227029,2824,Sundhara Securities Limited,Vision Securities Pvt. Ltd,2026-04-21 11:55:21.905413,Himalaya Urja Bikas Company Limited
2026042104002349,HURJA,52,25,237,273.0,64701.0,2026-04-21,187227482,2824,Sundhara Securities Limited,Sweta Securities Private Limited,2026-04-21 11:56:00.653151,Himalaya Urja Bikas Company Limited
2026042104002557,HURJA,58,25,60,271.4,16284.0,2026-04-21,187229450,2824,Naasa Securities Co. Ltd.,Sweta Securities Private Limited,2026-04-21 11:58:50.061267,Himalaya Urja Bikas Company Limited
2026042104002558,HURJA,48,25,365,271.3,99024.5,2026-04-21,187229452,2824,Trishakti Securities Public Limited,Sweta Securities Private Limited,2026-04-21 11:58:50.061732,Himalaya Urja Bikas Company Limited
2026042104002610,HURJA,65,25,40,271.3,10852.0,2026-04-21,187229960,2824,Sharepro Securities Private Limited,Sweta Securities Private Limited,2026-04-21 11:59:34.898901,Himalaya Urja Bikas Company Limited
2026042104002657,HURJA,58,25,10,271.3,2713.0,2026-04-21,187230766,2824,Naasa Securities Co. Ltd.,Sweta Securities Private Limited,2026-04-21 12:00:38.938129,Himalaya Urja Bikas Company Limited
2026042104002822,HURJA,44,49,325,271.0,88075.0,2026-04-21,187232622,2824,Dynamic Money Managers Securities Pvt. Ltd.,Online Securities Pvt. Ltd.,2026-04-21 12:03:33.713927,Himalaya Urja Bikas Company Limited
2026042104002823,HURJA,65,49,35,271.0,9485.0,2026-04-21,187232624,2824,Sharepro Securities Private Limited,Online Securities Pvt. Ltd.,2026-04-21 12:03:33.714200,Himalaya Urja Bikas Company Limited
2026042104002824,HURJA,6,49,25,271.0,6775.0,2026-04-21,187232626,2824,Agrawal Securities (PVT) Ltd.,Online Securities Pvt. Ltd.,2026-04-21 12:03:33.714293,Himalaya Urja Bikas Company Limited
2026042104002825,HURJA,6,49,50,271.0,13550.0,2026-04-21,187232628,2824,Agrawal Securities (PVT) Ltd.,Online Securities Pvt. Ltd.,2026-04-21 12:03:33.714390,Himalaya Urja Bikas Company Limited
2026042104002826,HURJA,7,49,50,271.0,13550.0,2026-04-21,187232630,2824,J.F. Securites (PVT) Ltd.,Online Securities Pvt. Ltd.,2026-04-21 12:03:33.714480,Himalaya Urja Bikas Company Limited
2026042104002827,HURJA,6,49,275,271.0,74525.0,2026-04-21,187232632,2824,Agrawal Securities (PVT) Ltd.,Online Securities Pvt. Ltd.,2026-04-21 12:03:33.714566,Himalaya Urja Bikas Company Limited
2026042104002871,HURJA,28,49,50,270.4,13520.0,2026-04-21,187233268,2824,Shree Krishna Securities Ltd.,Online Securities Pvt. Ltd.,2026-04-21 12:04:44.749346,Himalaya Urja Bikas Company Limited
2026042104002872,HURJA,14,49,111,270.3,30003.3,2026-04-21,187233270,2824,Nepal Stock House (PVT) Ltd.,Online Securities Pvt. Ltd.,2026-04-21 12:04:44.749815,Himalaya Urja Bikas Company Limited
2026042104002873,HURJA,50,49,100,270.3,27030.0,2026-04-21,187233272,2824,Cristal Kanchanjanga Securites Pvt. Ltd.,Online Securities Pvt. Ltd.,2026-04-21 12:04:44.750080,Himalaya Urja Bikas Company Limited
2026042104002874,HURJA,58,49,100,270.2,27020.0,2026-04-21,187233274,2824,Naasa Securities Co. Ltd.,Online Securities Pvt. Ltd.,2026-04-21 12:04:44.750365,Himalaya Urja Bikas Company Limited
2026042104002875,HURJA,6,49,50,270.2,13510.0,2026-04-21,187233276,2824,Agrawal Securities (PVT) Ltd.,Online Securities Pvt. Ltd.,2026-04-21 12:04:44.750607,Himalaya Urja Bikas Company Limited
2026042104002876,HURJA,14,49,353,270.0,95310.0,2026-04-21,187233277,2824,Nepal Stock House (PVT) Ltd.,Online Securities Pvt. Ltd.,2026-04-21 12:04:44.750864,Himalaya Urja Bikas Company Limited
2026042104002935,HURJA,14,57,48,270.0,12960.0,2026-04-21,187233992,2824,Nepal Stock House (PVT) Ltd.,Aryatara Investment & Securities,2026-04-21 12:05:50.541762,Himalaya Urja Bikas Company Limited
2026042104002936,HURJA,32,57,152,270.0,41040.0,2026-04-21,187233993,2824,Premier Securities Company Ltd.,Aryatara Investment & Securities,2026-04-21 12:05:50.541983,Himalaya Urja Bikas Company Limited
2026042104002980,HURJA,45,66,500,271.0,135500.0,2026-04-21,187234944,2824,Imperial Securities Company Pvt. Ltd.,Miyo Securities Pvt Ltd,2026-04-21 12:07:20.532456,Himalaya Urja Bikas Company Limited
2026042104002987,HURJA,32,62,48,270.0,12960.0,2026-04-21,187235074,2824,Premier Securities Company Ltd.,Capital Max Securities Ltd,2026-04-21 12:07:43.063110,Himalaya Urja Bikas Company Limited
2026042104002988,HURJA,45,62,100,270.0,27000.0,2026-04-21,187235076,2824,Imperial Securities Company Pvt. Ltd.,Capital Max Securities Ltd,2026-04-21 12:07:43.063460,Himalaya Urja Bikas Company Limited
2026042104002989,HURJA,4,62,500,270.0,135000.0,2026-04-21,187235078,2824,Opal Securities Investment (PVT) Ltd.,Capital Max Securities Ltd,2026-04-21 12:07:43.063552,Himalaya Urja Bikas Company Limited
2026042104002990,HURJA,43,62,500,270.0,135000.0,2026-04-21,187235080,2824,South Asian Bulls Pvt. Ltd.,Capital Max Securities Ltd,2026-04-21 12:07:43.063638,Himalaya Urja Bikas Company Limited
2026042104002991,HURJA,16,62,500,270.0,135000.0,2026-04-21,187235082,2824,Primo Securities (PVT) Ltd.,Capital Max Securities Ltd,2026-04-21 12:07:43.063721,Himalaya Urja Bikas Company Limited
2026042104002992,HURJA,6,62,25,270.0,6750.0,2026-04-21,187235084,2824,Agrawal Securities (PVT) Ltd.,Capital Max Securities Ltd,2026-04-21 12:07:43.063805,Himalaya Urja Bikas Company Limited
2026042104002993,HURJA,32,62,1200,270.0,324000.0,2026-04-21,187235086,2824,Premier Securities Company Ltd.,Capital Max Securities Ltd,2026-04-21 12:07:43.063890,Himalaya Urja Bikas Company Limited
2026042104002994,HURJA,53,62,500,270.0,135000.0,2026-04-21,187235088,2824,Investment Management Nepal Pvt. Ltd.,Capital Max Securities Ltd,2026-04-21 12:07:43.063972,Himalaya Urja Bikas Company Limited
2026042104002995,HURJA,6,62,100,270.0,27000.0,2026-04-21,187235090,2824,Agrawal Securities (PVT) Ltd.,Capital Max Securities Ltd,2026-04-21 12:07:43.064052,Himalaya Urja Bikas Company Limited
2026042104002996,HURJA,1,62,500,270.0,135000.0,2026-04-21,187235092,2824,Kumari Securities Private Limited,Capital Max Securities Ltd,2026-04-21 12:07:43.064134,Himalaya Urja Bikas Company Limited
2026042104002997,HURJA,34,62,10,270.0,2700.0,2026-04-21,187235094,2824,Vision Securities Pvt. Ltd,Capital Max Securities Ltd,2026-04-21 12:07:43.064217,Himalaya Urja Bikas Company Limited
2026042104002998,HURJA,35,62,200,270.0,54000.0,2026-04-21,187235096,2824,Kohinoor Investment & Securities Pvt. Ltd.,Capital Max Securities Ltd,2026-04-21 12:07:43.064308,Himalaya Urja Bikas Company Limited
2026042104002999,HURJA,28,62,200,270.0,54000.0,2026-04-21,187235098,2824,Shree Krishna Securities Ltd.,Capital Max Securities Ltd,2026-04-21 12:07:43.064398,Himalaya Urja Bikas Company Limited
2026042104003000,HURJA,57,62,30,270.0,8100.0,2026-04-21,187235100,2824,Aryatara Investment & Securities,Capital Max Securities Ltd,2026-04-21 12:07:43.064478,Himalaya Urja Bikas Company Limited
2026042104003001,HURJA,53,62,1000,270.0,270000.0,2026-04-21,187235102,2824,Investment Management Nepal Pvt. Ltd.,Capital Max Securities Ltd,2026-04-21 12:07:43.064559,Himalaya Urja Bikas Company Limited
2026042104003002,HURJA,59,62,200,270.0,54000.0,2026-04-21,187235104,2824,Deevyaa Securities & Stock House Pvt. Ltd,Capital Max Securities Ltd,2026-04-21 12:07:43.064642,Himalaya Urja Bikas Company Limited
2026042104003003,HURJA,21,62,387,270.0,104490.0,2026-04-21,187235105,2824,Midas Stock Broking Company Private Limited,Capital Max Securities Ltd,2026-04-21 12:07:43.064722,Himalaya Urja Bikas Company Limited
2026042104003023,HURJA,58,66,20,271.0,5420.0,2026-04-21,187235388,2824,Naasa Securities Co. Ltd.,Miyo Securities Pvt Ltd,2026-04-21 12:08:18.690183,Himalaya Urja Bikas Company Limited
2026042104003223,HURJA,21,62,113,270.0,30510.0,2026-04-21,187238500,2824,Midas Stock Broking Company Private Limited,Capital Max Securities Ltd,2026-04-21 12:14:51.258653,Himalaya Urja Bikas Company Limited
2026042104003224,HURJA,6,62,50,270.0,13500.0,2026-04-21,187238502,2824,Agrawal Securities (PVT) Ltd.,Capital Max Securities Ltd,2026-04-21 12:14:51.258941,Himalaya Urja Bikas Company Limited
2026042104003225,HURJA,6,62,837,270.0,225990.0,2026-04-21,187238503,2824,Agrawal Securities (PVT) Ltd.,Capital Max Securities Ltd,2026-04-21 12:14:51.259039,Himalaya Urja Bikas Company Limited
2026042104003237,HURJA,57,66,480,271.0,130080.0,2026-04-21,187238665,2824,Aryatara Investment & Securities,Miyo Securities Pvt Ltd,2026-04-21 12:15:09.372035,Himalaya Urja Bikas Company Limited
2026042104003238,HURJA,57,48,520,271.0,140920.0,2026-04-21,187238668,2824,Aryatara Investment & Securities,Trishakti Securities Public Limited,2026-04-21 12:15:09.372272,Himalaya Urja Bikas Company Limited
2026042104003295,HURJA,6,62,663,270.0,179010.0,2026-04-21,187239286,2824,Agrawal Securities (PVT) Ltd.,Capital Max Securities Ltd,2026-04-21 12:16:32.656722,Himalaya Urja Bikas Company Limited
2026042104003296,HURJA,57,62,337,270.0,90990.0,2026-04-21,187239287,2824,Aryatara Investment & Securities,Capital Max Securities Ltd,2026-04-21 12:16:32.657129,Himalaya Urja Bikas Company Limited
2026042104003387,HURJA,57,58,10,270.0,2700.0,2026-04-21,187240265,2824,Aryatara Investment & Securities,Naasa Securities Co. Ltd.,2026-04-21 12:18:37.008694,Himalaya Urja Bikas Company Limited
2026042104003416,HURJA,57,59,653,270.0,176310.0,2026-04-21,187240882,2824,Aryatara Investment & Securities,Deevyaa Securities & Stock House Pvt. Ltd,2026-04-21 12:19:43.593018,Himalaya Urja Bikas Company Limited
2026042104003417,HURJA,62,59,15,270.0,4050.0,2026-04-21,187240884,2824,Capital Max Securities Ltd,Deevyaa Securities & Stock House Pvt. Ltd,2026-04-21 12:19:43.593333,Himalaya Urja Bikas Company Limited
2026042104003418,HURJA,46,59,9332,270.0,2519640.0,2026-04-21,187240885,2824,Kalika Securities Pvt. Ltd.,Deevyaa Securities & Stock House Pvt. Ltd,2026-04-21 12:19:43.593420,Himalaya Urja Bikas Company Limited
2026042104003445,HURJA,46,48,668,270.0,180360.0,2026-04-21,187241396,2824,Kalika Securities Pvt. Ltd.,Trishakti Securities Public Limited,2026-04-21 12:20:38.785748,Himalaya Urja Bikas Company Limited
2026042104003446,HURJA,57,48,50,270.0,13500.0,2026-04-21,187241398,2824,Aryatara Investment & Securities,Trishakti Securities Public Limited,2026-04-21 12:20:38.786238,Himalaya Urja Bikas Company Limited
2026042104003702,HURJA,4,7,10,269.1,2691.0,2026-04-21,187243709,2824,Opal Securities Investment (PVT) Ltd.,J.F. Securites (PVT) Ltd.,2026-04-21 12:25:16.615883,Himalaya Urja Bikas Company Limited
2026042104003713,HURJA,4,59,90,269.1,24219.0,2026-04-21,187243948,2824,Opal Securities Investment (PVT) Ltd.,Deevyaa Securities & Stock House Pvt. Ltd,2026-04-21 12:25:47.661035,Himalaya Urja Bikas Company Limited
2026042104003714,HURJA,14,59,1000,269.0,269000.0,2026-04-21,187243950,2824,Nepal Stock House (PVT) Ltd.,Deevyaa Securities & Stock House Pvt. Ltd,2026-04-21 12:25:47.661262,Himalaya Urja Bikas Company Limited
2026042104003715,HURJA,58,59,40,269.0,10760.0,2026-04-21,187243952,2824,Naasa Securities Co. Ltd.,Deevyaa Securities & Stock House Pvt. Ltd,2026-04-21 12:25:47.661369,Himalaya Urja Bikas Company Limited
2026042104003716,HURJA,48,59,2500,269.0,672500.0,2026-04-21,187243954,2824,Trishakti Securities Public Limited,Deevyaa Securities & Stock House Pvt. Ltd,2026-04-21 12:25:47.661459,Himalaya Urja Bikas Company Limited
2026042104003717,HURJA,47,59,100,269.0,26900.0,2026-04-21,187243956,2824,Neev Securities Pvt. Ltd.,Deevyaa Securities & Stock House Pvt. Ltd,2026-04-21 12:25:47.661544,Himalaya Urja Bikas Company Limited
2026042104003718,HURJA,32,59,300,268.1,80430.0,2026-04-21,187243958,2824,Premier Securities Company Ltd.,Deevyaa Securities & Stock House Pvt. Ltd,2026-04-21 12:25:47.661626,Himalaya Urja Bikas Company Limited
2026042104003719,HURJA,49,59,500,268.0,134000.0,2026-04-21,187243960,2824,Online Securities Pvt. Ltd.,Deevyaa Securities & Stock House Pvt. Ltd,2026-04-21 12:25:47.661720,Himalaya Urja Bikas Company Limited
2026042104003720,HURJA,48,59,50,268.0,13400.0,2026-04-21,187243962,2824,Trishakti Securities Public Limited,Deevyaa Securities & Stock House Pvt. Ltd,2026-04-21 12:25:47.661805,Himalaya Urja Bikas Company Limited
2026042104003721,HURJA,29,59,300,268.0,80400.0,2026-04-21,187243964,2824,Trisul Securities & Invt. Ltd.,Deevyaa Securities & Stock House Pvt. Ltd,2026-04-21 12:25:47.661888,Himalaya Urja Bikas Company Limited
2026042104003722,HURJA,53,59,152,268.0,40736.0,2026-04-21,187243966,2824,Investment Management Nepal Pvt. Ltd.,Deevyaa Securities & Stock House Pvt. Ltd,2026-04-21 12:25:47.661973,Himalaya Urja Bikas Company Limited
2026042104003723,HURJA,33,59,804,268.0,215472.0,2026-04-21,187243967,2824,Dakshinkali Investment & Securities Pvt. Ltd.,Deevyaa Securities & Stock House Pvt. Ltd,2026-04-21 12:25:47.662062,Himalaya Urja Bikas Company Limited
2026042104003760,HURJA,13,51,700,269.5,188650.0,2026-04-21,187244599,2824,Thrive Brokerage House Pvt. Ltd,Oxford Securities Pvt. Ltd.,2026-04-21 12:27:19.644309,Himalaya Urja Bikas Company Limited
2026042104003761,HURJA,13,48,300,270.0,81000.0,2026-04-21,187244602,2824,Thrive Brokerage House Pvt. Ltd,Trishakti Securities Public Limited,2026-04-21 12:27:19.644773,Himalaya Urja Bikas Company Limited
2026042104003801,HURJA,6,48,50,270.0,13500.0,2026-04-21,187245212,2824,Agrawal Securities (PVT) Ltd.,Trishakti Securities Public Limited,2026-04-21 12:28:22.387718,Himalaya Urja Bikas Company Limited
2026042104004209,HURJA,58,16,30,269.9,8097.0,2026-04-21,187250558,2824,Naasa Securities Co. Ltd.,Primo Securities (PVT) Ltd.,2026-04-21 12:36:38.665796,Himalaya Urja Bikas Company Limited
2026042104004356,HURJA,91,62,300,268.5,80550.0,2026-04-21,187252020,2824,Citizens Share Broker Limited,Capital Max Securities Ltd,2026-04-21 12:39:35.997008,Himalaya Urja Bikas Company Limited
2026042104004357,HURJA,45,62,200,268.1,53620.0,2026-04-21,187252022,2824,Imperial Securities Company Pvt. Ltd.,Capital Max Securities Ltd,2026-04-21 12:39:35.997571,Himalaya Urja Bikas Company Limited
2026042104004358,HURJA,33,62,196,268.0,52528.0,2026-04-21,187252024,2824,Dakshinkali Investment & Securities Pvt. Ltd.,Capital Max Securities Ltd,2026-04-21 12:39:35.997873,Himalaya Urja Bikas Company Limited
2026042104004515,HURJA,6,62,50,268.0,13400.0,2026-04-21,187253714,2824,Agrawal Securities (PVT) Ltd.,Capital Max Securities Ltd,2026-04-21 12:42:52.117113,Himalaya Urja Bikas Company Limited
2026042104004522,HURJA,51,62,254,268.0,68072.0,2026-04-21,187253769,2824,Oxford Securities Pvt. Ltd.,Capital Max Securities Ltd,2026-04-21 12:42:55.471133,Himalaya Urja Bikas Company Limited
2026042104004523,HURJA,51,34,146,268.0,39128.0,2026-04-21,187253772,2824,Oxford Securities Pvt. Ltd.,Vision Securities Pvt. Ltd,2026-04-21 12:42:55.471554,Himalaya Urja Bikas Company Limited
2026042104004582,HURJA,46,34,54,268.0,14472.0,2026-04-21,187254423,2824,Kalika Securities Pvt. Ltd.,Vision Securities Pvt. Ltd,2026-04-21 12:44:20.502584,Himalaya Urja Bikas Company Limited
2026042104004583,HURJA,46,45,1000,268.0,268000.0,2026-04-21,187254425,2824,Kalika Securities Pvt. Ltd.,Imperial Securities Company Pvt. Ltd.,2026-04-21 12:44:20.502837,Himalaya Urja Bikas Company Limited
2026042104004589,HURJA,52,14,555,269.8,149739.0,2026-04-21,187254581,2824,Sundhara Securities Limited,Nepal Stock House (PVT) Ltd.,2026-04-21 12:44:44.994422,Himalaya Urja Bikas Company Limited
2026042104004590,HURJA,52,45,445,269.8,120061.0,2026-04-21,187254584,2824,Sundhara Securities Limited,Imperial Securities Company Pvt. Ltd.,2026-04-21 12:44:44.994458,Himalaya Urja Bikas Company Limited
2026042104004698,HURJA,43,58,50,269.0,13450.0,2026-04-21,187256411,2824,South Asian Bulls Pvt. Ltd.,Naasa Securities Co. Ltd.,2026-04-21 12:48:26.131824,Himalaya Urja Bikas Company Limited
2026042104004711,HURJA,46,45,555,269.8,149739.0,2026-04-21,187256625,2824,Kalika Securities Pvt. Ltd.,Imperial Securities Company Pvt. Ltd.,2026-04-21 12:48:57.642114,Himalaya Urja Bikas Company Limited
2026042104004712,HURJA,46,45,1000,269.8,269800.0,2026-04-21,187256627,2824,Kalika Securities Pvt. Ltd.,Imperial Securities Company Pvt. Ltd.,2026-04-21 12:48:57.642635,Himalaya Urja Bikas Company Limited
2026042104004768,HURJA,43,51,24,269.0,6456.0,2026-04-21,187257272,2824,South Asian Bulls Pvt. Ltd.,Oxford Securities Pvt. Ltd.,2026-04-21 12:50:16.596309,Himalaya Urja Bikas Company Limited
2026042104004769,HURJA,49,51,200,269.0,53800.0,2026-04-21,187257274,2824,Online Securities Pvt. Ltd.,Oxford Securities Pvt. Ltd.,2026-04-21 12:50:16.596645,Himalaya Urja Bikas Company Limited
2026042104004812,HURJA,41,51,60,269.0,16140.0,2026-04-21,187257550,2824,Linch Stock Market Ltd.,Oxford Securities Pvt. Ltd.,2026-04-21 12:50:40.288065,Himalaya Urja Bikas Company Limited
2026042104004830,HURJA,48,51,700,269.0,188300.0,2026-04-21,187257778,2824,Trishakti Securities Public Limited,Oxford Securities Pvt. Ltd.,2026-04-21 12:51:06.386827,Himalaya Urja Bikas Company Limited
2026042104005185,HURJA,46,43,150,268.6,40290.0,2026-04-21,187261785,2824,Kalika Securities Pvt. Ltd.,South Asian Bulls Pvt. Ltd.,2026-04-21 12:57:15.131475,Himalaya Urja Bikas Company Limited
2026042104005282,HURJA,46,62,77,268.6,20682.2,2026-04-21,187262612,2824,Kalika Securities Pvt. Ltd.,Capital Max Securities Ltd,2026-04-21 12:58:40.367654,Himalaya Urja Bikas Company Limited
2026042104005283,HURJA,57,62,372,268.4,99844.8,2026-04-21,187262614,2824,Aryatara Investment & Securities,Capital Max Securities Ltd,2026-04-21 12:58:40.368135,Himalaya Urja Bikas Company Limited
2026042104005284,HURJA,65,62,200,268.3,53660.0,2026-04-21,187262616,2824,Sharepro Securities Private Limited,Capital Max Securities Ltd,2026-04-21 12:58:40.368463,Himalaya Urja Bikas Company Limited
2026042104005285,HURJA,38,62,200,268.3,53660.0,2026-04-21,187262618,2824,Dipshikha Dhitopatra Karobar Co. Pvt Ltd.,Capital Max Securities Ltd,2026-04-21 12:58:40.368750,Himalaya Urja Bikas Company Limited
2026042104005286,HURJA,46,62,151,268.3,40513.3,2026-04-21,187262619,2824,Kalika Securities Pvt. Ltd.,Capital Max Securities Ltd,2026-04-21 12:58:40.369052,Himalaya Urja Bikas Company Limited
2026042104005291,HURJA,46,16,2240,268.3,600992.0,2026-04-21,187262744,2824,Kalika Securities Pvt. Ltd.,Primo Securities (PVT) Ltd.,2026-04-21 12:58:58.460939,Himalaya Urja Bikas Company Limited
2026042104005292,HURJA,45,53,500,268.2,134100.0,2026-04-21,187262750,2824,Imperial Securities Company Pvt. Ltd.,Investment Management Nepal Pvt. Ltd.,2026-04-21 12:58:59.239144,Himalaya Urja Bikas Company Limited
2026042104005293,HURJA,5,53,200,268.2,53640.0,2026-04-21,187262752,2824,Market Securities & Exchange (PVT) Ltd.,Investment Management Nepal Pvt. Ltd.,2026-04-21 12:58:59.239645,Himalaya Urja Bikas Company Limited
2026042104005294,HURJA,32,53,200,268.1,53620.0,2026-04-21,187262754,2824,Premier Securities Company Ltd.,Investment Management Nepal Pvt. Ltd.,2026-04-21 12:58:59.239947,Himalaya Urja Bikas Company Limited
2026042104005295,HURJA,6,53,1000,268.0,268000.0,2026-04-21,187262756,2824,Agrawal Securities (PVT) Ltd.,Investment Management Nepal Pvt. Ltd.,2026-04-21 12:58:59.240245,Himalaya Urja Bikas Company Limited
2026042104005296,HURJA,11,53,1000,268.0,268000.0,2026-04-21,187262758,2824,Malla & Malla Stock Broking Company Pvt. Limited,Investment Management Nepal Pvt. Ltd.,2026-04-21 12:58:59.240549,Himalaya Urja Bikas Company Limited
2026042104005297,HURJA,6,53,50,268.0,13400.0,2026-04-21,187262760,2824,Agrawal Securities (PVT) Ltd.,Investment Management Nepal Pvt. Ltd.,2026-04-21 12:58:59.240838,Himalaya Urja Bikas Company Limited
2026042104005298,HURJA,94,53,50,268.0,13400.0,2026-04-21,187262762,2824,K.B.L. Securities Limited ,Investment Management Nepal Pvt. Ltd.,2026-04-21 12:58:59.241144,Himalaya Urja Bikas Company Limited
2026042104005299,HURJA,45,53,20,268.0,5360.0,2026-04-21,187262764,2824,Imperial Securities Company Pvt. Ltd.,Investment Management Nepal Pvt. Ltd.,2026-04-21 12:58:59.241442,Himalaya Urja Bikas Company Limited
2026042104005302,HURJA,6,53,50,268.0,13400.0,2026-04-21,187262858,2824,Agrawal Securities (PVT) Ltd.,Investment Management Nepal Pvt. Ltd.,2026-04-21 12:59:12.450722,Himalaya Urja Bikas Company Limited
2026042104005309,HURJA,51,53,300,267.6,80280.0,2026-04-21,187263008,2824,Oxford Securities Pvt. Ltd.,Investment Management Nepal Pvt. Ltd.,2026-04-21 12:59:33.092862,Himalaya Urja Bikas Company Limited
2026042104005310,HURJA,49,53,60,267.5,16050.0,2026-04-21,187263010,2824,Online Securities Pvt. Ltd.,Investment Management Nepal Pvt. Ltd.,2026-04-21 12:59:33.093167,Himalaya Urja Bikas Company Limited
2026042104005311,HURJA,59,53,100,267.2,26720.0,2026-04-21,187263012,2824,Deevyaa Securities & Stock House Pvt. Ltd,Investment Management Nepal Pvt. Ltd.,2026-04-21 12:59:33.093279,Himalaya Urja Bikas Company Limited
2026042104005312,HURJA,32,53,100,267.1,26710.0,2026-04-21,187263014,2824,Premier Securities Company Ltd.,Investment Management Nepal Pvt. Ltd.,2026-04-21 12:59:33.093392,Himalaya Urja Bikas Company Limited
2026042104005313,HURJA,17,53,20,267.0,5340.0,2026-04-21,187263016,2824,ABC Securities Private Limited,Investment Management Nepal Pvt. Ltd.,2026-04-21 12:59:33.093492,Himalaya Urja Bikas Company Limited
2026042104005314,HURJA,41,53,100,267.0,26700.0,2026-04-21,187263018,2824,Linch Stock Market Ltd.,Investment Management Nepal Pvt. Ltd.,2026-04-21 12:59:33.093589,Himalaya Urja Bikas Company Limited
2026042104005315,HURJA,6,53,100,267.0,26700.0,2026-04-21,187263020,2824,Agrawal Securities (PVT) Ltd.,Investment Management Nepal Pvt. Ltd.,2026-04-21 12:59:33.093690,Himalaya Urja Bikas Company Limited
2026042104005316,HURJA,34,53,100,267.0,26700.0,2026-04-21,187263022,2824,Vision Securities Pvt. Ltd,Investment Management Nepal Pvt. Ltd.,2026-04-21 12:59:33.093786,Himalaya Urja Bikas Company Limited
2026042104005317,HURJA,34,53,100,267.0,26700.0,2026-04-21,187263024,2824,Vision Securities Pvt. Ltd,Investment Management Nepal Pvt. Ltd.,2026-04-21 12:59:33.093889,Himalaya Urja Bikas Company Limited
2026042104005318,HURJA,65,53,200,267.0,53400.0,2026-04-21,187263026,2824,Sharepro Securities Private Limited,Investment Management Nepal Pvt. Ltd.,2026-04-21 12:59:33.094011,Himalaya Urja Bikas Company Limited
2026042104005319,HURJA,49,53,200,267.0,53400.0,2026-04-21,187263028,2824,Online Securities Pvt. Ltd.,Investment Management Nepal Pvt. Ltd.,2026-04-21 12:59:33.094110,Himalaya Urja Bikas Company Limited
2026042104005387,HURJA,41,53,500,268.0,134000.0,2026-04-21,187264194,2824,Linch Stock Market Ltd.,Investment Management Nepal Pvt. Ltd.,2026-04-21 13:02:16.992089,Himalaya Urja Bikas Company Limited
2026042104005397,HURJA,57,53,22,268.0,5896.0,2026-04-21,187264402,2824,Aryatara Investment & Securities,Investment Management Nepal Pvt. Ltd.,2026-04-21 13:02:37.155413,Himalaya Urja Bikas Company Limited
2026042104005414,HURJA,6,53,25,268.0,6700.0,2026-04-21,187264618,2824,Agrawal Securities (PVT) Ltd.,Investment Management Nepal Pvt. Ltd.,2026-04-21 13:03:07.920630,Himalaya Urja Bikas Company Limited
2026042104005424,HURJA,37,58,50,268.0,13400.0,2026-04-21,187264926,2824,Swarna Laxmi Securities Pvt. Ltd.,Naasa Securities Co. Ltd.,2026-04-21 13:03:37.588776,Himalaya Urja Bikas Company Limited
2026042104005440,HURJA,36,17,100,269.8,26980.0,2026-04-21,187265064,2824,Secured Securities Ltd.,ABC Securities Private Limited,2026-04-21 13:03:52.524836,Himalaya Urja Bikas Company Limited
2026042104005461,HURJA,37,58,9,265.0,2385.0,2026-04-21,187265227,2824,Swarna Laxmi Securities Pvt. Ltd.,Naasa Securities Co. Ltd.,2026-04-21 13:04:04.577488,Himalaya Urja Bikas Company Limited
2026042104005616,HURJA,33,59,500,269.0,134500.0,2026-04-21,187269796,2824,Dakshinkali Investment & Securities Pvt. Ltd.,Deevyaa Securities & Stock House Pvt. Ltd,2026-04-21 13:08:35.609836,Himalaya Urja Bikas Company Limited
2026042104005648,HURJA,48,59,500,269.0,134500.0,2026-04-21,187270236,2824,Trishakti Securities Public Limited,Deevyaa Securities & Stock House Pvt. Ltd,2026-04-21 13:09:17.084940,Himalaya Urja Bikas Company Limited
2026042104005807,HURJA,58,17,10,269.8,2698.0,2026-04-21,187272934,2824,Naasa Securities Co. Ltd.,ABC Securities Private Limited,2026-04-21 13:12:20.078978,Himalaya Urja Bikas Company Limited
2026042104005881,HURJA,37,53,3,268.0,804.0,2026-04-21,187273913,2824,Swarna Laxmi Securities Pvt. Ltd.,Investment Management Nepal Pvt. Ltd.,2026-04-21 13:14:00.421418,Himalaya Urja Bikas Company Limited
2026042104005906,HURJA,38,17,100,269.8,26980.0,2026-04-21,187274112,2824,Dipshikha Dhitopatra Karobar Co. Pvt Ltd.,ABC Securities Private Limited,2026-04-21 13:14:21.384334,Himalaya Urja Bikas Company Limited
2026042104005908,HURJA,6,50,200,268.1,53620.0,2026-04-21,187274126,2824,Agrawal Securities (PVT) Ltd.,Cristal Kanchanjanga Securites Pvt. Ltd.,2026-04-21 13:14:22.495961,Himalaya Urja Bikas Company Limited
2026042104005918,HURJA,11,50,100,268.0,26800.0,2026-04-21,187274233,2824,Malla & Malla Stock Broking Company Pvt. Limited,Cristal Kanchanjanga Securites Pvt. Ltd.,2026-04-21 13:14:38.873160,Himalaya Urja Bikas Company Limited
2026042104005937,HURJA,77,50,40,269.0,10760.0,2026-04-21,187274604,2824,Nabil Stock Dealer Ltd.,Cristal Kanchanjanga Securites Pvt. Ltd.,2026-04-21 13:15:14.924863,Himalaya Urja Bikas Company Limited
2026042104006071,HURJA,58,50,48,269.0,12912.0,2026-04-21,187275852,2824,Naasa Securities Co. Ltd.,Cristal Kanchanjanga Securites Pvt. Ltd.,2026-04-21 13:17:34.691985,Himalaya Urja Bikas Company Limited
2026042104006084,HURJA,11,50,50,268.0,13400.0,2026-04-21,187275976,2824,Malla & Malla Stock Broking Company Pvt. Limited,Cristal Kanchanjanga Securites Pvt. Ltd.,2026-04-21 13:17:50.410008,Himalaya Urja Bikas Company Limited
2026042104006085,HURJA,11,50,12,268.0,3216.0,2026-04-21,187275977,2824,Malla & Malla Stock Broking Company Pvt. Limited,Cristal Kanchanjanga Securites Pvt. Ltd.,2026-04-21 13:17:50.410607,Himalaya Urja Bikas Company Limited
2026042104006179,HURJA,76,17,10,269.8,2698.0,2026-04-21,187277546,2824,Machhapuchchhre Securities Limited,ABC Securities Private Limited,2026-04-21 13:20:43.322448,Himalaya Urja Bikas Company Limited
2026042104006238,HURJA,40,17,280,269.8,75544.0,2026-04-21,187278169,2824,Creative Securities Pvt Ltd,ABC Securities Private Limited,2026-04-21 13:21:47.093590,Himalaya Urja Bikas Company Limited
2026042104006239,HURJA,40,45,1220,269.9,329278.0,2026-04-21,187278172,2824,Creative Securities Pvt Ltd,Imperial Securities Company Pvt. Ltd.,2026-04-21 13:21:47.094121,Himalaya Urja Bikas Company Limited
2026042104006242,HURJA,40,45,380,269.9,102562.0,2026-04-21,187278203,2824,Creative Securities Pvt Ltd,Imperial Securities Company Pvt. Ltd.,2026-04-21 13:21:52.681649,Himalaya Urja Bikas Company Limited
2026042104006243,HURJA,40,48,412,270.0,111240.0,2026-04-21,187278205,2824,Creative Securities Pvt Ltd,Trishakti Securities Public Limited,2026-04-21 13:21:52.682225,Himalaya Urja Bikas Company Limited
2026042104006244,HURJA,40,95,100,270.0,27000.0,2026-04-21,187278207,2824,Creative Securities Pvt Ltd,Magnet Securities and Investment Company Private Limited,2026-04-21 13:21:52.682582,Himalaya Urja Bikas Company Limited
2026042104006245,HURJA,40,62,100,270.0,27000.0,2026-04-21,187278209,2824,Creative Securities Pvt Ltd,Capital Max Securities Ltd,2026-04-21 13:21:52.682911,Himalaya Urja Bikas Company Limited
2026042104006246,HURJA,40,38,500,270.0,135000.0,2026-04-21,187278211,2824,Creative Securities Pvt Ltd,Dipshikha Dhitopatra Karobar Co. Pvt Ltd.,2026-04-21 13:21:52.683237,Himalaya Urja Bikas Company Limited
2026042104006256,HURJA,40,45,1500,270.0,405000.0,2026-04-21,187278284,2824,Creative Securities Pvt Ltd,Imperial Securities Company Pvt. Ltd.,2026-04-21 13:22:02.301673,Himalaya Urja Bikas Company Limited
2026042104006267,HURJA,40,45,500,270.0,135000.0,2026-04-21,187278368,2824,Creative Securities Pvt Ltd,Imperial Securities Company Pvt. Ltd.,2026-04-21 13:22:08.979040,Himalaya Urja Bikas Company Limited
2026042104006283,HURJA,48,45,29,270.0,7830.0,2026-04-21,187278521,2824,Trishakti Securities Public Limited,Imperial Securities Company Pvt. Ltd.,2026-04-21 13:22:30.138895,Himalaya Urja Bikas Company Limited
2026042104006284,HURJA,48,4,271,270.0,73170.0,2026-04-21,187278524,2824,Trishakti Securities Public Limited,Opal Securities Investment (PVT) Ltd.,2026-04-21 13:22:30.139177,Himalaya Urja Bikas Company Limited
2026042104006358,HURJA,17,62,40,269.0,10760.0,2026-04-21,187279487,2824,ABC Securities Private Limited,Capital Max Securities Ltd,2026-04-21 13:24:17.681605,Himalaya Urja Bikas Company Limited
2026042104006536,HURJA,17,59,20,269.0,5380.0,2026-04-21,187281365,2824,ABC Securities Private Limited,Deevyaa Securities & Stock House Pvt. Ltd,2026-04-21 13:27:24.305230,Himalaya Urja Bikas Company Limited
2026042104006690,HURJA,44,54,20,269.0,5380.0,2026-04-21,187283295,2824,Dynamic Money Managers Securities Pvt. Ltd.,Sewa Securities Pvt. Ltd.,2026-04-21 13:31:02.776858,Himalaya Urja Bikas Company Limited
2026042104006722,HURJA,44,45,22,269.0,5918.0,2026-04-21,187283712,2824,Dynamic Money Managers Securities Pvt. Ltd.,Imperial Securities Company Pvt. Ltd.,2026-04-21 13:31:56.369303,Himalaya Urja Bikas Company Limited
2026042104006723,HURJA,46,45,2,269.0,538.0,2026-04-21,187283713,2824,Kalika Securities Pvt. Ltd.,Imperial Securities Company Pvt. Ltd.,2026-04-21 13:31:56.369854,Himalaya Urja Bikas Company Limited
2026042104006749,HURJA,45,56,1000,269.8,269800.0,2026-04-21,187284178,2824,Imperial Securities Company Pvt. Ltd.,Sri Hari Securities Pvt. Ltd.,2026-04-21 13:32:56.680655,Himalaya Urja Bikas Company Limited
2026042104006847,HURJA,34,4,349,270.0,94230.0,2026-04-21,187285545,2824,Vision Securities Pvt. Ltd,Opal Securities Investment (PVT) Ltd.,2026-04-21 13:35:17.024415,Himalaya Urja Bikas Company Limited
2026042104006848,HURJA,34,38,10,270.0,2700.0,2026-04-21,187285548,2824,Vision Securities Pvt. Ltd,Dipshikha Dhitopatra Karobar Co. Pvt Ltd.,2026-04-21 13:35:17.024964,Himalaya Urja Bikas Company Limited
2026042104006867,HURJA,64,66,100,269.5,26950.0,2026-04-21,187285804,2824,SUN SECURITIES PVT LTD,Miyo Securities Pvt Ltd,2026-04-21 13:35:39.190717,Himalaya Urja Bikas Company Limited
2026042104006868,HURJA,17,66,90,269.0,24210.0,2026-04-21,187285806,2824,ABC Securities Private Limited,Miyo Securities Pvt Ltd,2026-04-21 13:35:39.190987,Himalaya Urja Bikas Company Limited
2026042104006869,HURJA,11,66,580,269.0,156020.0,2026-04-21,187285808,2824,Malla & Malla Stock Broking Company Pvt. Limited,Miyo Securities Pvt Ltd,2026-04-21 13:35:39.191101,Himalaya Urja Bikas Company Limited
2026042104006870,HURJA,58,66,230,269.0,61870.0,2026-04-21,187285809,2824,Naasa Securities Co. Ltd.,Miyo Securities Pvt Ltd,2026-04-21 13:35:39.191213,Himalaya Urja Bikas Company Limited
2026042104007011,HURJA,58,52,40,269.0,10760.0,2026-04-21,187286791,2824,Naasa Securities Co. Ltd.,Sundhara Securities Limited,2026-04-21 13:37:48.609551,Himalaya Urja Bikas Company Limited
2026042104007038,HURJA,58,66,30,269.0,8070.0,2026-04-21,187287164,2824,Naasa Securities Co. Ltd.,Miyo Securities Pvt Ltd,2026-04-21 13:38:24.645837,Himalaya Urja Bikas Company Limited
2026042104007039,HURJA,32,66,970,269.0,260930.0,2026-04-21,187287165,2824,Premier Securities Company Ltd.,Miyo Securities Pvt Ltd,2026-04-21 13:38:24.646194,Himalaya Urja Bikas Company Limited
2026042104007389,HURJA,11,34,160,269.1,43056.0,2026-04-21,187290861,2824,Malla & Malla Stock Broking Company Pvt. Limited,Vision Securities Pvt. Ltd,2026-04-21 13:44:49.702769,Himalaya Urja Bikas Company Limited
2026042104007661,HURJA,49,1,200,270.0,54000.0,2026-04-21,187294985,2824,Online Securities Pvt. Ltd.,Kumari Securities Private Limited,2026-04-21 13:52:36.138445,Himalaya Urja Bikas Company Limited
2026042104007662,HURJA,49,1,21,270.0,5670.0,2026-04-21,187294987,2824,Online Securities Pvt. Ltd.,Kumari Securities Private Limited,2026-04-21 13:52:36.138779,Himalaya Urja Bikas Company Limited
2026042104007706,HURJA,49,45,500,270.0,135000.0,2026-04-21,187295587,2824,Online Securities Pvt. Ltd.,Imperial Securities Company Pvt. Ltd.,2026-04-21 13:53:54.277371,Himalaya Urja Bikas Company Limited
2026042104007725,HURJA,58,45,97,270.2,26209.4,2026-04-21,187296140,2824,Naasa Securities Co. Ltd.,Imperial Securities Company Pvt. Ltd.,2026-04-21 13:54:49.574880,Himalaya Urja Bikas Company Limited
2026042104007921,HURJA,49,53,279,270.0,75330.0,2026-04-21,187298852,2824,Online Securities Pvt. Ltd.,Investment Management Nepal Pvt. Ltd.,2026-04-21 13:58:59.936948,Himalaya Urja Bikas Company Limited
2026042104007958,HURJA,77,53,721,270.0,194670.0,2026-04-21,187299123,2824,Nabil Stock Dealer Ltd.,Investment Management Nepal Pvt. Ltd.,2026-04-21 13:59:31.039911,Himalaya Urja Bikas Company Limited
2026042104008140,HURJA,11,14,140,269.5,37730.0,2026-04-21,187301335,2824,Malla & Malla Stock Broking Company Pvt. Limited,Nepal Stock House (PVT) Ltd.,2026-04-21 14:03:18.007628,Himalaya Urja Bikas Company Limited
2026042104008632,HURJA,32,58,30,269.0,8070.0,2026-04-21,187307342,2824,Premier Securities Company Ltd.,Naasa Securities Co. Ltd.,2026-04-21 14:12:45.154429,Himalaya Urja Bikas Company Limited
2026042104008633,HURJA,22,58,150,269.0,40350.0,2026-04-21,187307344,2824,Siprabi Securities Pvt. Ltd.,Naasa Securities Co. Ltd.,2026-04-21 14:12:45.154562,Himalaya Urja Bikas Company Limited
2026042104008634,HURJA,32,58,100,269.0,26900.0,2026-04-21,187307346,2824,Premier Securities Company Ltd.,Naasa Securities Co. Ltd.,2026-04-21 14:12:45.154639,Himalaya Urja Bikas Company Limited
2026042104008635,HURJA,49,58,200,269.0,53800.0,2026-04-21,187307348,2824,Online Securities Pvt. Ltd.,Naasa Securities Co. Ltd.,2026-04-21 14:12:45.154711,Himalaya Urja Bikas Company Limited
2026042104008636,HURJA,64,58,300,268.4,80520.0,2026-04-21,187307350,2824,SUN SECURITIES PVT LTD,Naasa Securities Co. Ltd.,2026-04-21 14:12:45.154789,Himalaya Urja Bikas Company Limited
2026042104008637,HURJA,38,58,25,268.3,6707.5,2026-04-21,187307352,2824,Dipshikha Dhitopatra Karobar Co. Pvt Ltd.,Naasa Securities Co. Ltd.,2026-04-21 14:12:45.154867,Himalaya Urja Bikas Company Limited
2026042104008638,HURJA,14,58,900,268.3,241470.0,2026-04-21,187307354,2824,Nepal Stock House (PVT) Ltd.,Naasa Securities Co. Ltd.,2026-04-21 14:12:45.154941,Himalaya Urja Bikas Company Limited
2026042104008639,HURJA,3,58,295,268.2,79119.0,2026-04-21,187307355,2824,Arun Securities (PVT) Ltd.,Naasa Securities Co. Ltd.,2026-04-21 14:12:45.155026,Himalaya Urja Bikas Company Limited
2026042104008644,HURJA,3,19,100,268.2,26820.0,2026-04-21,187307433,2824,Arun Securities (PVT) Ltd.,Nepal Investment And Securities Trading Private Limited,2026-04-21 14:12:54.473407,Himalaya Urja Bikas Company Limited
2026042104008711,HURJA,3,19,100,268.2,26820.0,2026-04-21,187308055,2824,Arun Securities (PVT) Ltd.,Nepal Investment And Securities Trading Private Limited,2026-04-21 14:13:53.144382,Himalaya Urja Bikas Company Limited
2026042104008735,HURJA,17,53,4000,269.0,1076000.0,2026-04-21,187308283,2824,ABC Securities Private Limited,Investment Management Nepal Pvt. Ltd.,2026-04-21 14:14:15.670048,Himalaya Urja Bikas Company Limited
2026042104008909,HURJA,46,22,1000,269.0,269000.0,2026-04-21,187309961,2824,Kalika Securities Pvt. Ltd.,Siprabi Securities Pvt. Ltd.,2026-04-21 14:16:38.545858,Himalaya Urja Bikas Company Limited
2026042104009014,HURJA,52,22,100,269.8,26980.0,2026-04-21,187310949,2824,Sundhara Securities Limited,Siprabi Securities Pvt. Ltd.,2026-04-21 14:17:57.726305,Himalaya Urja Bikas Company Limited
2026042104009015,HURJA,52,34,125,269.9,33737.5,2026-04-21,187310952,2824,Sundhara Securities Limited,Vision Securities Pvt. Ltd,2026-04-21 14:17:57.726913,Himalaya Urja Bikas Company Limited
2026042104009128,HURJA,25,38,300,268.3,80490.0,2026-04-21,187312128,2824,Sweta Securities Private Limited,Dipshikha Dhitopatra Karobar Co. Pvt Ltd.,2026-04-21 14:19:20.378807,Himalaya Urja Bikas Company Limited
2026042104009129,HURJA,52,38,380,268.3,101954.0,2026-04-21,187312129,2824,Sundhara Securities Limited,Dipshikha Dhitopatra Karobar Co. Pvt Ltd.,2026-04-21 14:19:20.379415,Himalaya Urja Bikas Company Limited
2026042104009157,HURJA,52,38,20,268.3,5366.0,2026-04-21,187312334,2824,Sundhara Securities Limited,Dipshikha Dhitopatra Karobar Co. Pvt Ltd.,2026-04-21 14:19:36.786955,Himalaya Urja Bikas Company Limited
2026042104009158,HURJA,3,38,480,268.2,128736.0,2026-04-21,187312335,2824,Arun Securities (PVT) Ltd.,Dipshikha Dhitopatra Karobar Co. Pvt Ltd.,2026-04-21 14:19:36.787601,Himalaya Urja Bikas Company Limited
2026042104009644,HURJA,35,22,40,268.5,10740.0,2026-04-21,187316389,2824,Kohinoor Investment & Securities Pvt. Ltd.,Siprabi Securities Pvt. Ltd.,2026-04-21 14:23:45.176476,Himalaya Urja Bikas Company Limited
2026042104009678,HURJA,35,1,200,268.5,53700.0,2026-04-21,187316713,2824,Kohinoor Investment & Securities Pvt. Ltd.,Kumari Securities Private Limited,2026-04-21 14:24:07.507022,Himalaya Urja Bikas Company Limited
2026042104009810,HURJA,35,56,500,268.5,134250.0,2026-04-21,187317563,2824,Kohinoor Investment & Securities Pvt. Ltd.,Sri Hari Securities Pvt. Ltd.,2026-04-21 14:24:51.558021,Himalaya Urja Bikas Company Limited
2026042104010102,HURJA,35,17,760,268.5,204060.0,2026-04-21,187319212,2824,Kohinoor Investment & Securities Pvt. Ltd.,ABC Securities Private Limited,2026-04-21 14:26:01.961956,Himalaya Urja Bikas Company Limited
2026042104010103,HURJA,50,17,36,268.3,9658.8,2026-04-21,187319213,2824,Cristal Kanchanjanga Securites Pvt. Ltd.,ABC Securities Private Limited,2026-04-21 14:26:01.962291,Himalaya Urja Bikas Company Limited
2026042104010104,HURJA,50,53,64,268.3,17171.2,2026-04-21,187319232,2824,Cristal Kanchanjanga Securites Pvt. Ltd.,Investment Management Nepal Pvt. Ltd.,2026-04-21 14:26:02.916097,Himalaya Urja Bikas Company Limited
2026042104010105,HURJA,3,53,25,268.2,6705.0,2026-04-21,187319234,2824,Arun Securities (PVT) Ltd.,Investment Management Nepal Pvt. Ltd.,2026-04-21 14:26:02.916419,Himalaya Urja Bikas Company Limited
2026042104010106,HURJA,64,53,100,268.2,26820.0,2026-04-21,187319236,2824,SUN SECURITIES PVT LTD,Investment Management Nepal Pvt. Ltd.,2026-04-21 14:26:02.916543,Himalaya Urja Bikas Company Limited
2026042104010107,HURJA,16,53,11,268.1,2949.1,2026-04-21,187319237,2824,Primo Securities (PVT) Ltd.,Investment Management Nepal Pvt. Ltd.,2026-04-21 14:26:02.916661,Himalaya Urja Bikas Company Limited
2026042104010152,HURJA,16,22,39,268.1,10455.9,2026-04-21,187319668,2824,Primo Securities (PVT) Ltd.,Siprabi Securities Pvt. Ltd.,2026-04-21 14:26:29.062567,Himalaya Urja Bikas Company Limited
2026042104010153,HURJA,4,22,61,268.1,16354.1,2026-04-21,187319669,2824,Opal Securities Investment (PVT) Ltd.,Siprabi Securities Pvt. Ltd.,2026-04-21 14:26:29.062831,Himalaya Urja Bikas Company Limited
2026042104010191,HURJA,4,17,1889,268.1,506440.9,2026-04-21,187319930,2824,Opal Securities Investment (PVT) Ltd.,ABC Securities Private Limited,2026-04-21 14:26:49.594399,Himalaya Urja Bikas Company Limited
2026042104010192,HURJA,6,17,1000,268.1,268100.0,2026-04-21,187319932,2824,Agrawal Securities (PVT) Ltd.,ABC Securities Private Limited,2026-04-21 14:26:49.594730,Himalaya Urja Bikas Company Limited
2026042104010193,HURJA,59,17,100,268.1,26810.0,2026-04-21,187319934,2824,Deevyaa Securities & Stock House Pvt. Ltd,ABC Securities Private Limited,2026-04-21 14:26:49.594878,Himalaya Urja Bikas Company Limited
2026042104010194,HURJA,45,17,200,268.0,53600.0,2026-04-21,187319936,2824,Imperial Securities Company Pvt. Ltd.,ABC Securities Private Limited,2026-04-21 14:26:49.595001,Himalaya Urja Bikas Company Limited
2026042104010195,HURJA,33,17,1000,268.0,268000.0,2026-04-21,187319938,2824,Dakshinkali Investment & Securities Pvt. Ltd.,ABC Securities Private Limited,2026-04-21 14:26:49.595117,Himalaya Urja Bikas Company Limited
2026042104010196,HURJA,6,17,25,268.0,6700.0,2026-04-21,187319940,2824,Agrawal Securities (PVT) Ltd.,ABC Securities Private Limited,2026-04-21 14:26:49.595234,Himalaya Urja Bikas Company Limited
2026042104010197,HURJA,44,17,742,268.0,198856.0,2026-04-21,187319942,2824,Dynamic Money Managers Securities Pvt. Ltd.,ABC Securities Private Limited,2026-04-21 14:26:49.595356,Himalaya Urja Bikas Company Limited
2026042104010198,HURJA,58,17,55,268.0,14740.0,2026-04-21,187319944,2824,Naasa Securities Co. Ltd.,ABC Securities Private Limited,2026-04-21 14:26:49.595466,Himalaya Urja Bikas Company Limited
2026042104010199,HURJA,57,17,84,268.0,22512.0,2026-04-21,187319946,2824,Aryatara Investment & Securities,ABC Securities Private Limited,2026-04-21 14:26:49.595601,Himalaya Urja Bikas Company Limited
2026042104010200,HURJA,16,17,100,268.0,26800.0,2026-04-21,187319948,2824,Primo Securities (PVT) Ltd.,ABC Securities Private Limited,2026-04-21 14:26:49.595715,Himalaya Urja Bikas Company Limited
2026042104010201,HURJA,54,17,250,268.0,67000.0,2026-04-21,187319950,2824,Sewa Securities Pvt. Ltd.,ABC Securities Private Limited,2026-04-21 14:26:49.595839,Himalaya Urja Bikas Company Limited
2026042104010202,HURJA,89,17,250,268.0,67000.0,2026-04-21,187319952,2824,Global IME Securities Limited,ABC Securities Private Limited,2026-04-21 14:26:49.595952,Himalaya Urja Bikas Company Limited
2026042104010203,HURJA,45,17,120,268.0,32160.0,2026-04-21,187319954,2824,Imperial Securities Company Pvt. Ltd.,ABC Securities Private Limited,2026-04-21 14:26:49.596061,Himalaya Urja Bikas Company Limited
2026042104010204,HURJA,58,17,100,268.0,26800.0,2026-04-21,187319956,2824,Naasa Securities Co. Ltd.,ABC Securities Private Limited,2026-04-21 14:26:49.596175,Himalaya Urja Bikas Company Limited
2026042104010205,HURJA,70,17,500,268.0,134000.0,2026-04-21,187319958,2824,Infinity Securities Limited,ABC Securities Private Limited,2026-04-21 14:26:49.596288,Himalaya Urja Bikas Company Limited
2026042104010206,HURJA,42,17,500,268.0,134000.0,2026-04-21,187319960,2824,Sani Securities Company Ltd.,ABC Securities Private Limited,2026-04-21 14:26:49.596409,Himalaya Urja Bikas Company Limited
2026042104010207,HURJA,59,17,85,268.0,22780.0,2026-04-21,187319961,2824,Deevyaa Securities & Stock House Pvt. Ltd,ABC Securities Private Limited,2026-04-21 14:26:49.596520,Himalaya Urja Bikas Company Limited
2026042104010276,HURJA,59,45,15,268.0,4020.0,2026-04-21,187320618,2824,Deevyaa Securities & Stock House Pvt. Ltd,Imperial Securities Company Pvt. Ltd.,2026-04-21 14:27:40.433745,Himalaya Urja Bikas Company Limited
2026042104010310,HURJA,58,45,26,268.0,6968.0,2026-04-21,187320866,2824,Naasa Securities Co. Ltd.,Imperial Securities Company Pvt. Ltd.,2026-04-21 14:27:53.079760,Himalaya Urja Bikas Company Limited
2026042104010413,HURJA,14,45,199,268.0,53332.0,2026-04-21,187321232,2824,Nepal Stock House (PVT) Ltd.,Imperial Securities Company Pvt. Ltd.,2026-04-21 14:28:12.562264,Himalaya Urja Bikas Company Limited
2026042104010517,HURJA,42,45,700,268.0,187600.0,2026-04-21,187321918,2824,Sani Securities Company Ltd.,Imperial Securities Company Pvt. Ltd.,2026-04-21 14:28:46.834659,Himalaya Urja Bikas Company Limited
2026042104010735,HURJA,58,45,10,268.0,2680.0,2026-04-21,187322896,2824,Naasa Securities Co. Ltd.,Imperial Securities Company Pvt. Ltd.,2026-04-21 14:29:29.958206,Himalaya Urja Bikas Company Limited
2026042104010836,HURJA,25,45,50,268.0,13400.0,2026-04-21,187323759,2824,Sweta Securities Private Limited,Imperial Securities Company Pvt. Ltd.,2026-04-21 14:30:20.215810,Himalaya Urja Bikas Company Limited
2026042104010837,HURJA,25,14,650,268.0,174200.0,2026-04-21,187323762,2824,Sweta Securities Private Limited,Nepal Stock House (PVT) Ltd.,2026-04-21 14:30:20.216067,Himalaya Urja Bikas Company Limited
2026042104010914,HURJA,19,17,1000,267.3,267300.0,2026-04-21,187324203,2824,Nepal Investment And Securities Trading Private Limited,ABC Securities Private Limited,2026-04-21 14:30:39.530644,Himalaya Urja Bikas Company Limited
2026042104011324,HURJA,64,14,350,268.0,93800.0,2026-04-21,187327791,2824,SUN SECURITIES PVT LTD,Nepal Stock House (PVT) Ltd.,2026-04-21 14:34:09.616723,Himalaya Urja Bikas Company Limited
2026042104011325,HURJA,64,17,150,268.0,40200.0,2026-04-21,187327794,2824,SUN SECURITIES PVT LTD,ABC Securities Private Limited,2026-04-21 14:34:09.617019,Himalaya Urja Bikas Company Limited
2026042104011411,HURJA,22,62,140,267.4,37436.0,2026-04-21,187328624,2824,Siprabi Securities Pvt. Ltd.,Capital Max Securities Ltd,2026-04-21 14:34:55.557932,Himalaya Urja Bikas Company Limited
2026042104011412,HURJA,16,62,360,267.3,96228.0,2026-04-21,187328625,2824,Primo Securities (PVT) Ltd.,Capital Max Securities Ltd,2026-04-21 14:34:55.558504,Himalaya Urja Bikas Company Limited
2026042104011594,HURJA,25,11,6,269.0,1614.0,2026-04-21,187330379,2824,Sweta Securities Private Limited,Malla & Malla Stock Broking Company Pvt. Limited,2026-04-21 14:36:35.824440,Himalaya Urja Bikas Company Limited
2026042104011595,HURJA,50,17,100,267.5,26750.0,2026-04-21,187330424,2824,Cristal Kanchanjanga Securites Pvt. Ltd.,ABC Securities Private Limited,2026-04-21 14:36:39.366218,Himalaya Urja Bikas Company Limited
2026042104011596,HURJA,16,17,140,267.3,37422.0,2026-04-21,187330426,2824,Primo Securities (PVT) Ltd.,ABC Securities Private Limited,2026-04-21 14:36:39.366512,Himalaya Urja Bikas Company Limited
2026042104011597,HURJA,64,17,500,267.3,133650.0,2026-04-21,187330428,2824,SUN SECURITIES PVT LTD,ABC Securities Private Limited,2026-04-21 14:36:39.366630,Himalaya Urja Bikas Company Limited
2026042104011598,HURJA,32,17,300,267.3,80190.0,2026-04-21,187330430,2824,Premier Securities Company Ltd.,ABC Securities Private Limited,2026-04-21 14:36:39.366742,Himalaya Urja Bikas Company Limited
2026042104011599,HURJA,3,17,1000,267.2,267200.0,2026-04-21,187330432,2824,Arun Securities (PVT) Ltd.,ABC Securities Private Limited,2026-04-21 14:36:39.366858,Himalaya Urja Bikas Company Limited
2026042104011600,HURJA,34,17,1000,267.2,267200.0,2026-04-21,187330434,2824,Vision Securities Pvt. Ltd,ABC Securities Private Limited,2026-04-21 14:36:39.366975,Himalaya Urja Bikas Company Limited
2026042104011601,HURJA,22,17,3000,267.1,801300.0,2026-04-21,187330436,2824,Siprabi Securities Pvt. Ltd.,ABC Securities Private Limited,2026-04-21 14:36:39.367092,Himalaya Urja Bikas Company Limited
2026042104011602,HURJA,6,17,50,267.0,13350.0,2026-04-21,187330438,2824,Agrawal Securities (PVT) Ltd.,ABC Securities Private Limited,2026-04-21 14:36:39.367206,Himalaya Urja Bikas Company Limited
2026042104011603,HURJA,50,17,1000,267.0,267000.0,2026-04-21,187330440,2824,Cristal Kanchanjanga Securites Pvt. Ltd.,ABC Securities Private Limited,2026-04-21 14:36:39.367321,Himalaya Urja Bikas Company Limited
2026042104011604,HURJA,49,17,100,267.0,26700.0,2026-04-21,187330442,2824,Online Securities Pvt. Ltd.,ABC Securities Private Limited,2026-04-21 14:36:39.367440,Himalaya Urja Bikas Company Limited
2026042104011605,HURJA,40,17,300,267.0,80100.0,2026-04-21,187330444,2824,Creative Securities Pvt Ltd,ABC Securities Private Limited,2026-04-21 14:36:39.367553,Himalaya Urja Bikas Company Limited
2026042104011606,HURJA,6,17,1800,267.0,480600.0,2026-04-21,187330446,2824,Agrawal Securities (PVT) Ltd.,ABC Securities Private Limited,2026-04-21 14:36:39.367664,Himalaya Urja Bikas Company Limited
2026042104011607,HURJA,49,17,1000,267.0,267000.0,2026-04-21,187330448,2824,Online Securities Pvt. Ltd.,ABC Securities Private Limited,2026-04-21 14:36:39.367772,Himalaya Urja Bikas Company Limited
2026042104011608,HURJA,70,17,500,267.0,133500.0,2026-04-21,187330450,2824,Infinity Securities Limited,ABC Securities Private Limited,2026-04-21 14:36:39.367898,Himalaya Urja Bikas Company Limited
2026042104011609,HURJA,34,17,200,267.0,53400.0,2026-04-21,187330452,2824,Vision Securities Pvt. Ltd,ABC Securities Private Limited,2026-04-21 14:36:39.368006,Himalaya Urja Bikas Company Limited
2026042104011610,HURJA,17,17,4000,267.0,1068000.0,2026-04-21,187330454,2824,ABC Securities Private Limited,ABC Securities Private Limited,2026-04-21 14:36:39.368117,Himalaya Urja Bikas Company Limited
2026042104011611,HURJA,44,17,10,267.0,2670.0,2026-04-21,187330455,2824,Dynamic Money Managers Securities Pvt. Ltd.,ABC Securities Private Limited,2026-04-21 14:36:39.368223,Himalaya Urja Bikas Company Limited
2026042104011623,HURJA,44,66,490,267.0,130830.0,2026-04-21,187330656,2824,Dynamic Money Managers Securities Pvt. Ltd.,Miyo Securities Pvt Ltd,2026-04-21 14:36:50.094962,Himalaya Urja Bikas Company Limited
2026042104011624,HURJA,36,66,10,267.0,2670.0,2026-04-21,187330657,2824,Secured Securities Ltd.,Miyo Securities Pvt Ltd,2026-04-21 14:36:50.095354,Himalaya Urja Bikas Company Limited
2026042104011766,HURJA,48,22,50,267.0,13350.0,2026-04-21,187331976,2824,Trishakti Securities Public Limited,Siprabi Securities Pvt. Ltd.,2026-04-21 14:38:02.022127,Himalaya Urja Bikas Company Limited
2026042104011767,HURJA,49,22,60,267.0,16020.0,2026-04-21,187331978,2824,Online Securities Pvt. Ltd.,Siprabi Securities Pvt. Ltd.,2026-04-21 14:38:02.022722,Himalaya Urja Bikas Company Limited
2026042104011768,HURJA,41,22,100,267.0,26700.0,2026-04-21,187331980,2824,Linch Stock Market Ltd.,Siprabi Securities Pvt. Ltd.,2026-04-21 14:38:02.023165,Himalaya Urja Bikas Company Limited
2026042104011769,HURJA,52,22,190,267.0,50730.0,2026-04-21,187331981,2824,Sundhara Securities Limited,Siprabi Securities Pvt. Ltd.,2026-04-21 14:38:02.023528,Himalaya Urja Bikas Company Limited
2026042104011798,HURJA,14,17,30,268.0,8040.0,2026-04-21,187332232,2824,Nepal Stock House (PVT) Ltd.,ABC Securities Private Limited,2026-04-21 14:38:16.569331,Himalaya Urja Bikas Company Limited
2026042104011908,HURJA,52,22,10,267.0,2670.0,2026-04-21,187332968,2824,Sundhara Securities Limited,Siprabi Securities Pvt. Ltd.,2026-04-21 14:39:01.342241,Himalaya Urja Bikas Company Limited
2026042104011909,HURJA,16,22,200,266.6,53320.0,2026-04-21,187332970,2824,Primo Securities (PVT) Ltd.,Siprabi Securities Pvt. Ltd.,2026-04-21 14:39:01.342508,Himalaya Urja Bikas Company Limited
2026042104011910,HURJA,32,22,150,266.6,39990.0,2026-04-21,187332972,2824,Premier Securities Company Ltd.,Siprabi Securities Pvt. Ltd.,2026-04-21 14:39:01.342623,Himalaya Urja Bikas Company Limited
2026042104011911,HURJA,3,22,1000,266.2,266200.0,2026-04-21,187332974,2824,Arun Securities (PVT) Ltd.,Siprabi Securities Pvt. Ltd.,2026-04-21 14:39:01.342731,Himalaya Urja Bikas Company Limited
2026042104011912,HURJA,16,22,500,266.2,133100.0,2026-04-21,187332976,2824,Primo Securities (PVT) Ltd.,Siprabi Securities Pvt. Ltd.,2026-04-21 14:39:01.342840,Himalaya Urja Bikas Company Limited
2026042104011913,HURJA,45,22,640,266.0,170240.0,2026-04-21,187332977,2824,Imperial Securities Company Pvt. Ltd.,Siprabi Securities Pvt. Ltd.,2026-04-21 14:39:01.342951,Himalaya Urja Bikas Company Limited
2026042104012031,HURJA,45,58,300,266.0,79800.0,2026-04-21,187334377,2824,Imperial Securities Company Pvt. Ltd.,Naasa Securities Co. Ltd.,2026-04-21 14:40:16.715514,Himalaya Urja Bikas Company Limited
2026042104012107,HURJA,58,38,10,266.2,2662.0,2026-04-21,187335089,2824,Naasa Securities Co. Ltd.,Dipshikha Dhitopatra Karobar Co. Pvt Ltd.,2026-04-21 14:41:00.231794,Himalaya Urja Bikas Company Limited
2026042104012250,HURJA,58,45,90,266.2,23958.0,2026-04-21,187336496,2824,Naasa Securities Co. Ltd.,Imperial Securities Company Pvt. Ltd.,2026-04-21 14:42:02.107664,Himalaya Urja Bikas Company Limited
2026042104012251,HURJA,6,45,50,266.2,13310.0,2026-04-21,187336498,2824,Agrawal Securities (PVT) Ltd.,Imperial Securities Company Pvt. Ltd.,2026-04-21 14:42:02.107959,Himalaya Urja Bikas Company Limited
2026042104012252,HURJA,34,45,600,266.1,159660.0,2026-04-21,187336500,2824,Vision Securities Pvt. Ltd,Imperial Securities Company Pvt. Ltd.,2026-04-21 14:42:02.108083,Himalaya Urja Bikas Company Limited
2026042104012253,HURJA,45,45,60,266.0,15960.0,2026-04-21,187336502,2824,Imperial Securities Company Pvt. Ltd.,Imperial Securities Company Pvt. Ltd.,2026-04-21 14:42:02.108204,Himalaya Urja Bikas Company Limited
2026042104012254,HURJA,46,45,1000,266.0,266000.0,2026-04-21,187336504,2824,Kalika Securities Pvt. Ltd.,Imperial Securities Company Pvt. Ltd.,2026-04-21 14:42:02.108330,Himalaya Urja Bikas Company Limited
2026042104012255,HURJA,81,45,300,266.0,79800.0,2026-04-21,187336506,2824,Aakashbhairab Securities Ltd.,Imperial Securities Company Pvt. Ltd.,2026-04-21 14:42:02.108479,Himalaya Urja Bikas Company Limited
2026042104012256,HURJA,42,45,200,266.0,53200.0,2026-04-21,187336508,2824,Sani Securities Company Ltd.,Imperial Securities Company Pvt. Ltd.,2026-04-21 14:42:02.108598,Himalaya Urja Bikas Company Limited
2026042104012257,HURJA,70,45,400,266.0,106400.0,2026-04-21,187336509,2824,Infinity Securities Limited,Imperial Securities Company Pvt. Ltd.,2026-04-21 14:42:02.108706,Himalaya Urja Bikas Company Limited
2026042104012315,HURJA,70,4,465,266.0,123690.0,2026-04-21,187336974,2824,Infinity Securities Limited,Opal Securities Investment (PVT) Ltd.,2026-04-21 14:42:21.582279,Himalaya Urja Bikas Company Limited
2026042104012316,HURJA,80,4,1000,266.0,266000.0,2026-04-21,187336976,2824,Indira securities pvt. ltd,Opal Securities Investment (PVT) Ltd.,2026-04-21 14:42:21.582416,Himalaya Urja Bikas Company Limited
2026042104012317,HURJA,36,4,500,266.0,133000.0,2026-04-21,187336978,2824,Secured Securities Ltd.,Opal Securities Investment (PVT) Ltd.,2026-04-21 14:42:21.582496,Himalaya Urja Bikas Company Limited
2026042104012318,HURJA,17,4,500,266.0,133000.0,2026-04-21,187336980,2824,ABC Securities Private Limited,Opal Securities Investment (PVT) Ltd.,2026-04-21 14:42:21.582602,Himalaya Urja Bikas Company Limited
2026042104012319,HURJA,6,4,50,266.0,13300.0,2026-04-21,187336982,2824,Agrawal Securities (PVT) Ltd.,Opal Securities Investment (PVT) Ltd.,2026-04-21 14:42:21.582705,Himalaya Urja Bikas Company Limited
2026042104012320,HURJA,5,4,100,266.0,26600.0,2026-04-21,187336984,2824,Market Securities & Exchange (PVT) Ltd.,Opal Securities Investment (PVT) Ltd.,2026-04-21 14:42:21.582807,Himalaya Urja Bikas Company Limited
2026042104012321,HURJA,6,4,50,266.0,13300.0,2026-04-21,187336986,2824,Agrawal Securities (PVT) Ltd.,Opal Securities Investment (PVT) Ltd.,2026-04-21 14:42:21.582929,Himalaya Urja Bikas Company Limited
2026042104012322,HURJA,39,4,500,266.0,133000.0,2026-04-21,187336988,2824,Sumeru Securities Pvt. Ltd.,Opal Securities Investment (PVT) Ltd.,2026-04-21 14:42:21.583041,Himalaya Urja Bikas Company Limited
2026042104012323,HURJA,21,4,200,265.2,53040.0,2026-04-21,187336990,2824,Midas Stock Broking Company Private Limited,Opal Securities Investment (PVT) Ltd.,2026-04-21 14:42:21.583172,Himalaya Urja Bikas Company Limited
2026042104012324,HURJA,3,4,1000,265.2,265200.0,2026-04-21,187336992,2824,Arun Securities (PVT) Ltd.,Opal Securities Investment (PVT) Ltd.,2026-04-21 14:42:21.583266,Himalaya Urja Bikas Company Limited
2026042104012325,HURJA,16,4,100,265.1,26510.0,2026-04-21,187336994,2824,Primo Securities (PVT) Ltd.,Opal Securities Investment (PVT) Ltd.,2026-04-21 14:42:21.583394,Himalaya Urja Bikas Company Limited
2026042104012326,HURJA,35,4,1500,265.1,397650.0,2026-04-21,187336996,2824,Kohinoor Investment & Securities Pvt. Ltd.,Opal Securities Investment (PVT) Ltd.,2026-04-21 14:42:21.583488,Himalaya Urja Bikas Company Limited
2026042104012327,HURJA,50,4,2000,265.0,530000.0,2026-04-21,187336998,2824,Cristal Kanchanjanga Securites Pvt. Ltd.,Opal Securities Investment (PVT) Ltd.,2026-04-21 14:42:21.583598,Himalaya Urja Bikas Company Limited
2026042104012328,HURJA,1,4,1000,265.0,265000.0,2026-04-21,187337000,2824,Kumari Securities Private Limited,Opal Securities Investment (PVT) Ltd.,2026-04-21 14:42:21.583707,Himalaya Urja Bikas Company Limited
2026042104012329,HURJA,36,4,100,265.0,26500.0,2026-04-21,187337002,2824,Secured Securities Ltd.,Opal Securities Investment (PVT) Ltd.,2026-04-21 14:42:21.583829,Himalaya Urja Bikas Company Limited
2026042104012330,HURJA,80,4,500,265.0,132500.0,2026-04-21,187337004,2824,Indira securities pvt. ltd,Opal Securities Investment (PVT) Ltd.,2026-04-21 14:42:21.583921,Himalaya Urja Bikas Company Limited
2026042104012331,HURJA,22,4,100,265.0,26500.0,2026-04-21,187337006,2824,Siprabi Securities Pvt. Ltd.,Opal Securities Investment (PVT) Ltd.,2026-04-21 14:42:21.584001,Himalaya Urja Bikas Company Limited
2026042104012332,HURJA,65,4,100,265.0,26500.0,2026-04-21,187337008,2824,Sharepro Securities Private Limited,Opal Securities Investment (PVT) Ltd.,2026-04-21 14:42:21.584077,Himalaya Urja Bikas Company Limited
2026042104012333,HURJA,7,4,100,265.0,26500.0,2026-04-21,187337010,2824,J.F. Securites (PVT) Ltd.,Opal Securities Investment (PVT) Ltd.,2026-04-21 14:42:21.584173,Himalaya Urja Bikas Company Limited
2026042104012334,HURJA,14,4,100,265.0,26500.0,2026-04-21,187336914,2824,Nepal Stock House (PVT) Ltd.,Opal Securities Investment (PVT) Ltd.,2026-04-21 14:42:21.584259,Himalaya Urja Bikas Company Limited
2026042104012335,HURJA,34,4,1000,265.0,265000.0,2026-04-21,187336916,2824,Vision Securities Pvt. Ltd,Opal Securities Investment (PVT) Ltd.,2026-04-21 14:42:21.584390,Himalaya Urja Bikas Company Limited
2026042104012336,HURJA,26,4,200,265.0,53000.0,2026-04-21,187336918,2824,Asian Securities Private Ltd.,Opal Securities Investment (PVT) Ltd.,2026-04-21 14:42:21.584490,Himalaya Urja Bikas Company Limited
2026042104012337,HURJA,37,4,500,265.0,132500.0,2026-04-21,187336920,2824,Swarna Laxmi Securities Pvt. Ltd.,Opal Securities Investment (PVT) Ltd.,2026-04-21 14:42:21.584583,Himalaya Urja Bikas Company Limited
2026042104012338,HURJA,36,4,1000,265.0,265000.0,2026-04-21,187336922,2824,Secured Securities Ltd.,Opal Securities Investment (PVT) Ltd.,2026-04-21 14:42:21.584708,Himalaya Urja Bikas Company Limited
2026042104012339,HURJA,45,4,500,265.0,132500.0,2026-04-21,187336924,2824,Imperial Securities Company Pvt. Ltd.,Opal Securities Investment (PVT) Ltd.,2026-04-21 14:42:21.584806,Himalaya Urja Bikas Company Limited
2026042104012340,HURJA,34,4,500,265.0,132500.0,2026-04-21,187336926,2824,Vision Securities Pvt. Ltd,Opal Securities Investment (PVT) Ltd.,2026-04-21 14:42:21.584889,Himalaya Urja Bikas Company Limited
2026042104012341,HURJA,52,4,100,265.0,26500.0,2026-04-21,187336928,2824,Sundhara Securities Limited,Opal Securities Investment (PVT) Ltd.,2026-04-21 14:42:21.585004,Himalaya Urja Bikas Company Limited
2026042104012342,HURJA,32,4,200,265.0,53000.0,2026-04-21,187336930,2824,Premier Securities Company Ltd.,Opal Securities Investment (PVT) Ltd.,2026-04-21 14:42:21.585108,Himalaya Urja Bikas Company Limited
2026042104012343,HURJA,51,4,200,265.0,53000.0,2026-04-21,187336932,2824,Oxford Securities Pvt. Ltd.,Opal Securities Investment (PVT) Ltd.,2026-04-21 14:42:21.585209,Himalaya Urja Bikas Company Limited
2026042104012344,HURJA,58,4,50,265.0,13250.0,2026-04-21,187336934,2824,Naasa Securities Co. Ltd.,Opal Securities Investment (PVT) Ltd.,2026-04-21 14:42:21.585310,Himalaya Urja Bikas Company Limited
2026042104012345,HURJA,80,4,175,265.0,46375.0,2026-04-21,187336936,2824,Indira securities pvt. ltd,Opal Securities Investment (PVT) Ltd.,2026-04-21 14:42:21.585448,Himalaya Urja Bikas Company Limited
2026042104012346,HURJA,65,4,200,265.0,53000.0,2026-04-21,187336938,2824,Sharepro Securities Private Limited,Opal Securities Investment (PVT) Ltd.,2026-04-21 14:42:21.585576,Himalaya Urja Bikas Company Limited
2026042104012347,HURJA,34,4,114,265.0,30210.0,2026-04-21,187336940,2824,Vision Securities Pvt. Ltd,Opal Securities Investment (PVT) Ltd.,2026-04-21 14:42:21.585653,Himalaya Urja Bikas Company Limited
2026042104012348,HURJA,6,4,200,265.0,53000.0,2026-04-21,187336942,2824,Agrawal Securities (PVT) Ltd.,Opal Securities Investment (PVT) Ltd.,2026-04-21 14:42:21.585757,Himalaya Urja Bikas Company Limited
2026042104012349,HURJA,43,4,300,265.0,79500.0,2026-04-21,187336946,2824,South Asian Bulls Pvt. Ltd.,Opal Securities Investment (PVT) Ltd.,2026-04-21 14:42:21.585860,Himalaya Urja Bikas Company Limited
2026042104012350,HURJA,53,4,200,265.0,53000.0,2026-04-21,187336948,2824,Investment Management Nepal Pvt. Ltd.,Opal Securities Investment (PVT) Ltd.,2026-04-21 14:42:21.585968,Himalaya Urja Bikas Company Limited
2026042104012351,HURJA,34,4,50,265.0,13250.0,2026-04-21,187336950,2824,Vision Securities Pvt. Ltd,Opal Securities Investment (PVT) Ltd.,2026-04-21 14:42:21.586082,Himalaya Urja Bikas Company Limited
2026042104012352,HURJA,43,4,100,265.0,26500.0,2026-04-21,187336952,2824,South Asian Bulls Pvt. Ltd.,Opal Securities Investment (PVT) Ltd.,2026-04-21 14:42:21.586215,Himalaya Urja Bikas Company Limited
2026042104012353,HURJA,58,4,100,265.0,26500.0,2026-04-21,187336954,2824,Naasa Securities Co. Ltd.,Opal Securities Investment (PVT) Ltd.,2026-04-21 14:42:21.586308,Himalaya Urja Bikas Company Limited
2026042104012354,HURJA,16,4,1000,265.0,265000.0,2026-04-21,187336956,2824,Primo Securities (PVT) Ltd.,Opal Securities Investment (PVT) Ltd.,2026-04-21 14:42:21.586423,Himalaya Urja Bikas Company Limited
2026042104012355,HURJA,7,4,2000,265.0,530000.0,2026-04-21,187336958,2824,J.F. Securites (PVT) Ltd.,Opal Securities Investment (PVT) Ltd.,2026-04-21 14:42:21.586523,Himalaya Urja Bikas Company Limited
2026042104012356,HURJA,49,4,100,265.0,26500.0,2026-04-21,187336960,2824,Online Securities Pvt. Ltd.,Opal Securities Investment (PVT) Ltd.,2026-04-21 14:42:21.586624,Himalaya Urja Bikas Company Limited
2026042104012357,HURJA,54,4,300,265.0,79500.0,2026-04-21,187336962,2824,Sewa Securities Pvt. Ltd.,Opal Securities Investment (PVT) Ltd.,2026-04-21 14:42:21.586723,Himalaya Urja Bikas Company Limited
2026042104012358,HURJA,41,4,500,265.0,132500.0,2026-04-21,187336964,2824,Linch Stock Market Ltd.,Opal Securities Investment (PVT) Ltd.,2026-04-21 14:42:21.586822,Himalaya Urja Bikas Company Limited
2026042104012359,HURJA,81,4,200,265.0,53000.0,2026-04-21,187336966,2824,Aakashbhairab Securities Ltd.,Opal Securities Investment (PVT) Ltd.,2026-04-21 14:42:21.586923,Himalaya Urja Bikas Company Limited
2026042104012360,HURJA,34,4,246,265.0,65190.0,2026-04-21,187336967,2824,Vision Securities Pvt. Ltd,Opal Securities Investment (PVT) Ltd.,2026-04-21 14:42:21.587027,Himalaya Urja Bikas Company Limited
2026042104012409,HURJA,6,3,50,266.2,13310.0,2026-04-21,187337342,2824,Agrawal Securities (PVT) Ltd.,Arun Securities (PVT) Ltd.,2026-04-21 14:42:40.728252,Himalaya Urja Bikas Company Limited
2026042104012423,HURJA,36,3,50,266.0,13300.0,2026-04-21,187337476,2824,Secured Securities Ltd.,Arun Securities (PVT) Ltd.,2026-04-21 14:42:43.446220,Himalaya Urja Bikas Company Limited
2026042104012461,HURJA,34,66,754,265.0,199810.0,2026-04-21,187337674,2824,Vision Securities Pvt. Ltd,Miyo Securities Pvt Ltd,2026-04-21 14:42:54.743108,Himalaya Urja Bikas Company Limited
2026042104012462,HURJA,39,66,246,265.0,65190.0,2026-04-21,187337675,2824,Sumeru Securities Pvt. Ltd.,Miyo Securities Pvt Ltd,2026-04-21 14:42:54.743576,Himalaya Urja Bikas Company Limited
2026042104012504,HURJA,39,49,754,265.0,199810.0,2026-04-21,187337850,2824,Sumeru Securities Pvt. Ltd.,Online Securities Pvt. Ltd.,2026-04-21 14:42:59.198381,Himalaya Urja Bikas Company Limited
2026042104012505,HURJA,32,49,246,265.0,65190.0,2026-04-21,187337851,2824,Premier Securities Company Ltd.,Online Securities Pvt. Ltd.,2026-04-21 14:42:59.198617,Himalaya Urja Bikas Company Limited
2026042104012519,HURJA,8,3,100,266.0,26600.0,2026-04-21,187338016,2824,Brilliant Securities Pvt. Ltd.,Arun Securities (PVT) Ltd.,2026-04-21 14:43:04.553587,Himalaya Urja Bikas Company Limited
2026042104012538,HURJA,58,11,17,265.0,4505.0,2026-04-21,187338195,2824,Naasa Securities Co. Ltd.,Malla & Malla Stock Broking Company Pvt. Limited,2026-04-21 14:43:14.134978,Himalaya Urja Bikas Company Limited
2026042104012680,HURJA,58,4,33,265.0,8745.0,2026-04-21,187339664,2824,Naasa Securities Co. Ltd.,Opal Securities Investment (PVT) Ltd.,2026-04-21 14:44:13.554459,Himalaya Urja Bikas Company Limited
2026042104012681,HURJA,52,4,100,265.0,26500.0,2026-04-21,187339666,2824,Sundhara Securities Limited,Opal Securities Investment (PVT) Ltd.,2026-04-21 14:44:13.554589,Himalaya Urja Bikas Company Limited
2026042104012682,HURJA,6,4,100,265.0,26500.0,2026-04-21,187339668,2824,Agrawal Securities (PVT) Ltd.,Opal Securities Investment (PVT) Ltd.,2026-04-21 14:44:13.554727,Himalaya Urja Bikas Company Limited
2026042104012683,HURJA,3,4,1000,264.2,264200.0,2026-04-21,187339670,2824,Arun Securities (PVT) Ltd.,Opal Securities Investment (PVT) Ltd.,2026-04-21 14:44:13.554805,Himalaya Urja Bikas Company Limited
2026042104012684,HURJA,22,4,1000,264.1,264100.0,2026-04-21,187339672,2824,Siprabi Securities Pvt. Ltd.,Opal Securities Investment (PVT) Ltd.,2026-04-21 14:44:13.554877,Himalaya Urja Bikas Company Limited
2026042104012685,HURJA,49,4,100,264.0,26400.0,2026-04-21,187339674,2824,Online Securities Pvt. Ltd.,Opal Securities Investment (PVT) Ltd.,2026-04-21 14:44:13.554948,Himalaya Urja Bikas Company Limited
2026042104012686,HURJA,52,4,200,264.0,52800.0,2026-04-21,187339676,2824,Sundhara Securities Limited,Opal Securities Investment (PVT) Ltd.,2026-04-21 14:44:13.555086,Himalaya Urja Bikas Company Limited
2026042104012687,HURJA,6,4,1000,264.0,264000.0,2026-04-21,187339678,2824,Agrawal Securities (PVT) Ltd.,Opal Securities Investment (PVT) Ltd.,2026-04-21 14:44:13.555149,Himalaya Urja Bikas Company Limited
2026042104012688,HURJA,20,4,500,264.0,132000.0,2026-04-21,187339680,2824,Sipla Securities Private Limited,Opal Securities Investment (PVT) Ltd.,2026-04-21 14:44:13.555220,Himalaya Urja Bikas Company Limited
2026042104012689,HURJA,11,4,500,264.0,132000.0,2026-04-21,187339682,2824,Malla & Malla Stock Broking Company Pvt. Limited,Opal Securities Investment (PVT) Ltd.,2026-04-21 14:44:13.555274,Himalaya Urja Bikas Company Limited
2026042104012690,HURJA,34,4,500,264.0,132000.0,2026-04-21,187339684,2824,Vision Securities Pvt. Ltd,Opal Securities Investment (PVT) Ltd.,2026-04-21 14:44:13.555350,Himalaya Urja Bikas Company Limited
2026042104012691,HURJA,40,4,1000,264.0,264000.0,2026-04-21,187339686,2824,Creative Securities Pvt Ltd,Opal Securities Investment (PVT) Ltd.,2026-04-21 14:44:13.555419,Himalaya Urja Bikas Company Limited
2026042104012692,HURJA,42,4,50,263.9,13195.0,2026-04-21,187339688,2824,Sani Securities Company Ltd.,Opal Securities Investment (PVT) Ltd.,2026-04-21 14:44:13.555526,Himalaya Urja Bikas Company Limited
2026042104012693,HURJA,56,4,36,263.9,9500.4,2026-04-21,187339690,2824,Sri Hari Securities Pvt. Ltd.,Opal Securities Investment (PVT) Ltd.,2026-04-21 14:44:13.555583,Himalaya Urja Bikas Company Limited
2026042104012694,HURJA,45,4,100,263.7,26370.0,2026-04-21,187339692,2824,Imperial Securities Company Pvt. Ltd.,Opal Securities Investment (PVT) Ltd.,2026-04-21 14:44:13.555688,Himalaya Urja Bikas Company Limited
2026042104012695,HURJA,41,4,100,263.4,26340.0,2026-04-21,187339694,2824,Linch Stock Market Ltd.,Opal Securities Investment (PVT) Ltd.,2026-04-21 14:44:13.555768,Himalaya Urja Bikas Company Limited
2026042104012696,HURJA,34,4,300,263.2,78960.0,2026-04-21,187339696,2824,Vision Securities Pvt. Ltd,Opal Securities Investment (PVT) Ltd.,2026-04-21 14:44:13.555851,Himalaya Urja Bikas Company Limited
2026042104012697,HURJA,50,4,500,263.1,131550.0,2026-04-21,187339698,2824,Cristal Kanchanjanga Securites Pvt. Ltd.,Opal Securities Investment (PVT) Ltd.,2026-04-21 14:44:13.555966,Himalaya Urja Bikas Company Limited
2026042104012698,HURJA,45,4,50,263.0,13150.0,2026-04-21,187339700,2824,Imperial Securities Company Pvt. Ltd.,Opal Securities Investment (PVT) Ltd.,2026-04-21 14:44:13.556062,Himalaya Urja Bikas Company Limited
2026042104012699,HURJA,26,4,500,263.0,131500.0,2026-04-21,187339702,2824,Asian Securities Private Ltd.,Opal Securities Investment (PVT) Ltd.,2026-04-21 14:44:13.556141,Himalaya Urja Bikas Company Limited
2026042104012700,HURJA,1,4,100,263.0,26300.0,2026-04-21,187339704,2824,Kumari Securities Private Limited,Opal Securities Investment (PVT) Ltd.,2026-04-21 14:44:13.556212,Himalaya Urja Bikas Company Limited
2026042104012701,HURJA,58,4,10,263.0,2630.0,2026-04-21,187339706,2824,Naasa Securities Co. Ltd.,Opal Securities Investment (PVT) Ltd.,2026-04-21 14:44:13.556294,Himalaya Urja Bikas Company Limited
2026042104012702,HURJA,34,4,600,263.0,157800.0,2026-04-21,187339708,2824,Vision Securities Pvt. Ltd,Opal Securities Investment (PVT) Ltd.,2026-04-21 14:44:13.556375,Himalaya Urja Bikas Company Limited
2026042104012703,HURJA,29,4,100,263.0,26300.0,2026-04-21,187339710,2824,Trisul Securities & Invt. Ltd.,Opal Securities Investment (PVT) Ltd.,2026-04-21 14:44:13.556450,Himalaya Urja Bikas Company Limited
2026042104012704,HURJA,22,4,500,263.0,131500.0,2026-04-21,187339712,2824,Siprabi Securities Pvt. Ltd.,Opal Securities Investment (PVT) Ltd.,2026-04-21 14:44:13.556531,Himalaya Urja Bikas Company Limited
2026042104012705,HURJA,5,4,500,263.0,131500.0,2026-04-21,187339714,2824,Market Securities & Exchange (PVT) Ltd.,Opal Securities Investment (PVT) Ltd.,2026-04-21 14:44:13.556599,Himalaya Urja Bikas Company Limited
2026042104012706,HURJA,45,4,30,263.0,7890.0,2026-04-21,187339716,2824,Imperial Securities Company Pvt. Ltd.,Opal Securities Investment (PVT) Ltd.,2026-04-21 14:44:13.556699,Himalaya Urja Bikas Company Limited
2026042104012707,HURJA,7,4,100,262.9,26290.0,2026-04-21,187339718,2824,J.F. Securites (PVT) Ltd.,Opal Securities Investment (PVT) Ltd.,2026-04-21 14:44:13.556774,Himalaya Urja Bikas Company Limited
2026042104012708,HURJA,1,4,200,262.2,52440.0,2026-04-21,187339720,2824,Kumari Securities Private Limited,Opal Securities Investment (PVT) Ltd.,2026-04-21 14:44:13.556851,Himalaya Urja Bikas Company Limited
2026042104012709,HURJA,34,4,400,262.1,104840.0,2026-04-21,187339722,2824,Vision Securities Pvt. Ltd,Opal Securities Investment (PVT) Ltd.,2026-04-21 14:44:13.556927,Himalaya Urja Bikas Company Limited
2026042104012710,HURJA,49,4,100,262.0,26200.0,2026-04-21,187339724,2824,Online Securities Pvt. Ltd.,Opal Securities Investment (PVT) Ltd.,2026-04-21 14:44:13.556983,Himalaya Urja Bikas Company Limited
2026042104012711,HURJA,81,4,1000,262.0,262000.0,2026-04-21,187339726,2824,Aakashbhairab Securities Ltd.,Opal Securities Investment (PVT) Ltd.,2026-04-21 14:44:13.557057,Himalaya Urja Bikas Company Limited
2026042104012712,HURJA,58,4,10,262.0,2620.0,2026-04-21,187339728,2824,Naasa Securities Co. Ltd.,Opal Securities Investment (PVT) Ltd.,2026-04-21 14:44:13.557124,Himalaya Urja Bikas Company Limited
2026042104012713,HURJA,81,4,500,262.0,131000.0,2026-04-21,187339730,2824,Aakashbhairab Securities Ltd.,Opal Securities Investment (PVT) Ltd.,2026-04-21 14:44:13.557193,Himalaya Urja Bikas Company Limited
2026042104012714,HURJA,47,4,181,262.0,47422.0,2026-04-21,187339731,2824,Neev Securities Pvt. Ltd.,Opal Securities Investment (PVT) Ltd.,2026-04-21 14:44:13.557309,Himalaya Urja Bikas Company Limited
2026042104012741,HURJA,37,51,233,265.0,61745.0,2026-04-21,187340189,2824,Swarna Laxmi Securities Pvt. Ltd.,Oxford Securities Pvt. Ltd.,2026-04-21 14:44:25.231753,Himalaya Urja Bikas Company Limited
2026042104012843,HURJA,37,47,100,265.0,26500.0,2026-04-21,187341062,2824,Swarna Laxmi Securities Pvt. Ltd.,Neev Securities Pvt. Ltd.,2026-04-21 14:44:58.406065,Himalaya Urja Bikas Company Limited
2026042104012904,HURJA,37,17,1477,265.0,391405.0,2026-04-21,187341440,2824,Swarna Laxmi Securities Pvt. Ltd.,ABC Securities Private Limited,2026-04-21 14:45:10.854622,Himalaya Urja Bikas Company Limited
2026042104012905,HURJA,35,17,160,265.0,42400.0,2026-04-21,187341441,2824,Kohinoor Investment & Securities Pvt. Ltd.,ABC Securities Private Limited,2026-04-21 14:45:10.854875,Himalaya Urja Bikas Company Limited
2026042104012939,HURJA,35,22,40,265.0,10600.0,2026-04-21,187341656,2824,Kohinoor Investment & Securities Pvt. Ltd.,Siprabi Securities Pvt. Ltd.,2026-04-21 14:45:20.249698,Himalaya Urja Bikas Company Limited
2026042104012992,HURJA,4,51,427,265.0,113155.0,2026-04-21,187341973,2824,Opal Securities Investment (PVT) Ltd.,Oxford Securities Pvt. Ltd.,2026-04-21 14:45:33.248961,Himalaya Urja Bikas Company Limited
2026042104013003,HURJA,4,19,73,265.0,19345.0,2026-04-21,187342018,2824,Opal Securities Investment (PVT) Ltd.,Nepal Investment And Securities Trading Private Limited,2026-04-21 14:45:34.209360,Himalaya Urja Bikas Company Limited
2026042104013004,HURJA,6,19,50,265.0,13250.0,2026-04-21,187342020,2824,Agrawal Securities (PVT) Ltd.,Nepal Investment And Securities Trading Private Limited,2026-04-21 14:45:34.209795,Himalaya Urja Bikas Company Limited
2026042104013005,HURJA,74,19,1000,264.3,264300.0,2026-04-21,187342022,2824,KALASH STOCK MARKET PVT. LTD.,Nepal Investment And Securities Trading Private Limited,2026-04-21 14:45:34.210080,Himalaya Urja Bikas Company Limited
2026042104013012,HURJA,49,19,300,264.3,79290.0,2026-04-21,187342050,2824,Online Securities Pvt. Ltd.,Nepal Investment And Securities Trading Private Limited,2026-04-21 14:45:36.390863,Himalaya Urja Bikas Company Limited
2026042104013153,HURJA,6,51,50,264.0,13200.0,2026-04-21,187343140,2824,Agrawal Securities (PVT) Ltd.,Oxford Securities Pvt. Ltd.,2026-04-21 14:46:22.306185,Himalaya Urja Bikas Company Limited
2026042104013181,HURJA,42,51,950,264.0,250800.0,2026-04-21,187343267,2824,Sani Securities Company Ltd.,Oxford Securities Pvt. Ltd.,2026-04-21 14:46:27.450956,Himalaya Urja Bikas Company Limited
2026042104013214,HURJA,49,19,200,264.3,52860.0,2026-04-21,187343740,2824,Online Securities Pvt. Ltd.,Nepal Investment And Securities Trading Private Limited,2026-04-21 14:46:38.060342,Himalaya Urja Bikas Company Limited
2026042104013268,HURJA,42,21,10,264.0,2640.0,2026-04-21,187344465,2824,Sani Securities Company Ltd.,Midas Stock Broking Company Private Limited,2026-04-21 14:47:11.446177,Himalaya Urja Bikas Company Limited
2026042104013385,HURJA,38,19,100,264.3,26430.0,2026-04-21,187345406,2824,Dipshikha Dhitopatra Karobar Co. Pvt Ltd.,Nepal Investment And Securities Trading Private Limited,2026-04-21 14:47:47.804826,Himalaya Urja Bikas Company Limited
2026042104013449,HURJA,40,25,100,264.1,26410.0,2026-04-21,187345756,2824,Creative Securities Pvt Ltd,Sweta Securities Private Limited,2026-04-21 14:48:01.759503,Himalaya Urja Bikas Company Limited
2026042104013450,HURJA,42,25,40,264.0,10560.0,2026-04-21,187345758,2824,Sani Securities Company Ltd.,Sweta Securities Private Limited,2026-04-21 14:48:01.759575,Himalaya Urja Bikas Company Limited
2026042104013451,HURJA,57,25,650,264.0,171600.0,2026-04-21,187345760,2824,Aryatara Investment & Securities,Sweta Securities Private Limited,2026-04-21 14:48:01.759604,Himalaya Urja Bikas Company Limited
2026042104013452,HURJA,6,25,50,264.0,13200.0,2026-04-21,187345762,2824,Agrawal Securities (PVT) Ltd.,Sweta Securities Private Limited,2026-04-21 14:48:01.759633,Himalaya Urja Bikas Company Limited
2026042104013453,HURJA,64,25,460,264.0,121440.0,2026-04-21,187345763,2824,SUN SECURITIES PVT LTD,Sweta Securities Private Limited,2026-04-21 14:48:01.759658,Himalaya Urja Bikas Company Limited
2026042104013502,HURJA,8,19,105,264.3,27751.5,2026-04-21,187346266,2824,Brilliant Securities Pvt. Ltd.,Nepal Investment And Securities Trading Private Limited,2026-04-21 14:48:20.357616,Himalaya Urja Bikas Company Limited
2026042104013520,HURJA,18,19,3172,264.3,838359.6,2026-04-21,187346343,2824,Sagarmatha Securities Private Limited,Nepal Investment And Securities Trading Private Limited,2026-04-21 14:48:24.376610,Himalaya Urja Bikas Company Limited
2026042104013536,HURJA,18,58,20,264.3,5286.0,2026-04-21,187346475,2824,Sagarmatha Securities Private Limited,Naasa Securities Co. Ltd.,2026-04-21 14:48:29.161771,Himalaya Urja Bikas Company Limited
2026042104013618,HURJA,66,44,100,265.0,26500.0,2026-04-21,187347126,2824,Miyo Securities Pvt Ltd,Dynamic Money Managers Securities Pvt. Ltd.,2026-04-21 14:48:52.483575,Himalaya Urja Bikas Company Limited
2026042104013621,HURJA,49,44,100,265.0,26500.0,2026-04-21,187347195,2824,Online Securities Pvt. Ltd.,Dynamic Money Managers Securities Pvt. Ltd.,2026-04-21 14:48:53.177079,Himalaya Urja Bikas Company Limited
2026042104013864,HURJA,64,36,40,264.0,10560.0,2026-04-21,187348656,2824,SUN SECURITIES PVT LTD,Secured Securities Ltd.,2026-04-21 14:49:41.913377,Himalaya Urja Bikas Company Limited
2026042104013865,HURJA,58,36,150,264.0,39600.0,2026-04-21,187348658,2824,Naasa Securities Co. Ltd.,Secured Securities Ltd.,2026-04-21 14:49:41.913653,Himalaya Urja Bikas Company Limited
2026042104013866,HURJA,26,36,85,264.0,22440.0,2026-04-21,187348660,2824,Asian Securities Private Ltd.,Secured Securities Ltd.,2026-04-21 14:49:41.913749,Himalaya Urja Bikas Company Limited
2026042104013867,HURJA,34,36,40,264.0,10560.0,2026-04-21,187348662,2824,Vision Securities Pvt. Ltd,Secured Securities Ltd.,2026-04-21 14:49:41.913844,Himalaya Urja Bikas Company Limited
2026042104013868,HURJA,49,36,57,264.0,15048.0,2026-04-21,187348664,2824,Online Securities Pvt. Ltd.,Secured Securities Ltd.,2026-04-21 14:49:41.913938,Himalaya Urja Bikas Company Limited
2026042104013869,HURJA,32,36,250,263.0,65750.0,2026-04-21,187348666,2824,Premier Securities Company Ltd.,Secured Securities Ltd.,2026-04-21 14:49:41.914033,Himalaya Urja Bikas Company Limited
2026042104013870,HURJA,52,36,30,263.0,7890.0,2026-04-21,187348668,2824,Sundhara Securities Limited,Secured Securities Ltd.,2026-04-21 14:49:41.914121,Himalaya Urja Bikas Company Limited
2026042104013871,HURJA,29,36,50,263.0,13150.0,2026-04-21,187348670,2824,Trisul Securities & Invt. Ltd.,Secured Securities Ltd.,2026-04-21 14:49:41.914212,Himalaya Urja Bikas Company Limited
2026042104013872,HURJA,59,36,103,263.0,27089.0,2026-04-21,187348672,2824,Deevyaa Securities & Stock House Pvt. Ltd,Secured Securities Ltd.,2026-04-21 14:49:41.914303,Himalaya Urja Bikas Company Limited
2026042104013873,HURJA,10,36,195,263.0,51285.0,2026-04-21,187348673,2824,Pragyan Securities (PVT) Ltd.,Secured Securities Ltd.,2026-04-21 14:49:41.914397,Himalaya Urja Bikas Company Limited
2026042104014423,HURJA,52,47,100,264.1,26410.0,2026-04-21,187352869,2824,Sundhara Securities Limited,Neev Securities Pvt. Ltd.,2026-04-21 14:52:13.393001,Himalaya Urja Bikas Company Limited
2026042104014557,HURJA,57,64,100,264.2,26420.0,2026-04-21,187353836,2824,Aryatara Investment & Securities,SUN SECURITIES PVT LTD,2026-04-21 14:52:44.953377,Himalaya Urja Bikas Company Limited
2026042104014558,HURJA,42,64,50,264.2,13210.0,2026-04-21,187353838,2824,Sani Securities Company Ltd.,SUN SECURITIES PVT LTD,2026-04-21 14:52:44.953620,Himalaya Urja Bikas Company Limited
2026042104014559,HURJA,52,64,350,264.1,92435.0,2026-04-21,187353839,2824,Sundhara Securities Limited,SUN SECURITIES PVT LTD,2026-04-21 14:52:44.953725,Himalaya Urja Bikas Company Limited
2026042104014591,HURJA,8,6,100,264.9,26490.0,2026-04-21,187354090,2824,Brilliant Securities Pvt. Ltd.,Agrawal Securities (PVT) Ltd.,2026-04-21 14:52:56.622248,Himalaya Urja Bikas Company Limited
2026042104014592,HURJA,52,17,500,264.1,132050.0,2026-04-21,187354095,2824,Sundhara Securities Limited,ABC Securities Private Limited,2026-04-21 14:52:56.745021,Himalaya Urja Bikas Company Limited
2026042104014618,HURJA,52,22,300,264.1,79230.0,2026-04-21,187354251,2824,Sundhara Securities Limited,Siprabi Securities Pvt. Ltd.,2026-04-21 14:53:02.040101,Himalaya Urja Bikas Company Limited
2026042104014896,HURJA,52,39,250,264.1,66025.0,2026-04-21,187356324,2824,Sundhara Securities Limited,Sumeru Securities Pvt. Ltd.,2026-04-21 14:54:18.122174,Himalaya Urja Bikas Company Limited
2026042104014897,HURJA,6,39,50,264.1,13205.0,2026-04-21,187356326,2824,Agrawal Securities (PVT) Ltd.,Sumeru Securities Pvt. Ltd.,2026-04-21 14:54:18.122650,Himalaya Urja Bikas Company Limited
2026042104014898,HURJA,16,39,200,264.0,52800.0,2026-04-21,187356328,2824,Primo Securities (PVT) Ltd.,Sumeru Securities Pvt. Ltd.,2026-04-21 14:54:18.122973,Himalaya Urja Bikas Company Limited
2026042104014899,HURJA,58,39,100,264.0,26400.0,2026-04-21,187356329,2824,Naasa Securities Co. Ltd.,Sumeru Securities Pvt. Ltd.,2026-04-21 14:54:18.123284,Himalaya Urja Bikas Company Limited
2026042104014911,HURJA,45,6,600,264.9,158940.0,2026-04-21,187356382,2824,Imperial Securities Company Pvt. Ltd.,Agrawal Securities (PVT) Ltd.,2026-04-21 14:54:20.949294,Himalaya Urja Bikas Company Limited
2026042104015054,HURJA,46,6,15,264.9,3973.5,2026-04-21,187357590,2824,Kalika Securities Pvt. Ltd.,Agrawal Securities (PVT) Ltd.,2026-04-21 14:55:03.357249,Himalaya Urja Bikas Company Limited
2026042104015101,HURJA,64,57,400,264.1,105640.0,2026-04-21,187357920,2824,SUN SECURITIES PVT LTD,Aryatara Investment & Securities,2026-04-21 14:55:14.623472,Himalaya Urja Bikas Company Limited
2026042104015102,HURJA,58,57,20,264.0,5280.0,2026-04-21,187357922,2824,Naasa Securities Co. Ltd.,Aryatara Investment & Securities,2026-04-21 14:55:14.623807,Himalaya Urja Bikas Company Limited
2026042104015103,HURJA,38,57,500,264.0,132000.0,2026-04-21,187357924,2824,Dipshikha Dhitopatra Karobar Co. Pvt Ltd.,Aryatara Investment & Securities,2026-04-21 14:55:14.623990,Himalaya Urja Bikas Company Limited
2026042104015104,HURJA,14,57,111,263.5,29248.5,2026-04-21,187357926,2824,Nepal Stock House (PVT) Ltd.,Aryatara Investment & Securities,2026-04-21 14:55:14.624156,Himalaya Urja Bikas Company Limited
2026042104015105,HURJA,19,57,200,263.2,52640.0,2026-04-21,187357928,2824,Nepal Investment And Securities Trading Private Limited,Aryatara Investment & Securities,2026-04-21 14:55:14.624332,Himalaya Urja Bikas Company Limited
2026042104015106,HURJA,34,57,400,263.1,105240.0,2026-04-21,187357930,2824,Vision Securities Pvt. Ltd,Aryatara Investment & Securities,2026-04-21 14:55:14.624504,Himalaya Urja Bikas Company Limited
2026042104015107,HURJA,7,57,369,263.0,97047.0,2026-04-21,187357931,2824,J.F. Securites (PVT) Ltd.,Aryatara Investment & Securities,2026-04-21 14:55:14.624667,Himalaya Urja Bikas Company Limited
2026042104015263,HURJA,7,34,631,263.0,165953.0,2026-04-21,187358975,2824,J.F. Securites (PVT) Ltd.,Vision Securities Pvt. Ltd,2026-04-21 14:55:46.573028,Himalaya Urja Bikas Company Limited
2026042104015264,HURJA,6,34,50,263.0,13150.0,2026-04-21,187358977,2824,Agrawal Securities (PVT) Ltd.,Vision Securities Pvt. Ltd,2026-04-21 14:55:46.573277,Himalaya Urja Bikas Company Limited
2026042104015265,HURJA,5,34,100,263.0,26300.0,2026-04-21,187358979,2824,Market Securities & Exchange (PVT) Ltd.,Vision Securities Pvt. Ltd,2026-04-21 14:55:46.573448,Himalaya Urja Bikas Company Limited
2026042104015266,HURJA,6,34,50,263.0,13150.0,2026-04-21,187358981,2824,Agrawal Securities (PVT) Ltd.,Vision Securities Pvt. Ltd,2026-04-21 14:55:46.573551,Himalaya Urja Bikas Company Limited
2026042104015267,HURJA,25,34,300,263.0,78900.0,2026-04-21,187358983,2824,Sweta Securities Private Limited,Vision Securities Pvt. Ltd,2026-04-21 14:55:46.573655,Himalaya Urja Bikas Company Limited
2026042104015268,HURJA,81,34,500,263.0,131500.0,2026-04-21,187358985,2824,Aakashbhairab Securities Ltd.,Vision Securities Pvt. Ltd,2026-04-21 14:55:46.573756,Himalaya Urja Bikas Company Limited
2026042104015269,HURJA,32,34,1000,263.0,263000.0,2026-04-21,187358987,2824,Premier Securities Company Ltd.,Vision Securities Pvt. Ltd,2026-04-21 14:55:46.573881,Himalaya Urja Bikas Company Limited
2026042104015270,HURJA,35,34,100,263.0,26300.0,2026-04-21,187358989,2824,Kohinoor Investment & Securities Pvt. Ltd.,Vision Securities Pvt. Ltd,2026-04-21 14:55:46.573990,Himalaya Urja Bikas Company Limited
2026042104015271,HURJA,35,34,100,263.0,26300.0,2026-04-21,187358991,2824,Kohinoor Investment & Securities Pvt. Ltd.,Vision Securities Pvt. Ltd,2026-04-21 14:55:46.574130,Himalaya Urja Bikas Company Limited
2026042104015272,HURJA,14,34,169,263.0,44447.0,2026-04-21,187358992,2824,Nepal Stock House (PVT) Ltd.,Vision Securities Pvt. Ltd,2026-04-21 14:55:46.574230,Himalaya Urja Bikas Company Limited
2026042104015315,HURJA,14,34,31,263.0,8153.0,2026-04-21,187359560,2824,Nepal Stock House (PVT) Ltd.,Vision Securities Pvt. Ltd,2026-04-21 14:56:01.257361,Himalaya Urja Bikas Company Limited
2026042104015316,HURJA,28,34,100,263.0,26300.0,2026-04-21,187359562,2824,Shree Krishna Securities Ltd.,Vision Securities Pvt. Ltd,2026-04-21 14:56:01.257852,Himalaya Urja Bikas Company Limited
2026042104015317,HURJA,74,34,100,263.0,26300.0,2026-04-21,187359564,2824,KALASH STOCK MARKET PVT. LTD.,Vision Securities Pvt. Ltd,2026-04-21 14:56:01.258187,Himalaya Urja Bikas Company Limited
2026042104015318,HURJA,58,34,20,263.0,5260.0,2026-04-21,187359566,2824,Naasa Securities Co. Ltd.,Vision Securities Pvt. Ltd,2026-04-21 14:56:01.258549,Himalaya Urja Bikas Company Limited
2026042104015319,HURJA,6,34,100,263.0,26300.0,2026-04-21,187359568,2824,Agrawal Securities (PVT) Ltd.,Vision Securities Pvt. Ltd,2026-04-21 14:56:01.258864,Himalaya Urja Bikas Company Limited
2026042104015320,HURJA,5,34,200,263.0,52600.0,2026-04-21,187359570,2824,Market Securities & Exchange (PVT) Ltd.,Vision Securities Pvt. Ltd,2026-04-21 14:56:01.259161,Himalaya Urja Bikas Company Limited
2026042104015321,HURJA,58,34,35,263.0,9205.0,2026-04-21,187359572,2824,Naasa Securities Co. Ltd.,Vision Securities Pvt. Ltd,2026-04-21 14:56:01.259482,Himalaya Urja Bikas Company Limited
2026042104015322,HURJA,57,34,70,263.0,18410.0,2026-04-21,187359573,2824,Aryatara Investment & Securities,Vision Securities Pvt. Ltd,2026-04-21 14:56:01.259803,Himalaya Urja Bikas Company Limited
2026042104015393,HURJA,41,6,1000,264.9,264900.0,2026-04-21,187360248,2824,Linch Stock Market Ltd.,Agrawal Securities (PVT) Ltd.,2026-04-21 14:56:20.362897,Himalaya Urja Bikas Company Limited
2026042104015444,HURJA,52,42,50,263.1,13155.0,2026-04-21,187360656,2824,Sundhara Securities Limited,Sani Securities Company Ltd.,2026-04-21 14:56:33.030813,Himalaya Urja Bikas Company Limited
2026042104015445,HURJA,57,42,50,263.0,13150.0,2026-04-21,187360657,2824,Aryatara Investment & Securities,Sani Securities Company Ltd.,2026-04-21 14:56:33.031076,Himalaya Urja Bikas Company Limited
2026042104015475,HURJA,57,34,280,263.0,73640.0,2026-04-21,187360808,2824,Aryatara Investment & Securities,Vision Securities Pvt. Ltd,2026-04-21 14:56:35.514480,Himalaya Urja Bikas Company Limited
2026042104015476,HURJA,58,34,40,263.0,10520.0,2026-04-21,187360810,2824,Naasa Securities Co. Ltd.,Vision Securities Pvt. Ltd,2026-04-21 14:56:35.514962,Himalaya Urja Bikas Company Limited
2026042104015477,HURJA,58,34,45,263.0,11835.0,2026-04-21,187360812,2824,Naasa Securities Co. Ltd.,Vision Securities Pvt. Ltd,2026-04-21 14:56:35.515295,Himalaya Urja Bikas Company Limited
2026042104015478,HURJA,48,34,50,262.5,13125.0,2026-04-21,187360814,2824,Trishakti Securities Public Limited,Vision Securities Pvt. Ltd,2026-04-21 14:56:35.515643,Himalaya Urja Bikas Company Limited
2026042104015479,HURJA,49,34,85,262.2,22287.0,2026-04-21,187360815,2824,Online Securities Pvt. Ltd.,Vision Securities Pvt. Ltd,2026-04-21 14:56:35.515951,Himalaya Urja Bikas Company Limited
2026042104015602,HURJA,38,26,100,263.5,26350.0,2026-04-21,187361960,2824,Dipshikha Dhitopatra Karobar Co. Pvt Ltd.,Asian Securities Private Ltd.,2026-04-21 14:57:06.582532,Himalaya Urja Bikas Company Limited
2026042104015603,HURJA,42,26,400,263.5,105400.0,2026-04-21,187361961,2824,Sani Securities Company Ltd.,Asian Securities Private Ltd.,2026-04-21 14:57:06.582834,Himalaya Urja Bikas Company Limited
2026042104015709,HURJA,45,51,10,263.6,2636.0,2026-04-21,187362746,2824,Imperial Securities Company Pvt. Ltd.,Oxford Securities Pvt. Ltd.,2026-04-21 14:57:27.347081,Himalaya Urja Bikas Company Limited
2026042104015710,HURJA,28,51,50,263.6,13180.0,2026-04-21,187362748,2824,Shree Krishna Securities Ltd.,Oxford Securities Pvt. Ltd.,2026-04-21 14:57:27.347325,Himalaya Urja Bikas Company Limited
2026042104015711,HURJA,42,51,600,263.5,158100.0,2026-04-21,187362750,2824,Sani Securities Company Ltd.,Oxford Securities Pvt. Ltd.,2026-04-21 14:57:27.347437,Himalaya Urja Bikas Company Limited
2026042104015712,HURJA,42,51,340,263.2,89488.0,2026-04-21,187362751,2824,Sani Securities Company Ltd.,Oxford Securities Pvt. Ltd.,2026-04-21 14:57:27.347541,Himalaya Urja Bikas Company Limited
2026042104015802,HURJA,42,63,330,263.2,86856.0,2026-04-21,187363441,2824,Sani Securities Company Ltd.,Himalayan Brokerage Company Limited,2026-04-21 14:57:41.568391,Himalaya Urja Bikas Company Limited
2026042104015883,HURJA,74,35,100,263.5,26350.0,2026-04-21,187364000,2824,KALASH STOCK MARKET PVT. LTD.,Kohinoor Investment & Securities Pvt. Ltd.,2026-04-21 14:57:54.391643,Himalaya Urja Bikas Company Limited
2026042104015885,HURJA,14,35,400,263.5,105400.0,2026-04-21,187364005,2824,Nepal Stock House (PVT) Ltd.,Kohinoor Investment & Securities Pvt. Ltd.,2026-04-21 14:57:54.600858,Himalaya Urja Bikas Company Limited
2026042104015950,HURJA,14,58,30,263.5,7905.0,2026-04-21,187364588,2824,Nepal Stock House (PVT) Ltd.,Naasa Securities Co. Ltd.,2026-04-21 14:58:08.316570,Himalaya Urja Bikas Company Limited
2026042104015980,HURJA,91,34,500,263.9,131950.0,2026-04-21,187364856,2824,Citizens Share Broker Limited,Vision Securities Pvt. Ltd,2026-04-21 14:58:14.625909,Himalaya Urja Bikas Company Limited
2026042104016015,HURJA,58,34,240,263.9,63336.0,2026-04-21,187365012,2824,Naasa Securities Co. Ltd.,Vision Securities Pvt. Ltd,2026-04-21 14:58:19.182787,Himalaya Urja Bikas Company Limited
2026042104016024,HURJA,45,34,500,263.9,131950.0,2026-04-21,187365092,2824,Imperial Securities Company Pvt. Ltd.,Vision Securities Pvt. Ltd,2026-04-21 14:58:21.659507,Himalaya Urja Bikas Company Limited
2026042104016032,HURJA,59,34,200,263.9,52780.0,2026-04-21,187365144,2824,Deevyaa Securities & Stock House Pvt. Ltd,Vision Securities Pvt. Ltd,2026-04-21 14:58:22.985669,Himalaya Urja Bikas Company Limited
2026042104016034,HURJA,34,34,100,263.9,26390.0,2026-04-21,187365188,2824,Vision Securities Pvt. Ltd,Vision Securities Pvt. Ltd,2026-04-21 14:58:23.856202,Himalaya Urja Bikas Company Limited
2026042104016044,HURJA,59,34,200,263.9,52780.0,2026-04-21,187365292,2824,Deevyaa Securities & Stock House Pvt. Ltd,Vision Securities Pvt. Ltd,2026-04-21 14:58:26.838784,Himalaya Urja Bikas Company Limited
2026042104016089,HURJA,74,34,100,263.9,26390.0,2026-04-21,187365632,2824,KALASH STOCK MARKET PVT. LTD.,Vision Securities Pvt. Ltd,2026-04-21 14:58:35.146404,Himalaya Urja Bikas Company Limited
2026042104016162,HURJA,58,51,5,269.0,1345.0,2026-04-21,187366203,2824,Naasa Securities Co. Ltd.,Oxford Securities Pvt. Ltd.,2026-04-21 14:58:47.129276,Himalaya Urja Bikas Company Limited
2026042104016196,HURJA,41,4,80,263.8,21104.0,2026-04-21,187366408,2824,Linch Stock Market Ltd.,Opal Securities Investment (PVT) Ltd.,2026-04-21 14:58:52.891562,Himalaya Urja Bikas Company Limited
2026042104016201,HURJA,18,34,1160,263.9,306124.0,2026-04-21,187366418,2824,Sagarmatha Securities Private Limited,Vision Securities Pvt. Ltd,2026-04-21 14:58:53.164714,Himalaya Urja Bikas Company Limited
2026042104016224,HURJA,18,39,100,263.9,26390.0,2026-04-21,187366674,2824,Sagarmatha Securities Private Limited,Sumeru Securities Pvt. Ltd.,2026-04-21 14:58:57.944721,Himalaya Urja Bikas Company Limited
2026042104016225,HURJA,41,39,120,263.8,31656.0,2026-04-21,187366676,2824,Linch Stock Market Ltd.,Sumeru Securities Pvt. Ltd.,2026-04-21 14:58:57.945008,Himalaya Urja Bikas Company Limited
2026042104016228,HURJA,57,39,280,263.8,73864.0,2026-04-21,187366699,2824,Aryatara Investment & Securities,Sumeru Securities Pvt. Ltd.,2026-04-21 14:58:58.363881,Himalaya Urja Bikas Company Limited
2026042104016273,HURJA,74,83,100,264.0,26400.0,2026-04-21,187367190,2824,KALASH STOCK MARKET PVT. LTD.,Sanima Securities Limited,2026-04-21 14:59:10.009616,Himalaya Urja Bikas Company Limited
2026042104016284,HURJA,60,83,15,264.0,3960.0,2026-04-21,187367238,2824,Nagarik Stock Dealer ,Sanima Securities Limited,2026-04-21 14:59:10.945566,Himalaya Urja Bikas Company Limited
2026042104016290,HURJA,32,83,1000,264.0,264000.0,2026-04-21,187367312,2824,Premier Securities Company Ltd.,Sanima Securities Limited,2026-04-21 14:59:12.565659,Himalaya Urja Bikas Company Limited
