contractId,stockSymbol,buyerMemberId,sellerMemberId,quantity,rate,amount,businessDate,tradeBookId,stockId,buyerBrokerName,sellerBrokerName,transaction_time,securityName
2026042104000047,KKHC,58,87,10,285.1,2851.0,2026-04-21,187181117,2751,Naasa Securities Co. Ltd.,S.P.S.A. Securities Limited,2026-04-21 11:00:12.507545,Khanikhola Hydropower Co. Ltd.
2026042104000073,KKHC,87,50,10,299.0,2990.0,2026-04-21,187181550,2751,S.P.S.A. Securities Limited,Cristal Kanchanjanga Securites Pvt. Ltd.,2026-04-21 11:01:03.351672,Khanikhola Hydropower Co. Ltd.
2026042104000075,KKHC,32,87,10,281.0,2810.0,2026-04-21,187181575,2751,Premier Securities Company Ltd.,S.P.S.A. Securities Limited,2026-04-21 11:01:06.287784,Khanikhola Hydropower Co. Ltd.
2026042104000113,KKHC,34,87,10,284.0,2840.0,2026-04-21,187182733,2751,Vision Securities Pvt. Ltd,S.P.S.A. Securities Limited,2026-04-21 11:02:32.808693,Khanikhola Hydropower Co. Ltd.
2026042104000182,KKHC,34,87,10,285.1,2851.0,2026-04-21,187185033,2751,Vision Securities Pvt. Ltd,S.P.S.A. Securities Limited,2026-04-21 11:05:21.998731,Khanikhola Hydropower Co. Ltd.
2026042104000345,KKHC,26,48,19,290.0,5510.0,2026-04-21,187188745,2751,Asian Securities Private Ltd.,Trishakti Securities Public Limited,2026-04-21 11:09:45.672059,Khanikhola Hydropower Co. Ltd.
2026042104000346,KKHC,26,56,50,293.5,14675.0,2026-04-21,187188747,2751,Asian Securities Private Ltd.,Sri Hari Securities Pvt. Ltd.,2026-04-21 11:09:45.672174,Khanikhola Hydropower Co. Ltd.
2026042104000347,KKHC,26,5,10,293.6,2936.0,2026-04-21,187188749,2751,Asian Securities Private Ltd.,Market Securities & Exchange (PVT) Ltd.,2026-04-21 11:09:45.672226,Khanikhola Hydropower Co. Ltd.
2026042104000348,KKHC,26,52,200,293.6,58720.0,2026-04-21,187188751,2751,Asian Securities Private Ltd.,Sundhara Securities Limited,2026-04-21 11:09:45.672273,Khanikhola Hydropower Co. Ltd.
2026042104000349,KKHC,26,54,50,293.6,14680.0,2026-04-21,187188753,2751,Asian Securities Private Ltd.,Sewa Securities Pvt. Ltd.,2026-04-21 11:09:45.672328,Khanikhola Hydropower Co. Ltd.
2026042104000350,KKHC,26,63,300,293.6,88080.0,2026-04-21,187188755,2751,Asian Securities Private Ltd.,Himalayan Brokerage Company Limited,2026-04-21 11:09:45.672371,Khanikhola Hydropower Co. Ltd.
2026042104000351,KKHC,26,45,100,293.6,29360.0,2026-04-21,187188757,2751,Asian Securities Private Ltd.,Imperial Securities Company Pvt. Ltd.,2026-04-21 11:09:45.672413,Khanikhola Hydropower Co. Ltd.
2026042104000352,KKHC,26,54,771,293.6,226365.6,2026-04-21,187188760,2751,Asian Securities Private Ltd.,Sewa Securities Pvt. Ltd.,2026-04-21 11:09:45.672455,Khanikhola Hydropower Co. Ltd.
2026042104000362,KKHC,58,87,10,288.0,2880.0,2026-04-21,187188951,2751,Naasa Securities Co. Ltd.,S.P.S.A. Securities Limited,2026-04-21 11:10:02.120300,Khanikhola Hydropower Co. Ltd.
2026042104000417,KKHC,26,54,50,290.0,14500.0,2026-04-21,187189741,2751,Asian Securities Private Ltd.,Sewa Securities Pvt. Ltd.,2026-04-21 11:10:58.717073,Khanikhola Hydropower Co. Ltd.
2026042104000465,KKHC,26,87,450,290.0,130500.0,2026-04-21,187190430,2751,Asian Securities Private Ltd.,S.P.S.A. Securities Limited,2026-04-21 11:11:46.236718,Khanikhola Hydropower Co. Ltd.
2026042104000466,KKHC,35,87,10,286.3,2863.0,2026-04-21,187190431,2751,Kohinoor Investment & Securities Pvt. Ltd.,S.P.S.A. Securities Limited,2026-04-21 11:11:46.236822,Khanikhola Hydropower Co. Ltd.
2026042104000470,KKHC,57,54,10,293.6,2936.0,2026-04-21,187190604,2751,Aryatara Investment & Securities,Sewa Securities Pvt. Ltd.,2026-04-21 11:12:03.234744,Khanikhola Hydropower Co. Ltd.
2026042104000473,KKHC,33,87,10,286.2,2862.0,2026-04-21,187190733,2751,Dakshinkali Investment & Securities Pvt. Ltd.,S.P.S.A. Securities Limited,2026-04-21 11:12:09.770495,Khanikhola Hydropower Co. Ltd.
2026042104000568,KKHC,58,34,40,288.0,11520.0,2026-04-21,187192620,2751,Naasa Securities Co. Ltd.,Vision Securities Pvt. Ltd,2026-04-21 11:14:44.823522,Khanikhola Hydropower Co. Ltd.
2026042104000579,KKHC,42,34,10,288.0,2880.0,2026-04-21,187192732,2751,Sani Securities Company Ltd.,Vision Securities Pvt. Ltd,2026-04-21 11:14:50.986914,Khanikhola Hydropower Co. Ltd.
2026042104000584,KKHC,25,34,100,287.2,28720.0,2026-04-21,187192902,2751,Sweta Securities Private Limited,Vision Securities Pvt. Ltd,2026-04-21 11:14:59.465297,Khanikhola Hydropower Co. Ltd.
2026042104000590,KKHC,26,34,500,287.1,143550.0,2026-04-21,187193196,2751,Asian Securities Private Ltd.,Vision Securities Pvt. Ltd,2026-04-21 11:15:13.051565,Khanikhola Hydropower Co. Ltd.
2026042104000595,KKHC,45,34,600,287.0,172200.0,2026-04-21,187193410,2751,Imperial Securities Company Pvt. Ltd.,Vision Securities Pvt. Ltd,2026-04-21 11:15:23.483508,Khanikhola Hydropower Co. Ltd.
2026042104000622,KKHC,26,4,500,287.0,143500.0,2026-04-21,187194117,2751,Asian Securities Private Ltd.,Opal Securities Investment (PVT) Ltd.,2026-04-21 11:16:25.248263,Khanikhola Hydropower Co. Ltd.
2026042104000623,KKHC,58,34,100,287.0,28700.0,2026-04-21,187194152,2751,Naasa Securities Co. Ltd.,Vision Securities Pvt. Ltd,2026-04-21 11:16:29.429176,Khanikhola Hydropower Co. Ltd.
2026042104000624,KKHC,36,34,1000,287.0,287000.0,2026-04-21,187194154,2751,Secured Securities Ltd.,Vision Securities Pvt. Ltd,2026-04-21 11:16:29.429483,Khanikhola Hydropower Co. Ltd.
2026042104000631,KKHC,74,34,150,286.3,42945.0,2026-04-21,187194273,2751,KALASH STOCK MARKET PVT. LTD.,Vision Securities Pvt. Ltd,2026-04-21 11:16:43.602609,Khanikhola Hydropower Co. Ltd.
2026042104000689,KKHC,1,28,10,287.0,2870.0,2026-04-21,187195349,2751,Kumari Securities Private Limited,Shree Krishna Securities Ltd.,2026-04-21 11:18:08.630087,Khanikhola Hydropower Co. Ltd.
2026042104000705,KKHC,1,26,90,287.0,25830.0,2026-04-21,187195818,2751,Kumari Securities Private Limited,Asian Securities Private Ltd.,2026-04-21 11:18:28.598158,Khanikhola Hydropower Co. Ltd.
2026042104000754,KKHC,6,26,100,286.3,28630.0,2026-04-21,187196902,2751,Agrawal Securities (PVT) Ltd.,Asian Securities Private Ltd.,2026-04-21 11:19:33.425595,Khanikhola Hydropower Co. Ltd.
2026042104001203,KKHC,45,22,100,290.0,29000.0,2026-04-21,187207937,2751,Imperial Securities Company Pvt. Ltd.,Siprabi Securities Pvt. Ltd.,2026-04-21 11:30:55.835813,Khanikhola Hydropower Co. Ltd.
2026042104001204,KKHC,45,58,50,290.0,14500.0,2026-04-21,187207939,2751,Imperial Securities Company Pvt. Ltd.,Naasa Securities Co. Ltd.,2026-04-21 11:30:55.836114,Khanikhola Hydropower Co. Ltd.
2026042104001205,KKHC,45,58,35,290.0,10150.0,2026-04-21,187207942,2751,Imperial Securities Company Pvt. Ltd.,Naasa Securities Co. Ltd.,2026-04-21 11:30:55.836298,Khanikhola Hydropower Co. Ltd.
2026042104001239,KKHC,95,87,10,288.3,2883.0,2026-04-21,187208327,2751,Magnet Securities and Investment Company Private Limited,S.P.S.A. Securities Limited,2026-04-21 11:31:38.006746,Khanikhola Hydropower Co. Ltd.
2026042104001751,KKHC,57,3,10,292.0,2920.0,2026-04-21,187218450,2751,Aryatara Investment & Securities,Arun Securities (PVT) Ltd.,2026-04-21 11:45:21.562948,Khanikhola Hydropower Co. Ltd.
2026042104001883,KKHC,46,57,32,290.0,9280.0,2026-04-21,187220627,2751,Kalika Securities Pvt. Ltd.,Aryatara Investment & Securities,2026-04-21 11:47:51.027476,Khanikhola Hydropower Co. Ltd.
2026042104001998,KKHC,42,3,190,292.0,55480.0,2026-04-21,187222373,2751,Sani Securities Company Ltd.,Arun Securities (PVT) Ltd.,2026-04-21 11:50:08.615773,Khanikhola Hydropower Co. Ltd.
2026042104002019,KKHC,43,33,10,292.4,2924.0,2026-04-21,187222881,2751,South Asian Bulls Pvt. Ltd.,Dakshinkali Investment & Securities Pvt. Ltd.,2026-04-21 11:50:46.032946,Khanikhola Hydropower Co. Ltd.
2026042104002020,KKHC,43,54,19,292.4,5555.6,2026-04-21,187222883,2751,South Asian Bulls Pvt. Ltd.,Sewa Securities Pvt. Ltd.,2026-04-21 11:50:46.033158,Khanikhola Hydropower Co. Ltd.
2026042104002033,KKHC,10,58,50,292.5,14625.0,2026-04-21,187223042,2751,Pragyan Securities (PVT) Ltd.,Naasa Securities Co. Ltd.,2026-04-21 11:51:00.372718,Khanikhola Hydropower Co. Ltd.
2026042104002052,KKHC,32,51,50,293.0,14650.0,2026-04-21,187223224,2751,Premier Securities Company Ltd.,Oxford Securities Pvt. Ltd.,2026-04-21 11:51:17.413237,Khanikhola Hydropower Co. Ltd.
2026042104002095,KKHC,43,51,100,293.0,29300.0,2026-04-21,187224027,2751,South Asian Bulls Pvt. Ltd.,Oxford Securities Pvt. Ltd.,2026-04-21 11:52:04.045850,Khanikhola Hydropower Co. Ltd.
2026042104002117,KKHC,87,57,10,294.0,2940.0,2026-04-21,187224310,2751,S.P.S.A. Securities Limited,Aryatara Investment & Securities,2026-04-21 11:52:29.236147,Khanikhola Hydropower Co. Ltd.
2026042104002150,KKHC,46,48,210,293.9,61719.0,2026-04-21,187224647,2751,Kalika Securities Pvt. Ltd.,Trishakti Securities Public Limited,2026-04-21 11:52:56.486927,Khanikhola Hydropower Co. Ltd.
2026042104002172,KKHC,46,25,500,293.9,146950.0,2026-04-21,187224919,2751,Kalika Securities Pvt. Ltd.,Sweta Securities Private Limited,2026-04-21 11:53:18.627166,Khanikhola Hydropower Co. Ltd.
2026042104002188,KKHC,46,14,1000,293.9,293900.0,2026-04-21,187225507,2751,Kalika Securities Pvt. Ltd.,Nepal Stock House (PVT) Ltd.,2026-04-21 11:53:43.712870,Khanikhola Hydropower Co. Ltd.
2026042104002190,KKHC,43,57,390,294.0,114660.0,2026-04-21,187225527,2751,South Asian Bulls Pvt. Ltd.,Aryatara Investment & Securities,2026-04-21 11:53:45.386915,Khanikhola Hydropower Co. Ltd.
2026042104002191,KKHC,43,58,30,294.0,8820.0,2026-04-21,187225529,2751,South Asian Bulls Pvt. Ltd.,Naasa Securities Co. Ltd.,2026-04-21 11:53:45.387377,Khanikhola Hydropower Co. Ltd.
2026042104002192,KKHC,43,58,20,294.0,5880.0,2026-04-21,187225531,2751,South Asian Bulls Pvt. Ltd.,Naasa Securities Co. Ltd.,2026-04-21 11:53:45.387644,Khanikhola Hydropower Co. Ltd.
2026042104002193,KKHC,43,39,400,294.0,117600.0,2026-04-21,187225533,2751,South Asian Bulls Pvt. Ltd.,Sumeru Securities Pvt. Ltd.,2026-04-21 11:53:45.387913,Khanikhola Hydropower Co. Ltd.
2026042104002194,KKHC,43,57,500,294.0,147000.0,2026-04-21,187225535,2751,South Asian Bulls Pvt. Ltd.,Aryatara Investment & Securities,2026-04-21 11:53:45.388180,Khanikhola Hydropower Co. Ltd.
2026042104002195,KKHC,43,59,131,294.0,38514.0,2026-04-21,187225538,2751,South Asian Bulls Pvt. Ltd.,Deevyaa Securities & Stock House Pvt. Ltd,2026-04-21 11:53:45.388456,Khanikhola Hydropower Co. Ltd.
2026042104002222,KKHC,58,46,100,293.9,29390.0,2026-04-21,187225890,2751,Naasa Securities Co. Ltd.,Kalika Securities Pvt. Ltd.,2026-04-21 11:54:06.586710,Khanikhola Hydropower Co. Ltd.
2026042104002223,KKHC,42,46,110,292.0,32120.0,2026-04-21,187225892,2751,Sani Securities Company Ltd.,Kalika Securities Pvt. Ltd.,2026-04-21 11:54:06.586954,Khanikhola Hydropower Co. Ltd.
2026042104002224,KKHC,34,46,200,290.1,58020.0,2026-04-21,187225894,2751,Vision Securities Pvt. Ltd,Kalika Securities Pvt. Ltd.,2026-04-21 11:54:06.587046,Khanikhola Hydropower Co. Ltd.
2026042104002225,KKHC,45,46,500,290.0,145000.0,2026-04-21,187225896,2751,Imperial Securities Company Pvt. Ltd.,Kalika Securities Pvt. Ltd.,2026-04-21 11:54:06.587138,Khanikhola Hydropower Co. Ltd.
2026042104002226,KKHC,1,46,1000,290.0,290000.0,2026-04-21,187225898,2751,Kumari Securities Private Limited,Kalika Securities Pvt. Ltd.,2026-04-21 11:54:06.587226,Khanikhola Hydropower Co. Ltd.
2026042104002238,KKHC,54,46,55,290.0,15950.0,2026-04-21,187226070,2751,Sewa Securities Pvt. Ltd.,Kalika Securities Pvt. Ltd.,2026-04-21 11:54:18.964769,Khanikhola Hydropower Co. Ltd.
2026042104002255,KKHC,42,46,430,290.0,124700.0,2026-04-21,187226374,2751,Sani Securities Company Ltd.,Kalika Securities Pvt. Ltd.,2026-04-21 11:54:34.233127,Khanikhola Hydropower Co. Ltd.
2026042104002261,KKHC,21,46,240,290.0,69600.0,2026-04-21,187226460,2751,Midas Stock Broking Company Private Limited,Kalika Securities Pvt. Ltd.,2026-04-21 11:54:42.169110,Khanikhola Hydropower Co. Ltd.
2026042104002309,KKHC,60,46,950,290.0,275500.0,2026-04-21,187227130,2751,Nagarik Stock Dealer ,Kalika Securities Pvt. Ltd.,2026-04-21 11:55:27.364453,Khanikhola Hydropower Co. Ltd.
2026042104002419,KKHC,87,46,500,290.0,145000.0,2026-04-21,187228002,2751,S.P.S.A. Securities Limited,Kalika Securities Pvt. Ltd.,2026-04-21 11:56:32.917035,Khanikhola Hydropower Co. Ltd.
2026042104002516,KKHC,28,46,10,290.0,2900.0,2026-04-21,187228902,2751,Shree Krishna Securities Ltd.,Kalika Securities Pvt. Ltd.,2026-04-21 11:57:54.511463,Khanikhola Hydropower Co. Ltd.
2026042104002559,KKHC,58,81,43,289.2,12435.6,2026-04-21,187229470,2751,Naasa Securities Co. Ltd.,Aakashbhairab Securities Ltd.,2026-04-21 11:58:50.395127,Khanikhola Hydropower Co. Ltd.
2026042104002560,KKHC,26,81,100,289.2,28920.0,2026-04-21,187229472,2751,Asian Securities Private Ltd.,Aakashbhairab Securities Ltd.,2026-04-21 11:58:50.395577,Khanikhola Hydropower Co. Ltd.
2026042104002561,KKHC,87,81,57,289.1,16478.7,2026-04-21,187229473,2751,S.P.S.A. Securities Limited,Aakashbhairab Securities Ltd.,2026-04-21 11:58:50.395861,Khanikhola Hydropower Co. Ltd.
2026042104002673,KKHC,87,17,32,289.1,9251.2,2026-04-21,187230949,2751,S.P.S.A. Securities Limited,ABC Securities Private Limited,2026-04-21 12:01:01.388624,Khanikhola Hydropower Co. Ltd.
2026042104002815,KKHC,87,48,20,289.1,5782.0,2026-04-21,187232481,2751,S.P.S.A. Securities Limited,Trishakti Securities Public Limited,2026-04-21 12:03:23.617245,Khanikhola Hydropower Co. Ltd.
2026042104003052,KKHC,57,58,20,290.0,5800.0,2026-04-21,187235937,2751,Aryatara Investment & Securities,Naasa Securities Co. Ltd.,2026-04-21 12:09:33.838212,Khanikhola Hydropower Co. Ltd.
2026042104003053,KKHC,57,46,15,290.0,4350.0,2026-04-21,187235940,2751,Aryatara Investment & Securities,Kalika Securities Pvt. Ltd.,2026-04-21 12:09:33.838467,Khanikhola Hydropower Co. Ltd.
2026042104003167,KKHC,49,46,10,290.0,2900.0,2026-04-21,187237478,2751,Online Securities Pvt. Ltd.,Kalika Securities Pvt. Ltd.,2026-04-21 12:12:13.228428,Khanikhola Hydropower Co. Ltd.
2026042104003191,KKHC,22,46,50,290.0,14500.0,2026-04-21,187238050,2751,Siprabi Securities Pvt. Ltd.,Kalika Securities Pvt. Ltd.,2026-04-21 12:13:43.378013,Khanikhola Hydropower Co. Ltd.
2026042104003205,KKHC,87,46,20,289.1,5782.0,2026-04-21,187238175,2751,S.P.S.A. Securities Limited,Kalika Securities Pvt. Ltd.,2026-04-21 12:13:59.244442,Khanikhola Hydropower Co. Ltd.
2026042104003240,KKHC,87,46,100,289.1,28910.0,2026-04-21,187238713,2751,S.P.S.A. Securities Limited,Kalika Securities Pvt. Ltd.,2026-04-21 12:15:16.886813,Khanikhola Hydropower Co. Ltd.
2026042104003256,KKHC,43,46,600,290.0,174000.0,2026-04-21,187238884,2751,South Asian Bulls Pvt. Ltd.,Kalika Securities Pvt. Ltd.,2026-04-21 12:15:39.247175,Khanikhola Hydropower Co. Ltd.
2026042104003409,KKHC,87,35,20,289.1,5782.0,2026-04-21,187240729,2751,S.P.S.A. Securities Limited,Kohinoor Investment & Securities Pvt. Ltd.,2026-04-21 12:19:23.583511,Khanikhola Hydropower Co. Ltd.
2026042104003429,KKHC,36,46,60,290.0,17400.0,2026-04-21,187241036,2751,Secured Securities Ltd.,Kalika Securities Pvt. Ltd.,2026-04-21 12:20:00.161774,Khanikhola Hydropower Co. Ltd.
2026042104003449,KKHC,87,14,10,289.1,2891.0,2026-04-21,187241443,2751,S.P.S.A. Securities Limited,Nepal Stock House (PVT) Ltd.,2026-04-21 12:20:44.938241,Khanikhola Hydropower Co. Ltd.
2026042104003501,KKHC,87,59,241,289.1,69673.1,2026-04-21,187242146,2751,S.P.S.A. Securities Limited,Deevyaa Securities & Stock House Pvt. Ltd,2026-04-21 12:22:03.373757,Khanikhola Hydropower Co. Ltd.
2026042104003502,KKHC,87,59,500,289.1,144550.0,2026-04-21,187242148,2751,S.P.S.A. Securities Limited,Deevyaa Securities & Stock House Pvt. Ltd,2026-04-21 12:22:03.374270,Khanikhola Hydropower Co. Ltd.
2026042104003503,KKHC,87,59,459,289.1,132696.9,2026-04-21,187242149,2751,S.P.S.A. Securities Limited,Deevyaa Securities & Stock House Pvt. Ltd,2026-04-21 12:22:03.374395,Khanikhola Hydropower Co. Ltd.
2026042104003567,KKHC,87,59,40,289.1,11564.0,2026-04-21,187242605,2751,S.P.S.A. Securities Limited,Deevyaa Securities & Stock House Pvt. Ltd,2026-04-21 12:23:00.984990,Khanikhola Hydropower Co. Ltd.
2026042104003579,KKHC,87,17,10,293.0,2930.0,2026-04-21,187242714,2751,S.P.S.A. Securities Limited,ABC Securities Private Limited,2026-04-21 12:23:14.196184,Khanikhola Hydropower Co. Ltd.
2026042104003640,KKHC,58,58,1,295.0,295.0,2026-04-21,187243265,2751,Naasa Securities Co. Ltd.,Naasa Securities Co. Ltd.,2026-04-21 12:24:25.558490,Khanikhola Hydropower Co. Ltd.
2026042104003697,KKHC,58,58,3,290.0,870.0,2026-04-21,187243675,2751,Naasa Securities Co. Ltd.,Naasa Securities Co. Ltd.,2026-04-21 12:25:13.927123,Khanikhola Hydropower Co. Ltd.
2026042104003753,KKHC,58,58,10,290.0,2900.0,2026-04-21,187244497,2751,Naasa Securities Co. Ltd.,Naasa Securities Co. Ltd.,2026-04-21 12:27:09.816029,Khanikhola Hydropower Co. Ltd.
2026042104003771,KKHC,58,87,11,289.5,3184.5,2026-04-21,187244791,2751,Naasa Securities Co. Ltd.,S.P.S.A. Securities Limited,2026-04-21 12:27:36.881071,Khanikhola Hydropower Co. Ltd.
2026042104003867,KKHC,100,1,10,292.7,2927.0,2026-04-21,187246092,2751,Sunrise Securities Limited,Kumari Securities Private Limited,2026-04-21 12:29:36.845565,Khanikhola Hydropower Co. Ltd.
2026042104003982,KKHC,49,57,32,288.8,9241.6,2026-04-21,187247775,2751,Online Securities Pvt. Ltd.,Aryatara Investment & Securities,2026-04-21 12:31:58.865404,Khanikhola Hydropower Co. Ltd.
2026042104004100,KKHC,49,58,10,288.8,2888.0,2026-04-21,187248924,2751,Online Securities Pvt. Ltd.,Naasa Securities Co. Ltd.,2026-04-21 12:33:55.841816,Khanikhola Hydropower Co. Ltd.
2026042104004269,KKHC,87,48,10,292.5,2925.0,2026-04-21,187251280,2751,S.P.S.A. Securities Limited,Trishakti Securities Public Limited,2026-04-21 12:38:03.562489,Khanikhola Hydropower Co. Ltd.
2026042104004707,KKHC,49,58,52,288.8,15017.6,2026-04-21,187256553,2751,Online Securities Pvt. Ltd.,Naasa Securities Co. Ltd.,2026-04-21 12:48:44.307612,Khanikhola Hydropower Co. Ltd.
2026042104004754,KKHC,87,49,10,292.0,2920.0,2026-04-21,187257056,2751,S.P.S.A. Securities Limited,Online Securities Pvt. Ltd.,2026-04-21 12:49:40.436234,Khanikhola Hydropower Co. Ltd.
2026042104004900,KKHC,49,58,50,288.8,14440.0,2026-04-21,187258555,2751,Online Securities Pvt. Ltd.,Naasa Securities Co. Ltd.,2026-04-21 12:52:31.203922,Khanikhola Hydropower Co. Ltd.
2026042104004996,KKHC,87,48,10,291.9,2919.0,2026-04-21,187259756,2751,S.P.S.A. Securities Limited,Trishakti Securities Public Limited,2026-04-21 12:54:23.054559,Khanikhola Hydropower Co. Ltd.
2026042104005069,KKHC,95,4,179,289.0,51731.0,2026-04-21,187260805,2751,Magnet Securities and Investment Company Private Limited,Opal Securities Investment (PVT) Ltd.,2026-04-21 12:56:10.930092,Khanikhola Hydropower Co. Ltd.
2026042104005209,KKHC,95,33,111,289.0,32079.0,2026-04-21,187262063,2751,Magnet Securities and Investment Company Private Limited,Dakshinkali Investment & Securities Pvt. Ltd.,2026-04-21 12:57:36.332778,Khanikhola Hydropower Co. Ltd.
2026042104005329,KKHC,42,56,50,289.0,14450.0,2026-04-21,187263450,2751,Sani Securities Company Ltd.,Sri Hari Securities Pvt. Ltd.,2026-04-21 13:00:32.704636,Khanikhola Hydropower Co. Ltd.
2026042104005340,KKHC,74,56,200,289.0,57800.0,2026-04-21,187263582,2751,KALASH STOCK MARKET PVT. LTD.,Sri Hari Securities Pvt. Ltd.,2026-04-21 13:00:50.361475,Khanikhola Hydropower Co. Ltd.
2026042104005342,KKHC,87,56,750,289.0,216750.0,2026-04-21,187263591,2751,S.P.S.A. Securities Limited,Sri Hari Securities Pvt. Ltd.,2026-04-21 13:00:51.740880,Khanikhola Hydropower Co. Ltd.
2026042104005470,KKHC,87,38,65,289.0,18785.0,2026-04-21,187265293,2751,S.P.S.A. Securities Limited,Dipshikha Dhitopatra Karobar Co. Pvt Ltd.,2026-04-21 13:04:12.126865,Khanikhola Hydropower Co. Ltd.
2026042104005471,KKHC,87,33,186,289.0,53754.0,2026-04-21,187265314,2751,S.P.S.A. Securities Limited,Dakshinkali Investment & Securities Pvt. Ltd.,2026-04-21 13:04:17.313932,Khanikhola Hydropower Co. Ltd.
2026042104005472,KKHC,58,33,100,289.0,28900.0,2026-04-21,187265316,2751,Naasa Securities Co. Ltd.,Dakshinkali Investment & Securities Pvt. Ltd.,2026-04-21 13:04:17.314616,Khanikhola Hydropower Co. Ltd.
2026042104005473,KKHC,87,33,1000,289.0,289000.0,2026-04-21,187265318,2751,S.P.S.A. Securities Limited,Dakshinkali Investment & Securities Pvt. Ltd.,2026-04-21 13:04:17.315061,Khanikhola Hydropower Co. Ltd.
2026042104005474,KKHC,42,33,105,289.0,30345.0,2026-04-21,187265320,2751,Sani Securities Company Ltd.,Dakshinkali Investment & Securities Pvt. Ltd.,2026-04-21 13:04:17.315513,Khanikhola Hydropower Co. Ltd.
2026042104005476,KKHC,6,33,65,289.0,18785.0,2026-04-21,187265327,2751,Agrawal Securities (PVT) Ltd.,Dakshinkali Investment & Securities Pvt. Ltd.,2026-04-21 13:04:18.013258,Khanikhola Hydropower Co. Ltd.
2026042104005477,KKHC,6,33,10,289.9,2899.0,2026-04-21,187265329,2751,Agrawal Securities (PVT) Ltd.,Dakshinkali Investment & Securities Pvt. Ltd.,2026-04-21 13:04:18.013942,Khanikhola Hydropower Co. Ltd.
2026042104005478,KKHC,6,53,25,290.0,7250.0,2026-04-21,187265332,2751,Agrawal Securities (PVT) Ltd.,Investment Management Nepal Pvt. Ltd.,2026-04-21 13:04:18.014425,Khanikhola Hydropower Co. Ltd.
2026042104005518,KKHC,42,33,20,289.0,5780.0,2026-04-21,187265813,2751,Sani Securities Company Ltd.,Dakshinkali Investment & Securities Pvt. Ltd.,2026-04-21 13:05:15.698807,Khanikhola Hydropower Co. Ltd.
2026042104005522,KKHC,57,33,20,288.9,5778.0,2026-04-21,187265845,2751,Aryatara Investment & Securities,Dakshinkali Investment & Securities Pvt. Ltd.,2026-04-21 13:05:21.588689,Khanikhola Hydropower Co. Ltd.
2026042104005526,KKHC,49,33,53,288.8,15306.4,2026-04-21,187265889,2751,Online Securities Pvt. Ltd.,Dakshinkali Investment & Securities Pvt. Ltd.,2026-04-21 13:05:27.436682,Khanikhola Hydropower Co. Ltd.
2026042104005529,KKHC,49,53,70,290.0,20300.0,2026-04-21,187265998,2751,Online Securities Pvt. Ltd.,Investment Management Nepal Pvt. Ltd.,2026-04-21 13:05:36.171857,Khanikhola Hydropower Co. Ltd.
2026042104005650,KKHC,74,87,10,288.7,2887.0,2026-04-21,187270283,2751,KALASH STOCK MARKET PVT. LTD.,S.P.S.A. Securities Limited,2026-04-21 13:09:21.120655,Khanikhola Hydropower Co. Ltd.
2026042104005655,KKHC,74,33,90,288.7,25983.0,2026-04-21,187270443,2751,KALASH STOCK MARKET PVT. LTD.,Dakshinkali Investment & Securities Pvt. Ltd.,2026-04-21 13:09:33.113892,Khanikhola Hydropower Co. Ltd.
2026042104005660,KKHC,42,58,50,288.6,14430.0,2026-04-21,187270587,2751,Sani Securities Company Ltd.,Naasa Securities Co. Ltd.,2026-04-21 13:09:42.590288,Khanikhola Hydropower Co. Ltd.
2026042104005661,KKHC,42,33,1950,288.6,562770.0,2026-04-21,187270592,2751,Sani Securities Company Ltd.,Dakshinkali Investment & Securities Pvt. Ltd.,2026-04-21 13:09:42.720824,Khanikhola Hydropower Co. Ltd.
2026042104005677,KKHC,96,33,15,288.5,4327.5,2026-04-21,187271021,2751,Himalayan Securities Limited,Dakshinkali Investment & Securities Pvt. Ltd.,2026-04-21 13:10:30.409684,Khanikhola Hydropower Co. Ltd.
2026042104005686,KKHC,10,33,100,287.0,28700.0,2026-04-21,187271880,2751,Pragyan Securities (PVT) Ltd.,Dakshinkali Investment & Securities Pvt. Ltd.,2026-04-21 13:10:40.463825,Khanikhola Hydropower Co. Ltd.
2026042104005687,KKHC,52,33,500,287.0,143500.0,2026-04-21,187271882,2751,Sundhara Securities Limited,Dakshinkali Investment & Securities Pvt. Ltd.,2026-04-21 13:10:40.464196,Khanikhola Hydropower Co. Ltd.
2026042104005688,KKHC,58,33,50,287.0,14350.0,2026-04-21,187271884,2751,Naasa Securities Co. Ltd.,Dakshinkali Investment & Securities Pvt. Ltd.,2026-04-21 13:10:40.464354,Khanikhola Hydropower Co. Ltd.
2026042104005689,KKHC,42,33,120,287.0,34440.0,2026-04-21,187271885,2751,Sani Securities Company Ltd.,Dakshinkali Investment & Securities Pvt. Ltd.,2026-04-21 13:10:40.464504,Khanikhola Hydropower Co. Ltd.
2026042104005691,KKHC,57,87,10,286.5,2865.0,2026-04-21,187271947,2751,Aryatara Investment & Securities,S.P.S.A. Securities Limited,2026-04-21 13:10:45.198194,Khanikhola Hydropower Co. Ltd.
2026042104005709,KKHC,57,33,490,286.5,140385.0,2026-04-21,187272100,2751,Aryatara Investment & Securities,Dakshinkali Investment & Securities Pvt. Ltd.,2026-04-21 13:10:58.990179,Khanikhola Hydropower Co. Ltd.
2026042104005710,KKHC,1,33,2000,286.5,573000.0,2026-04-21,187272101,2751,Kumari Securities Private Limited,Dakshinkali Investment & Securities Pvt. Ltd.,2026-04-21 13:10:58.990557,Khanikhola Hydropower Co. Ltd.
2026042104005711,KKHC,58,87,21,286.0,6006.0,2026-04-21,187272140,2751,Naasa Securities Co. Ltd.,S.P.S.A. Securities Limited,2026-04-21 13:11:02.215850,Khanikhola Hydropower Co. Ltd.
2026042104005712,KKHC,34,87,190,285.1,54169.0,2026-04-21,187272142,2751,Vision Securities Pvt. Ltd,S.P.S.A. Securities Limited,2026-04-21 13:11:02.215959,Khanikhola Hydropower Co. Ltd.
2026042104005713,KKHC,32,87,990,285.1,282249.0,2026-04-21,187272144,2751,Premier Securities Company Ltd.,S.P.S.A. Securities Limited,2026-04-21 13:11:02.216064,Khanikhola Hydropower Co. Ltd.
2026042104005714,KKHC,35,87,19,285.0,5415.0,2026-04-21,187272146,2751,Kohinoor Investment & Securities Pvt. Ltd.,S.P.S.A. Securities Limited,2026-04-21 13:11:02.216143,Khanikhola Hydropower Co. Ltd.
2026042104005715,KKHC,22,87,100,285.0,28500.0,2026-04-21,187272148,2751,Siprabi Securities Pvt. Ltd.,S.P.S.A. Securities Limited,2026-04-21 13:11:02.216218,Khanikhola Hydropower Co. Ltd.
2026042104005716,KKHC,34,87,400,285.0,114000.0,2026-04-21,187272150,2751,Vision Securities Pvt. Ltd,S.P.S.A. Securities Limited,2026-04-21 13:11:02.216291,Khanikhola Hydropower Co. Ltd.
2026042104005717,KKHC,19,87,70,285.0,19950.0,2026-04-21,187272152,2751,Nepal Investment And Securities Trading Private Limited,S.P.S.A. Securities Limited,2026-04-21 13:11:02.216388,Khanikhola Hydropower Co. Ltd.
2026042104005718,KKHC,38,87,85,285.0,24225.0,2026-04-21,187272154,2751,Dipshikha Dhitopatra Karobar Co. Pvt Ltd.,S.P.S.A. Securities Limited,2026-04-21 13:11:02.216462,Khanikhola Hydropower Co. Ltd.
2026042104005719,KKHC,58,87,10,284.8,2848.0,2026-04-21,187272156,2751,Naasa Securities Co. Ltd.,S.P.S.A. Securities Limited,2026-04-21 13:11:02.216536,Khanikhola Hydropower Co. Ltd.
2026042104005720,KKHC,11,87,200,284.3,56860.0,2026-04-21,187272158,2751,Malla & Malla Stock Broking Company Pvt. Limited,S.P.S.A. Securities Limited,2026-04-21 13:11:02.216612,Khanikhola Hydropower Co. Ltd.
2026042104005721,KKHC,36,87,1915,284.0,543860.0,2026-04-21,187272159,2751,Secured Securities Ltd.,S.P.S.A. Securities Limited,2026-04-21 13:11:02.216677,Khanikhola Hydropower Co. Ltd.
2026042104005748,KKHC,22,46,300,285.2,85560.0,2026-04-21,187272338,2751,Siprabi Securities Pvt. Ltd.,Kalika Securities Pvt. Ltd.,2026-04-21 13:11:16.065901,Khanikhola Hydropower Co. Ltd.
2026042104005756,KKHC,34,46,300,285.0,85500.0,2026-04-21,187272478,2751,Vision Securities Pvt. Ltd,Kalika Securities Pvt. Ltd.,2026-04-21 13:11:28.174195,Khanikhola Hydropower Co. Ltd.
2026042104005765,KKHC,36,58,20,284.0,5680.0,2026-04-21,187272671,2751,Secured Securities Ltd.,Naasa Securities Co. Ltd.,2026-04-21 13:11:50.054282,Khanikhola Hydropower Co. Ltd.
2026042104005828,KKHC,6,46,100,285.0,28500.0,2026-04-21,187273134,2751,Agrawal Securities (PVT) Ltd.,Kalika Securities Pvt. Ltd.,2026-04-21 13:12:40.987951,Khanikhola Hydropower Co. Ltd.
2026042104005837,KKHC,34,46,300,285.0,85500.0,2026-04-21,187273202,2751,Vision Securities Pvt. Ltd,Kalika Securities Pvt. Ltd.,2026-04-21 13:12:46.310772,Khanikhola Hydropower Co. Ltd.
2026042104005854,KKHC,57,46,500,285.0,142500.0,2026-04-21,187273448,2751,Aryatara Investment & Securities,Kalika Securities Pvt. Ltd.,2026-04-21 13:13:13.989614,Khanikhola Hydropower Co. Ltd.
2026042104005856,KKHC,6,46,200,285.0,57000.0,2026-04-21,187273478,2751,Agrawal Securities (PVT) Ltd.,Kalika Securities Pvt. Ltd.,2026-04-21 13:13:18.383238,Khanikhola Hydropower Co. Ltd.
2026042104005861,KKHC,6,46,100,285.0,28500.0,2026-04-21,187273676,2751,Agrawal Securities (PVT) Ltd.,Kalika Securities Pvt. Ltd.,2026-04-21 13:13:37.263420,Khanikhola Hydropower Co. Ltd.
2026042104005873,KKHC,74,46,100,285.0,28500.0,2026-04-21,187273854,2751,KALASH STOCK MARKET PVT. LTD.,Kalika Securities Pvt. Ltd.,2026-04-21 13:13:54.506377,Khanikhola Hydropower Co. Ltd.
2026042104005888,KKHC,62,46,10,285.0,2850.0,2026-04-21,187273954,2751,Capital Max Securities Ltd,Kalika Securities Pvt. Ltd.,2026-04-21 13:14:04.883518,Khanikhola Hydropower Co. Ltd.
2026042104005931,KKHC,87,46,2155,285.0,614175.0,2026-04-21,187274524,2751,S.P.S.A. Securities Limited,Kalika Securities Pvt. Ltd.,2026-04-21 13:15:06.144973,Khanikhola Hydropower Co. Ltd.
2026042104005938,KKHC,34,46,60,285.0,17100.0,2026-04-21,187274628,2751,Vision Securities Pvt. Ltd,Kalika Securities Pvt. Ltd.,2026-04-21 13:15:17.332618,Khanikhola Hydropower Co. Ltd.
2026042104006009,KKHC,34,46,160,285.0,45600.0,2026-04-21,187275268,2751,Vision Securities Pvt. Ltd,Kalika Securities Pvt. Ltd.,2026-04-21 13:16:23.833686,Khanikhola Hydropower Co. Ltd.
2026042104006012,KKHC,21,46,26,285.0,7410.0,2026-04-21,187275280,2751,Midas Stock Broking Company Private Limited,Kalika Securities Pvt. Ltd.,2026-04-21 13:16:26.789674,Khanikhola Hydropower Co. Ltd.
2026042104006038,KKHC,6,46,200,285.0,57000.0,2026-04-21,187275530,2751,Agrawal Securities (PVT) Ltd.,Kalika Securities Pvt. Ltd.,2026-04-21 13:16:55.116801,Khanikhola Hydropower Co. Ltd.
2026042104006045,KKHC,36,46,800,285.0,228000.0,2026-04-21,187275582,2751,Secured Securities Ltd.,Kalika Securities Pvt. Ltd.,2026-04-21 13:17:00.555645,Khanikhola Hydropower Co. Ltd.
2026042104006057,KKHC,18,46,200,285.0,57000.0,2026-04-21,187275692,2751,Sagarmatha Securities Private Limited,Kalika Securities Pvt. Ltd.,2026-04-21 13:17:15.574386,Khanikhola Hydropower Co. Ltd.
2026042104006070,KKHC,6,46,100,285.0,28500.0,2026-04-21,187275800,2751,Agrawal Securities (PVT) Ltd.,Kalika Securities Pvt. Ltd.,2026-04-21 13:17:29.335781,Khanikhola Hydropower Co. Ltd.
2026042104006073,KKHC,58,46,60,285.0,17100.0,2026-04-21,187275902,2751,Naasa Securities Co. Ltd.,Kalika Securities Pvt. Ltd.,2026-04-21 13:17:39.502720,Khanikhola Hydropower Co. Ltd.
2026042104006123,KKHC,6,46,700,285.0,199500.0,2026-04-21,187276640,2751,Agrawal Securities (PVT) Ltd.,Kalika Securities Pvt. Ltd.,2026-04-21 13:19:12.624644,Khanikhola Hydropower Co. Ltd.
2026042104006229,KKHC,35,46,100,285.0,28500.0,2026-04-21,187278118,2751,Kohinoor Investment & Securities Pvt. Ltd.,Kalika Securities Pvt. Ltd.,2026-04-21 13:21:36.004589,Khanikhola Hydropower Co. Ltd.
2026042104006285,KKHC,22,46,400,285.0,114000.0,2026-04-21,187278538,2751,Siprabi Securities Pvt. Ltd.,Kalika Securities Pvt. Ltd.,2026-04-21 13:22:31.222180,Khanikhola Hydropower Co. Ltd.
2026042104006297,KKHC,45,46,70,285.0,19950.0,2026-04-21,187278774,2751,Imperial Securities Company Pvt. Ltd.,Kalika Securities Pvt. Ltd.,2026-04-21 13:22:57.639453,Khanikhola Hydropower Co. Ltd.
2026042104006360,KKHC,22,46,100,285.0,28500.0,2026-04-21,187279504,2751,Siprabi Securities Pvt. Ltd.,Kalika Securities Pvt. Ltd.,2026-04-21 13:24:19.983629,Khanikhola Hydropower Co. Ltd.
2026042104006398,KKHC,42,46,410,285.0,116850.0,2026-04-21,187279996,2751,Sani Securities Company Ltd.,Kalika Securities Pvt. Ltd.,2026-04-21 13:25:23.406423,Khanikhola Hydropower Co. Ltd.
2026042104006482,KKHC,42,46,1473,285.0,419805.0,2026-04-21,187280918,2751,Sani Securities Company Ltd.,Kalika Securities Pvt. Ltd.,2026-04-21 13:26:37.793280,Khanikhola Hydropower Co. Ltd.
2026042104006537,KKHC,42,46,500,285.0,142500.0,2026-04-21,187281390,2751,Sani Securities Company Ltd.,Kalika Securities Pvt. Ltd.,2026-04-21 13:27:28.306870,Khanikhola Hydropower Co. Ltd.
2026042104006564,KKHC,22,46,100,285.0,28500.0,2026-04-21,187281748,2751,Siprabi Securities Pvt. Ltd.,Kalika Securities Pvt. Ltd.,2026-04-21 13:28:02.446597,Khanikhola Hydropower Co. Ltd.
2026042104006670,KKHC,94,58,20,284.4,5688.0,2026-04-21,187283169,2751,K.B.L. Securities Limited ,Naasa Securities Co. Ltd.,2026-04-21 13:30:41.810010,Khanikhola Hydropower Co. Ltd.
2026042104006706,KKHC,22,58,20,284.5,5690.0,2026-04-21,187283569,2751,Siprabi Securities Pvt. Ltd.,Naasa Securities Co. Ltd.,2026-04-21 13:31:37.548139,Khanikhola Hydropower Co. Ltd.
2026042104006756,KKHC,42,46,500,285.0,142500.0,2026-04-21,187284302,2751,Sani Securities Company Ltd.,Kalika Securities Pvt. Ltd.,2026-04-21 13:33:12.191336,Khanikhola Hydropower Co. Ltd.
2026042104007016,KKHC,39,46,20,285.0,5700.0,2026-04-21,187286912,2751,Sumeru Securities Pvt. Ltd.,Kalika Securities Pvt. Ltd.,2026-04-21 13:37:56.830019,Khanikhola Hydropower Co. Ltd.
2026042104007047,KKHC,22,44,50,284.5,14225.0,2026-04-21,187287197,2751,Siprabi Securities Pvt. Ltd.,Dynamic Money Managers Securities Pvt. Ltd.,2026-04-21 13:38:27.985814,Khanikhola Hydropower Co. Ltd.
2026042104007231,KKHC,34,46,50,285.0,14250.0,2026-04-21,187288710,2751,Vision Securities Pvt. Ltd,Kalika Securities Pvt. Ltd.,2026-04-21 13:41:00.404400,Khanikhola Hydropower Co. Ltd.
2026042104007298,KKHC,53,46,100,285.0,28500.0,2026-04-21,187289722,2751,Investment Management Nepal Pvt. Ltd.,Kalika Securities Pvt. Ltd.,2026-04-21 13:42:28.116032,Khanikhola Hydropower Co. Ltd.
2026042104007346,KKHC,71,46,6666,285.0,1899810.0,2026-04-21,187290276,2751,SHUBHAKAMANA SECURITIES PVT. LTD,Kalika Securities Pvt. Ltd.,2026-04-21 13:43:44.270467,Khanikhola Hydropower Co. Ltd.
2026042104007439,KKHC,74,46,15,285.0,4275.0,2026-04-21,187291478,2751,KALASH STOCK MARKET PVT. LTD.,Kalika Securities Pvt. Ltd.,2026-04-21 13:46:09.749978,Khanikhola Hydropower Co. Ltd.
2026042104007479,KKHC,22,51,28,284.7,7971.6,2026-04-21,187291828,2751,Siprabi Securities Pvt. Ltd.,Oxford Securities Pvt. Ltd.,2026-04-21 13:46:48.828282,Khanikhola Hydropower Co. Ltd.
2026042104007518,KKHC,36,51,565,284.7,160855.5,2026-04-21,187292346,2751,Secured Securities Ltd.,Oxford Securities Pvt. Ltd.,2026-04-21 13:47:52.648736,Khanikhola Hydropower Co. Ltd.
2026042104007529,KKHC,50,51,417,284.7,118719.9,2026-04-21,187292855,2751,Cristal Kanchanjanga Securites Pvt. Ltd.,Oxford Securities Pvt. Ltd.,2026-04-21 13:48:48.803526,Khanikhola Hydropower Co. Ltd.
2026042104007530,KKHC,50,17,10,284.7,2847.0,2026-04-21,187292857,2751,Cristal Kanchanjanga Securites Pvt. Ltd.,ABC Securities Private Limited,2026-04-21 13:48:48.803963,Khanikhola Hydropower Co. Ltd.
2026042104007571,KKHC,50,58,20,285.8,5716.0,2026-04-21,187293299,2751,Cristal Kanchanjanga Securites Pvt. Ltd.,Naasa Securities Co. Ltd.,2026-04-21 13:49:42.833118,Khanikhola Hydropower Co. Ltd.
2026042104007572,KKHC,50,17,10,285.8,2858.0,2026-04-21,187293301,2751,Cristal Kanchanjanga Securites Pvt. Ltd.,ABC Securities Private Limited,2026-04-21 13:49:42.833856,Khanikhola Hydropower Co. Ltd.
2026042104007783,KKHC,13,46,50,287.0,14350.0,2026-04-21,187297022,2751,Thrive Brokerage House Pvt. Ltd,Kalika Securities Pvt. Ltd.,2026-04-21 13:56:34.840286,Khanikhola Hydropower Co. Ltd.
2026042104007784,KKHC,51,46,20,285.8,5716.0,2026-04-21,187297024,2751,Oxford Securities Pvt. Ltd.,Kalika Securities Pvt. Ltd.,2026-04-21 13:56:34.841093,Khanikhola Hydropower Co. Ltd.
2026042104007785,KKHC,94,46,280,285.0,79800.0,2026-04-21,187297026,2751,K.B.L. Securities Limited ,Kalika Securities Pvt. Ltd.,2026-04-21 13:56:34.841611,Khanikhola Hydropower Co. Ltd.
2026042104007786,KKHC,51,46,40,285.0,11400.0,2026-04-21,187297028,2751,Oxford Securities Pvt. Ltd.,Kalika Securities Pvt. Ltd.,2026-04-21 13:56:34.842106,Khanikhola Hydropower Co. Ltd.
2026042104007787,KKHC,45,46,20,285.0,5700.0,2026-04-21,187297030,2751,Imperial Securities Company Pvt. Ltd.,Kalika Securities Pvt. Ltd.,2026-04-21 13:56:34.842601,Khanikhola Hydropower Co. Ltd.
2026042104007788,KKHC,38,46,1040,285.0,296400.0,2026-04-21,187297032,2751,Dipshikha Dhitopatra Karobar Co. Pvt Ltd.,Kalika Securities Pvt. Ltd.,2026-04-21 13:56:34.843074,Khanikhola Hydropower Co. Ltd.
2026042104007789,KKHC,38,46,1040,285.0,296400.0,2026-04-21,187297034,2751,Dipshikha Dhitopatra Karobar Co. Pvt Ltd.,Kalika Securities Pvt. Ltd.,2026-04-21 13:56:34.843549,Khanikhola Hydropower Co. Ltd.
2026042104007790,KKHC,45,46,24,285.0,6840.0,2026-04-21,187297036,2751,Imperial Securities Company Pvt. Ltd.,Kalika Securities Pvt. Ltd.,2026-04-21 13:56:34.844013,Khanikhola Hydropower Co. Ltd.
2026042104007805,KKHC,50,46,543,285.0,154755.0,2026-04-21,187297210,2751,Cristal Kanchanjanga Securites Pvt. Ltd.,Kalika Securities Pvt. Ltd.,2026-04-21 13:56:48.448000,Khanikhola Hydropower Co. Ltd.
2026042104007914,KKHC,36,46,500,285.0,142500.0,2026-04-21,187298440,2751,Secured Securities Ltd.,Kalika Securities Pvt. Ltd.,2026-04-21 13:58:42.316378,Khanikhola Hydropower Co. Ltd.
2026042104007972,KKHC,22,71,200,284.7,56940.0,2026-04-21,187299328,2751,Siprabi Securities Pvt. Ltd.,SHUBHAKAMANA SECURITIES PVT. LTD,2026-04-21 13:59:49.876446,Khanikhola Hydropower Co. Ltd.
2026042104007973,KKHC,51,71,30,284.5,8535.0,2026-04-21,187299330,2751,Oxford Securities Pvt. Ltd.,SHUBHAKAMANA SECURITIES PVT. LTD,2026-04-21 13:59:49.877246,Khanikhola Hydropower Co. Ltd.
2026042104007974,KKHC,18,71,90,284.5,25605.0,2026-04-21,187299331,2751,Sagarmatha Securities Private Limited,SHUBHAKAMANA SECURITIES PVT. LTD,2026-04-21 13:59:49.877766,Khanikhola Hydropower Co. Ltd.
2026042104008000,KKHC,1,46,100,285.0,28500.0,2026-04-21,187299520,2751,Kumari Securities Private Limited,Kalika Securities Pvt. Ltd.,2026-04-21 14:00:15.082717,Khanikhola Hydropower Co. Ltd.
2026042104008034,KKHC,18,45,10,284.5,2845.0,2026-04-21,187299934,2751,Sagarmatha Securities Private Limited,Imperial Securities Company Pvt. Ltd.,2026-04-21 14:00:43.066751,Khanikhola Hydropower Co. Ltd.
2026042104008035,KKHC,32,45,90,284.4,25596.0,2026-04-21,187299935,2751,Premier Securities Company Ltd.,Imperial Securities Company Pvt. Ltd.,2026-04-21 14:00:43.067471,Khanikhola Hydropower Co. Ltd.
2026042104008040,KKHC,51,46,100,285.0,28500.0,2026-04-21,187299964,2751,Oxford Securities Pvt. Ltd.,Kalika Securities Pvt. Ltd.,2026-04-21 14:00:49.455391,Khanikhola Hydropower Co. Ltd.
2026042104008060,KKHC,1,46,1000,285.0,285000.0,2026-04-21,187300110,2751,Kumari Securities Private Limited,Kalika Securities Pvt. Ltd.,2026-04-21 14:00:59.006554,Khanikhola Hydropower Co. Ltd.
2026042104008105,KKHC,57,46,4000,285.0,1140000.0,2026-04-21,187300728,2751,Aryatara Investment & Securities,Kalika Securities Pvt. Ltd.,2026-04-21 14:02:13.161882,Khanikhola Hydropower Co. Ltd.
2026042104008113,KKHC,49,46,343,285.0,97755.0,2026-04-21,187300962,2751,Online Securities Pvt. Ltd.,Kalika Securities Pvt. Ltd.,2026-04-21 14:02:35.737572,Khanikhola Hydropower Co. Ltd.
2026042104008122,KKHC,87,46,900,285.0,256500.0,2026-04-21,187301125,2751,S.P.S.A. Securities Limited,Kalika Securities Pvt. Ltd.,2026-04-21 14:02:56.629271,Khanikhola Hydropower Co. Ltd.
2026042104008248,KKHC,87,46,100,285.0,28500.0,2026-04-21,187303040,2751,S.P.S.A. Securities Limited,Kalika Securities Pvt. Ltd.,2026-04-21 14:05:57.457856,Khanikhola Hydropower Co. Ltd.
2026042104008249,KKHC,1,46,100,285.0,28500.0,2026-04-21,187303042,2751,Kumari Securities Private Limited,Kalika Securities Pvt. Ltd.,2026-04-21 14:05:57.458577,Khanikhola Hydropower Co. Ltd.
2026042104008250,KKHC,57,46,500,285.0,142500.0,2026-04-21,187303044,2751,Aryatara Investment & Securities,Kalika Securities Pvt. Ltd.,2026-04-21 14:05:57.459068,Khanikhola Hydropower Co. Ltd.
2026042104008331,KKHC,57,46,500,285.0,142500.0,2026-04-21,187303870,2751,Aryatara Investment & Securities,Kalika Securities Pvt. Ltd.,2026-04-21 14:07:13.754437,Khanikhola Hydropower Co. Ltd.
2026042104008334,KKHC,26,46,4000,285.0,1140000.0,2026-04-21,187303892,2751,Asian Securities Private Ltd.,Kalika Securities Pvt. Ltd.,2026-04-21 14:07:17.277446,Khanikhola Hydropower Co. Ltd.
2026042104008368,KKHC,3,42,31,284.9,8831.9,2026-04-21,187304291,2751,Arun Securities (PVT) Ltd.,Sani Securities Company Ltd.,2026-04-21 14:07:52.440943,Khanikhola Hydropower Co. Ltd.
2026042104008369,KKHC,3,46,119,285.0,33915.0,2026-04-21,187304294,2751,Arun Securities (PVT) Ltd.,Kalika Securities Pvt. Ltd.,2026-04-21 14:07:52.441718,Khanikhola Hydropower Co. Ltd.
2026042104008372,KKHC,87,46,1000,285.0,285000.0,2026-04-21,187304332,2751,S.P.S.A. Securities Limited,Kalika Securities Pvt. Ltd.,2026-04-21 14:07:58.220502,Khanikhola Hydropower Co. Ltd.
2026042104008404,KKHC,1,46,38,285.0,10830.0,2026-04-21,187304932,2751,Kumari Securities Private Limited,Kalika Securities Pvt. Ltd.,2026-04-21 14:08:49.970187,Khanikhola Hydropower Co. Ltd.
2026042104008410,KKHC,74,17,50,284.5,14225.0,2026-04-21,187304946,2751,KALASH STOCK MARKET PVT. LTD.,ABC Securities Private Limited,2026-04-21 14:08:51.944610,Khanikhola Hydropower Co. Ltd.
2026042104008411,KKHC,40,17,20,284.5,5690.0,2026-04-21,187304947,2751,Creative Securities Pvt Ltd,ABC Securities Private Limited,2026-04-21 14:08:51.944976,Khanikhola Hydropower Co. Ltd.
2026042104008505,KKHC,42,46,3500,285.0,997500.0,2026-04-21,187306136,2751,Sani Securities Company Ltd.,Kalika Securities Pvt. Ltd.,2026-04-21 14:10:52.415506,Khanikhola Hydropower Co. Ltd.
2026042104008543,KKHC,35,46,143,285.0,40755.0,2026-04-21,187306425,2751,Kohinoor Investment & Securities Pvt. Ltd.,Kalika Securities Pvt. Ltd.,2026-04-21 14:11:19.508338,Khanikhola Hydropower Co. Ltd.
2026042104008604,KKHC,35,46,107,285.0,30495.0,2026-04-21,187307088,2751,Kohinoor Investment & Securities Pvt. Ltd.,Kalika Securities Pvt. Ltd.,2026-04-21 14:12:23.541328,Khanikhola Hydropower Co. Ltd.
2026042104008647,KKHC,58,46,10,285.0,2850.0,2026-04-21,187307474,2751,Naasa Securities Co. Ltd.,Kalika Securities Pvt. Ltd.,2026-04-21 14:12:58.472490,Khanikhola Hydropower Co. Ltd.
2026042104008651,KKHC,52,64,100,284.5,28450.0,2026-04-21,187307490,2751,Sundhara Securities Limited,SUN SECURITIES PVT LTD,2026-04-21 14:12:59.527790,Khanikhola Hydropower Co. Ltd.
2026042104008652,KKHC,32,64,410,284.4,116604.0,2026-04-21,187307492,2751,Premier Securities Company Ltd.,SUN SECURITIES PVT LTD,2026-04-21 14:12:59.527839,Khanikhola Hydropower Co. Ltd.
2026042104008653,KKHC,87,64,490,284.4,139356.0,2026-04-21,187307493,2751,S.P.S.A. Securities Limited,SUN SECURITIES PVT LTD,2026-04-21 14:12:59.527863,Khanikhola Hydropower Co. Ltd.
2026042104008753,KKHC,87,57,1000,284.4,284400.0,2026-04-21,187308373,2751,S.P.S.A. Securities Limited,Aryatara Investment & Securities,2026-04-21 14:14:19.845089,Khanikhola Hydropower Co. Ltd.
2026042104008871,KKHC,58,46,91,285.0,25935.0,2026-04-21,187309494,2751,Naasa Securities Co. Ltd.,Kalika Securities Pvt. Ltd.,2026-04-21 14:15:55.832479,Khanikhola Hydropower Co. Ltd.
2026042104009155,KKHC,14,22,980,285.0,279300.0,2026-04-21,187312314,2751,Nepal Stock House (PVT) Ltd.,Siprabi Securities Pvt. Ltd.,2026-04-21 14:19:33.970154,Khanikhola Hydropower Co. Ltd.
2026042104009156,KKHC,58,22,16,285.0,4560.0,2026-04-21,187312316,2751,Naasa Securities Co. Ltd.,Siprabi Securities Pvt. Ltd.,2026-04-21 14:19:33.970542,Khanikhola Hydropower Co. Ltd.
2026042104009451,KKHC,46,17,15,284.3,4264.5,2026-04-21,187314582,2751,Kalika Securities Pvt. Ltd.,ABC Securities Private Limited,2026-04-21 14:21:43.745132,Khanikhola Hydropower Co. Ltd.
2026042104009452,KKHC,22,17,15,284.2,4263.0,2026-04-21,187314583,2751,Siprabi Securities Pvt. Ltd.,ABC Securities Private Limited,2026-04-21 14:21:43.745197,Khanikhola Hydropower Co. Ltd.
2026042104009574,KKHC,50,58,50,288.5,14425.0,2026-04-21,187315704,2751,Cristal Kanchanjanga Securites Pvt. Ltd.,Naasa Securities Co. Ltd.,2026-04-21 14:22:55.655650,Khanikhola Hydropower Co. Ltd.
2026042104009608,KKHC,34,21,10,288.8,2888.0,2026-04-21,187316036,2751,Vision Securities Pvt. Ltd,Midas Stock Broking Company Private Limited,2026-04-21 14:23:19.193363,Khanikhola Hydropower Co. Ltd.
2026042104010110,KKHC,32,49,20,285.0,5700.0,2026-04-21,187319311,2751,Premier Securities Company Ltd.,Online Securities Pvt. Ltd.,2026-04-21 14:26:06.700946,Khanikhola Hydropower Co. Ltd.
2026042104010217,KKHC,32,22,14,285.0,3990.0,2026-04-21,187320077,2751,Premier Securities Company Ltd.,Siprabi Securities Pvt. Ltd.,2026-04-21 14:26:57.156050,Khanikhola Hydropower Co. Ltd.
2026042104010793,KKHC,57,49,100,285.0,28500.0,2026-04-21,187323314,2751,Aryatara Investment & Securities,Online Securities Pvt. Ltd.,2026-04-21 14:29:54.050434,Khanikhola Hydropower Co. Ltd.
2026042104010809,KKHC,57,49,200,285.0,57000.0,2026-04-21,187323576,2751,Aryatara Investment & Securities,Online Securities Pvt. Ltd.,2026-04-21 14:30:05.820371,Khanikhola Hydropower Co. Ltd.
2026042104010842,KKHC,57,51,500,284.9,142450.0,2026-04-21,187323868,2751,Aryatara Investment & Securities,Oxford Securities Pvt. Ltd.,2026-04-21 14:30:23.741074,Khanikhola Hydropower Co. Ltd.
2026042104010910,KKHC,36,47,200,284.3,56860.0,2026-04-21,187324164,2751,Secured Securities Ltd.,Neev Securities Pvt. Ltd.,2026-04-21 14:30:37.267333,Khanikhola Hydropower Co. Ltd.
2026042104010911,KKHC,25,47,125,284.3,35537.5,2026-04-21,187324166,2751,Sweta Securities Private Limited,Neev Securities Pvt. Ltd.,2026-04-21 14:30:37.267701,Khanikhola Hydropower Co. Ltd.
2026042104010919,KKHC,57,47,705,284.3,200431.5,2026-04-21,187324243,2751,Aryatara Investment & Securities,Neev Securities Pvt. Ltd.,2026-04-21 14:30:41.547861,Khanikhola Hydropower Co. Ltd.
2026042104010920,KKHC,57,51,495,284.9,141025.5,2026-04-21,187324246,2751,Aryatara Investment & Securities,Oxford Securities Pvt. Ltd.,2026-04-21 14:30:41.548623,Khanikhola Hydropower Co. Ltd.
2026042104010997,KKHC,57,49,100,285.0,28500.0,2026-04-21,187324955,2751,Aryatara Investment & Securities,Online Securities Pvt. Ltd.,2026-04-21 14:31:26.635957,Khanikhola Hydropower Co. Ltd.
2026042104011068,KKHC,57,49,1100,285.0,313500.0,2026-04-21,187325533,2751,Aryatara Investment & Securities,Online Securities Pvt. Ltd.,2026-04-21 14:31:54.935883,Khanikhola Hydropower Co. Ltd.
2026042104011173,KKHC,57,50,90,287.0,25830.0,2026-04-21,187326633,2751,Aryatara Investment & Securities,Cristal Kanchanjanga Securites Pvt. Ltd.,2026-04-21 14:32:55.622566,Khanikhola Hydropower Co. Ltd.
2026042104011240,KKHC,57,7,100,288.0,28800.0,2026-04-21,187327085,2751,Aryatara Investment & Securities,J.F. Securites (PVT) Ltd.,2026-04-21 14:33:21.924726,Khanikhola Hydropower Co. Ltd.
2026042104011258,KKHC,57,46,10,288.0,2880.0,2026-04-21,187327218,2751,Aryatara Investment & Securities,Kalika Securities Pvt. Ltd.,2026-04-21 14:33:32.634518,Khanikhola Hydropower Co. Ltd.
2026042104011259,KKHC,57,46,109,287.0,31283.0,2026-04-21,187327220,2751,Aryatara Investment & Securities,Kalika Securities Pvt. Ltd.,2026-04-21 14:33:32.635273,Khanikhola Hydropower Co. Ltd.
2026042104011260,KKHC,57,46,10,286.0,2860.0,2026-04-21,187327222,2751,Aryatara Investment & Securities,Kalika Securities Pvt. Ltd.,2026-04-21 14:33:32.635895,Khanikhola Hydropower Co. Ltd.
2026042104011306,KKHC,57,46,1200,285.0,342000.0,2026-04-21,187327576,2751,Aryatara Investment & Securities,Kalika Securities Pvt. Ltd.,2026-04-21 14:33:55.579223,Khanikhola Hydropower Co. Ltd.
2026042104011345,KKHC,22,95,185,284.2,52577.0,2026-04-21,187328092,2751,Siprabi Securities Pvt. Ltd.,Magnet Securities and Investment Company Private Limited,2026-04-21 14:34:24.659381,Khanikhola Hydropower Co. Ltd.
2026042104011346,KKHC,58,95,15,284.2,4263.0,2026-04-21,187328093,2751,Naasa Securities Co. Ltd.,Magnet Securities and Investment Company Private Limited,2026-04-21 14:34:24.660118,Khanikhola Hydropower Co. Ltd.
2026042104011394,KKHC,58,38,25,284.2,7105.0,2026-04-21,187328304,2751,Naasa Securities Co. Ltd.,Dipshikha Dhitopatra Karobar Co. Pvt Ltd.,2026-04-21 14:34:33.412112,Khanikhola Hydropower Co. Ltd.
2026042104011579,KKHC,57,3,10,284.9,2849.0,2026-04-21,187330196,2751,Aryatara Investment & Securities,Arun Securities (PVT) Ltd.,2026-04-21 14:36:26.865798,Khanikhola Hydropower Co. Ltd.
2026042104011580,KKHC,46,3,10,284.1,2841.0,2026-04-21,187330198,2751,Kalika Securities Pvt. Ltd.,Arun Securities (PVT) Ltd.,2026-04-21 14:36:26.866560,Khanikhola Hydropower Co. Ltd.
2026042104011581,KKHC,48,3,80,284.0,22720.0,2026-04-21,187330199,2751,Trishakti Securities Public Limited,Arun Securities (PVT) Ltd.,2026-04-21 14:36:26.867056,Khanikhola Hydropower Co. Ltd.
2026042104011587,KKHC,57,46,600,285.0,171000.0,2026-04-21,187330320,2751,Aryatara Investment & Securities,Kalika Securities Pvt. Ltd.,2026-04-21 14:36:31.643491,Khanikhola Hydropower Co. Ltd.
2026042104011626,KKHC,57,46,90,285.0,25650.0,2026-04-21,187330668,2751,Aryatara Investment & Securities,Kalika Securities Pvt. Ltd.,2026-04-21 14:36:51.569265,Khanikhola Hydropower Co. Ltd.
2026042104011765,KKHC,32,46,10,285.0,2850.0,2026-04-21,187331924,2751,Premier Securities Company Ltd.,Kalika Securities Pvt. Ltd.,2026-04-21 14:37:57.403580,Khanikhola Hydropower Co. Ltd.
2026042104011897,KKHC,49,46,1500,285.0,427500.0,2026-04-21,187332876,2751,Online Securities Pvt. Ltd.,Kalika Securities Pvt. Ltd.,2026-04-21 14:38:54.545191,Khanikhola Hydropower Co. Ltd.
2026042104012007,KKHC,57,63,30,284.9,8547.0,2026-04-21,187334170,2751,Aryatara Investment & Securities,Himalayan Brokerage Company Limited,2026-04-21 14:40:03.708050,Khanikhola Hydropower Co. Ltd.
2026042104012008,KKHC,48,63,220,284.0,62480.0,2026-04-21,187334172,2751,Trishakti Securities Public Limited,Himalayan Brokerage Company Limited,2026-04-21 14:40:03.708085,Khanikhola Hydropower Co. Ltd.
2026042104012009,KKHC,20,63,350,284.0,99400.0,2026-04-21,187334174,2751,Sipla Securities Private Limited,Himalayan Brokerage Company Limited,2026-04-21 14:40:03.708106,Khanikhola Hydropower Co. Ltd.
2026042104012010,KKHC,50,63,150,284.0,42600.0,2026-04-21,187334176,2751,Cristal Kanchanjanga Securites Pvt. Ltd.,Himalayan Brokerage Company Limited,2026-04-21 14:40:03.708128,Khanikhola Hydropower Co. Ltd.
2026042104012011,KKHC,59,63,10,283.8,2838.0,2026-04-21,187334178,2751,Deevyaa Securities & Stock House Pvt. Ltd,Himalayan Brokerage Company Limited,2026-04-21 14:40:03.708152,Khanikhola Hydropower Co. Ltd.
2026042104012012,KKHC,52,63,150,283.4,42510.0,2026-04-21,187334180,2751,Sundhara Securities Limited,Himalayan Brokerage Company Limited,2026-04-21 14:40:03.708173,Khanikhola Hydropower Co. Ltd.
2026042104012013,KKHC,6,63,10,283.0,2830.0,2026-04-21,187334182,2751,Agrawal Securities (PVT) Ltd.,Himalayan Brokerage Company Limited,2026-04-21 14:40:03.708217,Khanikhola Hydropower Co. Ltd.
2026042104012014,KKHC,46,63,10,283.0,2830.0,2026-04-21,187334184,2751,Kalika Securities Pvt. Ltd.,Himalayan Brokerage Company Limited,2026-04-21 14:40:03.708278,Khanikhola Hydropower Co. Ltd.
2026042104012015,KKHC,57,63,10,283.0,2830.0,2026-04-21,187334186,2751,Aryatara Investment & Securities,Himalayan Brokerage Company Limited,2026-04-21 14:40:03.708299,Khanikhola Hydropower Co. Ltd.
2026042104012016,KKHC,51,63,60,283.0,16980.0,2026-04-21,187334187,2751,Oxford Securities Pvt. Ltd.,Himalayan Brokerage Company Limited,2026-04-21 14:40:03.708326,Khanikhola Hydropower Co. Ltd.
2026042104012052,KKHC,51,49,40,283.0,11320.0,2026-04-21,187334538,2751,Oxford Securities Pvt. Ltd.,Online Securities Pvt. Ltd.,2026-04-21 14:40:27.283161,Khanikhola Hydropower Co. Ltd.
2026042104012053,KKHC,44,49,101,283.0,28583.0,2026-04-21,187334540,2751,Dynamic Money Managers Securities Pvt. Ltd.,Online Securities Pvt. Ltd.,2026-04-21 14:40:27.283550,Khanikhola Hydropower Co. Ltd.
2026042104012054,KKHC,28,49,200,283.0,56600.0,2026-04-21,187334542,2751,Shree Krishna Securities Ltd.,Online Securities Pvt. Ltd.,2026-04-21 14:40:27.283716,Khanikhola Hydropower Co. Ltd.
2026042104012055,KKHC,87,49,659,283.0,186497.0,2026-04-21,187334543,2751,S.P.S.A. Securities Limited,Online Securities Pvt. Ltd.,2026-04-21 14:40:27.283877,Khanikhola Hydropower Co. Ltd.
2026042104012205,KKHC,87,49,1000,283.0,283000.0,2026-04-21,187336022,2751,S.P.S.A. Securities Limited,Online Securities Pvt. Ltd.,2026-04-21 14:41:40.352538,Khanikhola Hydropower Co. Ltd.
2026042104012258,KKHC,36,35,24,283.1,6794.4,2026-04-21,187336511,2751,Secured Securities Ltd.,Kohinoor Investment & Securities Pvt. Ltd.,2026-04-21 14:42:02.281190,Khanikhola Hydropower Co. Ltd.
2026042104013027,KKHC,57,49,10,284.9,2849.0,2026-04-21,187342360,2751,Aryatara Investment & Securities,Online Securities Pvt. Ltd.,2026-04-21 14:45:50.651632,Khanikhola Hydropower Co. Ltd.
2026042104013028,KKHC,57,49,20,284.8,5696.0,2026-04-21,187342362,2751,Aryatara Investment & Securities,Online Securities Pvt. Ltd.,2026-04-21 14:45:50.652083,Khanikhola Hydropower Co. Ltd.
2026042104013077,KKHC,57,28,50,284.7,14235.0,2026-04-21,187342603,2751,Aryatara Investment & Securities,Shree Krishna Securities Ltd.,2026-04-21 14:46:00.416759,Khanikhola Hydropower Co. Ltd.
2026042104013123,KKHC,6,49,300,284.8,85440.0,2026-04-21,187342962,2751,Agrawal Securities (PVT) Ltd.,Online Securities Pvt. Ltd.,2026-04-21 14:46:17.437099,Khanikhola Hydropower Co. Ltd.
2026042104013614,KKHC,36,64,10,283.1,2831.0,2026-04-21,187347097,2751,Secured Securities Ltd.,SUN SECURITIES PVT LTD,2026-04-21 14:48:51.491205,Khanikhola Hydropower Co. Ltd.
2026042104013617,KKHC,36,58,50,283.1,14155.0,2026-04-21,187347107,2751,Secured Securities Ltd.,Naasa Securities Co. Ltd.,2026-04-21 14:48:51.918290,Khanikhola Hydropower Co. Ltd.
2026042104013733,KKHC,36,26,50,283.1,14155.0,2026-04-21,187347897,2751,Secured Securities Ltd.,Asian Securities Private Ltd.,2026-04-21 14:49:15.972173,Khanikhola Hydropower Co. Ltd.
2026042104014003,KKHC,74,6,500,283.2,141600.0,2026-04-21,187349453,2751,KALASH STOCK MARKET PVT. LTD.,Agrawal Securities (PVT) Ltd.,2026-04-21 14:50:07.986680,Khanikhola Hydropower Co. Ltd.
2026042104014101,KKHC,74,49,500,283.2,141600.0,2026-04-21,187350033,2751,KALASH STOCK MARKET PVT. LTD.,Online Securities Pvt. Ltd.,2026-04-21 14:50:28.749941,Khanikhola Hydropower Co. Ltd.
2026042104014115,KKHC,36,42,175,283.1,49542.5,2026-04-21,187350141,2751,Secured Securities Ltd.,Sani Securities Company Ltd.,2026-04-21 14:50:32.089960,Khanikhola Hydropower Co. Ltd.
2026042104014175,KKHC,20,49,200,284.0,56800.0,2026-04-21,187350962,2751,Sipla Securities Private Limited,Online Securities Pvt. Ltd.,2026-04-21 14:50:58.533650,Khanikhola Hydropower Co. Ltd.
2026042104014176,KKHC,57,49,10,284.0,2840.0,2026-04-21,187350964,2751,Aryatara Investment & Securities,Online Securities Pvt. Ltd.,2026-04-21 14:50:58.534414,Khanikhola Hydropower Co. Ltd.
2026042104014177,KKHC,36,49,191,283.1,54072.1,2026-04-21,187350966,2751,Secured Securities Ltd.,Online Securities Pvt. Ltd.,2026-04-21 14:50:58.534899,Khanikhola Hydropower Co. Ltd.
2026042104014178,KKHC,67,49,10,283.0,2830.0,2026-04-21,187350968,2751,Property Wiard Limited,Online Securities Pvt. Ltd.,2026-04-21 14:50:58.535431,Khanikhola Hydropower Co. Ltd.
2026042104014179,KKHC,58,49,20,283.0,5660.0,2026-04-21,187350970,2751,Naasa Securities Co. Ltd.,Online Securities Pvt. Ltd.,2026-04-21 14:50:58.535923,Khanikhola Hydropower Co. Ltd.
2026042104014180,KKHC,22,49,125,283.0,35375.0,2026-04-21,187350972,2751,Siprabi Securities Pvt. Ltd.,Online Securities Pvt. Ltd.,2026-04-21 14:50:58.536422,Khanikhola Hydropower Co. Ltd.
2026042104014409,KKHC,22,58,50,282.5,14125.0,2026-04-21,187352801,2751,Siprabi Securities Pvt. Ltd.,Naasa Securities Co. Ltd.,2026-04-21 14:52:09.875725,Khanikhola Hydropower Co. Ltd.
2026042104014418,KKHC,52,49,200,283.0,56600.0,2026-04-21,187352852,2751,Sundhara Securities Limited,Online Securities Pvt. Ltd.,2026-04-21 14:52:12.874744,Khanikhola Hydropower Co. Ltd.
2026042104014424,KKHC,22,58,100,282.5,28250.0,2026-04-21,187352879,2751,Siprabi Securities Pvt. Ltd.,Naasa Securities Co. Ltd.,2026-04-21 14:52:14.175561,Khanikhola Hydropower Co. Ltd.
2026042104014574,KKHC,22,33,550,282.5,155375.0,2026-04-21,187353958,2751,Siprabi Securities Pvt. Ltd.,Dakshinkali Investment & Securities Pvt. Ltd.,2026-04-21 14:52:51.437284,Khanikhola Hydropower Co. Ltd.
2026042104014575,KKHC,43,33,50,282.0,14100.0,2026-04-21,187353960,2751,South Asian Bulls Pvt. Ltd.,Dakshinkali Investment & Securities Pvt. Ltd.,2026-04-21 14:52:51.438057,Khanikhola Hydropower Co. Ltd.
2026042104014576,KKHC,45,33,25,282.0,7050.0,2026-04-21,187353962,2751,Imperial Securities Company Pvt. Ltd.,Dakshinkali Investment & Securities Pvt. Ltd.,2026-04-21 14:52:51.438561,Khanikhola Hydropower Co. Ltd.
2026042104014577,KKHC,45,33,500,282.0,141000.0,2026-04-21,187353964,2751,Imperial Securities Company Pvt. Ltd.,Dakshinkali Investment & Securities Pvt. Ltd.,2026-04-21 14:52:51.439042,Khanikhola Hydropower Co. Ltd.
2026042104014578,KKHC,66,33,200,282.0,56400.0,2026-04-21,187353966,2751,Miyo Securities Pvt Ltd,Dakshinkali Investment & Securities Pvt. Ltd.,2026-04-21 14:52:51.439541,Khanikhola Hydropower Co. Ltd.
2026042104014579,KKHC,52,33,500,282.0,141000.0,2026-04-21,187353968,2751,Sundhara Securities Limited,Dakshinkali Investment & Securities Pvt. Ltd.,2026-04-21 14:52:51.440021,Khanikhola Hydropower Co. Ltd.
2026042104014721,KKHC,42,49,670,281.7,188739.0,2026-04-21,187354915,2751,Sani Securities Company Ltd.,Online Securities Pvt. Ltd.,2026-04-21 14:53:32.102795,Khanikhola Hydropower Co. Ltd.
2026042104014722,KKHC,42,58,40,282.5,11300.0,2026-04-21,187354917,2751,Sani Securities Company Ltd.,Naasa Securities Co. Ltd.,2026-04-21 14:53:32.102889,Khanikhola Hydropower Co. Ltd.
2026042104014723,KKHC,42,49,290,283.0,82070.0,2026-04-21,187354920,2751,Sani Securities Company Ltd.,Online Securities Pvt. Ltd.,2026-04-21 14:53:32.102918,Khanikhola Hydropower Co. Ltd.
2026042104014838,KKHC,42,49,140,283.0,39620.0,2026-04-21,187355764,2751,Sani Securities Company Ltd.,Online Securities Pvt. Ltd.,2026-04-21 14:53:55.775097,Khanikhola Hydropower Co. Ltd.
2026042104014864,KKHC,36,22,40,282.5,11300.0,2026-04-21,187355870,2751,Secured Securities Ltd.,Siprabi Securities Pvt. Ltd.,2026-04-21 14:53:59.831148,Khanikhola Hydropower Co. Ltd.
2026042104014865,KKHC,42,22,150,282.5,42375.0,2026-04-21,187355872,2751,Sani Securities Company Ltd.,Siprabi Securities Pvt. Ltd.,2026-04-21 14:53:59.831530,Khanikhola Hydropower Co. Ltd.
2026042104014894,KKHC,74,22,20,282.0,5640.0,2026-04-21,187356302,2751,KALASH STOCK MARKET PVT. LTD.,Siprabi Securities Pvt. Ltd.,2026-04-21 14:54:15.823103,Khanikhola Hydropower Co. Ltd.
2026042104014895,KKHC,42,36,100,281.5,28150.0,2026-04-21,187356309,2751,Sani Securities Company Ltd.,Secured Securities Ltd.,2026-04-21 14:54:16.210678,Khanikhola Hydropower Co. Ltd.
2026042104014910,KKHC,42,49,157,281.5,44195.5,2026-04-21,187356377,2751,Sani Securities Company Ltd.,Online Securities Pvt. Ltd.,2026-04-21 14:54:20.896626,Khanikhola Hydropower Co. Ltd.
2026042104014925,KKHC,42,58,10,281.5,2815.0,2026-04-21,187356515,2751,Sani Securities Company Ltd.,Naasa Securities Co. Ltd.,2026-04-21 14:54:26.602165,Khanikhola Hydropower Co. Ltd.
2026042104015020,KKHC,42,53,105,281.5,29557.5,2026-04-21,187357347,2751,Sani Securities Company Ltd.,Investment Management Nepal Pvt. Ltd.,2026-04-21 14:54:55.486959,Khanikhola Hydropower Co. Ltd.
2026042104015073,KKHC,42,22,1153,282.9,326183.7,2026-04-21,187357663,2751,Sani Securities Company Ltd.,Siprabi Securities Pvt. Ltd.,2026-04-21 14:55:06.502684,Khanikhola Hydropower Co. Ltd.
2026042104015074,KKHC,42,49,702,283.0,198666.0,2026-04-21,187357665,2751,Sani Securities Company Ltd.,Online Securities Pvt. Ltd.,2026-04-21 14:55:06.503040,Khanikhola Hydropower Co. Ltd.
2026042104015075,KKHC,42,33,175,283.0,49525.0,2026-04-21,187357667,2751,Sani Securities Company Ltd.,Dakshinkali Investment & Securities Pvt. Ltd.,2026-04-21 14:55:06.503210,Khanikhola Hydropower Co. Ltd.
2026042104015076,KKHC,42,49,970,283.0,274510.0,2026-04-21,187357670,2751,Sani Securities Company Ltd.,Online Securities Pvt. Ltd.,2026-04-21 14:55:06.503381,Khanikhola Hydropower Co. Ltd.
2026042104015516,KKHC,45,53,150,282.5,42375.0,2026-04-21,187361191,2751,Imperial Securities Company Pvt. Ltd.,Investment Management Nepal Pvt. Ltd.,2026-04-21 14:56:45.355067,Khanikhola Hydropower Co. Ltd.
2026042104015517,KKHC,45,33,50,282.8,14140.0,2026-04-21,187361193,2751,Imperial Securities Company Pvt. Ltd.,Dakshinkali Investment & Securities Pvt. Ltd.,2026-04-21 14:56:45.355440,Khanikhola Hydropower Co. Ltd.
2026042104015623,KKHC,53,49,25,283.0,7075.0,2026-04-21,187362140,2751,Investment Management Nepal Pvt. Ltd.,Online Securities Pvt. Ltd.,2026-04-21 14:57:09.992073,Khanikhola Hydropower Co. Ltd.
2026042104015708,KKHC,45,49,300,283.0,84900.0,2026-04-21,187362794,2751,Imperial Securities Company Pvt. Ltd.,Online Securities Pvt. Ltd.,2026-04-21 14:57:27.319503,Khanikhola Hydropower Co. Ltd.
2026042104015917,KKHC,41,41,70,282.0,19740.0,2026-04-21,187364348,2751,Linch Stock Market Ltd.,Linch Stock Market Ltd.,2026-04-21 14:58:01.941329,Khanikhola Hydropower Co. Ltd.
2026042104016005,KKHC,49,41,100,282.0,28200.0,2026-04-21,187364972,2751,Online Securities Pvt. Ltd.,Linch Stock Market Ltd.,2026-04-21 14:58:18.186561,Khanikhola Hydropower Co. Ltd.
2026042104016111,KKHC,42,19,1000,281.6,281600.0,2026-04-21,187365803,2751,Sani Securities Company Ltd.,Nepal Investment And Securities Trading Private Limited,2026-04-21 14:58:38.177536,Khanikhola Hydropower Co. Ltd.
2026042104016126,KKHC,19,41,100,282.0,28200.0,2026-04-21,187365976,2751,Nepal Investment And Securities Trading Private Limited,Linch Stock Market Ltd.,2026-04-21 14:58:40.813797,Khanikhola Hydropower Co. Ltd.
2026042104016256,KKHC,51,41,75,282.0,21150.0,2026-04-21,187366968,2751,Oxford Securities Pvt. Ltd.,Linch Stock Market Ltd.,2026-04-21 14:59:06.104879,Khanikhola Hydropower Co. Ltd.
2026042104016390,KKHC,35,41,100,282.0,28200.0,2026-04-21,187368084,2751,Kohinoor Investment & Securities Pvt. Ltd.,Linch Stock Market Ltd.,2026-04-21 14:59:22.372567,Khanikhola Hydropower Co. Ltd.
2026042104016613,KKHC,34,41,100,281.7,28170.0,2026-04-21,187369234,2751,Vision Securities Pvt. Ltd,Linch Stock Market Ltd.,2026-04-21 14:59:35.363279,Khanikhola Hydropower Co. Ltd.
2026042104016614,KKHC,32,41,155,281.7,43663.5,2026-04-21,187369235,2751,Premier Securities Company Ltd.,Linch Stock Market Ltd.,2026-04-21 14:59:35.363624,Khanikhola Hydropower Co. Ltd.
2026042104016626,KKHC,32,17,345,281.7,97186.5,2026-04-21,187369310,2751,Premier Securities Company Ltd.,ABC Securities Private Limited,2026-04-21 14:59:36.568827,Khanikhola Hydropower Co. Ltd.
2026042104016627,KKHC,42,17,285,281.6,80256.0,2026-04-21,187369311,2751,Sani Securities Company Ltd.,ABC Securities Private Limited,2026-04-21 14:59:36.569183,Khanikhola Hydropower Co. Ltd.
2026042104016817,KKHC,33,26,1000,281.7,281700.0,2026-04-21,187371030,2751,Dakshinkali Investment & Securities Pvt. Ltd.,Asian Securities Private Ltd.,2026-04-21 14:59:56.770943,Khanikhola Hydropower Co. Ltd.
2026042104016818,KKHC,42,26,500,281.6,140800.0,2026-04-21,187371031,2751,Sani Securities Company Ltd.,Asian Securities Private Ltd.,2026-04-21 14:59:56.770996,Khanikhola Hydropower Co. Ltd.
2026042104016862,KKHC,42,32,800,281.6,225280.0,2026-04-21,187372069,2751,Sani Securities Company Ltd.,Premier Securities Company Ltd.,2026-04-21 14:59:58.733824,Khanikhola Hydropower Co. Ltd.
