contractId,stockSymbol,buyerMemberId,sellerMemberId,quantity,rate,amount,businessDate,tradeBookId,stockId,buyerBrokerName,sellerBrokerName,transaction_time,securityName
2026042103000039,KSBBL,1,57,10,494.3,4943.0,2026-04-21,187182430,459,Kumari Securities Private Limited,Aryatara Investment & Securities,2026-04-21 11:02:11.257134,Kamana Sewa Bikas Bank Limited
2026042103000084,KSBBL,17,34,50,470.5,23525.0,2026-04-21,187186267,459,ABC Securities Private Limited,Vision Securities Pvt. Ltd,2026-04-21 11:07:01.905739,Kamana Sewa Bikas Bank Limited
2026042103000150,KSBBL,4,44,10,484.5,4845.0,2026-04-21,187190210,459,Opal Securities Investment (PVT) Ltd.,Dynamic Money Managers Securities Pvt. Ltd.,2026-04-21 11:11:30.440478,Kamana Sewa Bikas Bank Limited
2026042103000327,KSBBL,1,13,20,482.0,9640.0,2026-04-21,187205102,459,Kumari Securities Private Limited,Thrive Brokerage House Pvt. Ltd,2026-04-21 11:26:29.296806,Kamana Sewa Bikas Bank Limited
2026042103000333,KSBBL,1,13,30,482.0,14460.0,2026-04-21,187205510,459,Kumari Securities Private Limited,Thrive Brokerage House Pvt. Ltd,2026-04-21 11:27:11.695162,Kamana Sewa Bikas Bank Limited
2026042103000342,KSBBL,1,13,50,482.0,24100.0,2026-04-21,187205748,459,Kumari Securities Private Limited,Thrive Brokerage House Pvt. Ltd,2026-04-21 11:27:34.707587,Kamana Sewa Bikas Bank Limited
2026042103000727,KSBBL,49,50,55,482.0,26510.0,2026-04-21,187221395,459,Online Securities Pvt. Ltd.,Cristal Kanchanjanga Securites Pvt. Ltd.,2026-04-21 11:48:50.794481,Kamana Sewa Bikas Bank Limited
2026042103000728,KSBBL,49,34,245,482.0,118090.0,2026-04-21,187221398,459,Online Securities Pvt. Ltd.,Vision Securities Pvt. Ltd,2026-04-21 11:48:50.794591,Kamana Sewa Bikas Bank Limited
2026042103000767,KSBBL,42,34,335,482.0,161470.0,2026-04-21,187223097,459,Sani Securities Company Ltd.,Vision Securities Pvt. Ltd,2026-04-21 11:51:05.940055,Kamana Sewa Bikas Bank Limited
2026042103000768,KSBBL,42,11,300,482.0,144600.0,2026-04-21,187223099,459,Sani Securities Company Ltd.,Malla & Malla Stock Broking Company Pvt. Limited,2026-04-21 11:51:05.940303,Kamana Sewa Bikas Bank Limited
2026042103000769,KSBBL,42,52,1000,483.3,483300.0,2026-04-21,187223102,459,Sani Securities Company Ltd.,Sundhara Securities Limited,2026-04-21 11:51:05.940443,Kamana Sewa Bikas Bank Limited
2026042103000930,KSBBL,75,41,643,482.0,309926.0,2026-04-21,187227583,459,N.I.M.B. Stock Markets Limited,Linch Stock Market Ltd.,2026-04-21 11:56:06.315079,Kamana Sewa Bikas Bank Limited
2026042103000931,KSBBL,75,100,500,482.5,241250.0,2026-04-21,187227585,459,N.I.M.B. Stock Markets Limited,Sunrise Securities Limited,2026-04-21 11:56:06.315329,Kamana Sewa Bikas Bank Limited
2026042103000932,KSBBL,75,18,119,483.0,57477.0,2026-04-21,187227587,459,N.I.M.B. Stock Markets Limited,Sagarmatha Securities Private Limited,2026-04-21 11:56:06.315479,Kamana Sewa Bikas Bank Limited
2026042103000933,KSBBL,75,42,550,483.4,265870.0,2026-04-21,187227589,459,N.I.M.B. Stock Markets Limited,Sani Securities Company Ltd.,2026-04-21 11:56:06.315623,Kamana Sewa Bikas Bank Limited
2026042103000934,KSBBL,75,50,188,485.0,91180.0,2026-04-21,187227592,459,N.I.M.B. Stock Markets Limited,Cristal Kanchanjanga Securites Pvt. Ltd.,2026-04-21 11:56:06.315764,Kamana Sewa Bikas Bank Limited
2026042103000950,KSBBL,49,33,300,481.0,144300.0,2026-04-21,187228072,459,Online Securities Pvt. Ltd.,Dakshinkali Investment & Securities Pvt. Ltd.,2026-04-21 11:56:40.159931,Kamana Sewa Bikas Bank Limited
2026042103000993,KSBBL,13,44,2,467.6,935.2,2026-04-21,187229677,459,Thrive Brokerage House Pvt. Ltd,Dynamic Money Managers Securities Pvt. Ltd.,2026-04-21 11:59:09.725652,Kamana Sewa Bikas Bank Limited
2026042103001001,KSBBL,13,35,6,469.0,2814.0,2026-04-21,187229995,459,Thrive Brokerage House Pvt. Ltd,Kohinoor Investment & Securities Pvt. Ltd.,2026-04-21 11:59:38.301913,Kamana Sewa Bikas Bank Limited
2026042103001128,KSBBL,51,49,25,481.0,12025.0,2026-04-21,187233532,459,Oxford Securities Pvt. Ltd.,Online Securities Pvt. Ltd.,2026-04-21 12:05:08.532242,Kamana Sewa Bikas Bank Limited
2026042103001154,KSBBL,75,44,16,478.0,7648.0,2026-04-21,187234437,459,N.I.M.B. Stock Markets Limited,Dynamic Money Managers Securities Pvt. Ltd.,2026-04-21 12:06:26.878315,Kamana Sewa Bikas Bank Limited
2026042103001191,KSBBL,4,49,11,481.0,5291.0,2026-04-21,187234883,459,Opal Securities Investment (PVT) Ltd.,Online Securities Pvt. Ltd.,2026-04-21 12:07:13.219103,Kamana Sewa Bikas Bank Limited
2026042103001192,KSBBL,4,29,239,484.5,115795.5,2026-04-21,187234886,459,Opal Securities Investment (PVT) Ltd.,Trisul Securities & Invt. Ltd.,2026-04-21 12:07:13.219260,Kamana Sewa Bikas Bank Limited
2026042103001925,KSBBL,34,14,500,480.5,240250.0,2026-04-21,187254090,459,Vision Securities Pvt. Ltd,Nepal Stock House (PVT) Ltd.,2026-04-21 12:43:36.651404,Kamana Sewa Bikas Bank Limited
2026042103001926,KSBBL,58,14,50,480.0,24000.0,2026-04-21,187254092,459,Naasa Securities Co. Ltd.,Nepal Stock House (PVT) Ltd.,2026-04-21 12:43:36.651540,Kamana Sewa Bikas Bank Limited
2026042103001927,KSBBL,35,14,50,480.0,24000.0,2026-04-21,187254094,459,Kohinoor Investment & Securities Pvt. Ltd.,Nepal Stock House (PVT) Ltd.,2026-04-21 12:43:36.651597,Kamana Sewa Bikas Bank Limited
2026042103001928,KSBBL,42,14,9047,480.0,4342560.0,2026-04-21,187254095,459,Sani Securities Company Ltd.,Nepal Stock House (PVT) Ltd.,2026-04-21 12:43:36.651649,Kamana Sewa Bikas Bank Limited
2026042103002057,KSBBL,42,48,19,480.0,9120.0,2026-04-21,187257933,459,Sani Securities Company Ltd.,Trishakti Securities Public Limited,2026-04-21 12:51:23.006354,Kamana Sewa Bikas Bank Limited
2026042103002153,KSBBL,58,66,20,482.0,9640.0,2026-04-21,187259578,459,Naasa Securities Co. Ltd.,Miyo Securities Pvt Ltd,2026-04-21 12:54:03.780637,Kamana Sewa Bikas Bank Limited
2026042103002169,KSBBL,42,57,250,480.0,120000.0,2026-04-21,187259819,459,Sani Securities Company Ltd.,Aryatara Investment & Securities,2026-04-21 12:54:27.833396,Kamana Sewa Bikas Bank Limited
2026042103002170,KSBBL,75,66,17,482.0,8194.0,2026-04-21,187259821,459,N.I.M.B. Stock Markets Limited,Miyo Securities Pvt Ltd,2026-04-21 12:54:28.463487,Kamana Sewa Bikas Bank Limited
2026042103002171,KSBBL,75,25,100,483.9,48390.0,2026-04-21,187259823,459,N.I.M.B. Stock Markets Limited,Sweta Securities Private Limited,2026-04-21 12:54:28.463546,Kamana Sewa Bikas Bank Limited
2026042103002172,KSBBL,75,39,1000,484.0,484000.0,2026-04-21,187259825,459,N.I.M.B. Stock Markets Limited,Sumeru Securities Pvt. Ltd.,2026-04-21 12:54:28.463575,Kamana Sewa Bikas Bank Limited
2026042103002173,KSBBL,75,29,317,484.5,153586.5,2026-04-21,187259827,459,N.I.M.B. Stock Markets Limited,Trisul Securities & Invt. Ltd.,2026-04-21 12:54:28.463612,Kamana Sewa Bikas Bank Limited
2026042103002174,KSBBL,75,42,250,484.5,121125.0,2026-04-21,187259829,459,N.I.M.B. Stock Markets Limited,Sani Securities Company Ltd.,2026-04-21 12:54:28.463637,Kamana Sewa Bikas Bank Limited
2026042103002175,KSBBL,75,50,162,485.0,78570.0,2026-04-21,187259831,459,N.I.M.B. Stock Markets Limited,Cristal Kanchanjanga Securites Pvt. Ltd.,2026-04-21 12:54:28.463665,Kamana Sewa Bikas Bank Limited
2026042103002176,KSBBL,75,11,25,485.0,12125.0,2026-04-21,187259833,459,N.I.M.B. Stock Markets Limited,Malla & Malla Stock Broking Company Pvt. Limited,2026-04-21 12:54:28.463692,Kamana Sewa Bikas Bank Limited
2026042103002177,KSBBL,75,42,129,485.0,62565.0,2026-04-21,187259836,459,N.I.M.B. Stock Markets Limited,Sani Securities Company Ltd.,2026-04-21 12:54:28.463716,Kamana Sewa Bikas Bank Limited
2026042103002364,KSBBL,45,7,58,483.5,28043.0,2026-04-21,187265113,459,Imperial Securities Company Pvt. Ltd.,J.F. Securites (PVT) Ltd.,2026-04-21 13:03:56.864668,Kamana Sewa Bikas Bank Limited
2026042103002370,KSBBL,45,42,142,483.5,68657.0,2026-04-21,187265474,459,Imperial Securities Company Pvt. Ltd.,Sani Securities Company Ltd.,2026-04-21 13:04:35.198627,Kamana Sewa Bikas Bank Limited
2026042103002486,KSBBL,90,42,20,483.5,9670.0,2026-04-21,187269838,459,Sajilo Broker Limited,Sani Securities Company Ltd.,2026-04-21 13:08:42.737467,Kamana Sewa Bikas Bank Limited
2026042103002508,KSBBL,60,42,59,483.5,28526.5,2026-04-21,187270653,459,Nagarik Stock Dealer ,Sani Securities Company Ltd.,2026-04-21 13:09:49.832380,Kamana Sewa Bikas Bank Limited
2026042103002509,KSBBL,60,44,941,484.0,455444.0,2026-04-21,187270656,459,Nagarik Stock Dealer ,Dynamic Money Managers Securities Pvt. Ltd.,2026-04-21 13:09:49.832660,Kamana Sewa Bikas Bank Limited
2026042103002535,KSBBL,58,1,40,481.0,19240.0,2026-04-21,187272359,459,Naasa Securities Co. Ltd.,Kumari Securities Private Limited,2026-04-21 13:11:16.534644,Kamana Sewa Bikas Bank Limited
2026042103002655,KSBBL,58,48,10,481.0,4810.0,2026-04-21,187276344,459,Naasa Securities Co. Ltd.,Trishakti Securities Public Limited,2026-04-21 13:18:37.916844,Kamana Sewa Bikas Bank Limited
2026042103002656,KSBBL,42,48,466,480.0,223680.0,2026-04-21,187276345,459,Sani Securities Company Ltd.,Trishakti Securities Public Limited,2026-04-21 13:18:37.917011,Kamana Sewa Bikas Bank Limited
2026042103002686,KSBBL,42,48,218,480.0,104640.0,2026-04-21,187277608,459,Sani Securities Company Ltd.,Trishakti Securities Public Limited,2026-04-21 13:20:46.402888,Kamana Sewa Bikas Bank Limited
2026042103002743,KSBBL,22,48,28,480.0,13440.0,2026-04-21,187279480,459,Siprabi Securities Pvt. Ltd.,Trishakti Securities Public Limited,2026-04-21 13:24:16.721962,Kamana Sewa Bikas Bank Limited
2026042103002894,KSBBL,1,48,54,480.0,25920.0,2026-04-21,187282444,459,Kumari Securities Private Limited,Trishakti Securities Public Limited,2026-04-21 13:29:19.463071,Kamana Sewa Bikas Bank Limited
2026042103002994,KSBBL,1,19,83,480.0,39840.0,2026-04-21,187284237,459,Kumari Securities Private Limited,Nepal Investment And Securities Trading Private Limited,2026-04-21 13:33:03.911305,Kamana Sewa Bikas Bank Limited
2026042103003087,KSBBL,1,39,17,480.0,8160.0,2026-04-21,187286432,459,Kumari Securities Private Limited,Sumeru Securities Pvt. Ltd.,2026-04-21 13:36:59.759148,Kamana Sewa Bikas Bank Limited
2026042103003088,KSBBL,50,39,10,480.0,4800.0,2026-04-21,187286434,459,Cristal Kanchanjanga Securites Pvt. Ltd.,Sumeru Securities Pvt. Ltd.,2026-04-21 13:36:59.759427,Kamana Sewa Bikas Bank Limited
2026042103003089,KSBBL,35,39,123,479.2,58941.6,2026-04-21,187286435,459,Kohinoor Investment & Securities Pvt. Ltd.,Sumeru Securities Pvt. Ltd.,2026-04-21 13:36:59.759602,Kamana Sewa Bikas Bank Limited
2026042103003167,KSBBL,13,38,1,465.6,465.6,2026-04-21,187288201,459,Thrive Brokerage House Pvt. Ltd,Dipshikha Dhitopatra Karobar Co. Pvt Ltd.,2026-04-21 13:40:08.911811,Kamana Sewa Bikas Bank Limited
2026042103003176,KSBBL,13,35,1,466.6,466.6,2026-04-21,187288389,459,Thrive Brokerage House Pvt. Ltd,Kohinoor Investment & Securities Pvt. Ltd.,2026-04-21 13:40:33.351108,Kamana Sewa Bikas Bank Limited
2026042103003188,KSBBL,13,45,1,467.7,467.7,2026-04-21,187288651,459,Thrive Brokerage House Pvt. Ltd,Imperial Securities Company Pvt. Ltd.,2026-04-21 13:40:52.757734,Kamana Sewa Bikas Bank Limited
2026042103003449,KSBBL,59,29,122,479.5,58499.0,2026-04-21,187292283,459,Deevyaa Securities & Stock House Pvt. Ltd,Trisul Securities & Invt. Ltd.,2026-04-21 13:47:42.225726,Kamana Sewa Bikas Bank Limited
2026042103003738,KSBBL,35,28,200,481.0,96200.0,2026-04-21,187297782,459,Kohinoor Investment & Securities Pvt. Ltd.,Shree Krishna Securities Ltd.,2026-04-21 13:57:41.730853,Kamana Sewa Bikas Bank Limited
2026042103003850,KSBBL,5,16,200,479.7,95940.0,2026-04-21,187299972,459,Market Securities & Exchange (PVT) Ltd.,Primo Securities (PVT) Ltd.,2026-04-21 14:00:49.923253,Kamana Sewa Bikas Bank Limited
2026042103003851,KSBBL,37,16,18,479.6,8632.8,2026-04-21,187299974,459,Swarna Laxmi Securities Pvt. Ltd.,Primo Securities (PVT) Ltd.,2026-04-21 14:00:49.923529,Kamana Sewa Bikas Bank Limited
2026042103003852,KSBBL,36,16,32,479.5,15344.0,2026-04-21,187299975,459,Secured Securities Ltd.,Primo Securities (PVT) Ltd.,2026-04-21 14:00:49.923715,Kamana Sewa Bikas Bank Limited
2026042103004240,KSBBL,42,58,15,479.7,7195.5,2026-04-21,187307953,459,Sani Securities Company Ltd.,Naasa Securities Co. Ltd.,2026-04-21 14:13:38.130392,Kamana Sewa Bikas Bank Limited
2026042103004364,KSBBL,58,59,2,467.7,935.4,2026-04-21,187310723,459,Naasa Securities Co. Ltd.,Deevyaa Securities & Stock House Pvt. Ltd,2026-04-21 14:17:38.853341,Kamana Sewa Bikas Bank Limited
2026042103004390,KSBBL,42,39,55,479.7,26383.5,2026-04-21,187311710,459,Sani Securities Company Ltd.,Sumeru Securities Pvt. Ltd.,2026-04-21 14:18:50.232860,Kamana Sewa Bikas Bank Limited
2026042103004391,KSBBL,35,39,647,479.6,310301.2,2026-04-21,187311711,459,Kohinoor Investment & Securities Pvt. Ltd.,Sumeru Securities Pvt. Ltd.,2026-04-21 14:18:50.233195,Kamana Sewa Bikas Bank Limited
2026042103004447,KSBBL,35,11,40,480.0,19200.0,2026-04-21,187312850,459,Kohinoor Investment & Securities Pvt. Ltd.,Malla & Malla Stock Broking Company Pvt. Limited,2026-04-21 14:20:15.615269,Kamana Sewa Bikas Bank Limited
2026042103004461,KSBBL,35,11,160,479.6,76736.0,2026-04-21,187313533,459,Kohinoor Investment & Securities Pvt. Ltd.,Malla & Malla Stock Broking Company Pvt. Limited,2026-04-21 14:20:47.044329,Kamana Sewa Bikas Bank Limited
2026042103004463,KSBBL,35,53,70,479.6,33572.0,2026-04-21,187313630,459,Kohinoor Investment & Securities Pvt. Ltd.,Investment Management Nepal Pvt. Ltd.,2026-04-21 14:20:52.733156,Kamana Sewa Bikas Bank Limited
2026042103004481,KSBBL,36,53,130,479.5,62335.0,2026-04-21,187314019,459,Secured Securities Ltd.,Investment Management Nepal Pvt. Ltd.,2026-04-21 14:21:13.571296,Kamana Sewa Bikas Bank Limited
2026042103005146,KSBBL,51,63,16,480.0,7680.0,2026-04-21,187329942,459,Oxford Securities Pvt. Ltd.,Himalayan Brokerage Company Limited,2026-04-21 14:36:10.098135,Kamana Sewa Bikas Bank Limited
2026042103005177,KSBBL,48,44,20,479.5,9590.0,2026-04-21,187330474,459,Trishakti Securities Public Limited,Dynamic Money Managers Securities Pvt. Ltd.,2026-04-21 14:36:40.779992,Kamana Sewa Bikas Bank Limited
2026042103005178,KSBBL,29,44,100,479.1,47910.0,2026-04-21,187330476,459,Trisul Securities & Invt. Ltd.,Dynamic Money Managers Securities Pvt. Ltd.,2026-04-21 14:36:40.780162,Kamana Sewa Bikas Bank Limited
2026042103005179,KSBBL,22,44,100,479.0,47900.0,2026-04-21,187330478,459,Siprabi Securities Pvt. Ltd.,Dynamic Money Managers Securities Pvt. Ltd.,2026-04-21 14:36:40.780232,Kamana Sewa Bikas Bank Limited
2026042103005180,KSBBL,36,44,238,479.0,114002.0,2026-04-21,187330480,459,Secured Securities Ltd.,Dynamic Money Managers Securities Pvt. Ltd.,2026-04-21 14:36:40.780309,Kamana Sewa Bikas Bank Limited
2026042103005181,KSBBL,43,44,500,478.1,239050.0,2026-04-21,187330482,459,South Asian Bulls Pvt. Ltd.,Dynamic Money Managers Securities Pvt. Ltd.,2026-04-21 14:36:40.780370,Kamana Sewa Bikas Bank Limited
2026042103005182,KSBBL,45,44,200,478.1,95620.0,2026-04-21,187330484,459,Imperial Securities Company Pvt. Ltd.,Dynamic Money Managers Securities Pvt. Ltd.,2026-04-21 14:36:40.780431,Kamana Sewa Bikas Bank Limited
2026042103005183,KSBBL,75,44,842,478.0,402476.0,2026-04-21,187330485,459,N.I.M.B. Stock Markets Limited,Dynamic Money Managers Securities Pvt. Ltd.,2026-04-21 14:36:40.780492,Kamana Sewa Bikas Bank Limited
2026042103005201,KSBBL,13,45,2,467.0,934.0,2026-04-21,187330843,459,Thrive Brokerage House Pvt. Ltd,Imperial Securities Company Pvt. Ltd.,2026-04-21 14:37:01.941685,Kamana Sewa Bikas Bank Limited
2026042103005271,KSBBL,32,39,16,478.1,7649.6,2026-04-21,187333262,459,Premier Securities Company Ltd.,Sumeru Securities Pvt. Ltd.,2026-04-21 14:39:18.672297,Kamana Sewa Bikas Bank Limited
2026042103005272,KSBBL,75,39,124,478.0,59272.0,2026-04-21,187333263,459,N.I.M.B. Stock Markets Limited,Sumeru Securities Pvt. Ltd.,2026-04-21 14:39:18.672456,Kamana Sewa Bikas Bank Limited
2026042103005393,KSBBL,42,57,50,478.2,23910.0,2026-04-21,187335542,459,Sani Securities Company Ltd.,Aryatara Investment & Securities,2026-04-21 14:41:23.123426,Kamana Sewa Bikas Bank Limited
2026042103005394,KSBBL,75,57,18,478.0,8604.0,2026-04-21,187335544,459,N.I.M.B. Stock Markets Limited,Aryatara Investment & Securities,2026-04-21 14:41:23.123728,Kamana Sewa Bikas Bank Limited
2026042103005395,KSBBL,36,57,432,478.0,206496.0,2026-04-21,187335545,459,Secured Securities Ltd.,Aryatara Investment & Securities,2026-04-21 14:41:23.123916,Kamana Sewa Bikas Bank Limited
2026042103005652,KSBBL,36,44,68,478.0,32504.0,2026-04-21,187340528,459,Secured Securities Ltd.,Dynamic Money Managers Securities Pvt. Ltd.,2026-04-21 14:44:43.603968,Kamana Sewa Bikas Bank Limited
2026042103005653,KSBBL,20,44,32,478.0,15296.0,2026-04-21,187340530,459,Sipla Securities Private Limited,Dynamic Money Managers Securities Pvt. Ltd.,2026-04-21 14:44:43.604220,Kamana Sewa Bikas Bank Limited
2026042103005654,KSBBL,57,44,45,478.0,21510.0,2026-04-21,187340532,459,Aryatara Investment & Securities,Dynamic Money Managers Securities Pvt. Ltd.,2026-04-21 14:44:43.604297,Kamana Sewa Bikas Bank Limited
2026042103005655,KSBBL,35,44,50,477.5,23875.0,2026-04-21,187340534,459,Kohinoor Investment & Securities Pvt. Ltd.,Dynamic Money Managers Securities Pvt. Ltd.,2026-04-21 14:44:43.604384,Kamana Sewa Bikas Bank Limited
2026042103005656,KSBBL,38,44,30,477.1,14313.0,2026-04-21,187340536,459,Dipshikha Dhitopatra Karobar Co. Pvt Ltd.,Dynamic Money Managers Securities Pvt. Ltd.,2026-04-21 14:44:43.604449,Kamana Sewa Bikas Bank Limited
2026042103005657,KSBBL,5,44,1000,476.3,476300.0,2026-04-21,187340538,459,Market Securities & Exchange (PVT) Ltd.,Dynamic Money Managers Securities Pvt. Ltd.,2026-04-21 14:44:43.604513,Kamana Sewa Bikas Bank Limited
2026042103005658,KSBBL,53,44,556,476.2,264767.2,2026-04-21,187340540,459,Investment Management Nepal Pvt. Ltd.,Dynamic Money Managers Securities Pvt. Ltd.,2026-04-21 14:44:43.604576,Kamana Sewa Bikas Bank Limited
2026042103005659,KSBBL,75,44,219,476.1,104265.9,2026-04-21,187340541,459,N.I.M.B. Stock Markets Limited,Dynamic Money Managers Securities Pvt. Ltd.,2026-04-21 14:44:43.604637,Kamana Sewa Bikas Bank Limited
2026042103005670,KSBBL,75,44,4781,476.1,2276234.1,2026-04-21,187340833,459,N.I.M.B. Stock Markets Limited,Dynamic Money Managers Securities Pvt. Ltd.,2026-04-21 14:44:54.011696,Kamana Sewa Bikas Bank Limited
2026042103005671,KSBBL,75,49,11,479.0,5269.0,2026-04-21,187340839,459,N.I.M.B. Stock Markets Limited,Online Securities Pvt. Ltd.,2026-04-21 14:44:54.187239,Kamana Sewa Bikas Bank Limited
2026042103005672,KSBBL,75,22,50,479.8,23990.0,2026-04-21,187340842,459,N.I.M.B. Stock Markets Limited,Siprabi Securities Pvt. Ltd.,2026-04-21 14:44:54.187514,Kamana Sewa Bikas Bank Limited
2026042103005673,KSBBL,75,41,300,479.9,143970.0,2026-04-21,187340845,459,N.I.M.B. Stock Markets Limited,Linch Stock Market Ltd.,2026-04-21 14:44:54.187711,Kamana Sewa Bikas Bank Limited
2026042103005674,KSBBL,75,63,234,480.0,112320.0,2026-04-21,187340847,459,N.I.M.B. Stock Markets Limited,Himalayan Brokerage Company Limited,2026-04-21 14:44:54.187906,Kamana Sewa Bikas Bank Limited
2026042103005675,KSBBL,75,54,100,480.0,48000.0,2026-04-21,187340849,459,N.I.M.B. Stock Markets Limited,Sewa Securities Pvt. Ltd.,2026-04-21 14:44:54.188094,Kamana Sewa Bikas Bank Limited
2026042103005676,KSBBL,75,54,100,480.0,48000.0,2026-04-21,187340851,459,N.I.M.B. Stock Markets Limited,Sewa Securities Pvt. Ltd.,2026-04-21 14:44:54.188283,Kamana Sewa Bikas Bank Limited
2026042103005677,KSBBL,75,51,655,480.0,314400.0,2026-04-21,187340853,459,N.I.M.B. Stock Markets Limited,Oxford Securities Pvt. Ltd.,2026-04-21 14:44:54.188465,Kamana Sewa Bikas Bank Limited
2026042103005678,KSBBL,75,42,50,480.0,24000.0,2026-04-21,187340856,459,N.I.M.B. Stock Markets Limited,Sani Securities Company Ltd.,2026-04-21 14:44:54.188639,Kamana Sewa Bikas Bank Limited
2026042103005739,KSBBL,61,45,30,476.0,14280.0,2026-04-21,187342265,459,BHOLE GANESH SECURITIES LTD,Imperial Securities Company Pvt. Ltd.,2026-04-21 14:45:48.398912,Kamana Sewa Bikas Bank Limited
2026042103005981,KSBBL,35,49,11,476.5,5241.5,2026-04-21,187345244,459,Kohinoor Investment & Securities Pvt. Ltd.,Online Securities Pvt. Ltd.,2026-04-21 14:47:39.076316,Kamana Sewa Bikas Bank Limited
2026042103005982,KSBBL,61,49,170,476.0,80920.0,2026-04-21,187345246,459,BHOLE GANESH SECURITIES LTD,Online Securities Pvt. Ltd.,2026-04-21 14:47:39.076473,Kamana Sewa Bikas Bank Limited
2026042103005983,KSBBL,49,49,89,476.0,42364.0,2026-04-21,187345247,459,Online Securities Pvt. Ltd.,Online Securities Pvt. Ltd.,2026-04-21 14:47:39.076537,Kamana Sewa Bikas Bank Limited
2026042103006050,KSBBL,49,1,200,476.0,95200.0,2026-04-21,187346387,459,Online Securities Pvt. Ltd.,Kumari Securities Private Limited,2026-04-21 14:48:26.530983,Kamana Sewa Bikas Bank Limited
2026042103006107,KSBBL,75,33,400,479.0,191600.0,2026-04-21,187347715,459,N.I.M.B. Stock Markets Limited,Dakshinkali Investment & Securities Pvt. Ltd.,2026-04-21 14:49:11.416807,Kamana Sewa Bikas Bank Limited
2026042103006108,KSBBL,75,42,51,480.0,24480.0,2026-04-21,187347717,459,N.I.M.B. Stock Markets Limited,Sani Securities Company Ltd.,2026-04-21 14:49:11.416908,Kamana Sewa Bikas Bank Limited
2026042103006109,KSBBL,75,42,300,480.9,144270.0,2026-04-21,187347721,459,N.I.M.B. Stock Markets Limited,Sani Securities Company Ltd.,2026-04-21 14:49:11.416990,Kamana Sewa Bikas Bank Limited
2026042103006110,KSBBL,75,28,275,481.0,132275.0,2026-04-21,187347723,459,N.I.M.B. Stock Markets Limited,Shree Krishna Securities Ltd.,2026-04-21 14:49:11.417086,Kamana Sewa Bikas Bank Limited
2026042103006111,KSBBL,75,59,794,481.0,381914.0,2026-04-21,187347725,459,N.I.M.B. Stock Markets Limited,Deevyaa Securities & Stock House Pvt. Ltd,2026-04-21 14:49:11.417156,Kamana Sewa Bikas Bank Limited
2026042103006112,KSBBL,75,18,180,483.0,86940.0,2026-04-21,187347728,459,N.I.M.B. Stock Markets Limited,Sagarmatha Securities Private Limited,2026-04-21 14:49:11.417232,Kamana Sewa Bikas Bank Limited
2026042103006219,KSBBL,49,84,11,476.0,5236.0,2026-04-21,187350918,459,Online Securities Pvt. Ltd.,MILKY WAY SHARE BROKER COMPANY LTD ,2026-04-21 14:50:57.505588,Kamana Sewa Bikas Bank Limited
2026042103006220,KSBBL,52,84,100,476.0,47600.0,2026-04-21,187350920,459,Sundhara Securities Limited,MILKY WAY SHARE BROKER COMPANY LTD ,2026-04-21 14:50:57.505922,Kamana Sewa Bikas Bank Limited
2026042103006221,KSBBL,36,84,40,476.0,19040.0,2026-04-21,187350922,459,Secured Securities Ltd.,MILKY WAY SHARE BROKER COMPANY LTD ,2026-04-21 14:50:57.506116,Kamana Sewa Bikas Bank Limited
2026042103006222,KSBBL,49,84,60,475.7,28542.0,2026-04-21,187350924,459,Online Securities Pvt. Ltd.,MILKY WAY SHARE BROKER COMPANY LTD ,2026-04-21 14:50:57.506293,Kamana Sewa Bikas Bank Limited
2026042103006223,KSBBL,101,84,150,475.0,71250.0,2026-04-21,187350926,459,APPLE SECURITIES PRIVATE LIMITED,MILKY WAY SHARE BROKER COMPANY LTD ,2026-04-21 14:50:57.506465,Kamana Sewa Bikas Bank Limited
2026042103006224,KSBBL,43,84,200,475.0,95000.0,2026-04-21,187350928,459,South Asian Bulls Pvt. Ltd.,MILKY WAY SHARE BROKER COMPANY LTD ,2026-04-21 14:50:57.506629,Kamana Sewa Bikas Bank Limited
2026042103006225,KSBBL,1,84,200,475.0,95000.0,2026-04-21,187350930,459,Kumari Securities Private Limited,MILKY WAY SHARE BROKER COMPANY LTD ,2026-04-21 14:50:57.506790,Kamana Sewa Bikas Bank Limited
2026042103006226,KSBBL,14,84,200,475.0,95000.0,2026-04-21,187350932,459,Nepal Stock House (PVT) Ltd.,MILKY WAY SHARE BROKER COMPANY LTD ,2026-04-21 14:50:57.506944,Kamana Sewa Bikas Bank Limited
2026042103006227,KSBBL,35,84,50,475.0,23750.0,2026-04-21,187350934,459,Kohinoor Investment & Securities Pvt. Ltd.,MILKY WAY SHARE BROKER COMPANY LTD ,2026-04-21 14:50:57.507121,Kamana Sewa Bikas Bank Limited
2026042103006228,KSBBL,43,84,905,475.0,429875.0,2026-04-21,187350936,459,South Asian Bulls Pvt. Ltd.,MILKY WAY SHARE BROKER COMPANY LTD ,2026-04-21 14:50:57.507283,Kamana Sewa Bikas Bank Limited
2026042103006229,KSBBL,57,84,100,475.0,47500.0,2026-04-21,187350938,459,Aryatara Investment & Securities,MILKY WAY SHARE BROKER COMPANY LTD ,2026-04-21 14:50:57.507450,Kamana Sewa Bikas Bank Limited
2026042103006230,KSBBL,59,84,30,475.0,14250.0,2026-04-21,187350940,459,Deevyaa Securities & Stock House Pvt. Ltd,MILKY WAY SHARE BROKER COMPANY LTD ,2026-04-21 14:50:57.507612,Kamana Sewa Bikas Bank Limited
2026042103006242,KSBBL,45,84,50,475.0,23750.0,2026-04-21,187351194,459,Imperial Securities Company Pvt. Ltd.,MILKY WAY SHARE BROKER COMPANY LTD ,2026-04-21 14:51:04.944593,Kamana Sewa Bikas Bank Limited
2026042103006269,KSBBL,45,57,250,472.1,118025.0,2026-04-21,187351689,459,Imperial Securities Company Pvt. Ltd.,Aryatara Investment & Securities,2026-04-21 14:51:24.621666,Kamana Sewa Bikas Bank Limited
2026042103006392,KSBBL,53,45,115,472.3,54314.5,2026-04-21,187354115,459,Investment Management Nepal Pvt. Ltd.,Imperial Securities Company Pvt. Ltd.,2026-04-21 14:52:57.915718,Kamana Sewa Bikas Bank Limited
2026042103006473,KSBBL,53,10,10,472.3,4723.0,2026-04-21,187355721,459,Investment Management Nepal Pvt. Ltd.,Pragyan Securities (PVT) Ltd.,2026-04-21 14:53:53.263684,Kamana Sewa Bikas Bank Limited
2026042103006914,KSBBL,45,84,500,475.0,237500.0,2026-04-21,187364354,459,Imperial Securities Company Pvt. Ltd.,MILKY WAY SHARE BROKER COMPANY LTD ,2026-04-21 14:58:02.286049,Kamana Sewa Bikas Bank Limited
2026042103007000,KSBBL,52,45,49,473.2,23186.8,2026-04-21,187365273,459,Sundhara Securities Limited,Imperial Securities Company Pvt. Ltd.,2026-04-21 14:58:26.327248,Kamana Sewa Bikas Bank Limited
2026042103007091,KSBBL,74,46,65,473.3,30764.5,2026-04-21,187367253,459,KALASH STOCK MARKET PVT. LTD.,Kalika Securities Pvt. Ltd.,2026-04-21 14:59:11.227408,Kamana Sewa Bikas Bank Limited
2026042103007205,KSBBL,49,84,150,473.5,71025.0,2026-04-21,187369908,459,Online Securities Pvt. Ltd.,MILKY WAY SHARE BROKER COMPANY LTD ,2026-04-21 14:59:44.699978,Kamana Sewa Bikas Bank Limited
2026042103007206,KSBBL,64,84,400,473.4,189360.0,2026-04-21,187369910,459,SUN SECURITIES PVT LTD,MILKY WAY SHARE BROKER COMPANY LTD ,2026-04-21 14:59:44.700140,Kamana Sewa Bikas Bank Limited
2026042103007207,KSBBL,45,84,250,473.4,118350.0,2026-04-21,187369912,459,Imperial Securities Company Pvt. Ltd.,MILKY WAY SHARE BROKER COMPANY LTD ,2026-04-21 14:59:44.700205,Kamana Sewa Bikas Bank Limited
2026042103007208,KSBBL,74,84,435,473.3,205885.5,2026-04-21,187369914,459,KALASH STOCK MARKET PVT. LTD.,MILKY WAY SHARE BROKER COMPANY LTD ,2026-04-21 14:59:44.700268,Kamana Sewa Bikas Bank Limited
2026042103007209,KSBBL,57,84,100,473.2,47320.0,2026-04-21,187369916,459,Aryatara Investment & Securities,MILKY WAY SHARE BROKER COMPANY LTD ,2026-04-21 14:59:44.700330,Kamana Sewa Bikas Bank Limited
2026042103007210,KSBBL,10,84,463,473.1,219045.3,2026-04-21,187369917,459,Pragyan Securities (PVT) Ltd.,MILKY WAY SHARE BROKER COMPANY LTD ,2026-04-21 14:59:44.700387,Kamana Sewa Bikas Bank Limited
2026042103007240,KSBBL,47,42,500,478.0,239000.0,2026-04-21,187370448,459,Neev Securities Pvt. Ltd.,Sani Securities Company Ltd.,2026-04-21 14:59:51.380001,Kamana Sewa Bikas Bank Limited
2026042103007298,KSBBL,34,42,10,478.9,4789.0,2026-04-21,187370998,459,Vision Securities Pvt. Ltd,Sani Securities Company Ltd.,2026-04-21 14:59:56.495708,Kamana Sewa Bikas Bank Limited
2026042103007318,KSBBL,35,42,10,478.9,4789.0,2026-04-21,187371226,459,Kohinoor Investment & Securities Pvt. Ltd.,Sani Securities Company Ltd.,2026-04-21 14:59:57.815148,Kamana Sewa Bikas Bank Limited
2026042103007478,KSBBL,47,42,480,478.9,229872.0,2026-04-21,187372029,459,Neev Securities Pvt. Ltd.,Sani Securities Company Ltd.,2026-04-21 14:59:59.930237,Kamana Sewa Bikas Bank Limited
2026042103007479,KSBBL,47,44,200,478.9,95780.0,2026-04-21,187372033,459,Neev Securities Pvt. Ltd.,Dynamic Money Managers Securities Pvt. Ltd.,2026-04-21 14:59:59.930373,Kamana Sewa Bikas Bank Limited
