contractId,stockSymbol,buyerMemberId,sellerMemberId,quantity,rate,amount,businessDate,tradeBookId,stockId,buyerBrokerName,sellerBrokerName,transaction_time,securityName
2026042103000158,MLBL,41,74,144,374.0,53856.0,2026-04-21,187191023,401,Linch Stock Market Ltd.,KALASH STOCK MARKET PVT. LTD.,2026-04-21 11:12:34.585875,Mahalaxmi Bikas Bank Ltd.
2026042103000168,MLBL,41,13,800,374.0,299200.0,2026-04-21,187192019,401,Linch Stock Market Ltd.,Thrive Brokerage House Pvt. Ltd,2026-04-21 11:13:45.652410,Mahalaxmi Bikas Bank Ltd.
2026042103000172,MLBL,41,13,50,374.0,18700.0,2026-04-21,187192449,401,Linch Stock Market Ltd.,Thrive Brokerage House Pvt. Ltd,2026-04-21 11:14:27.153134,Mahalaxmi Bikas Bank Ltd.
2026042103000203,MLBL,21,22,10,383.5,3835.0,2026-04-21,187194640,401,Midas Stock Broking Company Private Limited,Siprabi Securities Pvt. Ltd.,2026-04-21 11:17:13.121466,Mahalaxmi Bikas Bank Ltd.
2026042103000312,MLBL,45,17,13,382.0,4966.0,2026-04-21,187203678,401,Imperial Securities Company Pvt. Ltd.,ABC Securities Private Limited,2026-04-21 11:24:55.187330,Mahalaxmi Bikas Bank Ltd.
2026042103000348,MLBL,34,42,27,374.0,10098.0,2026-04-21,187205921,401,Vision Securities Pvt. Ltd,Sani Securities Company Ltd.,2026-04-21 11:27:55.845877,Mahalaxmi Bikas Bank Ltd.
2026042103000374,MLBL,21,5,10,380.0,3800.0,2026-04-21,187206850,401,Midas Stock Broking Company Private Limited,Market Securities & Exchange (PVT) Ltd.,2026-04-21 11:29:21.378262,Mahalaxmi Bikas Bank Ltd.
2026042103000405,MLBL,57,17,1,371.0,371.0,2026-04-21,187208267,401,Aryatara Investment & Securities,ABC Securities Private Limited,2026-04-21 11:31:30.301287,Mahalaxmi Bikas Bank Ltd.
2026042103000455,MLBL,90,5,70,380.0,26600.0,2026-04-21,187209277,401,Sajilo Broker Limited,Market Securities & Exchange (PVT) Ltd.,2026-04-21 11:32:55.248158,Mahalaxmi Bikas Bank Ltd.
2026042103000456,MLBL,90,49,100,380.0,38000.0,2026-04-21,187209279,401,Sajilo Broker Limited,Online Securities Pvt. Ltd.,2026-04-21 11:32:55.248274,Mahalaxmi Bikas Bank Ltd.
2026042103000457,MLBL,90,64,225,380.0,85500.0,2026-04-21,187209282,401,Sajilo Broker Limited,SUN SECURITIES PVT LTD,2026-04-21 11:32:55.248324,Mahalaxmi Bikas Bank Ltd.
2026042103000572,MLBL,19,58,6,375.0,2250.0,2026-04-21,187214569,401,Nepal Investment And Securities Trading Private Limited,Naasa Securities Co. Ltd.,2026-04-21 11:40:38.135211,Mahalaxmi Bikas Bank Ltd.
2026042103000678,MLBL,57,4,50,379.5,18975.0,2026-04-21,187219116,401,Aryatara Investment & Securities,Opal Securities Investment (PVT) Ltd.,2026-04-21 11:45:59.102737,Mahalaxmi Bikas Bank Ltd.
2026042103000911,MLBL,28,11,46,376.3,17309.8,2026-04-21,187226895,401,Shree Krishna Securities Ltd.,Malla & Malla Stock Broking Company Pvt. Limited,2026-04-21 11:55:12.113381,Mahalaxmi Bikas Bank Ltd.
2026042103000949,MLBL,41,42,6,374.0,2244.0,2026-04-21,187227965,401,Linch Stock Market Ltd.,Sani Securities Company Ltd.,2026-04-21 11:56:30.319676,Mahalaxmi Bikas Bank Ltd.
2026042103000981,MLBL,58,29,34,376.5,12801.0,2026-04-21,187229392,401,Naasa Securities Co. Ltd.,Trisul Securities & Invt. Ltd.,2026-04-21 11:58:42.383303,Mahalaxmi Bikas Bank Ltd.
2026042103000982,MLBL,1,29,10,376.5,3765.0,2026-04-21,187229394,401,Kumari Securities Private Limited,Trisul Securities & Invt. Ltd.,2026-04-21 11:58:42.383567,Mahalaxmi Bikas Bank Ltd.
2026042103000983,MLBL,28,29,86,376.3,32361.8,2026-04-21,187229395,401,Shree Krishna Securities Ltd.,Trisul Securities & Invt. Ltd.,2026-04-21 11:58:42.383747,Mahalaxmi Bikas Bank Ltd.
2026042103000995,MLBL,57,36,100,376.5,37650.0,2026-04-21,187229771,401,Aryatara Investment & Securities,Secured Securities Ltd.,2026-04-21 11:59:17.043518,Mahalaxmi Bikas Bank Ltd.
2026042103001069,MLBL,57,22,49,376.5,18448.5,2026-04-21,187231811,401,Aryatara Investment & Securities,Siprabi Securities Pvt. Ltd.,2026-04-21 12:02:24.552213,Mahalaxmi Bikas Bank Ltd.
2026042103001372,MLBL,3,17,500,379.5,189750.0,2026-04-21,187239793,401,Arun Securities (PVT) Ltd.,ABC Securities Private Limited,2026-04-21 12:17:32.411518,Mahalaxmi Bikas Bank Ltd.
2026042103001373,MLBL,3,74,500,379.5,189750.0,2026-04-21,187239796,401,Arun Securities (PVT) Ltd.,KALASH STOCK MARKET PVT. LTD.,2026-04-21 12:17:32.411804,Mahalaxmi Bikas Bank Ltd.
2026042103001529,MLBL,16,22,50,378.0,18900.0,2026-04-21,187243792,401,Primo Securities (PVT) Ltd.,Siprabi Securities Pvt. Ltd.,2026-04-21 12:25:29.394236,Mahalaxmi Bikas Bank Ltd.
2026042103001530,MLBL,1,22,10,377.0,3770.0,2026-04-21,187243794,401,Kumari Securities Private Limited,Siprabi Securities Pvt. Ltd.,2026-04-21 12:25:29.394530,Mahalaxmi Bikas Bank Ltd.
2026042103001531,MLBL,47,22,100,376.6,37660.0,2026-04-21,187243796,401,Neev Securities Pvt. Ltd.,Siprabi Securities Pvt. Ltd.,2026-04-21 12:25:29.394721,Mahalaxmi Bikas Bank Ltd.
2026042103001532,MLBL,28,22,118,376.3,44403.4,2026-04-21,187243798,401,Shree Krishna Securities Ltd.,Siprabi Securities Pvt. Ltd.,2026-04-21 12:25:29.394900,Mahalaxmi Bikas Bank Ltd.
2026042103001533,MLBL,22,22,150,376.1,56415.0,2026-04-21,187243800,401,Siprabi Securities Pvt. Ltd.,Siprabi Securities Pvt. Ltd.,2026-04-21 12:25:29.395096,Mahalaxmi Bikas Bank Ltd.
2026042103001558,MLBL,88,22,72,376.0,27072.0,2026-04-21,187244407,401,Blue Chip Securities Ltd,Siprabi Securities Pvt. Ltd.,2026-04-21 12:27:01.265467,Mahalaxmi Bikas Bank Ltd.
2026042103001647,MLBL,16,91,100,379.0,37900.0,2026-04-21,187247304,401,Primo Securities (PVT) Ltd.,Citizens Share Broker Limited,2026-04-21 12:31:28.569588,Mahalaxmi Bikas Bank Ltd.
2026042103001997,MLBL,88,22,25,376.0,9400.0,2026-04-21,187256171,401,Blue Chip Securities Ltd,Siprabi Securities Pvt. Ltd.,2026-04-21 12:47:54.430831,Mahalaxmi Bikas Bank Ltd.
2026042103002005,MLBL,58,58,1,365.1,365.1,2026-04-21,187256413,401,Naasa Securities Co. Ltd.,Naasa Securities Co. Ltd.,2026-04-21 12:48:27.041224,Mahalaxmi Bikas Bank Ltd.
2026042103002015,MLBL,58,58,1,373.0,373.0,2026-04-21,187256571,401,Naasa Securities Co. Ltd.,Naasa Securities Co. Ltd.,2026-04-21 12:48:46.873199,Mahalaxmi Bikas Bank Ltd.
2026042103002034,MLBL,58,39,1,374.0,374.0,2026-04-21,187257051,401,Naasa Securities Co. Ltd.,Sumeru Securities Pvt. Ltd.,2026-04-21 12:49:40.129300,Mahalaxmi Bikas Bank Ltd.
2026042103002040,MLBL,88,22,11,376.0,4136.0,2026-04-21,187257289,401,Blue Chip Securities Ltd,Siprabi Securities Pvt. Ltd.,2026-04-21 12:50:17.898419,Mahalaxmi Bikas Bank Ltd.
2026042103002059,MLBL,88,47,92,376.0,34592.0,2026-04-21,187258148,401,Blue Chip Securities Ltd,Neev Securities Pvt. Ltd.,2026-04-21 12:51:40.614504,Mahalaxmi Bikas Bank Ltd.
2026042103002060,MLBL,19,47,50,376.0,18800.0,2026-04-21,187258149,401,Nepal Investment And Securities Trading Private Limited,Neev Securities Pvt. Ltd.,2026-04-21 12:51:40.614801,Mahalaxmi Bikas Bank Ltd.
2026042103002078,MLBL,44,35,10,375.0,3750.0,2026-04-21,187258308,401,Dynamic Money Managers Securities Pvt. Ltd.,Kohinoor Investment & Securities Pvt. Ltd.,2026-04-21 12:51:59.061507,Mahalaxmi Bikas Bank Ltd.
2026042103002079,MLBL,34,35,21,375.0,7875.0,2026-04-21,187258310,401,Vision Securities Pvt. Ltd,Kohinoor Investment & Securities Pvt. Ltd.,2026-04-21 12:51:59.061760,Mahalaxmi Bikas Bank Ltd.
2026042103002136,MLBL,34,35,50,375.0,18750.0,2026-04-21,187258988,401,Vision Securities Pvt. Ltd,Kohinoor Investment & Securities Pvt. Ltd.,2026-04-21 12:53:13.467313,Mahalaxmi Bikas Bank Ltd.
2026042103002141,MLBL,3,35,1100,375.0,412500.0,2026-04-21,187259328,401,Arun Securities (PVT) Ltd.,Kohinoor Investment & Securities Pvt. Ltd.,2026-04-21 12:53:33.695669,Mahalaxmi Bikas Bank Ltd.
2026042103002182,MLBL,19,35,19,375.0,7125.0,2026-04-21,187259927,401,Nepal Investment And Securities Trading Private Limited,Kohinoor Investment & Securities Pvt. Ltd.,2026-04-21 12:54:39.519658,Mahalaxmi Bikas Bank Ltd.
2026042103002183,MLBL,19,58,31,375.0,11625.0,2026-04-21,187259930,401,Nepal Investment And Securities Trading Private Limited,Naasa Securities Co. Ltd.,2026-04-21 12:54:39.519968,Mahalaxmi Bikas Bank Ltd.
2026042103002236,MLBL,22,1,150,374.8,56220.0,2026-04-21,187260856,401,Siprabi Securities Pvt. Ltd.,Kumari Securities Private Limited,2026-04-21 12:56:16.239039,Mahalaxmi Bikas Bank Ltd.
2026042103002237,MLBL,59,1,100,374.7,37470.0,2026-04-21,187260858,401,Deevyaa Securities & Stock House Pvt. Ltd,Kumari Securities Private Limited,2026-04-21 12:56:16.239179,Mahalaxmi Bikas Bank Ltd.
2026042103002238,MLBL,62,1,500,374.6,187300.0,2026-04-21,187260860,401,Capital Max Securities Ltd,Kumari Securities Private Limited,2026-04-21 12:56:16.239241,Mahalaxmi Bikas Bank Ltd.
2026042103002239,MLBL,38,1,50,374.0,18700.0,2026-04-21,187260862,401,Dipshikha Dhitopatra Karobar Co. Pvt Ltd.,Kumari Securities Private Limited,2026-04-21 12:56:16.239305,Mahalaxmi Bikas Bank Ltd.
2026042103002240,MLBL,49,1,150,374.0,56100.0,2026-04-21,187260864,401,Online Securities Pvt. Ltd.,Kumari Securities Private Limited,2026-04-21 12:56:16.239369,Mahalaxmi Bikas Bank Ltd.
2026042103002244,MLBL,39,1,250,373.3,93325.0,2026-04-21,187260962,401,Sumeru Securities Pvt. Ltd.,Kumari Securities Private Limited,2026-04-21 12:56:24.460464,Mahalaxmi Bikas Bank Ltd.
2026042103002245,MLBL,50,1,50,373.2,18660.0,2026-04-21,187260964,401,Cristal Kanchanjanga Securites Pvt. Ltd.,Kumari Securities Private Limited,2026-04-21 12:56:24.460751,Mahalaxmi Bikas Bank Ltd.
2026042103002246,MLBL,3,1,1450,373.2,541140.0,2026-04-21,187260965,401,Arun Securities (PVT) Ltd.,Kumari Securities Private Limited,2026-04-21 12:56:24.460935,Mahalaxmi Bikas Bank Ltd.
2026042103002253,MLBL,3,17,21,373.2,7837.2,2026-04-21,187261685,401,Arun Securities (PVT) Ltd.,ABC Securities Private Limited,2026-04-21 12:57:01.626562,Mahalaxmi Bikas Bank Ltd.
2026042103002298,MLBL,16,35,65,373.3,24264.5,2026-04-21,187263427,401,Primo Securities (PVT) Ltd.,Kohinoor Investment & Securities Pvt. Ltd.,2026-04-21 13:00:28.418233,Mahalaxmi Bikas Bank Ltd.
2026042103002361,MLBL,16,16,17,373.3,6346.1,2026-04-21,187264957,401,Primo Securities (PVT) Ltd.,Primo Securities (PVT) Ltd.,2026-04-21 13:03:38.944514,Mahalaxmi Bikas Bank Ltd.
2026042103002454,MLBL,42,77,15,373.4,5601.0,2026-04-21,187266997,401,Sani Securities Company Ltd.,Nabil Stock Dealer Ltd.,2026-04-21 13:07:06.839242,Mahalaxmi Bikas Bank Ltd.
2026042103002458,MLBL,22,58,30,375.0,11250.0,2026-04-21,187267256,401,Siprabi Securities Pvt. Ltd.,Naasa Securities Co. Ltd.,2026-04-21 13:07:45.445144,Mahalaxmi Bikas Bank Ltd.
2026042103002700,MLBL,22,50,20,374.1,7482.0,2026-04-21,187278150,401,Siprabi Securities Pvt. Ltd.,Cristal Kanchanjanga Securites Pvt. Ltd.,2026-04-21 13:21:42.664634,Mahalaxmi Bikas Bank Ltd.
2026042103002701,MLBL,54,50,250,374.1,93525.0,2026-04-21,187278151,401,Sewa Securities Pvt. Ltd.,Cristal Kanchanjanga Securites Pvt. Ltd.,2026-04-21 13:21:42.664847,Mahalaxmi Bikas Bank Ltd.
2026042103002707,MLBL,32,50,30,374.0,11220.0,2026-04-21,187278311,401,Premier Securities Company Ltd.,Cristal Kanchanjanga Securites Pvt. Ltd.,2026-04-21 13:22:03.453929,Mahalaxmi Bikas Bank Ltd.
2026042103003054,MLBL,36,59,19,378.0,7182.0,2026-04-21,187285468,401,Secured Securities Ltd.,Deevyaa Securities & Stock House Pvt. Ltd,2026-04-21 13:35:06.739410,Mahalaxmi Bikas Bank Ltd.
2026042103003056,MLBL,14,59,38,378.0,14364.0,2026-04-21,187285527,401,Nepal Stock House (PVT) Ltd.,Deevyaa Securities & Stock House Pvt. Ltd,2026-04-21 13:35:14.491433,Mahalaxmi Bikas Bank Ltd.
2026042103003057,MLBL,14,58,10,378.0,3780.0,2026-04-21,187285529,401,Nepal Stock House (PVT) Ltd.,Naasa Securities Co. Ltd.,2026-04-21 13:35:14.491749,Mahalaxmi Bikas Bank Ltd.
2026042103003103,MLBL,14,22,17,378.0,6426.0,2026-04-21,187286759,401,Nepal Stock House (PVT) Ltd.,Siprabi Securities Pvt. Ltd.,2026-04-21 13:37:44.868478,Mahalaxmi Bikas Bank Ltd.
2026042103003308,MLBL,33,44,18,374.6,6742.8,2026-04-21,187289995,401,Dakshinkali Investment & Securities Pvt. Ltd.,Dynamic Money Managers Securities Pvt. Ltd.,2026-04-21 13:43:02.702556,Mahalaxmi Bikas Bank Ltd.
2026042103003405,MLBL,33,29,82,374.6,30717.2,2026-04-21,187291932,401,Dakshinkali Investment & Securities Pvt. Ltd.,Trisul Securities & Invt. Ltd.,2026-04-21 13:47:02.289540,Mahalaxmi Bikas Bank Ltd.
2026042103003406,MLBL,42,29,30,374.5,11235.0,2026-04-21,187291933,401,Sani Securities Company Ltd.,Trisul Securities & Invt. Ltd.,2026-04-21 13:47:02.289930,Mahalaxmi Bikas Bank Ltd.
2026042103003472,MLBL,58,17,1,365.0,365.0,2026-04-21,187292705,401,Naasa Securities Co. Ltd.,ABC Securities Private Limited,2026-04-21 13:48:29.303252,Mahalaxmi Bikas Bank Ltd.
2026042103003658,MLBL,58,44,5,364.0,1820.0,2026-04-21,187295385,401,Naasa Securities Co. Ltd.,Dynamic Money Managers Securities Pvt. Ltd.,2026-04-21 13:53:24.722153,Mahalaxmi Bikas Bank Ltd.
2026042103003812,MLBL,58,35,10,374.7,3747.0,2026-04-21,187299280,401,Naasa Securities Co. Ltd.,Kohinoor Investment & Securities Pvt. Ltd.,2026-04-21 13:59:46.367904,Mahalaxmi Bikas Bank Ltd.
2026042103003813,MLBL,22,35,200,374.7,74940.0,2026-04-21,187299282,401,Siprabi Securities Pvt. Ltd.,Kohinoor Investment & Securities Pvt. Ltd.,2026-04-21 13:59:46.368001,Mahalaxmi Bikas Bank Ltd.
2026042103003814,MLBL,13,35,200,374.6,74920.0,2026-04-21,187299284,401,Thrive Brokerage House Pvt. Ltd,Kohinoor Investment & Securities Pvt. Ltd.,2026-04-21 13:59:46.368107,Mahalaxmi Bikas Bank Ltd.
2026042103003815,MLBL,42,35,90,374.5,33705.0,2026-04-21,187299285,401,Sani Securities Company Ltd.,Kohinoor Investment & Securities Pvt. Ltd.,2026-04-21 13:59:46.368190,Mahalaxmi Bikas Bank Ltd.
2026042103003824,MLBL,42,35,80,374.5,29960.0,2026-04-21,187299338,401,Sani Securities Company Ltd.,Kohinoor Investment & Securities Pvt. Ltd.,2026-04-21 13:59:50.436752,Mahalaxmi Bikas Bank Ltd.
2026042103003825,MLBL,32,35,603,374.5,225823.5,2026-04-21,187299339,401,Premier Securities Company Ltd.,Kohinoor Investment & Securities Pvt. Ltd.,2026-04-21 13:59:50.436803,Mahalaxmi Bikas Bank Ltd.
2026042103003943,MLBL,3,74,10,375.0,3750.0,2026-04-21,187301682,401,Arun Securities (PVT) Ltd.,KALASH STOCK MARKET PVT. LTD.,2026-04-21 14:03:53.188260,Mahalaxmi Bikas Bank Ltd.
2026042103003944,MLBL,58,74,10,375.0,3750.0,2026-04-21,187301684,401,Naasa Securities Co. Ltd.,KALASH STOCK MARKET PVT. LTD.,2026-04-21 14:03:53.188504,Mahalaxmi Bikas Bank Ltd.
2026042103003945,MLBL,58,74,280,375.0,105000.0,2026-04-21,187301685,401,Naasa Securities Co. Ltd.,KALASH STOCK MARKET PVT. LTD.,2026-04-21 14:03:53.188592,Mahalaxmi Bikas Bank Ltd.
2026042103004051,MLBL,57,16,150,375.1,56265.0,2026-04-21,187303733,401,Aryatara Investment & Securities,Primo Securities (PVT) Ltd.,2026-04-21 14:07:01.198952,Mahalaxmi Bikas Bank Ltd.
2026042103004139,MLBL,57,89,550,375.1,206305.0,2026-04-21,187306210,401,Aryatara Investment & Securities,Global IME Securities Limited,2026-04-21 14:11:00.046521,Mahalaxmi Bikas Bank Ltd.
2026042103004160,MLBL,58,43,150,375.0,56250.0,2026-04-21,187306437,401,Naasa Securities Co. Ltd.,South Asian Bulls Pvt. Ltd.,2026-04-21 14:11:21.238737,Mahalaxmi Bikas Bank Ltd.
2026042103004186,MLBL,58,89,294,375.0,110250.0,2026-04-21,187306740,401,Naasa Securities Co. Ltd.,Global IME Securities Limited,2026-04-21 14:11:48.641883,Mahalaxmi Bikas Bank Ltd.
2026042103004187,MLBL,58,89,156,375.0,58500.0,2026-04-21,187306741,401,Naasa Securities Co. Ltd.,Global IME Securities Limited,2026-04-21 14:11:48.642090,Mahalaxmi Bikas Bank Ltd.
2026042103004241,MLBL,58,58,44,375.0,16500.0,2026-04-21,187307956,401,Naasa Securities Co. Ltd.,Naasa Securities Co. Ltd.,2026-04-21 14:13:38.387792,Mahalaxmi Bikas Bank Ltd.
2026042103004268,MLBL,32,58,29,374.5,10860.5,2026-04-21,187308646,401,Premier Securities Company Ltd.,Naasa Securities Co. Ltd.,2026-04-21 14:14:38.247606,Mahalaxmi Bikas Bank Ltd.
2026042103004269,MLBL,53,58,98,374.5,36701.0,2026-04-21,187308647,401,Investment Management Nepal Pvt. Ltd.,Naasa Securities Co. Ltd.,2026-04-21 14:14:38.247952,Mahalaxmi Bikas Bank Ltd.
2026042103004408,MLBL,53,33,200,374.5,74900.0,2026-04-21,187312233,401,Investment Management Nepal Pvt. Ltd.,Dakshinkali Investment & Securities Pvt. Ltd.,2026-04-21 14:19:27.023237,Mahalaxmi Bikas Bank Ltd.
2026042103004417,MLBL,33,50,58,375.5,21779.0,2026-04-21,187312303,401,Dakshinkali Investment & Securities Pvt. Ltd.,Cristal Kanchanjanga Securites Pvt. Ltd.,2026-04-21 14:19:33.195452,Mahalaxmi Bikas Bank Ltd.
2026042103004418,MLBL,33,45,42,376.0,15792.0,2026-04-21,187312306,401,Dakshinkali Investment & Securities Pvt. Ltd.,Imperial Securities Company Pvt. Ltd.,2026-04-21 14:19:33.195584,Mahalaxmi Bikas Bank Ltd.
2026042103004444,MLBL,53,42,200,374.5,74900.0,2026-04-21,187312691,401,Investment Management Nepal Pvt. Ltd.,Sani Securities Company Ltd.,2026-04-21 14:20:01.322509,Mahalaxmi Bikas Bank Ltd.
2026042103004513,MLBL,53,89,100,374.5,37450.0,2026-04-21,187315054,401,Investment Management Nepal Pvt. Ltd.,Global IME Securities Limited,2026-04-21 14:22:11.682312,Mahalaxmi Bikas Bank Ltd.
2026042103004577,MLBL,13,89,20,374.3,7486.0,2026-04-21,187316004,401,Thrive Brokerage House Pvt. Ltd,Global IME Securities Limited,2026-04-21 14:23:18.397004,Mahalaxmi Bikas Bank Ltd.
2026042103004578,MLBL,42,89,28,374.3,10480.4,2026-04-21,187316006,401,Sani Securities Company Ltd.,Global IME Securities Limited,2026-04-21 14:23:18.397212,Mahalaxmi Bikas Bank Ltd.
2026042103004579,MLBL,34,89,100,374.3,37430.0,2026-04-21,187316008,401,Vision Securities Pvt. Ltd,Global IME Securities Limited,2026-04-21 14:23:18.397294,Mahalaxmi Bikas Bank Ltd.
2026042103004580,MLBL,8,89,52,374.2,19458.4,2026-04-21,187316009,401,Brilliant Securities Pvt. Ltd.,Global IME Securities Limited,2026-04-21 14:23:18.397366,Mahalaxmi Bikas Bank Ltd.
2026042103005095,MLBL,8,45,50,374.2,18710.0,2026-04-21,187328705,401,Brilliant Securities Pvt. Ltd.,Imperial Securities Company Pvt. Ltd.,2026-04-21 14:35:00.988002,Mahalaxmi Bikas Bank Ltd.
2026042103005440,MLBL,74,22,200,374.3,74860.0,2026-04-21,187336634,401,KALASH STOCK MARKET PVT. LTD.,Siprabi Securities Pvt. Ltd.,2026-04-21 14:42:08.770855,Mahalaxmi Bikas Bank Ltd.
2026042103005441,MLBL,8,22,300,374.2,112260.0,2026-04-21,187336635,401,Brilliant Securities Pvt. Ltd.,Siprabi Securities Pvt. Ltd.,2026-04-21 14:42:08.771041,Mahalaxmi Bikas Bank Ltd.
2026042103005539,MLBL,8,17,498,374.2,186351.6,2026-04-21,187338532,401,Brilliant Securities Pvt. Ltd.,ABC Securities Private Limited,2026-04-21 14:43:28.423301,Mahalaxmi Bikas Bank Ltd.
2026042103005571,MLBL,52,17,95,374.2,35549.0,2026-04-21,187339036,401,Sundhara Securities Limited,ABC Securities Private Limited,2026-04-21 14:43:43.382342,Mahalaxmi Bikas Bank Ltd.
2026042103005572,MLBL,40,17,49,374.1,18330.9,2026-04-21,187339038,401,Creative Securities Pvt Ltd,ABC Securities Private Limited,2026-04-21 14:43:43.382670,Mahalaxmi Bikas Bank Ltd.
2026042103005573,MLBL,47,17,356,374.1,133179.6,2026-04-21,187339039,401,Neev Securities Pvt. Ltd.,ABC Securities Private Limited,2026-04-21 14:43:43.382931,Mahalaxmi Bikas Bank Ltd.
2026042103005620,MLBL,47,42,31,374.1,11597.1,2026-04-21,187340057,401,Neev Securities Pvt. Ltd.,Sani Securities Company Ltd.,2026-04-21 14:44:20.036259,Mahalaxmi Bikas Bank Ltd.
2026042103005741,MLBL,47,41,46,374.1,17208.6,2026-04-21,187342398,401,Neev Securities Pvt. Ltd.,Linch Stock Market Ltd.,2026-04-21 14:45:51.305751,Mahalaxmi Bikas Bank Ltd.
2026042103005742,MLBL,51,41,100,374.0,37400.0,2026-04-21,187342400,401,Oxford Securities Pvt. Ltd.,Linch Stock Market Ltd.,2026-04-21 14:45:51.305850,Mahalaxmi Bikas Bank Ltd.
2026042103005743,MLBL,17,41,100,374.0,37400.0,2026-04-21,187342402,401,ABC Securities Private Limited,Linch Stock Market Ltd.,2026-04-21 14:45:51.305925,Mahalaxmi Bikas Bank Ltd.
2026042103005744,MLBL,58,41,170,374.0,63580.0,2026-04-21,187342404,401,Naasa Securities Co. Ltd.,Linch Stock Market Ltd.,2026-04-21 14:45:51.305992,Mahalaxmi Bikas Bank Ltd.
2026042103005745,MLBL,51,41,80,373.5,29880.0,2026-04-21,187342406,401,Oxford Securities Pvt. Ltd.,Linch Stock Market Ltd.,2026-04-21 14:45:51.306080,Mahalaxmi Bikas Bank Ltd.
2026042103005746,MLBL,16,41,336,373.3,125428.8,2026-04-21,187342407,401,Primo Securities (PVT) Ltd.,Linch Stock Market Ltd.,2026-04-21 14:45:51.306171,Mahalaxmi Bikas Bank Ltd.
2026042103006363,MLBL,88,42,100,374.1,37410.0,2026-04-21,187353654,401,Blue Chip Securities Ltd,Sani Securities Company Ltd.,2026-04-21 14:52:39.038895,Mahalaxmi Bikas Bank Ltd.
2026042103006364,MLBL,62,42,10,374.0,3740.0,2026-04-21,187353656,401,Capital Max Securities Ltd,Sani Securities Company Ltd.,2026-04-21 14:52:39.039252,Mahalaxmi Bikas Bank Ltd.
2026042103006365,MLBL,36,42,610,374.0,228140.0,2026-04-21,187353657,401,Secured Securities Ltd.,Sani Securities Company Ltd.,2026-04-21 14:52:39.039456,Mahalaxmi Bikas Bank Ltd.
2026042103006509,MLBL,36,74,390,374.0,145860.0,2026-04-21,187356274,401,Secured Securities Ltd.,KALASH STOCK MARKET PVT. LTD.,2026-04-21 14:54:14.974629,Mahalaxmi Bikas Bank Ltd.
2026042103006510,MLBL,16,74,82,373.3,30610.6,2026-04-21,187356276,401,Primo Securities (PVT) Ltd.,KALASH STOCK MARKET PVT. LTD.,2026-04-21 14:54:14.974805,Mahalaxmi Bikas Bank Ltd.
2026042103006511,MLBL,3,74,528,373.2,197049.6,2026-04-21,187356277,401,Arun Securities (PVT) Ltd.,KALASH STOCK MARKET PVT. LTD.,2026-04-21 14:54:14.974881,Mahalaxmi Bikas Bank Ltd.
2026042103006631,MLBL,54,21,30,373.0,11190.0,2026-04-21,187358767,401,Sewa Securities Pvt. Ltd.,Midas Stock Broking Company Private Limited,2026-04-21 14:55:40.666283,Mahalaxmi Bikas Bank Ltd.
2026042103006872,MLBL,54,13,444,373.0,165612.0,2026-04-21,187363149,401,Sewa Securities Pvt. Ltd.,Thrive Brokerage House Pvt. Ltd,2026-04-21 14:57:35.133824,Mahalaxmi Bikas Bank Ltd.
2026042103007027,MLBL,3,47,1,373.2,373.2,2026-04-21,187365801,401,Arun Securities (PVT) Ltd.,Neev Securities Pvt. Ltd.,2026-04-21 14:58:38.084068,Mahalaxmi Bikas Bank Ltd.
2026042103007096,MLBL,59,56,300,375.0,112500.0,2026-04-21,187367443,401,Deevyaa Securities & Stock House Pvt. Ltd,Sri Hari Securities Pvt. Ltd.,2026-04-21 14:59:13.885146,Mahalaxmi Bikas Bank Ltd.
2026042103007097,MLBL,59,56,100,375.0,37500.0,2026-04-21,187367446,401,Deevyaa Securities & Stock House Pvt. Ltd,Sri Hari Securities Pvt. Ltd.,2026-04-21 14:59:13.885312,Mahalaxmi Bikas Bank Ltd.
2026042103007220,MLBL,22,35,10,373.1,3731.0,2026-04-21,187370248,401,Siprabi Securities Pvt. Ltd.,Kohinoor Investment & Securities Pvt. Ltd.,2026-04-21 14:59:48.652259,Mahalaxmi Bikas Bank Ltd.
2026042103007221,MLBL,54,35,26,373.0,9698.0,2026-04-21,187370250,401,Sewa Securities Pvt. Ltd.,Kohinoor Investment & Securities Pvt. Ltd.,2026-04-21 14:59:48.652587,Mahalaxmi Bikas Bank Ltd.
2026042103007222,MLBL,47,35,200,373.0,74600.0,2026-04-21,187370252,401,Neev Securities Pvt. Ltd.,Kohinoor Investment & Securities Pvt. Ltd.,2026-04-21 14:59:48.652801,Mahalaxmi Bikas Bank Ltd.
2026042103007223,MLBL,29,35,190,373.0,70870.0,2026-04-21,187370253,401,Trisul Securities & Invt. Ltd.,Kohinoor Investment & Securities Pvt. Ltd.,2026-04-21 14:59:48.652996,Mahalaxmi Bikas Bank Ltd.
2026042103007253,MLBL,29,28,110,373.0,41030.0,2026-04-21,187370714,401,Trisul Securities & Invt. Ltd.,Shree Krishna Securities Ltd.,2026-04-21 14:59:54.027121,Mahalaxmi Bikas Bank Ltd.
2026042103007254,MLBL,45,28,50,373.0,18650.0,2026-04-21,187370716,401,Imperial Securities Company Pvt. Ltd.,Shree Krishna Securities Ltd.,2026-04-21 14:59:54.027271,Mahalaxmi Bikas Bank Ltd.
2026042103007255,MLBL,52,28,15,373.0,5595.0,2026-04-21,187370718,401,Sundhara Securities Limited,Shree Krishna Securities Ltd.,2026-04-21 14:59:54.027345,Mahalaxmi Bikas Bank Ltd.
2026042103007256,MLBL,14,28,50,373.0,18650.0,2026-04-21,187370720,401,Nepal Stock House (PVT) Ltd.,Shree Krishna Securities Ltd.,2026-04-21 14:59:54.027413,Mahalaxmi Bikas Bank Ltd.
2026042103007257,MLBL,42,28,25,372.5,9312.5,2026-04-21,187370721,401,Sani Securities Company Ltd.,Shree Krishna Securities Ltd.,2026-04-21 14:59:54.027485,Mahalaxmi Bikas Bank Ltd.
