contractId,stockSymbol,buyerMemberId,sellerMemberId,quantity,rate,amount,businessDate,tradeBookId,stockId,buyerBrokerName,sellerBrokerName,transaction_time,securityName
2026042101000233,NICA,34,14,40,362.0,14480.0,2026-04-21,187181189,139,Vision Securities Pvt. Ltd,Nepal Stock House (PVT) Ltd.,2026-04-21 11:00:23.813339,NIC Asia Bank Ltd.
2026042101002237,NICA,34,58,10,362.0,3620.0,2026-04-21,187186036,139,Vision Securities Pvt. Ltd,Naasa Securities Co. Ltd.,2026-04-21 11:06:42.743837,NIC Asia Bank Ltd.
2026042101003327,NICA,58,10,38,360.1,13683.8,2026-04-21,187189062,139,Naasa Securities Co. Ltd.,Pragyan Securities (PVT) Ltd.,2026-04-21 11:10:12.366247,NIC Asia Bank Ltd.
2026042101003328,NICA,21,10,284,360.0,102240.0,2026-04-21,187189064,139,Midas Stock Broking Company Private Limited,Pragyan Securities (PVT) Ltd.,2026-04-21 11:10:12.366326,NIC Asia Bank Ltd.
2026042101003329,NICA,49,10,15,360.0,5400.0,2026-04-21,187189066,139,Online Securities Pvt. Ltd.,Pragyan Securities (PVT) Ltd.,2026-04-21 11:10:12.366366,NIC Asia Bank Ltd.
2026042101003796,NICA,8,45,130,358.3,46579.0,2026-04-21,187190517,139,Brilliant Securities Pvt. Ltd.,Imperial Securities Company Pvt. Ltd.,2026-04-21 11:11:56.212201,NIC Asia Bank Ltd.
2026042101003926,NICA,8,59,370,358.3,132571.0,2026-04-21,187190836,139,Brilliant Securities Pvt. Ltd.,Deevyaa Securities & Stock House Pvt. Ltd,2026-04-21 11:12:16.842670,NIC Asia Bank Ltd.
2026042101004623,NICA,45,59,940,358.3,336802.0,2026-04-21,187192807,139,Imperial Securities Company Pvt. Ltd.,Deevyaa Securities & Stock House Pvt. Ltd,2026-04-21 11:14:55.388653,NIC Asia Bank Ltd.
2026042101006364,NICA,49,10,163,360.0,58680.0,2026-04-21,187197407,139,Online Securities Pvt. Ltd.,Pragyan Securities (PVT) Ltd.,2026-04-21 11:19:57.327280,NIC Asia Bank Ltd.
2026042101006365,NICA,49,45,100,360.0,36000.0,2026-04-21,187197409,139,Online Securities Pvt. Ltd.,Imperial Securities Company Pvt. Ltd.,2026-04-21 11:19:57.327377,NIC Asia Bank Ltd.
2026042101006859,NICA,8,26,100,360.2,36020.0,2026-04-21,187198558,139,Brilliant Securities Pvt. Ltd.,Asian Securities Private Ltd.,2026-04-21 11:20:33.326470,NIC Asia Bank Ltd.
2026042101006860,NICA,8,26,300,360.1,108030.0,2026-04-21,187198559,139,Brilliant Securities Pvt. Ltd.,Asian Securities Private Ltd.,2026-04-21 11:20:33.326666,NIC Asia Bank Ltd.
2026042101008019,NICA,8,51,49,360.1,17644.9,2026-04-21,187201323,139,Brilliant Securities Pvt. Ltd.,Oxford Securities Pvt. Ltd.,2026-04-21 11:22:39.461997,NIC Asia Bank Ltd.
2026042101009050,NICA,8,58,64,360.1,23046.4,2026-04-21,187203903,139,Brilliant Securities Pvt. Ltd.,Naasa Securities Co. Ltd.,2026-04-21 11:25:10.434433,NIC Asia Bank Ltd.
2026042101010460,NICA,58,42,35,361.0,12635.0,2026-04-21,187207832,139,Naasa Securities Co. Ltd.,Sani Securities Company Ltd.,2026-04-21 11:30:45.338082,NIC Asia Bank Ltd.
2026042101011001,NICA,45,42,100,361.0,36100.0,2026-04-21,187209572,139,Imperial Securities Company Pvt. Ltd.,Sani Securities Company Ltd.,2026-04-21 11:33:20.075129,NIC Asia Bank Ltd.
2026042101011205,NICA,8,49,132,360.2,47546.4,2026-04-21,187210221,139,Brilliant Securities Pvt. Ltd.,Online Securities Pvt. Ltd.,2026-04-21 11:34:26.723479,NIC Asia Bank Ltd.
2026042101011604,NICA,8,54,118,360.2,42503.6,2026-04-21,187211318,139,Brilliant Securities Pvt. Ltd.,Sewa Securities Pvt. Ltd.,2026-04-21 11:35:34.325631,NIC Asia Bank Ltd.
2026042101011605,NICA,8,54,87,360.1,31328.7,2026-04-21,187211320,139,Brilliant Securities Pvt. Ltd.,Sewa Securities Pvt. Ltd.,2026-04-21 11:35:34.325902,NIC Asia Bank Ltd.
2026042101011606,NICA,8,54,500,360.1,180050.0,2026-04-21,187211322,139,Brilliant Securities Pvt. Ltd.,Sewa Securities Pvt. Ltd.,2026-04-21 11:35:34.326085,NIC Asia Bank Ltd.
2026042101011607,NICA,49,54,237,360.0,85320.0,2026-04-21,187211324,139,Online Securities Pvt. Ltd.,Sewa Securities Pvt. Ltd.,2026-04-21 11:35:34.326242,NIC Asia Bank Ltd.
2026042101011608,NICA,42,54,1058,360.0,380880.0,2026-04-21,187211325,139,Sani Securities Company Ltd.,Sewa Securities Pvt. Ltd.,2026-04-21 11:35:34.326384,NIC Asia Bank Ltd.
2026042101012200,NICA,32,52,200,360.1,72020.0,2026-04-21,187213017,139,Premier Securities Company Ltd.,Sundhara Securities Limited,2026-04-21 11:38:17.490593,NIC Asia Bank Ltd.
2026042101012537,NICA,32,52,100,360.1,36010.0,2026-04-21,187214028,139,Premier Securities Company Ltd.,Sundhara Securities Limited,2026-04-21 11:39:49.883755,NIC Asia Bank Ltd.
2026042101012538,NICA,56,52,100,360.1,36010.0,2026-04-21,187214029,139,Sri Hari Securities Pvt. Ltd.,Sundhara Securities Limited,2026-04-21 11:39:49.884003,NIC Asia Bank Ltd.
2026042101012673,NICA,52,42,20,361.0,7220.0,2026-04-21,187214376,139,Sundhara Securities Limited,Sani Securities Company Ltd.,2026-04-21 11:40:22.759193,NIC Asia Bank Ltd.
2026042101013447,NICA,56,42,200,360.1,72020.0,2026-04-21,187216616,139,Sri Hari Securities Pvt. Ltd.,Sani Securities Company Ltd.,2026-04-21 11:43:04.013323,NIC Asia Bank Ltd.
2026042101013448,NICA,14,42,100,360.1,36010.0,2026-04-21,187216618,139,Nepal Stock House (PVT) Ltd.,Sani Securities Company Ltd.,2026-04-21 11:43:04.013447,NIC Asia Bank Ltd.
2026042101013449,NICA,42,42,545,360.0,196200.0,2026-04-21,187216619,139,Sani Securities Company Ltd.,Sani Securities Company Ltd.,2026-04-21 11:43:04.013513,NIC Asia Bank Ltd.
2026042101013621,NICA,42,8,397,360.0,142920.0,2026-04-21,187217074,139,Sani Securities Company Ltd.,Brilliant Securities Pvt. Ltd.,2026-04-21 11:43:33.142797,NIC Asia Bank Ltd.
2026042101013622,NICA,58,8,500,360.0,180000.0,2026-04-21,187217076,139,Naasa Securities Co. Ltd.,Brilliant Securities Pvt. Ltd.,2026-04-21 11:43:33.142921,NIC Asia Bank Ltd.
2026042101013623,NICA,58,8,15,360.0,5400.0,2026-04-21,187217078,139,Naasa Securities Co. Ltd.,Brilliant Securities Pvt. Ltd.,2026-04-21 11:43:33.142977,NIC Asia Bank Ltd.
2026042101013657,NICA,32,8,20,360.0,7200.0,2026-04-21,187217174,139,Premier Securities Company Ltd.,Brilliant Securities Pvt. Ltd.,2026-04-21 11:43:39.817831,NIC Asia Bank Ltd.
2026042101013777,NICA,54,8,28,360.0,10080.0,2026-04-21,187217552,139,Sewa Securities Pvt. Ltd.,Brilliant Securities Pvt. Ltd.,2026-04-21 11:44:07.585285,NIC Asia Bank Ltd.
2026042101014098,NICA,34,8,40,360.0,14400.0,2026-04-21,187218495,139,Vision Securities Pvt. Ltd,Brilliant Securities Pvt. Ltd.,2026-04-21 11:45:24.842377,NIC Asia Bank Ltd.
2026042101014494,NICA,32,58,10,361.0,3610.0,2026-04-21,187219568,139,Premier Securities Company Ltd.,Naasa Securities Co. Ltd.,2026-04-21 11:46:29.880572,NIC Asia Bank Ltd.
2026042101014556,NICA,45,34,10,361.9,3619.0,2026-04-21,187219743,139,Imperial Securities Company Pvt. Ltd.,Vision Securities Pvt. Ltd,2026-04-21 11:46:42.038351,NIC Asia Bank Ltd.
2026042101014557,NICA,45,58,30,362.0,10860.0,2026-04-21,187219745,139,Imperial Securities Company Pvt. Ltd.,Naasa Securities Co. Ltd.,2026-04-21 11:46:42.038599,NIC Asia Bank Ltd.
2026042101015373,NICA,81,59,200,363.0,72600.0,2026-04-21,187222242,139,Aakashbhairab Securities Ltd.,Deevyaa Securities & Stock House Pvt. Ltd,2026-04-21 11:49:58.962554,NIC Asia Bank Ltd.
2026042101015469,NICA,81,59,30,363.0,10890.0,2026-04-21,187222476,139,Aakashbhairab Securities Ltd.,Deevyaa Securities & Stock House Pvt. Ltd,2026-04-21 11:50:18.014136,NIC Asia Bank Ltd.
2026042101015660,NICA,58,59,275,363.0,99825.0,2026-04-21,187223068,139,Naasa Securities Co. Ltd.,Deevyaa Securities & Stock House Pvt. Ltd,2026-04-21 11:51:02.541685,NIC Asia Bank Ltd.
2026042101016076,NICA,47,59,100,363.0,36300.0,2026-04-21,187224382,139,Neev Securities Pvt. Ltd.,Deevyaa Securities & Stock House Pvt. Ltd,2026-04-21 11:52:35.923135,NIC Asia Bank Ltd.
2026042101016083,NICA,42,59,18,363.0,6534.0,2026-04-21,187224420,139,Sani Securities Company Ltd.,Deevyaa Securities & Stock House Pvt. Ltd,2026-04-21 11:52:39.027345,NIC Asia Bank Ltd.
2026042101016470,NICA,7,8,42,362.9,15241.8,2026-04-21,187225494,139,J.F. Securites (PVT) Ltd.,Brilliant Securities Pvt. Ltd.,2026-04-21 11:53:42.829128,NIC Asia Bank Ltd.
2026042101016480,NICA,42,8,13,362.9,4717.7,2026-04-21,187225550,139,Sani Securities Company Ltd.,Brilliant Securities Pvt. Ltd.,2026-04-21 11:53:46.410006,NIC Asia Bank Ltd.
2026042101016763,NICA,45,17,60,362.0,21720.0,2026-04-21,187226476,139,Imperial Securities Company Pvt. Ltd.,ABC Securities Private Limited,2026-04-21 11:54:43.120968,NIC Asia Bank Ltd.
2026042101016764,NICA,51,17,20,360.2,7204.0,2026-04-21,187226478,139,Oxford Securities Pvt. Ltd.,ABC Securities Private Limited,2026-04-21 11:54:43.121008,NIC Asia Bank Ltd.
2026042101016765,NICA,45,17,220,360.1,79222.0,2026-04-21,187226479,139,Imperial Securities Company Pvt. Ltd.,ABC Securities Private Limited,2026-04-21 11:54:43.121044,NIC Asia Bank Ltd.
2026042101017102,NICA,89,45,11,360.2,3962.2,2026-04-21,187227919,139,Global IME Securities Limited,Imperial Securities Company Pvt. Ltd.,2026-04-21 11:56:27.286916,NIC Asia Bank Ltd.
2026042101017105,NICA,51,57,1,350.0,350.0,2026-04-21,187227929,139,Oxford Securities Pvt. Ltd.,Aryatara Investment & Securities,2026-04-21 11:56:28.526455,NIC Asia Bank Ltd.
2026042101017358,NICA,89,10,489,360.2,176137.8,2026-04-21,187228872,139,Global IME Securities Limited,Pragyan Securities (PVT) Ltd.,2026-04-21 11:57:53.462177,NIC Asia Bank Ltd.
2026042101017359,NICA,45,10,11,360.1,3961.1,2026-04-21,187228873,139,Imperial Securities Company Pvt. Ltd.,Pragyan Securities (PVT) Ltd.,2026-04-21 11:57:53.462327,NIC Asia Bank Ltd.
2026042101017625,NICA,8,59,500,360.2,180100.0,2026-04-21,187229918,139,Brilliant Securities Pvt. Ltd.,Deevyaa Securities & Stock House Pvt. Ltd,2026-04-21 11:59:31.314536,NIC Asia Bank Ltd.
2026042101017626,NICA,45,59,867,360.1,312206.7,2026-04-21,187229919,139,Imperial Securities Company Pvt. Ltd.,Deevyaa Securities & Stock House Pvt. Ltd,2026-04-21 11:59:31.314831,NIC Asia Bank Ltd.
2026042101017697,NICA,48,8,27,362.9,9798.3,2026-04-21,187230130,139,Trishakti Securities Public Limited,Brilliant Securities Pvt. Ltd.,2026-04-21 11:59:45.334653,NIC Asia Bank Ltd.
2026042101018054,NICA,58,22,10,362.0,3620.0,2026-04-21,187231642,139,Naasa Securities Co. Ltd.,Siprabi Securities Pvt. Ltd.,2026-04-21 12:02:08.890262,NIC Asia Bank Ltd.
2026042101018371,NICA,8,8,463,360.2,166772.6,2026-04-21,187232717,139,Brilliant Securities Pvt. Ltd.,Brilliant Securities Pvt. Ltd.,2026-04-21 12:03:42.565163,NIC Asia Bank Ltd.
2026042101018783,NICA,25,49,40,361.0,14440.0,2026-04-21,187234192,139,Sweta Securities Private Limited,Online Securities Pvt. Ltd.,2026-04-21 12:06:08.975596,NIC Asia Bank Ltd.
2026042101018784,NICA,8,49,37,360.2,13327.4,2026-04-21,187234194,139,Brilliant Securities Pvt. Ltd.,Online Securities Pvt. Ltd.,2026-04-21 12:06:08.975639,NIC Asia Bank Ltd.
2026042101018785,NICA,45,49,902,360.1,324810.2,2026-04-21,187234196,139,Imperial Securities Company Pvt. Ltd.,Online Securities Pvt. Ltd.,2026-04-21 12:06:08.975669,NIC Asia Bank Ltd.
2026042101018786,NICA,45,49,60,360.1,21606.0,2026-04-21,187234198,139,Imperial Securities Company Pvt. Ltd.,Online Securities Pvt. Ltd.,2026-04-21 12:06:08.975702,NIC Asia Bank Ltd.
2026042101018787,NICA,34,49,28,360.0,10080.0,2026-04-21,187234200,139,Vision Securities Pvt. Ltd,Online Securities Pvt. Ltd.,2026-04-21 12:06:08.975731,NIC Asia Bank Ltd.
2026042101018788,NICA,57,49,200,360.0,72000.0,2026-04-21,187234202,139,Aryatara Investment & Securities,Online Securities Pvt. Ltd.,2026-04-21 12:06:08.975757,NIC Asia Bank Ltd.
2026042101018789,NICA,42,49,1000,360.0,360000.0,2026-04-21,187234204,139,Sani Securities Company Ltd.,Online Securities Pvt. Ltd.,2026-04-21 12:06:08.975781,NIC Asia Bank Ltd.
2026042101018790,NICA,49,49,10,360.0,3600.0,2026-04-21,187234206,139,Online Securities Pvt. Ltd.,Online Securities Pvt. Ltd.,2026-04-21 12:06:08.975805,NIC Asia Bank Ltd.
2026042101018791,NICA,58,49,20,360.0,7200.0,2026-04-21,187234208,139,Naasa Securities Co. Ltd.,Online Securities Pvt. Ltd.,2026-04-21 12:06:08.975827,NIC Asia Bank Ltd.
2026042101018792,NICA,25,49,200,360.0,72000.0,2026-04-21,187234210,139,Sweta Securities Private Limited,Online Securities Pvt. Ltd.,2026-04-21 12:06:08.975851,NIC Asia Bank Ltd.
2026042101018793,NICA,1,49,30,360.0,10800.0,2026-04-21,187234212,139,Kumari Securities Private Limited,Online Securities Pvt. Ltd.,2026-04-21 12:06:08.975875,NIC Asia Bank Ltd.
2026042101018794,NICA,1,49,200,360.0,72000.0,2026-04-21,187234214,139,Kumari Securities Private Limited,Online Securities Pvt. Ltd.,2026-04-21 12:06:08.975902,NIC Asia Bank Ltd.
2026042101018795,NICA,17,49,100,360.0,36000.0,2026-04-21,187234216,139,ABC Securities Private Limited,Online Securities Pvt. Ltd.,2026-04-21 12:06:08.975926,NIC Asia Bank Ltd.
2026042101018796,NICA,11,49,10,360.0,3600.0,2026-04-21,187234218,139,Malla & Malla Stock Broking Company Pvt. Limited,Online Securities Pvt. Ltd.,2026-04-21 12:06:08.975950,NIC Asia Bank Ltd.
2026042101018797,NICA,74,49,50,360.0,18000.0,2026-04-21,187234220,139,KALASH STOCK MARKET PVT. LTD.,Online Securities Pvt. Ltd.,2026-04-21 12:06:08.975974,NIC Asia Bank Ltd.
2026042101018798,NICA,7,49,10,360.0,3600.0,2026-04-21,187234222,139,J.F. Securites (PVT) Ltd.,Online Securities Pvt. Ltd.,2026-04-21 12:06:08.975997,NIC Asia Bank Ltd.
2026042101018799,NICA,49,49,200,359.1,71820.0,2026-04-21,187234224,139,Online Securities Pvt. Ltd.,Online Securities Pvt. Ltd.,2026-04-21 12:06:08.976020,NIC Asia Bank Ltd.
2026042101018800,NICA,47,49,100,359.1,35910.0,2026-04-21,187234226,139,Neev Securities Pvt. Ltd.,Online Securities Pvt. Ltd.,2026-04-21 12:06:08.976060,NIC Asia Bank Ltd.
2026042101018801,NICA,45,49,100,359.0,35900.0,2026-04-21,187234228,139,Imperial Securities Company Pvt. Ltd.,Online Securities Pvt. Ltd.,2026-04-21 12:06:08.976084,NIC Asia Bank Ltd.
2026042101018802,NICA,26,49,10,359.0,3590.0,2026-04-21,187234230,139,Asian Securities Private Ltd.,Online Securities Pvt. Ltd.,2026-04-21 12:06:08.976110,NIC Asia Bank Ltd.
2026042101018803,NICA,44,49,100,359.0,35900.0,2026-04-21,187234232,139,Dynamic Money Managers Securities Pvt. Ltd.,Online Securities Pvt. Ltd.,2026-04-21 12:06:08.976136,NIC Asia Bank Ltd.
2026042101018804,NICA,20,49,67,359.0,24053.0,2026-04-21,187234234,139,Sipla Securities Private Limited,Online Securities Pvt. Ltd.,2026-04-21 12:06:08.976167,NIC Asia Bank Ltd.
2026042101018805,NICA,22,49,10,359.0,3590.0,2026-04-21,187234236,139,Siprabi Securities Pvt. Ltd.,Online Securities Pvt. Ltd.,2026-04-21 12:06:08.976192,NIC Asia Bank Ltd.
2026042101018806,NICA,57,49,55,359.0,19745.0,2026-04-21,187234238,139,Aryatara Investment & Securities,Online Securities Pvt. Ltd.,2026-04-21 12:06:08.976215,NIC Asia Bank Ltd.
2026042101018807,NICA,19,49,88,358.7,31565.6,2026-04-21,187234239,139,Nepal Investment And Securities Trading Private Limited,Online Securities Pvt. Ltd.,2026-04-21 12:06:08.976239,NIC Asia Bank Ltd.
2026042101018992,NICA,8,44,45,358.8,16146.0,2026-04-21,187234899,139,Brilliant Securities Pvt. Ltd.,Dynamic Money Managers Securities Pvt. Ltd.,2026-04-21 12:07:14.572552,NIC Asia Bank Ltd.
2026042101019886,NICA,49,22,450,362.0,162900.0,2026-04-21,187237864,139,Online Securities Pvt. Ltd.,Siprabi Securities Pvt. Ltd.,2026-04-21 12:13:14.792498,NIC Asia Bank Ltd.
2026042101019896,NICA,46,62,60,360.0,21600.0,2026-04-21,187237896,139,Kalika Securities Pvt. Ltd.,Capital Max Securities Ltd,2026-04-21 12:13:22.327188,NIC Asia Bank Ltd.
2026042101019897,NICA,42,62,500,359.0,179500.0,2026-04-21,187237898,139,Sani Securities Company Ltd.,Capital Max Securities Ltd,2026-04-21 12:13:22.327225,NIC Asia Bank Ltd.
2026042101019898,NICA,49,62,140,358.9,50246.0,2026-04-21,187237899,139,Online Securities Pvt. Ltd.,Capital Max Securities Ltd,2026-04-21 12:13:22.327249,NIC Asia Bank Ltd.
2026042101020160,NICA,58,62,10,360.0,3600.0,2026-04-21,187238738,139,Naasa Securities Co. Ltd.,Capital Max Securities Ltd,2026-04-21 12:15:20.295388,NIC Asia Bank Ltd.
2026042101020161,NICA,56,62,300,359.0,107700.0,2026-04-21,187238740,139,Sri Hari Securities Pvt. Ltd.,Capital Max Securities Ltd,2026-04-21 12:15:20.295489,NIC Asia Bank Ltd.
2026042101020162,NICA,49,62,60,358.9,21534.0,2026-04-21,187238742,139,Online Securities Pvt. Ltd.,Capital Max Securities Ltd,2026-04-21 12:15:20.295557,NIC Asia Bank Ltd.
2026042101020163,NICA,5,62,49,358.9,17586.1,2026-04-21,187238744,139,Market Securities & Exchange (PVT) Ltd.,Capital Max Securities Ltd,2026-04-21 12:15:20.295619,NIC Asia Bank Ltd.
2026042101020164,NICA,8,62,455,358.8,163254.0,2026-04-21,187238746,139,Brilliant Securities Pvt. Ltd.,Capital Max Securities Ltd,2026-04-21 12:15:20.295683,NIC Asia Bank Ltd.
2026042101020165,NICA,19,62,26,358.7,9326.2,2026-04-21,187238747,139,Nepal Investment And Securities Trading Private Limited,Capital Max Securities Ltd,2026-04-21 12:15:20.295750,NIC Asia Bank Ltd.
2026042101020595,NICA,28,17,65,359.0,23335.0,2026-04-21,187240327,139,Shree Krishna Securities Ltd.,ABC Securities Private Limited,2026-04-21 12:18:43.078846,NIC Asia Bank Ltd.
2026042101020929,NICA,28,36,10,359.0,3590.0,2026-04-21,187241477,139,Shree Krishna Securities Ltd.,Secured Securities Ltd.,2026-04-21 12:20:48.937450,NIC Asia Bank Ltd.
2026042101020951,NICA,28,58,40,359.0,14360.0,2026-04-21,187241539,139,Shree Krishna Securities Ltd.,Naasa Securities Co. Ltd.,2026-04-21 12:20:59.530798,NIC Asia Bank Ltd.
2026042101020970,NICA,28,17,20,359.0,7180.0,2026-04-21,187241655,139,Shree Krishna Securities Ltd.,ABC Securities Private Limited,2026-04-21 12:21:11.809400,NIC Asia Bank Ltd.
2026042101021023,NICA,13,58,7,360.0,2520.0,2026-04-21,187241845,139,Thrive Brokerage House Pvt. Ltd,Naasa Securities Co. Ltd.,2026-04-21 12:21:35.927276,NIC Asia Bank Ltd.
2026042101021284,NICA,28,58,101,359.0,36259.0,2026-04-21,187242877,139,Shree Krishna Securities Ltd.,Naasa Securities Co. Ltd.,2026-04-21 12:23:33.337165,NIC Asia Bank Ltd.
2026042101021364,NICA,28,29,12,359.0,4308.0,2026-04-21,187243215,139,Shree Krishna Securities Ltd.,Trisul Securities & Invt. Ltd.,2026-04-21 12:24:18.361911,NIC Asia Bank Ltd.
2026042101021640,NICA,28,42,752,359.0,269968.0,2026-04-21,187244340,139,Shree Krishna Securities Ltd.,Sani Securities Company Ltd.,2026-04-21 12:26:48.564372,NIC Asia Bank Ltd.
2026042101021641,NICA,48,42,201,359.0,72159.0,2026-04-21,187244341,139,Trishakti Securities Public Limited,Sani Securities Company Ltd.,2026-04-21 12:26:48.564545,NIC Asia Bank Ltd.
2026042101022164,NICA,11,58,37,359.1,13286.7,2026-04-21,187246169,139,Malla & Malla Stock Broking Company Pvt. Limited,Naasa Securities Co. Ltd.,2026-04-21 12:29:50.255960,NIC Asia Bank Ltd.
2026042101022375,NICA,11,75,10,359.1,3591.0,2026-04-21,187246775,139,Malla & Malla Stock Broking Company Pvt. Limited,N.I.M.B. Stock Markets Limited,2026-04-21 12:30:48.148102,NIC Asia Bank Ltd.
2026042101022647,NICA,11,16,53,359.1,19032.3,2026-04-21,187247620,139,Malla & Malla Stock Broking Company Pvt. Limited,Primo Securities (PVT) Ltd.,2026-04-21 12:31:54.326642,NIC Asia Bank Ltd.
2026042101022648,NICA,48,16,97,359.0,34823.0,2026-04-21,187247621,139,Trishakti Securities Public Limited,Primo Securities (PVT) Ltd.,2026-04-21 12:31:54.326950,NIC Asia Bank Ltd.
2026042101022747,NICA,48,43,64,359.0,22976.0,2026-04-21,187248225,139,Trishakti Securities Public Limited,South Asian Bulls Pvt. Ltd.,2026-04-21 12:32:52.580647,NIC Asia Bank Ltd.
2026042101023388,NICA,58,54,6,359.0,2154.0,2026-04-21,187250735,139,Naasa Securities Co. Ltd.,Sewa Securities Pvt. Ltd.,2026-04-21 12:37:00.335989,NIC Asia Bank Ltd.
2026042101023767,NICA,48,58,90,359.0,32310.0,2026-04-21,187251987,139,Trishakti Securities Public Limited,Naasa Securities Co. Ltd.,2026-04-21 12:39:34.300388,NIC Asia Bank Ltd.
2026042101023787,NICA,48,44,48,359.0,17232.0,2026-04-21,187252044,139,Trishakti Securities Public Limited,Dynamic Money Managers Securities Pvt. Ltd.,2026-04-21 12:39:38.566362,NIC Asia Bank Ltd.
2026042101023788,NICA,32,44,100,359.0,35900.0,2026-04-21,187252046,139,Premier Securities Company Ltd.,Dynamic Money Managers Securities Pvt. Ltd.,2026-04-21 12:39:38.566689,NIC Asia Bank Ltd.
2026042101023789,NICA,34,44,100,359.0,35900.0,2026-04-21,187252048,139,Vision Securities Pvt. Ltd,Dynamic Money Managers Securities Pvt. Ltd.,2026-04-21 12:39:38.566888,NIC Asia Bank Ltd.
2026042101023790,NICA,89,44,150,359.0,53850.0,2026-04-21,187252050,139,Global IME Securities Limited,Dynamic Money Managers Securities Pvt. Ltd.,2026-04-21 12:39:38.567120,NIC Asia Bank Ltd.
2026042101023791,NICA,45,44,30,359.0,10770.0,2026-04-21,187252052,139,Imperial Securities Company Pvt. Ltd.,Dynamic Money Managers Securities Pvt. Ltd.,2026-04-21 12:39:38.567331,NIC Asia Bank Ltd.
2026042101023792,NICA,89,44,150,359.0,53850.0,2026-04-21,187252054,139,Global IME Securities Limited,Dynamic Money Managers Securities Pvt. Ltd.,2026-04-21 12:39:38.567520,NIC Asia Bank Ltd.
2026042101023793,NICA,42,44,100,359.0,35900.0,2026-04-21,187252056,139,Sani Securities Company Ltd.,Dynamic Money Managers Securities Pvt. Ltd.,2026-04-21 12:39:38.567709,NIC Asia Bank Ltd.
2026042101023794,NICA,51,44,100,359.0,35900.0,2026-04-21,187252058,139,Oxford Securities Pvt. Ltd.,Dynamic Money Managers Securities Pvt. Ltd.,2026-04-21 12:39:38.567904,NIC Asia Bank Ltd.
2026042101023836,NICA,41,44,222,358.8,79653.6,2026-04-21,187252207,139,Linch Stock Market Ltd.,Dynamic Money Managers Securities Pvt. Ltd.,2026-04-21 12:40:00.160099,NIC Asia Bank Ltd.
2026042101024029,NICA,41,48,28,358.8,10046.4,2026-04-21,187252960,139,Linch Stock Market Ltd.,Trishakti Securities Public Limited,2026-04-21 12:41:19.092492,NIC Asia Bank Ltd.
2026042101024030,NICA,42,48,150,358.8,53820.0,2026-04-21,187252962,139,Sani Securities Company Ltd.,Trishakti Securities Public Limited,2026-04-21 12:41:19.092814,NIC Asia Bank Ltd.
2026042101024077,NICA,42,48,22,358.8,7893.6,2026-04-21,187253115,139,Sani Securities Company Ltd.,Trishakti Securities Public Limited,2026-04-21 12:41:43.639240,NIC Asia Bank Ltd.
2026042101024088,NICA,48,34,193,360.0,69480.0,2026-04-21,187253143,139,Trishakti Securities Public Limited,Vision Securities Pvt. Ltd,2026-04-21 12:41:48.676511,NIC Asia Bank Ltd.
2026042101024089,NICA,48,59,1000,360.0,360000.0,2026-04-21,187253145,139,Trishakti Securities Public Limited,Deevyaa Securities & Stock House Pvt. Ltd,2026-04-21 12:41:48.676688,NIC Asia Bank Ltd.
2026042101024352,NICA,42,5,32,359.0,11488.0,2026-04-21,187254097,139,Sani Securities Company Ltd.,Market Securities & Exchange (PVT) Ltd.,2026-04-21 12:43:36.998894,NIC Asia Bank Ltd.
2026042101024432,NICA,42,5,30,361.0,10830.0,2026-04-21,187254370,139,Sani Securities Company Ltd.,Market Securities & Exchange (PVT) Ltd.,2026-04-21 12:44:11.740233,NIC Asia Bank Ltd.
2026042101025046,NICA,42,62,10,359.0,3590.0,2026-04-21,187256309,139,Sani Securities Company Ltd.,Capital Max Securities Ltd,2026-04-21 12:48:13.432128,NIC Asia Bank Ltd.
2026042101025049,NICA,42,5,110,361.0,39710.0,2026-04-21,187256322,139,Sani Securities Company Ltd.,Market Securities & Exchange (PVT) Ltd.,2026-04-21 12:48:14.410505,NIC Asia Bank Ltd.
2026042101025339,NICA,58,5,25,361.0,9025.0,2026-04-21,187257369,139,Naasa Securities Co. Ltd.,Market Securities & Exchange (PVT) Ltd.,2026-04-21 12:50:30.471462,NIC Asia Bank Ltd.
2026042101025340,NICA,58,62,25,362.0,9050.0,2026-04-21,187257372,139,Naasa Securities Co. Ltd.,Capital Max Securities Ltd,2026-04-21 12:50:30.471554,NIC Asia Bank Ltd.
2026042101025462,NICA,88,22,26,360.2,9365.2,2026-04-21,187257817,139,Blue Chip Securities Ltd,Siprabi Securities Pvt. Ltd.,2026-04-21 12:51:10.961655,NIC Asia Bank Ltd.
2026042101025594,NICA,88,33,135,360.2,48627.0,2026-04-21,187258303,139,Blue Chip Securities Ltd,Dakshinkali Investment & Securities Pvt. Ltd.,2026-04-21 12:51:58.230812,NIC Asia Bank Ltd.
2026042101027098,NICA,13,62,75,362.0,27150.0,2026-04-21,187263915,139,Thrive Brokerage House Pvt. Ltd,Capital Max Securities Ltd,2026-04-21 13:01:39.123935,NIC Asia Bank Ltd.
2026042101027099,NICA,13,59,125,362.0,45250.0,2026-04-21,187263918,139,Thrive Brokerage House Pvt. Ltd,Deevyaa Securities & Stock House Pvt. Ltd,2026-04-21 13:01:39.124305,NIC Asia Bank Ltd.
2026042101028053,NICA,58,49,50,360.6,18030.0,2026-04-21,187267114,139,Naasa Securities Co. Ltd.,Online Securities Pvt. Ltd.,2026-04-21 13:07:24.851003,NIC Asia Bank Ltd.
2026042101028054,NICA,4,49,60,360.6,21636.0,2026-04-21,187267115,139,Opal Securities Investment (PVT) Ltd.,Online Securities Pvt. Ltd.,2026-04-21 13:07:24.851235,NIC Asia Bank Ltd.
2026042101029477,NICA,45,32,20,362.0,7240.0,2026-04-21,187270489,139,Imperial Securities Company Pvt. Ltd.,Premier Securities Company Ltd.,2026-04-21 13:09:38.419416,NIC Asia Bank Ltd.
2026042101029478,NICA,45,4,300,362.0,108600.0,2026-04-21,187270491,139,Imperial Securities Company Pvt. Ltd.,Opal Securities Investment (PVT) Ltd.,2026-04-21 13:09:38.419759,NIC Asia Bank Ltd.
2026042101029479,NICA,45,18,200,362.8,72560.0,2026-04-21,187270493,139,Imperial Securities Company Pvt. Ltd.,Sagarmatha Securities Private Limited,2026-04-21 13:09:38.419978,NIC Asia Bank Ltd.
2026042101029480,NICA,45,13,480,363.0,174240.0,2026-04-21,187270496,139,Imperial Securities Company Pvt. Ltd.,Thrive Brokerage House Pvt. Ltd,2026-04-21 13:09:38.420209,NIC Asia Bank Ltd.
2026042101029526,NICA,45,13,520,363.0,188760.0,2026-04-21,187270617,139,Imperial Securities Company Pvt. Ltd.,Thrive Brokerage House Pvt. Ltd,2026-04-21 13:09:46.305734,NIC Asia Bank Ltd.
2026042101029527,NICA,45,59,50,363.0,18150.0,2026-04-21,187270619,139,Imperial Securities Company Pvt. Ltd.,Deevyaa Securities & Stock House Pvt. Ltd,2026-04-21 13:09:46.305925,NIC Asia Bank Ltd.
2026042101029528,NICA,45,57,403,363.0,146289.0,2026-04-21,187270621,139,Imperial Securities Company Pvt. Ltd.,Aryatara Investment & Securities,2026-04-21 13:09:46.305995,NIC Asia Bank Ltd.
2026042101029529,NICA,45,22,27,363.0,9801.0,2026-04-21,187270624,139,Imperial Securities Company Pvt. Ltd.,Siprabi Securities Pvt. Ltd.,2026-04-21 13:09:46.306106,NIC Asia Bank Ltd.
2026042101029556,NICA,45,22,73,363.0,26499.0,2026-04-21,187270703,139,Imperial Securities Company Pvt. Ltd.,Siprabi Securities Pvt. Ltd.,2026-04-21 13:09:55.545877,NIC Asia Bank Ltd.
2026042101029557,NICA,45,34,500,364.0,182000.0,2026-04-21,187270705,139,Imperial Securities Company Pvt. Ltd.,Vision Securities Pvt. Ltd,2026-04-21 13:09:55.546102,NIC Asia Bank Ltd.
2026042101029558,NICA,45,74,103,365.0,37595.0,2026-04-21,187270707,139,Imperial Securities Company Pvt. Ltd.,KALASH STOCK MARKET PVT. LTD.,2026-04-21 13:09:55.546175,NIC Asia Bank Ltd.
2026042101029559,NICA,45,62,47,365.0,17155.0,2026-04-21,187270709,139,Imperial Securities Company Pvt. Ltd.,Capital Max Securities Ltd,2026-04-21 13:09:55.546251,NIC Asia Bank Ltd.
2026042101029560,NICA,45,48,20,365.0,7300.0,2026-04-21,187270711,139,Imperial Securities Company Pvt. Ltd.,Trishakti Securities Public Limited,2026-04-21 13:09:55.546320,NIC Asia Bank Ltd.
2026042101029561,NICA,45,58,10,365.0,3650.0,2026-04-21,187270713,139,Imperial Securities Company Pvt. Ltd.,Naasa Securities Co. Ltd.,2026-04-21 13:09:55.546390,NIC Asia Bank Ltd.
2026042101029562,NICA,45,58,193,365.0,70445.0,2026-04-21,187270715,139,Imperial Securities Company Pvt. Ltd.,Naasa Securities Co. Ltd.,2026-04-21 13:09:55.546458,NIC Asia Bank Ltd.
2026042101029563,NICA,45,17,54,365.0,19710.0,2026-04-21,187270718,139,Imperial Securities Company Pvt. Ltd.,ABC Securities Private Limited,2026-04-21 13:09:55.546532,NIC Asia Bank Ltd.
2026042101030978,NICA,52,17,100,365.0,36500.0,2026-04-21,187275038,139,Sundhara Securities Limited,ABC Securities Private Limited,2026-04-21 13:15:54.768345,NIC Asia Bank Ltd.
2026042101031848,NICA,52,17,100,365.0,36500.0,2026-04-21,187277878,139,Sundhara Securities Limited,ABC Securities Private Limited,2026-04-21 13:21:07.988948,NIC Asia Bank Ltd.
2026042101032903,NICA,49,17,275,365.0,100375.0,2026-04-21,187282340,139,Online Securities Pvt. Ltd.,ABC Securities Private Limited,2026-04-21 13:29:04.330900,NIC Asia Bank Ltd.
2026042101033181,NICA,21,38,10,363.0,3630.0,2026-04-21,187283450,139,Midas Stock Broking Company Private Limited,Dipshikha Dhitopatra Karobar Co. Pvt Ltd.,2026-04-21 13:31:20.251053,NIC Asia Bank Ltd.
2026042101033182,NICA,22,38,1000,362.0,362000.0,2026-04-21,187283452,139,Siprabi Securities Pvt. Ltd.,Dipshikha Dhitopatra Karobar Co. Pvt Ltd.,2026-04-21 13:31:20.251097,NIC Asia Bank Ltd.
2026042101033183,NICA,47,38,20,362.0,7240.0,2026-04-21,187283454,139,Neev Securities Pvt. Ltd.,Dipshikha Dhitopatra Karobar Co. Pvt Ltd.,2026-04-21 13:31:20.251121,NIC Asia Bank Ltd.
2026042101033184,NICA,91,38,17,361.9,6152.3,2026-04-21,187283456,139,Citizens Share Broker Limited,Dipshikha Dhitopatra Karobar Co. Pvt Ltd.,2026-04-21 13:31:20.251143,NIC Asia Bank Ltd.
2026042101033185,NICA,8,38,68,361.8,24602.4,2026-04-21,187283457,139,Brilliant Securities Pvt. Ltd.,Dipshikha Dhitopatra Karobar Co. Pvt Ltd.,2026-04-21 13:31:20.251165,NIC Asia Bank Ltd.
2026042101033770,NICA,8,41,84,361.8,30391.2,2026-04-21,187285389,139,Brilliant Securities Pvt. Ltd.,Linch Stock Market Ltd.,2026-04-21 13:34:52.778427,NIC Asia Bank Ltd.
2026042101034661,NICA,45,17,200,362.0,72400.0,2026-04-21,187288897,139,Imperial Securities Company Pvt. Ltd.,ABC Securities Private Limited,2026-04-21 13:41:19.141614,NIC Asia Bank Ltd.
2026042101034878,NICA,45,62,587,362.0,212494.0,2026-04-21,187289751,139,Imperial Securities Company Pvt. Ltd.,Capital Max Securities Ltd,2026-04-21 13:42:36.080408,NIC Asia Bank Ltd.
2026042101036299,NICA,45,42,213,362.0,77106.0,2026-04-21,187295502,139,Imperial Securities Company Pvt. Ltd.,Sani Securities Company Ltd.,2026-04-21 13:53:47.940559,NIC Asia Bank Ltd.
2026042101037000,NICA,58,48,100,361.9,36190.0,2026-04-21,187298083,139,Naasa Securities Co. Ltd.,Trishakti Securities Public Limited,2026-04-21 13:58:12.467169,NIC Asia Bank Ltd.
2026042101037143,NICA,8,16,348,361.8,125906.4,2026-04-21,187298528,139,Brilliant Securities Pvt. Ltd.,Primo Securities (PVT) Ltd.,2026-04-21 13:58:52.200481,NIC Asia Bank Ltd.
2026042101037144,NICA,42,16,20,361.8,7236.0,2026-04-21,187298529,139,Sani Securities Company Ltd.,Primo Securities (PVT) Ltd.,2026-04-21 13:58:52.200684,NIC Asia Bank Ltd.
2026042101037526,NICA,8,41,25,361.7,9042.5,2026-04-21,187299809,139,Brilliant Securities Pvt. Ltd.,Linch Stock Market Ltd.,2026-04-21 14:00:35.736492,NIC Asia Bank Ltd.
2026042101037588,NICA,7,42,50,362.0,18100.0,2026-04-21,187300006,139,J.F. Securites (PVT) Ltd.,Sani Securities Company Ltd.,2026-04-21 14:00:53.053142,NIC Asia Bank Ltd.
2026042101037613,NICA,8,48,475,361.7,171807.5,2026-04-21,187300114,139,Brilliant Securities Pvt. Ltd.,Trishakti Securities Public Limited,2026-04-21 14:00:59.689432,NIC Asia Bank Ltd.
2026042101037614,NICA,45,48,546,361.6,197433.6,2026-04-21,187300115,139,Imperial Securities Company Pvt. Ltd.,Trishakti Securities Public Limited,2026-04-21 14:00:59.689641,NIC Asia Bank Ltd.
2026042101037686,NICA,42,42,10,362.0,3620.0,2026-04-21,187300320,139,Sani Securities Company Ltd.,Sani Securities Company Ltd.,2026-04-21 14:01:17.691762,NIC Asia Bank Ltd.
2026042101038066,NICA,17,42,235,362.0,85070.0,2026-04-21,187301691,139,ABC Securities Private Limited,Sani Securities Company Ltd.,2026-04-21 14:03:54.668893,NIC Asia Bank Ltd.
2026042101038144,NICA,17,26,100,362.0,36200.0,2026-04-21,187302019,139,ABC Securities Private Limited,Asian Securities Private Ltd.,2026-04-21 14:04:24.278547,NIC Asia Bank Ltd.
2026042101038344,NICA,17,45,165,362.0,59730.0,2026-04-21,187302730,139,ABC Securities Private Limited,Imperial Securities Company Pvt. Ltd.,2026-04-21 14:05:25.776139,NIC Asia Bank Ltd.
2026042101038953,NICA,13,45,35,362.0,12670.0,2026-04-21,187304867,139,Thrive Brokerage House Pvt. Ltd,Imperial Securities Company Pvt. Ltd.,2026-04-21 14:08:43.184225,NIC Asia Bank Ltd.
2026042101039240,NICA,13,19,50,362.0,18100.0,2026-04-21,187305907,139,Thrive Brokerage House Pvt. Ltd,Nepal Investment And Securities Trading Private Limited,2026-04-21 14:10:26.717997,NIC Asia Bank Ltd.
2026042101040469,NICA,13,32,30,363.0,10890.0,2026-04-21,187310865,139,Thrive Brokerage House Pvt. Ltd,Premier Securities Company Ltd.,2026-04-21 14:17:49.694738,NIC Asia Bank Ltd.
2026042101040935,NICA,13,56,500,363.0,181500.0,2026-04-21,187312763,139,Thrive Brokerage House Pvt. Ltd,Sri Hari Securities Pvt. Ltd.,2026-04-21 14:20:08.650048,NIC Asia Bank Ltd.
2026042101041667,NICA,58,45,10,363.0,3630.0,2026-04-21,187316284,139,Naasa Securities Co. Ltd.,Imperial Securities Company Pvt. Ltd.,2026-04-21 14:23:37.635207,NIC Asia Bank Ltd.
2026042101042323,NICA,13,50,385,362.3,139485.5,2026-04-21,187319758,139,Thrive Brokerage House Pvt. Ltd,Cristal Kanchanjanga Securites Pvt. Ltd.,2026-04-21 14:26:33.915055,NIC Asia Bank Ltd.
2026042101042324,NICA,48,50,115,362.3,41664.5,2026-04-21,187319759,139,Trishakti Securities Public Limited,Cristal Kanchanjanga Securites Pvt. Ltd.,2026-04-21 14:26:33.915257,NIC Asia Bank Ltd.
2026042101042453,NICA,48,58,100,362.3,36230.0,2026-04-21,187320307,139,Trishakti Securities Public Limited,Naasa Securities Co. Ltd.,2026-04-21 14:27:18.460837,NIC Asia Bank Ltd.
2026042101042849,NICA,48,47,20,362.3,7246.0,2026-04-21,187322435,139,Trishakti Securities Public Limited,Neev Securities Pvt. Ltd.,2026-04-21 14:29:10.811402,NIC Asia Bank Ltd.
2026042101043015,NICA,48,34,265,362.3,96009.5,2026-04-21,187323116,139,Trishakti Securities Public Limited,Vision Securities Pvt. Ltd,2026-04-21 14:29:42.076960,NIC Asia Bank Ltd.
2026042101043016,NICA,48,34,100,362.2,36220.0,2026-04-21,187323118,139,Trishakti Securities Public Limited,Vision Securities Pvt. Ltd,2026-04-21 14:29:42.077345,NIC Asia Bank Ltd.
2026042101043353,NICA,45,59,200,361.7,72340.0,2026-04-21,187324661,139,Imperial Securities Company Pvt. Ltd.,Deevyaa Securities & Stock House Pvt. Ltd,2026-04-21 14:31:06.799749,NIC Asia Bank Ltd.
2026042101043533,NICA,42,45,20,361.9,7238.0,2026-04-21,187325564,139,Sani Securities Company Ltd.,Imperial Securities Company Pvt. Ltd.,2026-04-21 14:31:56.167572,NIC Asia Bank Ltd.
2026042101044542,NICA,32,22,500,361.8,180900.0,2026-04-21,187330047,139,Premier Securities Company Ltd.,Siprabi Securities Pvt. Ltd.,2026-04-21 14:36:17.886336,NIC Asia Bank Ltd.
2026042101044601,NICA,32,36,100,361.8,36180.0,2026-04-21,187330417,139,Premier Securities Company Ltd.,Secured Securities Ltd.,2026-04-21 14:36:38.951977,NIC Asia Bank Ltd.
2026042101044784,NICA,32,36,100,361.8,36180.0,2026-04-21,187331353,139,Premier Securities Company Ltd.,Secured Securities Ltd.,2026-04-21 14:37:28.473689,NIC Asia Bank Ltd.
2026042101044900,NICA,32,36,100,361.8,36180.0,2026-04-21,187331921,139,Premier Securities Company Ltd.,Secured Securities Ltd.,2026-04-21 14:37:57.054600,NIC Asia Bank Ltd.
2026042101045017,NICA,32,36,50,361.8,18090.0,2026-04-21,187332436,139,Premier Securities Company Ltd.,Secured Securities Ltd.,2026-04-21 14:38:32.332115,NIC Asia Bank Ltd.
2026042101045048,NICA,49,36,50,361.8,18090.0,2026-04-21,187332565,139,Online Securities Pvt. Ltd.,Secured Securities Ltd.,2026-04-21 14:38:42.596182,NIC Asia Bank Ltd.
2026042101045049,NICA,49,45,20,361.9,7238.0,2026-04-21,187332568,139,Online Securities Pvt. Ltd.,Imperial Securities Company Pvt. Ltd.,2026-04-21 14:38:42.596415,NIC Asia Bank Ltd.
2026042101045916,NICA,48,39,30,361.7,10851.0,2026-04-21,187336231,139,Trishakti Securities Public Limited,Sumeru Securities Pvt. Ltd.,2026-04-21 14:41:47.841347,NIC Asia Bank Ltd.
2026042101046253,NICA,74,45,28,361.9,10133.2,2026-04-21,187338200,139,KALASH STOCK MARKET PVT. LTD.,Imperial Securities Company Pvt. Ltd.,2026-04-21 14:43:14.425046,NIC Asia Bank Ltd.
2026042101046404,NICA,8,45,82,361.9,29675.8,2026-04-21,187338857,139,Brilliant Securities Pvt. Ltd.,Imperial Securities Company Pvt. Ltd.,2026-04-21 14:43:37.581847,NIC Asia Bank Ltd.
2026042101046405,NICA,8,50,100,361.9,36190.0,2026-04-21,187338859,139,Brilliant Securities Pvt. Ltd.,Cristal Kanchanjanga Securites Pvt. Ltd.,2026-04-21 14:43:37.582272,NIC Asia Bank Ltd.
2026042101046406,NICA,8,34,135,362.0,48870.0,2026-04-21,187338861,139,Brilliant Securities Pvt. Ltd.,Vision Securities Pvt. Ltd,2026-04-21 14:43:37.582526,NIC Asia Bank Ltd.
2026042101046407,NICA,8,69,6215,362.0,2249830.0,2026-04-21,187338863,139,Brilliant Securities Pvt. Ltd.,INDEX SECURITIES LIMITED,2026-04-21 14:43:37.582806,NIC Asia Bank Ltd.
2026042101046408,NICA,8,11,100,362.0,36200.0,2026-04-21,187338865,139,Brilliant Securities Pvt. Ltd.,Malla & Malla Stock Broking Company Pvt. Limited,2026-04-21 14:43:37.583092,NIC Asia Bank Ltd.
2026042101046409,NICA,8,58,100,362.0,36200.0,2026-04-21,187338867,139,Brilliant Securities Pvt. Ltd.,Naasa Securities Co. Ltd.,2026-04-21 14:43:37.583372,NIC Asia Bank Ltd.
2026042101046410,NICA,8,49,18,362.0,6516.0,2026-04-21,187338870,139,Brilliant Securities Pvt. Ltd.,Online Securities Pvt. Ltd.,2026-04-21 14:43:37.583676,NIC Asia Bank Ltd.
2026042101046451,NICA,58,53,45,361.8,16281.0,2026-04-21,187339066,139,Naasa Securities Co. Ltd.,Investment Management Nepal Pvt. Ltd.,2026-04-21 14:43:44.914149,NIC Asia Bank Ltd.
2026042101046452,NICA,48,53,70,361.7,25319.0,2026-04-21,187339068,139,Trishakti Securities Public Limited,Investment Management Nepal Pvt. Ltd.,2026-04-21 14:43:44.914198,NIC Asia Bank Ltd.
2026042101046453,NICA,8,53,500,361.6,180800.0,2026-04-21,187339070,139,Brilliant Securities Pvt. Ltd.,Investment Management Nepal Pvt. Ltd.,2026-04-21 14:43:44.914231,NIC Asia Bank Ltd.
2026042101046454,NICA,8,53,1000,361.6,361600.0,2026-04-21,187339072,139,Brilliant Securities Pvt. Ltd.,Investment Management Nepal Pvt. Ltd.,2026-04-21 14:43:44.914264,NIC Asia Bank Ltd.
2026042101046455,NICA,45,53,385,361.5,139177.5,2026-04-21,187339073,139,Imperial Securities Company Pvt. Ltd.,Investment Management Nepal Pvt. Ltd.,2026-04-21 14:43:44.914301,NIC Asia Bank Ltd.
2026042101047910,NICA,88,22,500,362.7,181350.0,2026-04-21,187346815,139,Blue Chip Securities Ltd,Siprabi Securities Pvt. Ltd.,2026-04-21 14:48:41.024337,NIC Asia Bank Ltd.
2026042101047938,NICA,88,56,339,362.7,122955.3,2026-04-21,187346974,139,Blue Chip Securities Ltd,Sri Hari Securities Pvt. Ltd.,2026-04-21 14:48:48.365938,NIC Asia Bank Ltd.
2026042101049167,NICA,39,56,40,362.0,14480.0,2026-04-21,187353282,139,Sumeru Securities Pvt. Ltd.,Sri Hari Securities Pvt. Ltd.,2026-04-21 14:52:27.391035,NIC Asia Bank Ltd.
2026042101049567,NICA,52,58,30,361.8,10854.0,2026-04-21,187355616,139,Sundhara Securities Limited,Naasa Securities Co. Ltd.,2026-04-21 14:53:48.988374,NIC Asia Bank Ltd.
2026042101049568,NICA,28,58,500,361.7,180850.0,2026-04-21,187355618,139,Shree Krishna Securities Ltd.,Naasa Securities Co. Ltd.,2026-04-21 14:53:48.988790,NIC Asia Bank Ltd.
2026042101049569,NICA,8,58,1000,361.6,361600.0,2026-04-21,187355620,139,Brilliant Securities Pvt. Ltd.,Naasa Securities Co. Ltd.,2026-04-21 14:53:48.989073,NIC Asia Bank Ltd.
2026042101049570,NICA,45,58,615,361.5,222322.5,2026-04-21,187355622,139,Imperial Securities Company Pvt. Ltd.,Naasa Securities Co. Ltd.,2026-04-21 14:53:48.989346,NIC Asia Bank Ltd.
2026042101049571,NICA,8,58,1000,361.5,361500.0,2026-04-21,187355624,139,Brilliant Securities Pvt. Ltd.,Naasa Securities Co. Ltd.,2026-04-21 14:53:48.989600,NIC Asia Bank Ltd.
2026042101049572,NICA,45,58,270,361.4,97578.0,2026-04-21,187355625,139,Imperial Securities Company Pvt. Ltd.,Naasa Securities Co. Ltd.,2026-04-21 14:53:48.989840,NIC Asia Bank Ltd.
2026042101049676,NICA,45,56,371,361.4,134079.4,2026-04-21,187356161,139,Imperial Securities Company Pvt. Ltd.,Sri Hari Securities Pvt. Ltd.,2026-04-21 14:54:13.383647,NIC Asia Bank Ltd.
2026042101049725,NICA,45,17,359,361.4,129742.6,2026-04-21,187356632,139,Imperial Securities Company Pvt. Ltd.,ABC Securities Private Limited,2026-04-21 14:54:30.140797,NIC Asia Bank Ltd.
2026042101049726,NICA,45,17,1000,361.3,361300.0,2026-04-21,187356634,139,Imperial Securities Company Pvt. Ltd.,ABC Securities Private Limited,2026-04-21 14:54:30.140842,NIC Asia Bank Ltd.
2026042101049727,NICA,45,17,634,361.2,229000.8,2026-04-21,187356635,139,Imperial Securities Company Pvt. Ltd.,ABC Securities Private Limited,2026-04-21 14:54:30.140874,NIC Asia Bank Ltd.
2026042101050439,NICA,35,57,55,362.0,19910.0,2026-04-21,187359952,139,Kohinoor Investment & Securities Pvt. Ltd.,Aryatara Investment & Securities,2026-04-21 14:56:11.805092,NIC Asia Bank Ltd.
2026042101050555,NICA,45,32,366,361.2,132199.2,2026-04-21,187360594,139,Imperial Securities Company Pvt. Ltd.,Premier Securities Company Ltd.,2026-04-21 14:56:30.845749,NIC Asia Bank Ltd.
2026042101050664,NICA,94,7,20,361.0,7220.0,2026-04-21,187361250,139,K.B.L. Securities Limited ,J.F. Securites (PVT) Ltd.,2026-04-21 14:56:46.944820,NIC Asia Bank Ltd.
2026042101050665,NICA,4,7,40,360.6,14424.0,2026-04-21,187361252,139,Opal Securities Investment (PVT) Ltd.,J.F. Securites (PVT) Ltd.,2026-04-21 14:56:46.944881,NIC Asia Bank Ltd.
2026042101050666,NICA,36,7,165,360.5,59482.5,2026-04-21,187361253,139,Secured Securities Ltd.,J.F. Securites (PVT) Ltd.,2026-04-21 14:56:46.944911,NIC Asia Bank Ltd.
2026042101050678,NICA,36,34,335,360.5,120767.5,2026-04-21,187361378,139,Secured Securities Ltd.,Vision Securities Pvt. Ltd,2026-04-21 14:56:49.063957,NIC Asia Bank Ltd.
2026042101050679,NICA,8,34,968,360.1,348576.8,2026-04-21,187361379,139,Brilliant Securities Pvt. Ltd.,Vision Securities Pvt. Ltd,2026-04-21 14:56:49.064178,NIC Asia Bank Ltd.
2026042101050790,NICA,8,42,200,360.1,72020.0,2026-04-21,187362133,139,Brilliant Securities Pvt. Ltd.,Sani Securities Company Ltd.,2026-04-21 14:57:09.690652,NIC Asia Bank Ltd.
2026042101050875,NICA,8,41,832,360.1,299603.2,2026-04-21,187362588,139,Brilliant Securities Pvt. Ltd.,Linch Stock Market Ltd.,2026-04-21 14:57:22.967221,NIC Asia Bank Ltd.
2026042101050876,NICA,49,41,40,360.0,14400.0,2026-04-21,187362590,139,Online Securities Pvt. Ltd.,Linch Stock Market Ltd.,2026-04-21 14:57:22.967650,NIC Asia Bank Ltd.
2026042101050877,NICA,44,41,300,360.0,108000.0,2026-04-21,187362592,139,Dynamic Money Managers Securities Pvt. Ltd.,Linch Stock Market Ltd.,2026-04-21 14:57:22.967907,NIC Asia Bank Ltd.
2026042101050878,NICA,42,41,50,360.0,18000.0,2026-04-21,187362594,139,Sani Securities Company Ltd.,Linch Stock Market Ltd.,2026-04-21 14:57:22.968178,NIC Asia Bank Ltd.
2026042101050879,NICA,32,41,50,360.0,18000.0,2026-04-21,187362596,139,Premier Securities Company Ltd.,Linch Stock Market Ltd.,2026-04-21 14:57:22.968424,NIC Asia Bank Ltd.
2026042101050880,NICA,42,41,500,360.0,180000.0,2026-04-21,187362598,139,Sani Securities Company Ltd.,Linch Stock Market Ltd.,2026-04-21 14:57:22.968664,NIC Asia Bank Ltd.
2026042101051285,NICA,58,41,55,360.0,19800.0,2026-04-21,187364282,139,Naasa Securities Co. Ltd.,Linch Stock Market Ltd.,2026-04-21 14:57:59.048730,NIC Asia Bank Ltd.
2026042101051427,NICA,58,34,20,359.5,7190.0,2026-04-21,187365140,139,Naasa Securities Co. Ltd.,Vision Securities Pvt. Ltd,2026-04-21 14:58:22.960190,NIC Asia Bank Ltd.
2026042101051428,NICA,42,34,122,359.0,43798.0,2026-04-21,187365141,139,Sani Securities Company Ltd.,Vision Securities Pvt. Ltd,2026-04-21 14:58:22.960343,NIC Asia Bank Ltd.
2026042101051436,NICA,60,41,100,360.0,36000.0,2026-04-21,187365164,139,Nagarik Stock Dealer ,Linch Stock Market Ltd.,2026-04-21 14:58:23.401852,NIC Asia Bank Ltd.
2026042101051613,NICA,41,41,73,360.0,26280.0,2026-04-21,187366091,139,Linch Stock Market Ltd.,Linch Stock Market Ltd.,2026-04-21 14:58:44.326464,NIC Asia Bank Ltd.
