contractId,stockSymbol,buyerMemberId,sellerMemberId,quantity,rate,amount,businessDate,tradeBookId,stockId,buyerBrokerName,sellerBrokerName,transaction_time,securityName
2026042105000168,NYADI,52,29,10,403.0,4030.0,2026-04-21,187184850,8026,Sundhara Securities Limited,Trisul Securities & Invt. Ltd.,2026-04-21 11:05:07.111534,Nyadi Hydropower Limited
2026042105000228,NYADI,32,21,10,403.0,4030.0,2026-04-21,187185876,8026,Premier Securities Company Ltd.,Midas Stock Broking Company Private Limited,2026-04-21 11:06:29.734783,Nyadi Hydropower Limited
2026042105000436,NYADI,35,94,20,402.0,8040.0,2026-04-21,187188562,8026,Kohinoor Investment & Securities Pvt. Ltd.,K.B.L. Securities Limited ,2026-04-21 11:09:34.027727,Nyadi Hydropower Limited
2026042105000468,NYADI,32,94,20,401.0,8020.0,2026-04-21,187189108,8026,Premier Securities Company Ltd.,K.B.L. Securities Limited ,2026-04-21 11:10:15.251950,Nyadi Hydropower Limited
2026042105000469,NYADI,13,94,210,400.1,84021.0,2026-04-21,187189109,8026,Thrive Brokerage House Pvt. Ltd,K.B.L. Securities Limited ,2026-04-21 11:10:15.252034,Nyadi Hydropower Limited
2026042105000640,NYADI,35,58,10,401.0,4010.0,2026-04-21,187191149,8026,Kohinoor Investment & Securities Pvt. Ltd.,Naasa Securities Co. Ltd.,2026-04-21 11:12:40.708857,Nyadi Hydropower Limited
2026042105000986,NYADI,35,11,10,401.0,4010.0,2026-04-21,187196091,8026,Kohinoor Investment & Securities Pvt. Ltd.,Malla & Malla Stock Broking Company Pvt. Limited,2026-04-21 11:18:48.639746,Nyadi Hydropower Limited
2026042105001245,NYADI,13,22,10,400.1,4001.0,2026-04-21,187201949,8026,Thrive Brokerage House Pvt. Ltd,Siprabi Securities Pvt. Ltd.,2026-04-21 11:23:21.038489,Nyadi Hydropower Limited
2026042105001308,NYADI,52,49,10,401.0,4010.0,2026-04-21,187203686,8026,Sundhara Securities Limited,Online Securities Pvt. Ltd.,2026-04-21 11:24:56.142362,Nyadi Hydropower Limited
2026042105001556,NYADI,13,44,10,400.1,4001.0,2026-04-21,187206975,8026,Thrive Brokerage House Pvt. Ltd,Dynamic Money Managers Securities Pvt. Ltd.,2026-04-21 11:29:30.192956,Nyadi Hydropower Limited
2026042105001573,NYADI,13,78,10,400.1,4001.0,2026-04-21,187207355,8026,Thrive Brokerage House Pvt. Ltd,Garima Securities Limited,2026-04-21 11:30:00.990638,Nyadi Hydropower Limited
2026042105001952,NYADI,13,13,10,400.3,4003.0,2026-04-21,187211543,8026,Thrive Brokerage House Pvt. Ltd,Thrive Brokerage House Pvt. Ltd,2026-04-21 11:36:01.241383,Nyadi Hydropower Limited
2026042105001963,NYADI,41,26,40,400.4,16016.0,2026-04-21,187211679,8026,Linch Stock Market Ltd.,Asian Securities Private Ltd.,2026-04-21 11:36:17.983371,Nyadi Hydropower Limited
2026042105001965,NYADI,41,13,30,400.4,12012.0,2026-04-21,187211717,8026,Linch Stock Market Ltd.,Thrive Brokerage House Pvt. Ltd,2026-04-21 11:36:20.763648,Nyadi Hydropower Limited
2026042105002016,NYADI,13,58,10,400.5,4005.0,2026-04-21,187212285,8026,Thrive Brokerage House Pvt. Ltd,Naasa Securities Co. Ltd.,2026-04-21 11:37:13.571555,Nyadi Hydropower Limited
2026042105002239,NYADI,13,58,10,402.0,4020.0,2026-04-21,187214885,8026,Thrive Brokerage House Pvt. Ltd,Naasa Securities Co. Ltd.,2026-04-21 11:41:07.508901,Nyadi Hydropower Limited
2026042105002995,NYADI,13,38,30,404.0,12120.0,2026-04-21,187224884,8026,Thrive Brokerage House Pvt. Ltd,Dipshikha Dhitopatra Karobar Co. Pvt Ltd.,2026-04-21 11:53:16.326474,Nyadi Hydropower Limited
2026042105003056,NYADI,13,58,10,402.2,4022.0,2026-04-21,187225757,8026,Thrive Brokerage House Pvt. Ltd,Naasa Securities Co. Ltd.,2026-04-21 11:53:59.857410,Nyadi Hydropower Limited
2026042105003088,NYADI,41,38,30,402.3,12069.0,2026-04-21,187226031,8026,Linch Stock Market Ltd.,Dipshikha Dhitopatra Karobar Co. Pvt Ltd.,2026-04-21 11:54:16.556640,Nyadi Hydropower Limited
2026042105003799,NYADI,57,57,10,402.0,4020.0,2026-04-21,187232552,8026,Aryatara Investment & Securities,Aryatara Investment & Securities,2026-04-21 12:03:25.347196,Nyadi Hydropower Limited
2026042105003827,NYADI,57,52,40,402.0,16080.0,2026-04-21,187232823,8026,Aryatara Investment & Securities,Sundhara Securities Limited,2026-04-21 12:03:52.778905,Nyadi Hydropower Limited
2026042105004123,NYADI,57,49,10,402.0,4020.0,2026-04-21,187235621,8026,Aryatara Investment & Securities,Online Securities Pvt. Ltd.,2026-04-21 12:08:51.915358,Nyadi Hydropower Limited
2026042105004212,NYADI,57,17,10,402.0,4020.0,2026-04-21,187236573,8026,Aryatara Investment & Securities,ABC Securities Private Limited,2026-04-21 12:10:49.935032,Nyadi Hydropower Limited
2026042105004237,NYADI,52,46,10,403.0,4030.0,2026-04-21,187237046,8026,Sundhara Securities Limited,Kalika Securities Pvt. Ltd.,2026-04-21 12:11:33.016064,Nyadi Hydropower Limited
2026042105004325,NYADI,57,52,40,402.0,16080.0,2026-04-21,187237836,8026,Aryatara Investment & Securities,Sundhara Securities Limited,2026-04-21 12:13:08.511130,Nyadi Hydropower Limited
2026042105004326,NYADI,90,52,10,402.0,4020.0,2026-04-21,187237837,8026,Sajilo Broker Limited,Sundhara Securities Limited,2026-04-21 12:13:08.511232,Nyadi Hydropower Limited
2026042105004358,NYADI,90,36,20,402.0,8040.0,2026-04-21,187238228,8026,Sajilo Broker Limited,Secured Securities Ltd.,2026-04-21 12:14:03.990533,Nyadi Hydropower Limited
2026042105004641,NYADI,47,46,30,402.0,12060.0,2026-04-21,187241062,8026,Neev Securities Pvt. Ltd.,Kalika Securities Pvt. Ltd.,2026-04-21 12:20:03.320499,Nyadi Hydropower Limited
2026042105004764,NYADI,13,29,10,401.1,4011.0,2026-04-21,187242199,8026,Thrive Brokerage House Pvt. Ltd,Trisul Securities & Invt. Ltd.,2026-04-21 12:22:12.816407,Nyadi Hydropower Limited
2026042105004778,NYADI,13,67,10,401.1,4011.0,2026-04-21,187242347,8026,Thrive Brokerage House Pvt. Ltd,Property Wiard Limited,2026-04-21 12:22:34.238692,Nyadi Hydropower Limited
2026042105005644,NYADI,13,89,10,401.1,4011.0,2026-04-21,187250425,8026,Thrive Brokerage House Pvt. Ltd,Global IME Securities Limited,2026-04-21 12:36:26.987809,Nyadi Hydropower Limited
2026042105005684,NYADI,13,89,10,401.1,4011.0,2026-04-21,187251093,8026,Thrive Brokerage House Pvt. Ltd,Global IME Securities Limited,2026-04-21 12:37:44.810327,Nyadi Hydropower Limited
2026042105006143,NYADI,13,34,10,401.1,4011.0,2026-04-21,187256081,8026,Thrive Brokerage House Pvt. Ltd,Vision Securities Pvt. Ltd,2026-04-21 12:47:34.056916,Nyadi Hydropower Limited
2026042105006173,NYADI,13,52,40,401.1,16044.0,2026-04-21,187256357,8026,Thrive Brokerage House Pvt. Ltd,Sundhara Securities Limited,2026-04-21 12:48:21.391343,Nyadi Hydropower Limited
2026042105006201,NYADI,4,52,40,401.0,16040.0,2026-04-21,187256603,8026,Opal Securities Investment (PVT) Ltd.,Sundhara Securities Limited,2026-04-21 12:48:53.961632,Nyadi Hydropower Limited
2026042105006594,NYADI,4,58,10,401.0,4010.0,2026-04-21,187260425,8026,Opal Securities Investment (PVT) Ltd.,Naasa Securities Co. Ltd.,2026-04-21 12:55:27.348742,Nyadi Hydropower Limited
2026042105006717,NYADI,47,38,10,402.0,4020.0,2026-04-21,187262093,8026,Neev Securities Pvt. Ltd.,Dipshikha Dhitopatra Karobar Co. Pvt Ltd.,2026-04-21 12:57:41.398604,Nyadi Hydropower Limited
2026042105006718,NYADI,47,58,10,402.0,4020.0,2026-04-21,187262096,8026,Neev Securities Pvt. Ltd.,Naasa Securities Co. Ltd.,2026-04-21 12:57:41.398804,Nyadi Hydropower Limited
2026042105008026,NYADI,74,32,10,402.0,4020.0,2026-04-21,187278607,8026,KALASH STOCK MARKET PVT. LTD.,Premier Securities Company Ltd.,2026-04-21 13:22:36.174543,Nyadi Hydropower Limited
2026042105008027,NYADI,74,7,40,402.0,16080.0,2026-04-21,187278610,8026,KALASH STOCK MARKET PVT. LTD.,J.F. Securites (PVT) Ltd.,2026-04-21 13:22:36.174670,Nyadi Hydropower Limited
2026042105008047,NYADI,6,7,260,402.0,104520.0,2026-04-21,187278807,8026,Agrawal Securities (PVT) Ltd.,J.F. Securites (PVT) Ltd.,2026-04-21 13:23:03.027437,Nyadi Hydropower Limited
2026042105008450,NYADI,6,58,10,402.0,4020.0,2026-04-21,187281861,8026,Agrawal Securities (PVT) Ltd.,Naasa Securities Co. Ltd.,2026-04-21 13:28:09.433755,Nyadi Hydropower Limited
2026042105008701,NYADI,6,44,10,402.0,4020.0,2026-04-21,187284081,8026,Agrawal Securities (PVT) Ltd.,Dynamic Money Managers Securities Pvt. Ltd.,2026-04-21 13:32:40.244128,Nyadi Hydropower Limited
2026042105008831,NYADI,6,51,10,402.0,4020.0,2026-04-21,187285637,8026,Agrawal Securities (PVT) Ltd.,Oxford Securities Pvt. Ltd.,2026-04-21 13:35:27.034802,Nyadi Hydropower Limited
2026042105008971,NYADI,6,57,10,402.0,4020.0,2026-04-21,187287577,8026,Agrawal Securities (PVT) Ltd.,Aryatara Investment & Securities,2026-04-21 13:39:07.753336,Nyadi Hydropower Limited
2026042105009095,NYADI,13,74,180,403.0,72540.0,2026-04-21,187289076,8026,Thrive Brokerage House Pvt. Ltd,KALASH STOCK MARKET PVT. LTD.,2026-04-21 13:41:26.813795,Nyadi Hydropower Limited
2026042105009251,NYADI,13,38,10,402.1,4021.0,2026-04-21,187290397,8026,Thrive Brokerage House Pvt. Ltd,Dipshikha Dhitopatra Karobar Co. Pvt Ltd.,2026-04-21 13:43:51.281521,Nyadi Hydropower Limited
2026042105009287,NYADI,13,29,10,402.1,4021.0,2026-04-21,187290661,8026,Thrive Brokerage House Pvt. Ltd,Trisul Securities & Invt. Ltd.,2026-04-21 13:44:21.671741,Nyadi Hydropower Limited
2026042105009313,NYADI,13,35,10,402.1,4021.0,2026-04-21,187290987,8026,Thrive Brokerage House Pvt. Ltd,Kohinoor Investment & Securities Pvt. Ltd.,2026-04-21 13:45:07.172988,Nyadi Hydropower Limited
2026042105009768,NYADI,13,52,40,402.3,16092.0,2026-04-21,187295055,8026,Thrive Brokerage House Pvt. Ltd,Sundhara Securities Limited,2026-04-21 13:52:48.478361,Nyadi Hydropower Limited
2026042105009889,NYADI,96,39,100,403.8,40380.0,2026-04-21,187296097,8026,Himalayan Securities Limited,Sumeru Securities Pvt. Ltd.,2026-04-21 13:54:42.799867,Nyadi Hydropower Limited
2026042105009890,NYADI,96,36,110,403.9,44429.0,2026-04-21,187296100,8026,Himalayan Securities Limited,Secured Securities Ltd.,2026-04-21 13:54:42.800073,Nyadi Hydropower Limited
2026042105010087,NYADI,68,38,10,404.0,4040.0,2026-04-21,187297448,8026,Elite Stock House Limited,Dipshikha Dhitopatra Karobar Co. Pvt Ltd.,2026-04-21 13:57:11.455359,Nyadi Hydropower Limited
2026042105010356,NYADI,49,51,10,403.0,4030.0,2026-04-21,187300729,8026,Online Securities Pvt. Ltd.,Oxford Securities Pvt. Ltd.,2026-04-21 14:02:13.271812,Nyadi Hydropower Limited
2026042105010388,NYADI,49,4,10,403.0,4030.0,2026-04-21,187301145,8026,Online Securities Pvt. Ltd.,Opal Securities Investment (PVT) Ltd.,2026-04-21 14:02:58.784122,Nyadi Hydropower Limited
2026042105010461,NYADI,96,38,60,404.0,24240.0,2026-04-21,187301875,8026,Himalayan Securities Limited,Dipshikha Dhitopatra Karobar Co. Pvt Ltd.,2026-04-21 14:04:12.152202,Nyadi Hydropower Limited
2026042105010462,NYADI,96,26,10,404.0,4040.0,2026-04-21,187301877,8026,Himalayan Securities Limited,Asian Securities Private Ltd.,2026-04-21 14:04:12.152427,Nyadi Hydropower Limited
2026042105010463,NYADI,96,34,10,404.0,4040.0,2026-04-21,187301879,8026,Himalayan Securities Limited,Vision Securities Pvt. Ltd,2026-04-21 14:04:12.152548,Nyadi Hydropower Limited
2026042105010464,NYADI,96,38,10,404.0,4040.0,2026-04-21,187301881,8026,Himalayan Securities Limited,Dipshikha Dhitopatra Karobar Co. Pvt Ltd.,2026-04-21 14:04:12.152662,Nyadi Hydropower Limited
2026042105010465,NYADI,96,42,40,404.0,16160.0,2026-04-21,187301883,8026,Himalayan Securities Limited,Sani Securities Company Ltd.,2026-04-21 14:04:12.152774,Nyadi Hydropower Limited
2026042105010719,NYADI,96,57,10,404.0,4040.0,2026-04-21,187304671,8026,Himalayan Securities Limited,Aryatara Investment & Securities,2026-04-21 14:08:22.393293,Nyadi Hydropower Limited
2026042105010731,NYADI,96,4,10,404.0,4040.0,2026-04-21,187304843,8026,Himalayan Securities Limited,Opal Securities Investment (PVT) Ltd.,2026-04-21 14:08:41.229901,Nyadi Hydropower Limited
2026042105010772,NYADI,96,3,100,404.0,40400.0,2026-04-21,187305293,8026,Himalayan Securities Limited,Arun Securities (PVT) Ltd.,2026-04-21 14:09:18.984806,Nyadi Hydropower Limited
2026042105010949,NYADI,66,97,3,400.0,1200.0,2026-04-21,187306943,8026,Miyo Securities Pvt Ltd,R.B.B. Securities Company Ltd,2026-04-21 14:12:06.932057,Nyadi Hydropower Limited
2026042105010978,NYADI,49,19,50,403.0,20150.0,2026-04-21,187307229,8026,Online Securities Pvt. Ltd.,Nepal Investment And Securities Trading Private Limited,2026-04-21 14:12:36.881630,Nyadi Hydropower Limited
2026042105011185,NYADI,49,11,30,403.0,12090.0,2026-04-21,187309380,8026,Online Securities Pvt. Ltd.,Malla & Malla Stock Broking Company Pvt. Limited,2026-04-21 14:15:43.396688,Nyadi Hydropower Limited
2026042105011958,NYADI,6,45,25,402.0,10050.0,2026-04-21,187315711,8026,Agrawal Securities (PVT) Ltd.,Imperial Securities Company Pvt. Ltd.,2026-04-21 14:22:56.762836,Nyadi Hydropower Limited
2026042105012050,NYADI,6,11,170,402.0,68340.0,2026-04-21,187316833,8026,Agrawal Securities (PVT) Ltd.,Malla & Malla Stock Broking Company Pvt. Limited,2026-04-21 14:24:15.139578,Nyadi Hydropower Limited
2026042105012051,NYADI,6,58,5,402.0,2010.0,2026-04-21,187316835,8026,Agrawal Securities (PVT) Ltd.,Naasa Securities Co. Ltd.,2026-04-21 14:24:15.139761,Nyadi Hydropower Limited
2026042105012169,NYADI,4,22,20,401.0,8020.0,2026-04-21,187318170,8026,Opal Securities Investment (PVT) Ltd.,Siprabi Securities Pvt. Ltd.,2026-04-21 14:25:12.670779,Nyadi Hydropower Limited
2026042105012170,NYADI,57,22,10,401.0,4010.0,2026-04-21,187318172,8026,Aryatara Investment & Securities,Siprabi Securities Pvt. Ltd.,2026-04-21 14:25:12.670929,Nyadi Hydropower Limited
2026042105012171,NYADI,58,22,30,401.0,12030.0,2026-04-21,187318174,8026,Naasa Securities Co. Ltd.,Siprabi Securities Pvt. Ltd.,2026-04-21 14:25:12.670981,Nyadi Hydropower Limited
2026042105012172,NYADI,49,22,70,401.0,28070.0,2026-04-21,187318176,8026,Online Securities Pvt. Ltd.,Siprabi Securities Pvt. Ltd.,2026-04-21 14:25:12.671044,Nyadi Hydropower Limited
2026042105012173,NYADI,59,22,80,401.0,32080.0,2026-04-21,187318177,8026,Deevyaa Securities & Stock House Pvt. Ltd,Siprabi Securities Pvt. Ltd.,2026-04-21 14:25:12.671090,Nyadi Hydropower Limited
2026042105013098,NYADI,43,52,10,400.7,4007.0,2026-04-21,187326637,8026,South Asian Bulls Pvt. Ltd.,Sundhara Securities Limited,2026-04-21 14:32:55.933463,Nyadi Hydropower Limited
2026042105013159,NYADI,13,41,50,401.0,20050.0,2026-04-21,187327374,8026,Thrive Brokerage House Pvt. Ltd,Linch Stock Market Ltd.,2026-04-21 14:33:41.700743,Nyadi Hydropower Limited
2026042105013184,NYADI,13,41,50,401.0,20050.0,2026-04-21,187327620,8026,Thrive Brokerage House Pvt. Ltd,Linch Stock Market Ltd.,2026-04-21 14:33:59.412920,Nyadi Hydropower Limited
2026042105014388,NYADI,43,38,10,400.7,4007.0,2026-04-21,187337089,8026,South Asian Bulls Pvt. Ltd.,Dipshikha Dhitopatra Karobar Co. Pvt Ltd.,2026-04-21 14:42:24.951789,Nyadi Hydropower Limited
2026042105014736,NYADI,43,47,20,400.7,8014.0,2026-04-21,187339774,8026,South Asian Bulls Pvt. Ltd.,Neev Securities Pvt. Ltd.,2026-04-21 14:44:14.223293,Nyadi Hydropower Limited
2026042105014901,NYADI,63,47,20,400.1,8002.0,2026-04-21,187340670,8026,Himalayan Brokerage Company Limited,Neev Securities Pvt. Ltd.,2026-04-21 14:44:47.389439,Nyadi Hydropower Limited
2026042105014902,NYADI,81,47,23,400.0,9200.0,2026-04-21,187340672,8026,Aakashbhairab Securities Ltd.,Neev Securities Pvt. Ltd.,2026-04-21 14:44:47.389555,Nyadi Hydropower Limited
2026042105014903,NYADI,42,47,937,400.0,374800.0,2026-04-21,187340673,8026,Sani Securities Company Ltd.,Neev Securities Pvt. Ltd.,2026-04-21 14:44:47.389602,Nyadi Hydropower Limited
2026042105015321,NYADI,42,37,40,400.0,16000.0,2026-04-21,187344659,8026,Sani Securities Company Ltd.,Swarna Laxmi Securities Pvt. Ltd.,2026-04-21 14:47:15.828551,Nyadi Hydropower Limited
2026042105015344,NYADI,42,91,10,400.0,4000.0,2026-04-21,187344827,8026,Sani Securities Company Ltd.,Citizens Share Broker Limited,2026-04-21 14:47:23.537912,Nyadi Hydropower Limited
2026042105015609,NYADI,42,37,13,400.0,5200.0,2026-04-21,187346909,8026,Sani Securities Company Ltd.,Swarna Laxmi Securities Pvt. Ltd.,2026-04-21 14:48:45.777777,Nyadi Hydropower Limited
2026042105015610,NYADI,42,37,20,400.0,8000.0,2026-04-21,187346913,8026,Sani Securities Company Ltd.,Swarna Laxmi Securities Pvt. Ltd.,2026-04-21 14:48:45.777915,Nyadi Hydropower Limited
2026042105015648,NYADI,38,37,30,400.0,12000.0,2026-04-21,187347487,8026,Dipshikha Dhitopatra Karobar Co. Pvt Ltd.,Swarna Laxmi Securities Pvt. Ltd.,2026-04-21 14:49:03.271126,Nyadi Hydropower Limited
2026042105015708,NYADI,38,37,40,400.0,16000.0,2026-04-21,187348053,8026,Dipshikha Dhitopatra Karobar Co. Pvt Ltd.,Swarna Laxmi Securities Pvt. Ltd.,2026-04-21 14:49:20.342484,Nyadi Hydropower Limited
2026042105015804,NYADI,38,36,160,400.0,64000.0,2026-04-21,187349090,8026,Dipshikha Dhitopatra Karobar Co. Pvt Ltd.,Secured Securities Ltd.,2026-04-21 14:49:52.101479,Nyadi Hydropower Limited
2026042105015829,NYADI,38,42,70,400.0,28000.0,2026-04-21,187349204,8026,Dipshikha Dhitopatra Karobar Co. Pvt Ltd.,Sani Securities Company Ltd.,2026-04-21 14:49:56.515641,Nyadi Hydropower Limited
2026042105015830,NYADI,57,42,50,400.0,20000.0,2026-04-21,187349206,8026,Aryatara Investment & Securities,Sani Securities Company Ltd.,2026-04-21 14:49:56.515828,Nyadi Hydropower Limited
2026042105015831,NYADI,58,42,180,400.0,72000.0,2026-04-21,187349207,8026,Naasa Securities Co. Ltd.,Sani Securities Company Ltd.,2026-04-21 14:49:56.515945,Nyadi Hydropower Limited
2026042105015880,NYADI,58,6,320,400.0,128000.0,2026-04-21,187349586,8026,Naasa Securities Co. Ltd.,Agrawal Securities (PVT) Ltd.,2026-04-21 14:50:11.477985,Nyadi Hydropower Limited
2026042105015881,NYADI,5,6,30,400.0,12000.0,2026-04-21,187349588,8026,Market Securities & Exchange (PVT) Ltd.,Agrawal Securities (PVT) Ltd.,2026-04-21 14:50:11.478164,Nyadi Hydropower Limited
2026042105015882,NYADI,41,6,50,400.0,20000.0,2026-04-21,187349589,8026,Linch Stock Market Ltd.,Agrawal Securities (PVT) Ltd.,2026-04-21 14:50:11.478285,Nyadi Hydropower Limited
2026042105015948,NYADI,41,22,100,400.0,40000.0,2026-04-21,187350171,8026,Linch Stock Market Ltd.,Siprabi Securities Pvt. Ltd.,2026-04-21 14:50:32.992527,Nyadi Hydropower Limited
2026042105016168,NYADI,41,58,10,400.0,4000.0,2026-04-21,187351955,8026,Linch Stock Market Ltd.,Naasa Securities Co. Ltd.,2026-04-21 14:51:36.924048,Nyadi Hydropower Limited
2026042105016529,NYADI,41,62,40,400.0,16000.0,2026-04-21,187354062,8026,Linch Stock Market Ltd.,Capital Max Securities Ltd,2026-04-21 14:52:55.600936,Nyadi Hydropower Limited
2026042105016530,NYADI,1,62,10,400.0,4000.0,2026-04-21,187354063,8026,Kumari Securities Private Limited,Capital Max Securities Ltd,2026-04-21 14:52:55.601171,Nyadi Hydropower Limited
2026042105016569,NYADI,1,17,10,400.0,4000.0,2026-04-21,187354437,8026,Kumari Securities Private Limited,ABC Securities Private Limited,2026-04-21 14:53:10.123023,Nyadi Hydropower Limited
2026042105016846,NYADI,40,35,10,402.0,4020.0,2026-04-21,187356456,8026,Creative Securities Pvt Ltd,Kohinoor Investment & Securities Pvt. Ltd.,2026-04-21 14:54:24.088813,Nyadi Hydropower Limited
2026042105016900,NYADI,1,52,30,400.0,12000.0,2026-04-21,187356891,8026,Kumari Securities Private Limited,Sundhara Securities Limited,2026-04-21 14:54:42.236581,Nyadi Hydropower Limited
2026042105017070,NYADI,40,58,10,401.0,4010.0,2026-04-21,187358755,8026,Creative Securities Pvt Ltd,Naasa Securities Co. Ltd.,2026-04-21 14:55:40.013754,Nyadi Hydropower Limited
2026042105017108,NYADI,58,38,20,400.0,8000.0,2026-04-21,187358969,8026,Naasa Securities Co. Ltd.,Dipshikha Dhitopatra Karobar Co. Pvt Ltd.,2026-04-21 14:55:46.168511,Nyadi Hydropower Limited
2026042105017109,NYADI,58,38,20,398.1,7962.0,2026-04-21,187358971,8026,Naasa Securities Co. Ltd.,Dipshikha Dhitopatra Karobar Co. Pvt Ltd.,2026-04-21 14:55:46.168687,Nyadi Hydropower Limited
2026042105017504,NYADI,34,38,25,398.0,9950.0,2026-04-21,187361438,8026,Vision Securities Pvt. Ltd,Dipshikha Dhitopatra Karobar Co. Pvt Ltd.,2026-04-21 14:56:50.982992,Nyadi Hydropower Limited
2026042105017510,NYADI,32,38,10,398.0,3980.0,2026-04-21,187361546,8026,Premier Securities Company Ltd.,Dipshikha Dhitopatra Karobar Co. Pvt Ltd.,2026-04-21 14:56:55.574543,Nyadi Hydropower Limited
2026042105017598,NYADI,58,38,25,398.0,9950.0,2026-04-21,187362019,8026,Naasa Securities Co. Ltd.,Dipshikha Dhitopatra Karobar Co. Pvt Ltd.,2026-04-21 14:57:07.964003,Nyadi Hydropower Limited
2026042105017640,NYADI,58,52,10,398.0,3980.0,2026-04-21,187362433,8026,Naasa Securities Co. Ltd.,Sundhara Securities Limited,2026-04-21 14:57:20.255189,Nyadi Hydropower Limited
2026042105018143,NYADI,13,58,10,398.0,3980.0,2026-04-21,187367308,8026,Thrive Brokerage House Pvt. Ltd,Naasa Securities Co. Ltd.,2026-04-21 14:59:12.494624,Nyadi Hydropower Limited
2026042105018310,NYADI,13,11,10,400.0,4000.0,2026-04-21,187369259,8026,Thrive Brokerage House Pvt. Ltd,Malla & Malla Stock Broking Company Pvt. Limited,2026-04-21 14:59:35.703802,Nyadi Hydropower Limited
2026042105018311,NYADI,13,35,40,402.0,16080.0,2026-04-21,187369261,8026,Thrive Brokerage House Pvt. Ltd,Kohinoor Investment & Securities Pvt. Ltd.,2026-04-21 14:59:35.703909,Nyadi Hydropower Limited
2026042105018312,NYADI,13,38,10,403.0,4030.0,2026-04-21,187369263,8026,Thrive Brokerage House Pvt. Ltd,Dipshikha Dhitopatra Karobar Co. Pvt Ltd.,2026-04-21 14:59:35.703954,Nyadi Hydropower Limited
2026042105018450,NYADI,13,58,10,405.0,4050.0,2026-04-21,187370600,8026,Thrive Brokerage House Pvt. Ltd,Naasa Securities Co. Ltd.,2026-04-21 14:59:53.235235,Nyadi Hydropower Limited
