contractId,stockSymbol,buyerMemberId,sellerMemberId,quantity,rate,amount,businessDate,tradeBookId,stockId,buyerBrokerName,sellerBrokerName,transaction_time,securityName
2026042101000484,PRVU,49,38,10,205.0,2050.0,2026-04-21,187181796,255,Online Securities Pvt. Ltd.,Dipshikha Dhitopatra Karobar Co. Pvt Ltd.,2026-04-21 11:01:27.363465,Prabhu  Bank Limited
2026042101001155,PRVU,58,38,11,205.0,2255.0,2026-04-21,187183353,255,Naasa Securities Co. Ltd.,Dipshikha Dhitopatra Karobar Co. Pvt Ltd.,2026-04-21 11:03:21.089652,Prabhu  Bank Limited
2026042101001156,PRVU,58,48,14,205.0,2870.0,2026-04-21,187183356,255,Naasa Securities Co. Ltd.,Trishakti Securities Public Limited,2026-04-21 11:03:21.089857,Prabhu  Bank Limited
2026042101001365,PRVU,57,48,200,205.0,41000.0,2026-04-21,187183852,255,Aryatara Investment & Securities,Trishakti Securities Public Limited,2026-04-21 11:04:00.405745,Prabhu  Bank Limited
2026042101001370,PRVU,43,48,500,205.0,102500.0,2026-04-21,187183862,255,South Asian Bulls Pvt. Ltd.,Trishakti Securities Public Limited,2026-04-21 11:04:00.628034,Prabhu  Bank Limited
2026042101001749,PRVU,49,48,286,205.0,58630.0,2026-04-21,187184801,255,Online Securities Pvt. Ltd.,Trishakti Securities Public Limited,2026-04-21 11:05:04.541816,Prabhu  Bank Limited
2026042101001750,PRVU,49,58,10,205.0,2050.0,2026-04-21,187184803,255,Online Securities Pvt. Ltd.,Naasa Securities Co. Ltd.,2026-04-21 11:05:04.541999,Prabhu  Bank Limited
2026042101002016,PRVU,49,34,96,205.0,19680.0,2026-04-21,187185473,255,Online Securities Pvt. Ltd.,Vision Securities Pvt. Ltd,2026-04-21 11:05:57.031733,Prabhu  Bank Limited
2026042101002147,PRVU,43,34,200,205.0,41000.0,2026-04-21,187185798,255,South Asian Bulls Pvt. Ltd.,Vision Securities Pvt. Ltd,2026-04-21 11:06:22.088077,Prabhu  Bank Limited
2026042101002245,PRVU,38,34,300,205.0,61500.0,2026-04-21,187186054,255,Dipshikha Dhitopatra Karobar Co. Pvt Ltd.,Vision Securities Pvt. Ltd,2026-04-21 11:06:45.126296,Prabhu  Bank Limited
2026042101002383,PRVU,45,34,120,205.0,24600.0,2026-04-21,187186412,255,Imperial Securities Company Pvt. Ltd.,Vision Securities Pvt. Ltd,2026-04-21 11:07:13.967885,Prabhu  Bank Limited
2026042101002479,PRVU,7,34,475,205.0,97375.0,2026-04-21,187186672,255,J.F. Securites (PVT) Ltd.,Vision Securities Pvt. Ltd,2026-04-21 11:07:30.843853,Prabhu  Bank Limited
2026042101002636,PRVU,38,17,200,204.5,40900.0,2026-04-21,187187059,255,Dipshikha Dhitopatra Karobar Co. Pvt Ltd.,ABC Securities Private Limited,2026-04-21 11:07:49.693675,Prabhu  Bank Limited
2026042101002826,PRVU,48,22,10,205.7,2057.0,2026-04-21,187187552,255,Trishakti Securities Public Limited,Siprabi Securities Pvt. Ltd.,2026-04-21 11:08:15.667319,Prabhu  Bank Limited
2026042101002927,PRVU,57,34,2905,205.0,595525.0,2026-04-21,187187873,255,Aryatara Investment & Securities,Vision Securities Pvt. Ltd,2026-04-21 11:08:40.404805,Prabhu  Bank Limited
2026042101002938,PRVU,57,13,95,205.0,19475.0,2026-04-21,187187908,255,Aryatara Investment & Securities,Thrive Brokerage House Pvt. Ltd,2026-04-21 11:08:44.554320,Prabhu  Bank Limited
2026042101003253,PRVU,38,4,300,204.5,61350.0,2026-04-21,187188839,255,Dipshikha Dhitopatra Karobar Co. Pvt Ltd.,Opal Securities Investment (PVT) Ltd.,2026-04-21 11:09:51.781394,Prabhu  Bank Limited
2026042101003594,PRVU,33,84,200,204.2,40840.0,2026-04-21,187189850,255,Dakshinkali Investment & Securities Pvt. Ltd.,MILKY WAY SHARE BROKER COMPANY LTD ,2026-04-21 11:11:07.600519,Prabhu  Bank Limited
2026042101003679,PRVU,42,84,10,204.0,2040.0,2026-04-21,187190170,255,Sani Securities Company Ltd.,MILKY WAY SHARE BROKER COMPANY LTD ,2026-04-21 11:11:27.645238,Prabhu  Bank Limited
2026042101003680,PRVU,57,84,100,204.0,20400.0,2026-04-21,187190172,255,Aryatara Investment & Securities,MILKY WAY SHARE BROKER COMPANY LTD ,2026-04-21 11:11:27.645380,Prabhu  Bank Limited
2026042101003681,PRVU,58,84,13,204.0,2652.0,2026-04-21,187190174,255,Naasa Securities Co. Ltd.,MILKY WAY SHARE BROKER COMPANY LTD ,2026-04-21 11:11:27.645446,Prabhu  Bank Limited
2026042101003682,PRVU,57,84,100,204.0,20400.0,2026-04-21,187190176,255,Aryatara Investment & Securities,MILKY WAY SHARE BROKER COMPANY LTD ,2026-04-21 11:11:27.645501,Prabhu  Bank Limited
2026042101003683,PRVU,58,84,40,204.0,8160.0,2026-04-21,187190178,255,Naasa Securities Co. Ltd.,MILKY WAY SHARE BROKER COMPANY LTD ,2026-04-21 11:11:27.645556,Prabhu  Bank Limited
2026042101003684,PRVU,57,84,99,204.0,20196.0,2026-04-21,187190180,255,Aryatara Investment & Securities,MILKY WAY SHARE BROKER COMPANY LTD ,2026-04-21 11:11:27.645609,Prabhu  Bank Limited
2026042101004119,PRVU,67,84,19,204.0,3876.0,2026-04-21,187191386,255,Property Wiard Limited,MILKY WAY SHARE BROKER COMPANY LTD ,2026-04-21 11:13:02.338380,Prabhu  Bank Limited
2026042101004311,PRVU,21,84,20,204.0,4080.0,2026-04-21,187191888,255,Midas Stock Broking Company Private Limited,MILKY WAY SHARE BROKER COMPANY LTD ,2026-04-21 11:13:35.889514,Prabhu  Bank Limited
2026042101004335,PRVU,38,41,50,203.5,10175.0,2026-04-21,187191946,255,Dipshikha Dhitopatra Karobar Co. Pvt Ltd.,Linch Stock Market Ltd.,2026-04-21 11:13:39.770866,Prabhu  Bank Limited
2026042101004336,PRVU,42,41,10,203.0,2030.0,2026-04-21,187191948,255,Sani Securities Company Ltd.,Linch Stock Market Ltd.,2026-04-21 11:13:39.771141,Prabhu  Bank Limited
2026042101004337,PRVU,57,41,229,203.0,46487.0,2026-04-21,187191949,255,Aryatara Investment & Securities,Linch Stock Market Ltd.,2026-04-21 11:13:39.771317,Prabhu  Bank Limited
2026042101004396,PRVU,57,35,42,203.0,8526.0,2026-04-21,187192139,255,Aryatara Investment & Securities,Kohinoor Investment & Securities Pvt. Ltd.,2026-04-21 11:13:53.323931,Prabhu  Bank Limited
2026042101004421,PRVU,57,84,98,203.0,19894.0,2026-04-21,187192200,255,Aryatara Investment & Securities,MILKY WAY SHARE BROKER COMPANY LTD ,2026-04-21 11:13:59.889595,Prabhu  Bank Limited
2026042101004422,PRVU,57,84,30,203.0,6090.0,2026-04-21,187192202,255,Aryatara Investment & Securities,MILKY WAY SHARE BROKER COMPANY LTD ,2026-04-21 11:13:59.889727,Prabhu  Bank Limited
2026042101004423,PRVU,62,84,200,203.0,40600.0,2026-04-21,187192204,255,Capital Max Securities Ltd,MILKY WAY SHARE BROKER COMPANY LTD ,2026-04-21 11:13:59.889800,Prabhu  Bank Limited
2026042101004778,PRVU,58,58,500,203.0,101500.0,2026-04-21,187193201,255,Naasa Securities Co. Ltd.,Naasa Securities Co. Ltd.,2026-04-21 11:15:13.711206,Prabhu  Bank Limited
2026042101005826,PRVU,19,13,15,205.0,3075.0,2026-04-21,187195976,255,Nepal Investment And Securities Trading Private Limited,Thrive Brokerage House Pvt. Ltd,2026-04-21 11:18:37.484479,Prabhu  Bank Limited
2026042101006878,PRVU,38,13,890,205.0,182450.0,2026-04-21,187198635,255,Dipshikha Dhitopatra Karobar Co. Pvt Ltd.,Thrive Brokerage House Pvt. Ltd,2026-04-21 11:20:37.360652,Prabhu  Bank Limited
2026042101006879,PRVU,38,41,120,205.0,24600.0,2026-04-21,187198637,255,Dipshikha Dhitopatra Karobar Co. Pvt Ltd.,Linch Stock Market Ltd.,2026-04-21 11:20:37.360803,Prabhu  Bank Limited
2026042101006880,PRVU,38,34,125,205.0,25625.0,2026-04-21,187198639,255,Dipshikha Dhitopatra Karobar Co. Pvt Ltd.,Vision Securities Pvt. Ltd,2026-04-21 11:20:37.360880,Prabhu  Bank Limited
2026042101006881,PRVU,38,54,350,205.0,71750.0,2026-04-21,187198641,255,Dipshikha Dhitopatra Karobar Co. Pvt Ltd.,Sewa Securities Pvt. Ltd.,2026-04-21 11:20:37.360958,Prabhu  Bank Limited
2026042101006882,PRVU,38,39,1000,205.0,205000.0,2026-04-21,187198643,255,Dipshikha Dhitopatra Karobar Co. Pvt Ltd.,Sumeru Securities Pvt. Ltd.,2026-04-21 11:20:37.361040,Prabhu  Bank Limited
2026042101006883,PRVU,38,36,1000,205.0,205000.0,2026-04-21,187198645,255,Dipshikha Dhitopatra Karobar Co. Pvt Ltd.,Secured Securities Ltd.,2026-04-21 11:20:37.361118,Prabhu  Bank Limited
2026042101007013,PRVU,38,32,221,205.0,45305.0,2026-04-21,187198994,255,Dipshikha Dhitopatra Karobar Co. Pvt Ltd.,Premier Securities Company Ltd.,2026-04-21 11:21:00.940924,Prabhu  Bank Limited
2026042101008256,PRVU,34,58,60,205.1,12306.0,2026-04-21,187201923,255,Vision Securities Pvt. Ltd,Naasa Securities Co. Ltd.,2026-04-21 11:23:17.822189,Prabhu  Bank Limited
2026042101008290,PRVU,34,36,140,205.1,28714.0,2026-04-21,187202020,255,Vision Securities Pvt. Ltd,Secured Securities Ltd.,2026-04-21 11:23:26.060502,Prabhu  Bank Limited
2026042101008291,PRVU,38,36,404,205.0,82820.0,2026-04-21,187202021,255,Dipshikha Dhitopatra Karobar Co. Pvt Ltd.,Secured Securities Ltd.,2026-04-21 11:23:26.060709,Prabhu  Bank Limited
2026042101008491,PRVU,38,11,463,205.0,94915.0,2026-04-21,187202471,255,Dipshikha Dhitopatra Karobar Co. Pvt Ltd.,Malla & Malla Stock Broking Company Pvt. Limited,2026-04-21 11:23:44.917329,Prabhu  Bank Limited
2026042101009181,PRVU,7,25,100,205.5,20550.0,2026-04-21,187204208,255,J.F. Securites (PVT) Ltd.,Sweta Securities Private Limited,2026-04-21 11:25:29.545913,Prabhu  Bank Limited
2026042101009336,PRVU,47,25,100,205.5,20550.0,2026-04-21,187204660,255,Neev Securities Pvt. Ltd.,Sweta Securities Private Limited,2026-04-21 11:26:00.729326,Prabhu  Bank Limited
2026042101009382,PRVU,49,32,8,205.0,1640.0,2026-04-21,187204781,255,Online Securities Pvt. Ltd.,Premier Securities Company Ltd.,2026-04-21 11:26:08.697747,Prabhu  Bank Limited
2026042101010639,PRVU,38,13,100,205.5,20550.0,2026-04-21,187208452,255,Dipshikha Dhitopatra Karobar Co. Pvt Ltd.,Thrive Brokerage House Pvt. Ltd,2026-04-21 11:31:50.513291,Prabhu  Bank Limited
2026042101010930,PRVU,38,49,32,205.0,6560.0,2026-04-21,187209373,255,Dipshikha Dhitopatra Karobar Co. Pvt Ltd.,Online Securities Pvt. Ltd.,2026-04-21 11:33:02.117900,Prabhu  Bank Limited
2026042101010987,PRVU,38,14,50,205.0,10250.0,2026-04-21,187209537,255,Dipshikha Dhitopatra Karobar Co. Pvt Ltd.,Nepal Stock House (PVT) Ltd.,2026-04-21 11:33:16.295725,Prabhu  Bank Limited
2026042101011152,PRVU,49,26,487,205.3,99981.1,2026-04-21,187210072,255,Online Securities Pvt. Ltd.,Asian Securities Private Ltd.,2026-04-21 11:34:08.255087,Prabhu  Bank Limited
2026042101011179,PRVU,38,58,345,205.0,70725.0,2026-04-21,187210154,255,Dipshikha Dhitopatra Karobar Co. Pvt Ltd.,Naasa Securities Co. Ltd.,2026-04-21 11:34:18.483317,Prabhu  Bank Limited
2026042101011180,PRVU,34,58,98,205.0,20090.0,2026-04-21,187210156,255,Vision Securities Pvt. Ltd,Naasa Securities Co. Ltd.,2026-04-21 11:34:18.483738,Prabhu  Bank Limited
2026042101011181,PRVU,42,58,50,205.0,10250.0,2026-04-21,187210158,255,Sani Securities Company Ltd.,Naasa Securities Co. Ltd.,2026-04-21 11:34:18.484040,Prabhu  Bank Limited
2026042101011351,PRVU,6,58,92,205.0,18860.0,2026-04-21,187210698,255,Agrawal Securities (PVT) Ltd.,Naasa Securities Co. Ltd.,2026-04-21 11:35:09.309901,Prabhu  Bank Limited
2026042101011630,PRVU,25,49,10,204.0,2040.0,2026-04-21,187211392,255,Sweta Securities Private Limited,Online Securities Pvt. Ltd.,2026-04-21 11:35:43.059328,Prabhu  Bank Limited
2026042101011631,PRVU,42,49,200,204.0,40800.0,2026-04-21,187211394,255,Sani Securities Company Ltd.,Online Securities Pvt. Ltd.,2026-04-21 11:35:43.059425,Prabhu  Bank Limited
2026042101011632,PRVU,46,49,98,204.0,19992.0,2026-04-21,187211396,255,Kalika Securities Pvt. Ltd.,Online Securities Pvt. Ltd.,2026-04-21 11:35:43.059504,Prabhu  Bank Limited
2026042101011633,PRVU,49,49,379,203.7,77202.3,2026-04-21,187211397,255,Online Securities Pvt. Ltd.,Online Securities Pvt. Ltd.,2026-04-21 11:35:43.059582,Prabhu  Bank Limited
2026042101012210,PRVU,32,16,500,203.8,101900.0,2026-04-21,187213048,255,Premier Securities Company Ltd.,Primo Securities (PVT) Ltd.,2026-04-21 11:38:22.031316,Prabhu  Bank Limited
2026042101012211,PRVU,49,16,1500,203.7,305550.0,2026-04-21,187213049,255,Online Securities Pvt. Ltd.,Primo Securities (PVT) Ltd.,2026-04-21 11:38:22.031540,Prabhu  Bank Limited
2026042101012247,PRVU,49,16,2000,203.7,407400.0,2026-04-21,187213169,255,Online Securities Pvt. Ltd.,Primo Securities (PVT) Ltd.,2026-04-21 11:38:31.531112,Prabhu  Bank Limited
2026042101012316,PRVU,49,16,1121,203.7,228347.7,2026-04-21,187213402,255,Online Securities Pvt. Ltd.,Primo Securities (PVT) Ltd.,2026-04-21 11:38:53.016258,Prabhu  Bank Limited
2026042101012317,PRVU,51,16,100,203.6,20360.0,2026-04-21,187213404,255,Oxford Securities Pvt. Ltd.,Primo Securities (PVT) Ltd.,2026-04-21 11:38:53.016729,Prabhu  Bank Limited
2026042101012318,PRVU,51,16,100,203.6,20360.0,2026-04-21,187213406,255,Oxford Securities Pvt. Ltd.,Primo Securities (PVT) Ltd.,2026-04-21 11:38:53.017074,Prabhu  Bank Limited
2026042101012319,PRVU,22,16,679,203.6,138244.4,2026-04-21,187213407,255,Siprabi Securities Pvt. Ltd.,Primo Securities (PVT) Ltd.,2026-04-21 11:38:53.017378,Prabhu  Bank Limited
2026042101012346,PRVU,22,16,1321,203.6,268955.6,2026-04-21,187213472,255,Siprabi Securities Pvt. Ltd.,Primo Securities (PVT) Ltd.,2026-04-21 11:39:01.769116,Prabhu  Bank Limited
2026042101012347,PRVU,22,16,679,203.6,138244.4,2026-04-21,187213473,255,Siprabi Securities Pvt. Ltd.,Primo Securities (PVT) Ltd.,2026-04-21 11:39:01.769603,Prabhu  Bank Limited
2026042101012449,PRVU,22,16,1321,203.6,268955.6,2026-04-21,187213748,255,Siprabi Securities Pvt. Ltd.,Primo Securities (PVT) Ltd.,2026-04-21 11:39:17.430289,Prabhu  Bank Limited
2026042101012450,PRVU,22,16,20,203.6,4072.0,2026-04-21,187213750,255,Siprabi Securities Pvt. Ltd.,Primo Securities (PVT) Ltd.,2026-04-21 11:39:17.430514,Prabhu  Bank Limited
2026042101012451,PRVU,22,16,659,203.6,134172.4,2026-04-21,187213751,255,Siprabi Securities Pvt. Ltd.,Primo Securities (PVT) Ltd.,2026-04-21 11:39:17.430622,Prabhu  Bank Limited
2026042101012456,PRVU,7,58,500,205.0,102500.0,2026-04-21,187213768,255,J.F. Securites (PVT) Ltd.,Naasa Securities Co. Ltd.,2026-04-21 11:39:18.623073,Prabhu  Bank Limited
2026042101012753,PRVU,25,49,100,203.9,20390.0,2026-04-21,187214598,255,Sweta Securities Private Limited,Online Securities Pvt. Ltd.,2026-04-21 11:40:41.969973,Prabhu  Bank Limited
2026042101012769,PRVU,48,49,420,203.9,85638.0,2026-04-21,187214665,255,Trishakti Securities Public Limited,Online Securities Pvt. Ltd.,2026-04-21 11:40:48.276922,Prabhu  Bank Limited
2026042101012770,PRVU,48,16,100,204.0,20400.0,2026-04-21,187214668,255,Trishakti Securities Public Limited,Primo Securities (PVT) Ltd.,2026-04-21 11:40:48.277039,Prabhu  Bank Limited
2026042101012935,PRVU,58,16,163,204.0,33252.0,2026-04-21,187215202,255,Naasa Securities Co. Ltd.,Primo Securities (PVT) Ltd.,2026-04-21 11:41:34.964284,Prabhu  Bank Limited
2026042101012942,PRVU,42,16,111,204.0,22644.0,2026-04-21,187215226,255,Sani Securities Company Ltd.,Primo Securities (PVT) Ltd.,2026-04-21 11:41:37.725936,Prabhu  Bank Limited
2026042101012963,PRVU,52,40,50,203.7,10185.0,2026-04-21,187215278,255,Sundhara Securities Limited,Creative Securities Pvt Ltd,2026-04-21 11:41:43.541757,Prabhu  Bank Limited
2026042101012964,PRVU,22,40,95,203.6,19342.0,2026-04-21,187215279,255,Siprabi Securities Pvt. Ltd.,Creative Securities Pvt Ltd,2026-04-21 11:41:43.542007,Prabhu  Bank Limited
2026042101013013,PRVU,22,28,220,203.6,44792.0,2026-04-21,187215389,255,Siprabi Securities Pvt. Ltd.,Shree Krishna Securities Ltd.,2026-04-21 11:41:45.742360,Prabhu  Bank Limited
2026042101013228,PRVU,3,16,40,204.0,8160.0,2026-04-21,187216077,255,Arun Securities (PVT) Ltd.,Primo Securities (PVT) Ltd.,2026-04-21 11:42:34.702577,Prabhu  Bank Limited
2026042101013455,PRVU,34,88,400,203.7,81480.0,2026-04-21,187216646,255,Vision Securities Pvt. Ltd,Blue Chip Securities Ltd,2026-04-21 11:43:05.460910,Prabhu  Bank Limited
2026042101013456,PRVU,22,88,26,203.6,5293.6,2026-04-21,187216648,255,Siprabi Securities Pvt. Ltd.,Blue Chip Securities Ltd,2026-04-21 11:43:05.460978,Prabhu  Bank Limited
2026042101013457,PRVU,26,88,100,203.6,20360.0,2026-04-21,187216650,255,Asian Securities Private Ltd.,Blue Chip Securities Ltd,2026-04-21 11:43:05.461033,Prabhu  Bank Limited
2026042101013458,PRVU,38,88,554,203.5,112739.0,2026-04-21,187216651,255,Dipshikha Dhitopatra Karobar Co. Pvt Ltd.,Blue Chip Securities Ltd,2026-04-21 11:43:05.461069,Prabhu  Bank Limited
2026042101013655,PRVU,38,45,150,203.5,30525.0,2026-04-21,187217165,255,Dipshikha Dhitopatra Karobar Co. Pvt Ltd.,Imperial Securities Company Pvt. Ltd.,2026-04-21 11:43:38.473441,Prabhu  Bank Limited
2026042101013908,PRVU,38,44,4,197.9,791.6,2026-04-21,187217935,255,Dipshikha Dhitopatra Karobar Co. Pvt Ltd.,Dynamic Money Managers Securities Pvt. Ltd.,2026-04-21 11:44:35.931234,Prabhu  Bank Limited
2026042101013942,PRVU,38,7,9,200.0,1800.0,2026-04-21,187218055,255,Dipshikha Dhitopatra Karobar Co. Pvt Ltd.,J.F. Securites (PVT) Ltd.,2026-04-21 11:44:48.547360,Prabhu  Bank Limited
2026042101014082,PRVU,48,16,100,204.0,20400.0,2026-04-21,187218442,255,Trishakti Securities Public Limited,Primo Securities (PVT) Ltd.,2026-04-21 11:45:20.983388,Prabhu  Bank Limited
2026042101014084,PRVU,25,16,200,204.0,40800.0,2026-04-21,187218452,255,Sweta Securities Private Limited,Primo Securities (PVT) Ltd.,2026-04-21 11:45:21.599470,Prabhu  Bank Limited
2026042101014256,PRVU,59,42,10,203.7,2037.0,2026-04-21,187218917,255,Deevyaa Securities & Stock House Pvt. Ltd,Sani Securities Company Ltd.,2026-04-21 11:45:52.409960,Prabhu  Bank Limited
2026042101014353,PRVU,59,58,10,203.7,2037.0,2026-04-21,187219140,255,Deevyaa Securities & Stock House Pvt. Ltd,Naasa Securities Co. Ltd.,2026-04-21 11:46:01.689392,Prabhu  Bank Limited
2026042101014354,PRVU,57,58,500,203.7,101850.0,2026-04-21,187219142,255,Aryatara Investment & Securities,Naasa Securities Co. Ltd.,2026-04-21 11:46:01.689940,Prabhu  Bank Limited
2026042101014355,PRVU,47,58,90,203.7,18333.0,2026-04-21,187219143,255,Neev Securities Pvt. Ltd.,Naasa Securities Co. Ltd.,2026-04-21 11:46:01.690384,Prabhu  Bank Limited
2026042101014391,PRVU,34,16,1286,204.0,262344.0,2026-04-21,187219225,255,Vision Securities Pvt. Ltd,Primo Securities (PVT) Ltd.,2026-04-21 11:46:06.188901,Prabhu  Bank Limited
2026042101014392,PRVU,34,16,714,204.0,145656.0,2026-04-21,187219228,255,Vision Securities Pvt. Ltd,Primo Securities (PVT) Ltd.,2026-04-21 11:46:06.189409,Prabhu  Bank Limited
2026042101014612,PRVU,49,16,1286,204.0,262344.0,2026-04-21,187219891,255,Online Securities Pvt. Ltd.,Primo Securities (PVT) Ltd.,2026-04-21 11:46:50.398517,Prabhu  Bank Limited
2026042101014613,PRVU,49,16,714,204.0,145656.0,2026-04-21,187219894,255,Online Securities Pvt. Ltd.,Primo Securities (PVT) Ltd.,2026-04-21 11:46:50.399100,Prabhu  Bank Limited
2026042101014712,PRVU,14,16,1000,204.0,204000.0,2026-04-21,187220210,255,Nepal Stock House (PVT) Ltd.,Primo Securities (PVT) Ltd.,2026-04-21 11:47:20.580412,Prabhu  Bank Limited
2026042101014763,PRVU,50,47,10,203.8,2038.0,2026-04-21,187220351,255,Cristal Kanchanjanga Securites Pvt. Ltd.,Neev Securities Pvt. Ltd.,2026-04-21 11:47:32.023163,Prabhu  Bank Limited
2026042101015173,PRVU,50,16,286,204.0,58344.0,2026-04-21,187221615,255,Cristal Kanchanjanga Securites Pvt. Ltd.,Primo Securities (PVT) Ltd.,2026-04-21 11:49:01.755764,Prabhu  Bank Limited
2026042101015174,PRVU,50,56,200,204.0,40800.0,2026-04-21,187221617,255,Cristal Kanchanjanga Securites Pvt. Ltd.,Sri Hari Securities Pvt. Ltd.,2026-04-21 11:49:01.756020,Prabhu  Bank Limited
2026042101015175,PRVU,50,13,500,204.0,102000.0,2026-04-21,187221619,255,Cristal Kanchanjanga Securites Pvt. Ltd.,Thrive Brokerage House Pvt. Ltd,2026-04-21 11:49:01.756163,Prabhu  Bank Limited
2026042101015294,PRVU,48,58,10,205.0,2050.0,2026-04-21,187221994,255,Trishakti Securities Public Limited,Naasa Securities Co. Ltd.,2026-04-21 11:49:38.300543,Prabhu  Bank Limited
2026042101015425,PRVU,57,58,45,205.0,9225.0,2026-04-21,187222364,255,Aryatara Investment & Securities,Naasa Securities Co. Ltd.,2026-04-21 11:50:07.657948,Prabhu  Bank Limited
2026042101015514,PRVU,58,44,1,199.0,199.0,2026-04-21,187222607,255,Naasa Securities Co. Ltd.,Dynamic Money Managers Securities Pvt. Ltd.,2026-04-21 11:50:25.625120,Prabhu  Bank Limited
2026042101015554,PRVU,6,58,50,205.0,10250.0,2026-04-21,187222734,255,Agrawal Securities (PVT) Ltd.,Naasa Securities Co. Ltd.,2026-04-21 11:50:36.172408,Prabhu  Bank Limited
2026042101015692,PRVU,50,100,1000,204.0,204000.0,2026-04-21,187223191,255,Cristal Kanchanjanga Securites Pvt. Ltd.,Sunrise Securities Limited,2026-04-21 11:51:13.696952,Prabhu  Bank Limited
2026042101016030,PRVU,50,58,25,204.0,5100.0,2026-04-21,187224231,255,Cristal Kanchanjanga Securites Pvt. Ltd.,Naasa Securities Co. Ltd.,2026-04-21 11:52:23.029669,Prabhu  Bank Limited
2026042101016803,PRVU,14,26,10,204.9,2049.0,2026-04-21,187226746,255,Nepal Stock House (PVT) Ltd.,Asian Securities Private Ltd.,2026-04-21 11:54:59.196644,Prabhu  Bank Limited
2026042101016804,PRVU,57,26,1000,204.1,204100.0,2026-04-21,187226747,255,Aryatara Investment & Securities,Asian Securities Private Ltd.,2026-04-21 11:55:00.398015,Prabhu  Bank Limited
2026042101016849,PRVU,50,26,179,204.9,36677.1,2026-04-21,187226900,255,Cristal Kanchanjanga Securites Pvt. Ltd.,Asian Securities Private Ltd.,2026-04-21 11:55:12.125047,Prabhu  Bank Limited
2026042101016930,PRVU,58,26,324,204.9,66387.6,2026-04-21,187227218,255,Naasa Securities Co. Ltd.,Asian Securities Private Ltd.,2026-04-21 11:55:36.478581,Prabhu  Bank Limited
2026042101017060,PRVU,50,35,11,204.9,2253.9,2026-04-21,187227742,255,Cristal Kanchanjanga Securites Pvt. Ltd.,Kohinoor Investment & Securities Pvt. Ltd.,2026-04-21 11:56:17.315707,Prabhu  Bank Limited
2026042101017258,PRVU,34,57,50,204.0,10200.0,2026-04-21,187228540,255,Vision Securities Pvt. Ltd,Aryatara Investment & Securities,2026-04-21 11:57:20.764666,Prabhu  Bank Limited
2026042101017259,PRVU,48,57,100,204.0,20400.0,2026-04-21,187228542,255,Trishakti Securities Public Limited,Aryatara Investment & Securities,2026-04-21 11:57:20.765343,Prabhu  Bank Limited
2026042101017260,PRVU,21,57,291,204.0,59364.0,2026-04-21,187228544,255,Midas Stock Broking Company Private Limited,Aryatara Investment & Securities,2026-04-21 11:57:20.765806,Prabhu  Bank Limited
2026042101017261,PRVU,14,57,49,204.0,9996.0,2026-04-21,187228546,255,Nepal Stock House (PVT) Ltd.,Aryatara Investment & Securities,2026-04-21 11:57:20.766278,Prabhu  Bank Limited
2026042101017262,PRVU,58,57,25,204.0,5100.0,2026-04-21,187228548,255,Naasa Securities Co. Ltd.,Aryatara Investment & Securities,2026-04-21 11:57:20.766748,Prabhu  Bank Limited
2026042101017263,PRVU,45,57,50,204.0,10200.0,2026-04-21,187228550,255,Imperial Securities Company Pvt. Ltd.,Aryatara Investment & Securities,2026-04-21 11:57:20.767338,Prabhu  Bank Limited
2026042101017405,PRVU,58,57,388,204.0,79152.0,2026-04-21,187229036,255,Naasa Securities Co. Ltd.,Aryatara Investment & Securities,2026-04-21 11:58:07.505379,Prabhu  Bank Limited
2026042101017753,PRVU,42,35,10,203.8,2038.0,2026-04-21,187230413,255,Sani Securities Company Ltd.,Kohinoor Investment & Securities Pvt. Ltd.,2026-04-21 12:00:08.896609,Prabhu  Bank Limited
2026042101017831,PRVU,50,35,18,204.9,3688.2,2026-04-21,187230777,255,Cristal Kanchanjanga Securites Pvt. Ltd.,Kohinoor Investment & Securities Pvt. Ltd.,2026-04-21 12:00:41.505150,Prabhu  Bank Limited
2026042101018017,PRVU,50,26,12,204.9,2458.8,2026-04-21,187231448,255,Cristal Kanchanjanga Securites Pvt. Ltd.,Asian Securities Private Ltd.,2026-04-21 12:01:47.637093,Prabhu  Bank Limited
2026042101018541,PRVU,25,26,10,204.9,2049.0,2026-04-21,187233286,255,Sweta Securities Private Limited,Asian Securities Private Ltd.,2026-04-21 12:04:46.539715,Prabhu  Bank Limited
2026042101018929,PRVU,62,17,32,204.0,6528.0,2026-04-21,187234648,255,Capital Max Securities Ltd,ABC Securities Private Limited,2026-04-21 12:06:43.480390,Prabhu  Bank Limited
2026042101018977,PRVU,50,49,10,204.8,2048.0,2026-04-21,187234836,255,Cristal Kanchanjanga Securites Pvt. Ltd.,Online Securities Pvt. Ltd.,2026-04-21 12:07:08.231889,Prabhu  Bank Limited
2026042101019115,PRVU,50,49,10,204.8,2048.0,2026-04-21,187235396,255,Cristal Kanchanjanga Securites Pvt. Ltd.,Online Securities Pvt. Ltd.,2026-04-21 12:08:20.470907,Prabhu  Bank Limited
2026042101019206,PRVU,70,49,50,204.0,10200.0,2026-04-21,187235696,255,Infinity Securities Limited,Online Securities Pvt. Ltd.,2026-04-21 12:09:03.869211,Prabhu  Bank Limited
2026042101019207,PRVU,51,49,100,204.0,20400.0,2026-04-21,187235698,255,Oxford Securities Pvt. Ltd.,Online Securities Pvt. Ltd.,2026-04-21 12:09:03.869569,Prabhu  Bank Limited
2026042101019208,PRVU,42,49,15,204.0,3060.0,2026-04-21,187235700,255,Sani Securities Company Ltd.,Online Securities Pvt. Ltd.,2026-04-21 12:09:03.869747,Prabhu  Bank Limited
2026042101019209,PRVU,58,49,10,204.0,2040.0,2026-04-21,187235702,255,Naasa Securities Co. Ltd.,Online Securities Pvt. Ltd.,2026-04-21 12:09:03.869921,Prabhu  Bank Limited
2026042101019210,PRVU,1,49,50,204.0,10200.0,2026-04-21,187235704,255,Kumari Securities Private Limited,Online Securities Pvt. Ltd.,2026-04-21 12:09:03.870104,Prabhu  Bank Limited
2026042101019263,PRVU,50,49,10,204.0,2040.0,2026-04-21,187235862,255,Cristal Kanchanjanga Securites Pvt. Ltd.,Online Securities Pvt. Ltd.,2026-04-21 12:09:23.900960,Prabhu  Bank Limited
2026042101019306,PRVU,48,49,245,204.0,49980.0,2026-04-21,187236000,255,Trishakti Securities Public Limited,Online Securities Pvt. Ltd.,2026-04-21 12:09:42.607268,Prabhu  Bank Limited
2026042101019600,PRVU,71,48,38,204.0,7752.0,2026-04-21,187236859,255,SHUBHAKAMANA SECURITIES PVT. LTD,Trishakti Securities Public Limited,2026-04-21 12:11:07.938731,Prabhu  Bank Limited
2026042101019969,PRVU,71,34,12,204.0,2448.0,2026-04-21,187238104,255,SHUBHAKAMANA SECURITIES PVT. LTD,Vision Securities Pvt. Ltd,2026-04-21 12:13:50.097382,Prabhu  Bank Limited
2026042101019970,PRVU,42,34,50,204.0,10200.0,2026-04-21,187238106,255,Sani Securities Company Ltd.,Vision Securities Pvt. Ltd,2026-04-21 12:13:50.098121,Prabhu  Bank Limited
2026042101019971,PRVU,21,34,20,204.0,4080.0,2026-04-21,187238108,255,Midas Stock Broking Company Private Limited,Vision Securities Pvt. Ltd,2026-04-21 12:13:50.098661,Prabhu  Bank Limited
2026042101019972,PRVU,49,34,1000,203.9,203900.0,2026-04-21,187238110,255,Online Securities Pvt. Ltd.,Vision Securities Pvt. Ltd,2026-04-21 12:13:50.099213,Prabhu  Bank Limited
2026042101019973,PRVU,42,34,43,203.8,8763.4,2026-04-21,187238112,255,Sani Securities Company Ltd.,Vision Securities Pvt. Ltd,2026-04-21 12:13:50.099749,Prabhu  Bank Limited
2026042101019974,PRVU,42,34,375,203.8,76425.0,2026-04-21,187238113,255,Sani Securities Company Ltd.,Vision Securities Pvt. Ltd,2026-04-21 12:13:50.100299,Prabhu  Bank Limited
2026042101020086,PRVU,34,58,10,204.0,2040.0,2026-04-21,187238493,255,Vision Securities Pvt. Ltd,Naasa Securities Co. Ltd.,2026-04-21 12:14:50.860486,Prabhu  Bank Limited
2026042101020190,PRVU,14,34,200,204.5,40900.0,2026-04-21,187238858,255,Nepal Stock House (PVT) Ltd.,Vision Securities Pvt. Ltd,2026-04-21 12:15:38.086896,Prabhu  Bank Limited
2026042101020194,PRVU,48,57,500,204.8,102400.0,2026-04-21,187238889,255,Trishakti Securities Public Limited,Aryatara Investment & Securities,2026-04-21 12:15:39.691140,Prabhu  Bank Limited
2026042101020195,PRVU,48,26,478,204.9,97942.2,2026-04-21,187238891,255,Trishakti Securities Public Limited,Asian Securities Private Ltd.,2026-04-21 12:15:39.691239,Prabhu  Bank Limited
2026042101020196,PRVU,48,58,200,205.0,41000.0,2026-04-21,187238894,255,Trishakti Securities Public Limited,Naasa Securities Co. Ltd.,2026-04-21 12:15:39.691317,Prabhu  Bank Limited
2026042101020568,PRVU,34,22,10,204.0,2040.0,2026-04-21,187240236,255,Vision Securities Pvt. Ltd,Siprabi Securities Pvt. Ltd.,2026-04-21 12:18:31.812376,Prabhu  Bank Limited
2026042101021200,PRVU,38,74,390,204.2,79638.0,2026-04-21,187242578,255,Dipshikha Dhitopatra Karobar Co. Pvt Ltd.,KALASH STOCK MARKET PVT. LTD.,2026-04-21 12:22:58.639931,Prabhu  Bank Limited
2026042101021201,PRVU,58,74,200,204.0,40800.0,2026-04-21,187242580,255,Naasa Securities Co. Ltd.,KALASH STOCK MARKET PVT. LTD.,2026-04-21 12:22:58.640071,Prabhu  Bank Limited
2026042101021202,PRVU,58,74,11,204.0,2244.0,2026-04-21,187242582,255,Naasa Securities Co. Ltd.,KALASH STOCK MARKET PVT. LTD.,2026-04-21 12:22:58.640142,Prabhu  Bank Limited
2026042101021203,PRVU,49,74,1000,204.0,204000.0,2026-04-21,187242584,255,Online Securities Pvt. Ltd.,KALASH STOCK MARKET PVT. LTD.,2026-04-21 12:22:58.640212,Prabhu  Bank Limited
2026042101021204,PRVU,42,74,399,204.0,81396.0,2026-04-21,187242585,255,Sani Securities Company Ltd.,KALASH STOCK MARKET PVT. LTD.,2026-04-21 12:22:58.640280,Prabhu  Bank Limited
2026042101021290,PRVU,42,35,32,204.0,6528.0,2026-04-21,187242893,255,Sani Securities Company Ltd.,Kohinoor Investment & Securities Pvt. Ltd.,2026-04-21 12:23:38.329451,Prabhu  Bank Limited
2026042101021538,PRVU,42,16,169,204.0,34476.0,2026-04-21,187243942,255,Sani Securities Company Ltd.,Primo Securities (PVT) Ltd.,2026-04-21 12:25:46.896392,Prabhu  Bank Limited
2026042101021539,PRVU,22,16,10,204.0,2040.0,2026-04-21,187243944,255,Siprabi Securities Pvt. Ltd.,Primo Securities (PVT) Ltd.,2026-04-21 12:25:46.897262,Prabhu  Bank Limited
2026042101021540,PRVU,1,16,1000,204.0,204000.0,2026-04-21,187243946,255,Kumari Securities Private Limited,Primo Securities (PVT) Ltd.,2026-04-21 12:25:46.897849,Prabhu  Bank Limited
2026042101021576,PRVU,42,29,47,203.8,9578.6,2026-04-21,187244117,255,Sani Securities Company Ltd.,Trisul Securities & Invt. Ltd.,2026-04-21 12:26:07.945518,Prabhu  Bank Limited
2026042101021844,PRVU,58,16,15,204.0,3060.0,2026-04-21,187244976,255,Naasa Securities Co. Ltd.,Primo Securities (PVT) Ltd.,2026-04-21 12:28:04.517208,Prabhu  Bank Limited
2026042101022149,PRVU,42,39,100,203.8,20380.0,2026-04-21,187246107,255,Sani Securities Company Ltd.,Sumeru Securities Pvt. Ltd.,2026-04-21 12:29:38.107283,Prabhu  Bank Limited
2026042101022172,PRVU,42,43,12,203.8,2445.6,2026-04-21,187246189,255,Sani Securities Company Ltd.,South Asian Bulls Pvt. Ltd.,2026-04-21 12:29:52.528962,Prabhu  Bank Limited
2026042101022188,PRVU,50,16,500,204.0,102000.0,2026-04-21,187246246,255,Cristal Kanchanjanga Securites Pvt. Ltd.,Primo Securities (PVT) Ltd.,2026-04-21 12:30:04.432369,Prabhu  Bank Limited
2026042101022781,PRVU,42,14,106,203.8,21602.8,2026-04-21,187248433,255,Sani Securities Company Ltd.,Nepal Stock House (PVT) Ltd.,2026-04-21 12:33:12.488815,Prabhu  Bank Limited
2026042101023170,PRVU,42,45,39,203.8,7948.2,2026-04-21,187250007,255,Sani Securities Company Ltd.,Imperial Securities Company Pvt. Ltd.,2026-04-21 12:35:32.866665,Prabhu  Bank Limited
2026042101023457,PRVU,65,58,255,203.9,51994.5,2026-04-21,187250941,255,Sharepro Securities Private Limited,Naasa Securities Co. Ltd.,2026-04-21 12:37:29.249583,Prabhu  Bank Limited
2026042101023487,PRVU,65,43,10,203.9,2039.0,2026-04-21,187251015,255,Sharepro Securities Private Limited,South Asian Bulls Pvt. Ltd.,2026-04-21 12:37:39.590977,Prabhu  Bank Limited
2026042101023771,PRVU,65,45,235,203.9,47916.5,2026-04-21,187251996,255,Sharepro Securities Private Limited,Imperial Securities Company Pvt. Ltd.,2026-04-21 12:39:34.939568,Prabhu  Bank Limited
2026042101023772,PRVU,49,45,135,203.9,27526.5,2026-04-21,187251998,255,Online Securities Pvt. Ltd.,Imperial Securities Company Pvt. Ltd.,2026-04-21 12:39:34.940006,Prabhu  Bank Limited
2026042101023773,PRVU,77,45,10,203.9,2039.0,2026-04-21,187252000,255,Nabil Stock Dealer Ltd.,Imperial Securities Company Pvt. Ltd.,2026-04-21 12:39:34.940207,Prabhu  Bank Limited
2026042101023774,PRVU,42,45,120,203.8,24456.0,2026-04-21,187252001,255,Sani Securities Company Ltd.,Imperial Securities Company Pvt. Ltd.,2026-04-21 12:39:34.940408,Prabhu  Bank Limited
2026042101023803,PRVU,63,16,125,204.0,25500.0,2026-04-21,187252098,255,Himalayan Brokerage Company Limited,Primo Securities (PVT) Ltd.,2026-04-21 12:39:45.678232,Prabhu  Bank Limited
2026042101024054,PRVU,49,16,112,204.0,22848.0,2026-04-21,187253052,255,Online Securities Pvt. Ltd.,Primo Securities (PVT) Ltd.,2026-04-21 12:41:34.499435,Prabhu  Bank Limited
2026042101024280,PRVU,58,16,30,204.0,6120.0,2026-04-21,187253812,255,Naasa Securities Co. Ltd.,Primo Securities (PVT) Ltd.,2026-04-21 12:43:00.272149,Prabhu  Bank Limited
2026042101024488,PRVU,38,16,10,204.0,2040.0,2026-04-21,187254590,255,Dipshikha Dhitopatra Karobar Co. Pvt Ltd.,Primo Securities (PVT) Ltd.,2026-04-21 12:44:45.640838,Prabhu  Bank Limited
2026042101024527,PRVU,42,16,29,204.0,5916.0,2026-04-21,187254699,255,Sani Securities Company Ltd.,Primo Securities (PVT) Ltd.,2026-04-21 12:45:02.140521,Prabhu  Bank Limited
2026042101024528,PRVU,42,16,321,204.0,65484.0,2026-04-21,187254702,255,Sani Securities Company Ltd.,Primo Securities (PVT) Ltd.,2026-04-21 12:45:02.141339,Prabhu  Bank Limited
2026042101024530,PRVU,1,16,100,204.0,20400.0,2026-04-21,187254708,255,Kumari Securities Private Limited,Primo Securities (PVT) Ltd.,2026-04-21 12:45:02.839811,Prabhu  Bank Limited
2026042101024592,PRVU,38,16,10,204.0,2040.0,2026-04-21,187254884,255,Dipshikha Dhitopatra Karobar Co. Pvt Ltd.,Primo Securities (PVT) Ltd.,2026-04-21 12:45:27.357473,Prabhu  Bank Limited
2026042101024642,PRVU,22,16,200,204.0,40800.0,2026-04-21,187255014,255,Siprabi Securities Pvt. Ltd.,Primo Securities (PVT) Ltd.,2026-04-21 12:45:45.885903,Prabhu  Bank Limited
2026042101024991,PRVU,7,16,300,204.0,61200.0,2026-04-21,187256104,255,J.F. Securites (PVT) Ltd.,Primo Securities (PVT) Ltd.,2026-04-21 12:47:38.320321,Prabhu  Bank Limited
2026042101025022,PRVU,34,16,50,204.0,10200.0,2026-04-21,187256194,255,Vision Securities Pvt. Ltd,Primo Securities (PVT) Ltd.,2026-04-21 12:47:58.944476,Prabhu  Bank Limited
2026042101025061,PRVU,21,16,30,204.0,6120.0,2026-04-21,187256362,255,Midas Stock Broking Company Private Limited,Primo Securities (PVT) Ltd.,2026-04-21 12:48:21.963843,Prabhu  Bank Limited
2026042101025063,PRVU,49,44,429,203.9,87473.1,2026-04-21,187256365,255,Online Securities Pvt. Ltd.,Dynamic Money Managers Securities Pvt. Ltd.,2026-04-21 12:48:22.736528,Prabhu  Bank Limited
2026042101025615,PRVU,42,16,249,204.0,50796.0,2026-04-21,187258400,255,Sani Securities Company Ltd.,Primo Securities (PVT) Ltd.,2026-04-21 12:52:09.417317,Prabhu  Bank Limited
2026042101025983,PRVU,36,16,740,204.0,150960.0,2026-04-21,187259933,255,Secured Securities Ltd.,Primo Securities (PVT) Ltd.,2026-04-21 12:54:39.769343,Prabhu  Bank Limited
2026042101025984,PRVU,36,16,237,204.0,48348.0,2026-04-21,187259936,255,Secured Securities Ltd.,Primo Securities (PVT) Ltd.,2026-04-21 12:54:39.770282,Prabhu  Bank Limited
2026042101026019,PRVU,38,16,140,204.0,28560.0,2026-04-21,187260078,255,Dipshikha Dhitopatra Karobar Co. Pvt Ltd.,Primo Securities (PVT) Ltd.,2026-04-21 12:54:58.264661,Prabhu  Bank Limited
2026042101027133,PRVU,58,57,1,205.0,205.0,2026-04-21,187264057,255,Naasa Securities Co. Ltd.,Aryatara Investment & Securities,2026-04-21 13:01:59.811097,Prabhu  Bank Limited
2026042101027423,PRVU,50,16,447,204.0,91188.0,2026-04-21,187264975,255,Cristal Kanchanjanga Securites Pvt. Ltd.,Primo Securities (PVT) Ltd.,2026-04-21 13:03:44.029489,Prabhu  Bank Limited
2026042101027424,PRVU,50,6,16,204.0,3264.0,2026-04-21,187264977,255,Cristal Kanchanjanga Securites Pvt. Ltd.,Agrawal Securities (PVT) Ltd.,2026-04-21 13:03:44.030373,Prabhu  Bank Limited
2026042101027425,PRVU,50,7,25,204.0,5100.0,2026-04-21,187264979,255,Cristal Kanchanjanga Securites Pvt. Ltd.,J.F. Securites (PVT) Ltd.,2026-04-21 13:03:44.031015,Prabhu  Bank Limited
2026042101027426,PRVU,50,32,238,204.0,48552.0,2026-04-21,187264982,255,Cristal Kanchanjanga Securites Pvt. Ltd.,Premier Securities Company Ltd.,2026-04-21 13:03:44.031657,Prabhu  Bank Limited
2026042101027427,PRVU,50,56,74,204.0,15096.0,2026-04-21,187264988,255,Cristal Kanchanjanga Securites Pvt. Ltd.,Sri Hari Securities Pvt. Ltd.,2026-04-21 13:03:44.032299,Prabhu  Bank Limited
2026042101027444,PRVU,47,56,100,204.0,20400.0,2026-04-21,187265048,255,Neev Securities Pvt. Ltd.,Sri Hari Securities Pvt. Ltd.,2026-04-21 13:03:50.227165,Prabhu  Bank Limited
2026042101027530,PRVU,50,56,76,204.0,15504.0,2026-04-21,187265363,255,Cristal Kanchanjanga Securites Pvt. Ltd.,Sri Hari Securities Pvt. Ltd.,2026-04-21 13:04:23.572147,Prabhu  Bank Limited
2026042101027531,PRVU,50,38,10,204.5,2045.0,2026-04-21,187265365,255,Cristal Kanchanjanga Securites Pvt. Ltd.,Dipshikha Dhitopatra Karobar Co. Pvt Ltd.,2026-04-21 13:04:23.573005,Prabhu  Bank Limited
2026042101027532,PRVU,50,26,14,204.9,2868.6,2026-04-21,187265368,255,Cristal Kanchanjanga Securites Pvt. Ltd.,Asian Securities Private Ltd.,2026-04-21 13:04:23.573689,Prabhu  Bank Limited
2026042101027754,PRVU,50,51,15,204.8,3072.0,2026-04-21,187266242,255,Cristal Kanchanjanga Securites Pvt. Ltd.,Oxford Securities Pvt. Ltd.,2026-04-21 13:05:53.022078,Prabhu  Bank Limited
2026042101029691,PRVU,58,44,12,204.7,2456.4,2026-04-21,187271120,255,Naasa Securities Co. Ltd.,Dynamic Money Managers Securities Pvt. Ltd.,2026-04-21 13:10:34.653851,Prabhu  Bank Limited
2026042101030248,PRVU,48,44,988,204.7,202243.6,2026-04-21,187272565,255,Trishakti Securities Public Limited,Dynamic Money Managers Securities Pvt. Ltd.,2026-04-21 13:11:41.207073,Prabhu  Bank Limited
2026042101030249,PRVU,48,51,12,204.8,2457.6,2026-04-21,187272568,255,Trishakti Securities Public Limited,Oxford Securities Pvt. Ltd.,2026-04-21 13:11:41.207120,Prabhu  Bank Limited
2026042101030413,PRVU,7,51,20,204.8,4096.0,2026-04-21,187273264,255,J.F. Securites (PVT) Ltd.,Oxford Securities Pvt. Ltd.,2026-04-21 13:12:53.419545,Prabhu  Bank Limited
2026042101030652,PRVU,11,13,139,204.0,28356.0,2026-04-21,187274015,255,Malla & Malla Stock Broking Company Pvt. Limited,Thrive Brokerage House Pvt. Ltd,2026-04-21 13:14:09.783446,Prabhu  Bank Limited
2026042101030716,PRVU,58,51,60,204.8,12288.0,2026-04-21,187274199,255,Naasa Securities Co. Ltd.,Oxford Securities Pvt. Ltd.,2026-04-21 13:14:34.854476,Prabhu  Bank Limited
2026042101030777,PRVU,11,58,61,204.0,12444.0,2026-04-21,187274398,255,Malla & Malla Stock Broking Company Pvt. Limited,Naasa Securities Co. Ltd.,2026-04-21 13:14:54.776840,Prabhu  Bank Limited
2026042101030778,PRVU,58,58,32,204.0,6528.0,2026-04-21,187274399,255,Naasa Securities Co. Ltd.,Naasa Securities Co. Ltd.,2026-04-21 13:14:54.777762,Prabhu  Bank Limited
2026042101030857,PRVU,36,32,31,204.1,6327.1,2026-04-21,187274656,255,Secured Securities Ltd.,Premier Securities Company Ltd.,2026-04-21 13:15:19.180743,Prabhu  Bank Limited
2026042101030858,PRVU,58,32,58,204.0,11832.0,2026-04-21,187274658,255,Naasa Securities Co. Ltd.,Premier Securities Company Ltd.,2026-04-21 13:15:19.181198,Prabhu  Bank Limited
2026042101030859,PRVU,1,32,10,204.0,2040.0,2026-04-21,187274660,255,Kumari Securities Private Limited,Premier Securities Company Ltd.,2026-04-21 13:15:19.181449,Prabhu  Bank Limited
2026042101030860,PRVU,41,32,40,204.0,8160.0,2026-04-21,187274661,255,Linch Stock Market Ltd.,Premier Securities Company Ltd.,2026-04-21 13:15:19.181702,Prabhu  Bank Limited
2026042101030939,PRVU,41,41,71,204.0,14484.0,2026-04-21,187274905,255,Linch Stock Market Ltd.,Linch Stock Market Ltd.,2026-04-21 13:15:47.645723,Prabhu  Bank Limited
2026042101031010,PRVU,48,51,10,204.8,2048.0,2026-04-21,187275150,255,Trishakti Securities Public Limited,Oxford Securities Pvt. Ltd.,2026-04-21 13:16:08.245191,Prabhu  Bank Limited
2026042101031513,PRVU,56,51,50,204.8,10240.0,2026-04-21,187276798,255,Sri Hari Securities Pvt. Ltd.,Oxford Securities Pvt. Ltd.,2026-04-21 13:19:29.709333,Prabhu  Bank Limited
2026042101031521,PRVU,42,51,580,204.8,118784.0,2026-04-21,187276814,255,Sani Securities Company Ltd.,Oxford Securities Pvt. Ltd.,2026-04-21 13:19:31.742823,Prabhu  Bank Limited
2026042101031853,PRVU,21,22,500,204.5,102250.0,2026-04-21,187277906,255,Midas Stock Broking Company Private Limited,Siprabi Securities Pvt. Ltd.,2026-04-21 13:21:12.337679,Prabhu  Bank Limited
2026042101031854,PRVU,41,22,60,204.0,12240.0,2026-04-21,187277907,255,Linch Stock Market Ltd.,Siprabi Securities Pvt. Ltd.,2026-04-21 13:21:12.338131,Prabhu  Bank Limited
2026042101032722,PRVU,45,32,3,201.0,603.0,2026-04-21,187281495,255,Imperial Securities Company Pvt. Ltd.,Premier Securities Company Ltd.,2026-04-21 13:27:39.013315,Prabhu  Bank Limited
2026042101032736,PRVU,5,51,20,204.8,4096.0,2026-04-21,187281556,255,Market Securities & Exchange (PVT) Ltd.,Oxford Securities Pvt. Ltd.,2026-04-21 13:27:45.667110,Prabhu  Bank Limited
2026042101032900,PRVU,33,51,300,204.1,61230.0,2026-04-21,187282334,255,Dakshinkali Investment & Securities Pvt. Ltd.,Oxford Securities Pvt. Ltd.,2026-04-21 13:29:03.793547,Prabhu  Bank Limited
2026042101032901,PRVU,41,51,194,204.0,39576.0,2026-04-21,187282336,255,Linch Stock Market Ltd.,Oxford Securities Pvt. Ltd.,2026-04-21 13:29:03.793981,Prabhu  Bank Limited
2026042101032902,PRVU,51,51,739,204.0,150756.0,2026-04-21,187282337,255,Oxford Securities Pvt. Ltd.,Oxford Securities Pvt. Ltd.,2026-04-21 13:29:03.794224,Prabhu  Bank Limited
2026042101032987,PRVU,52,39,10,204.6,2046.0,2026-04-21,187282620,255,Sundhara Securities Limited,Sumeru Securities Pvt. Ltd.,2026-04-21 13:29:39.758756,Prabhu  Bank Limited
2026042101033130,PRVU,51,21,10,204.0,2040.0,2026-04-21,187283217,255,Oxford Securities Pvt. Ltd.,Midas Stock Broking Company Private Limited,2026-04-21 13:30:49.828283,Prabhu  Bank Limited
2026042101033332,PRVU,51,44,251,204.0,51204.0,2026-04-21,187284014,255,Oxford Securities Pvt. Ltd.,Dynamic Money Managers Securities Pvt. Ltd.,2026-04-21 13:32:29.115357,Prabhu  Bank Limited
2026042101033333,PRVU,58,44,150,204.0,30600.0,2026-04-21,187284016,255,Naasa Securities Co. Ltd.,Dynamic Money Managers Securities Pvt. Ltd.,2026-04-21 13:32:29.115798,Prabhu  Bank Limited
2026042101033334,PRVU,49,44,21,203.9,4281.9,2026-04-21,187284017,255,Online Securities Pvt. Ltd.,Dynamic Money Managers Securities Pvt. Ltd.,2026-04-21 13:32:29.116045,Prabhu  Bank Limited
2026042101033560,PRVU,49,39,490,203.9,99911.0,2026-04-21,187284753,255,Online Securities Pvt. Ltd.,Sumeru Securities Pvt. Ltd.,2026-04-21 13:33:49.692468,Prabhu  Bank Limited
2026042101034196,PRVU,58,92,30,204.6,6138.0,2026-04-21,187287046,255,Naasa Securities Co. Ltd.,Roadshow securities limited,2026-04-21 13:38:07.986086,Prabhu  Bank Limited
2026042101034588,PRVU,58,92,633,204.6,129511.8,2026-04-21,187288556,255,Naasa Securities Co. Ltd.,Roadshow securities limited,2026-04-21 13:40:43.312574,Prabhu  Bank Limited
2026042101034757,PRVU,45,22,110,204.8,22528.0,2026-04-21,187289348,255,Imperial Securities Company Pvt. Ltd.,Siprabi Securities Pvt. Ltd.,2026-04-21 13:41:49.104735,Prabhu  Bank Limited
2026042101034844,PRVU,11,49,10,204.6,2046.0,2026-04-21,187289635,255,Malla & Malla Stock Broking Company Pvt. Limited,Online Securities Pvt. Ltd.,2026-04-21 13:42:16.319904,Prabhu  Bank Limited
2026042101034930,PRVU,51,44,21,204.7,4298.7,2026-04-21,187290029,255,Oxford Securities Pvt. Ltd.,Dynamic Money Managers Securities Pvt. Ltd.,2026-04-21 13:43:09.891816,Prabhu  Bank Limited
2026042101035071,PRVU,51,22,24,204.7,4912.8,2026-04-21,187290593,255,Oxford Securities Pvt. Ltd.,Siprabi Securities Pvt. Ltd.,2026-04-21 13:44:10.891243,Prabhu  Bank Limited
2026042101035083,PRVU,10,22,50,204.8,10240.0,2026-04-21,187290650,255,Pragyan Securities (PVT) Ltd.,Siprabi Securities Pvt. Ltd.,2026-04-21 13:44:19.658806,Prabhu  Bank Limited
2026042101035088,PRVU,51,62,44,204.7,9006.8,2026-04-21,187290667,255,Oxford Securities Pvt. Ltd.,Capital Max Securities Ltd,2026-04-21 13:44:23.254602,Prabhu  Bank Limited
2026042101035123,PRVU,41,62,8,210.0,1680.0,2026-04-21,187290791,255,Linch Stock Market Ltd.,Capital Max Securities Ltd,2026-04-21 13:44:40.689009,Prabhu  Bank Limited
2026042101035133,PRVU,59,32,1,203.8,203.8,2026-04-21,187290817,255,Deevyaa Securities & Stock House Pvt. Ltd,Premier Securities Company Ltd.,2026-04-21 13:44:44.527908,Prabhu  Bank Limited
2026042101035528,PRVU,51,44,1971,204.7,403463.7,2026-04-21,187292420,255,Oxford Securities Pvt. Ltd.,Dynamic Money Managers Securities Pvt. Ltd.,2026-04-21 13:48:06.842201,Prabhu  Bank Limited
2026042101035529,PRVU,45,44,29,204.7,5936.3,2026-04-21,187292421,255,Imperial Securities Company Pvt. Ltd.,Dynamic Money Managers Securities Pvt. Ltd.,2026-04-21 13:48:06.842660,Prabhu  Bank Limited
2026042101035643,PRVU,48,22,1140,204.8,233472.0,2026-04-21,187292897,255,Trishakti Securities Public Limited,Siprabi Securities Pvt. Ltd.,2026-04-21 13:48:50.951946,Prabhu  Bank Limited
2026042101035644,PRVU,48,26,486,204.9,99581.4,2026-04-21,187292899,255,Trishakti Securities Public Limited,Asian Securities Private Ltd.,2026-04-21 13:48:50.951989,Prabhu  Bank Limited
2026042101035645,PRVU,48,26,500,204.9,102450.0,2026-04-21,187292901,255,Trishakti Securities Public Limited,Asian Securities Private Ltd.,2026-04-21 13:48:50.952038,Prabhu  Bank Limited
2026042101035646,PRVU,48,42,120,204.9,24588.0,2026-04-21,187292904,255,Trishakti Securities Public Limited,Sani Securities Company Ltd.,2026-04-21 13:48:50.952064,Prabhu  Bank Limited
2026042101035800,PRVU,45,34,11,204.7,2251.7,2026-04-21,187293432,255,Imperial Securities Company Pvt. Ltd.,Vision Securities Pvt. Ltd,2026-04-21 13:49:56.179427,Prabhu  Bank Limited
2026042101035801,PRVU,65,34,65,204.7,13305.5,2026-04-21,187293434,255,Sharepro Securities Private Limited,Vision Securities Pvt. Ltd,2026-04-21 13:49:56.179941,Prabhu  Bank Limited
2026042101035802,PRVU,11,34,56,204.6,11457.6,2026-04-21,187293436,255,Malla & Malla Stock Broking Company Pvt. Limited,Vision Securities Pvt. Ltd,2026-04-21 13:49:56.180204,Prabhu  Bank Limited
2026042101035805,PRVU,58,34,85,204.5,17382.5,2026-04-21,187293453,255,Naasa Securities Co. Ltd.,Vision Securities Pvt. Ltd,2026-04-21 13:49:59.326017,Prabhu  Bank Limited
2026042101036004,PRVU,58,49,64,204.2,13068.8,2026-04-21,187294345,255,Naasa Securities Co. Ltd.,Online Securities Pvt. Ltd.,2026-04-21 13:51:27.558398,Prabhu  Bank Limited
2026042101036108,PRVU,58,45,14,204.2,2858.8,2026-04-21,187294686,255,Naasa Securities Co. Ltd.,Imperial Securities Company Pvt. Ltd.,2026-04-21 13:52:01.733265,Prabhu  Bank Limited
2026042101036159,PRVU,48,45,66,204.2,13477.2,2026-04-21,187294902,255,Trishakti Securities Public Limited,Imperial Securities Company Pvt. Ltd.,2026-04-21 13:52:28.828514,Prabhu  Bank Limited
2026042101036867,PRVU,48,63,40,204.3,8172.0,2026-04-21,187297676,255,Trishakti Securities Public Limited,Himalayan Brokerage Company Limited,2026-04-21 13:57:36.888576,Prabhu  Bank Limited
2026042101036868,PRVU,48,63,55,204.1,11225.5,2026-04-21,187297678,255,Trishakti Securities Public Limited,Himalayan Brokerage Company Limited,2026-04-21 13:57:36.889098,Prabhu  Bank Limited
2026042101036869,PRVU,57,63,99,204.0,20196.0,2026-04-21,187297680,255,Aryatara Investment & Securities,Himalayan Brokerage Company Limited,2026-04-21 13:57:36.889419,Prabhu  Bank Limited
2026042101036870,PRVU,32,63,20,204.0,4080.0,2026-04-21,187297682,255,Premier Securities Company Ltd.,Himalayan Brokerage Company Limited,2026-04-21 13:57:36.889689,Prabhu  Bank Limited
2026042101036871,PRVU,38,63,100,204.0,20400.0,2026-04-21,187297684,255,Dipshikha Dhitopatra Karobar Co. Pvt Ltd.,Himalayan Brokerage Company Limited,2026-04-21 13:57:36.889982,Prabhu  Bank Limited
2026042101036872,PRVU,34,63,265,204.0,54060.0,2026-04-21,187297686,255,Vision Securities Pvt. Ltd,Himalayan Brokerage Company Limited,2026-04-21 13:57:36.890315,Prabhu  Bank Limited
2026042101036873,PRVU,57,63,521,204.0,106284.0,2026-04-21,187297687,255,Aryatara Investment & Securities,Himalayan Brokerage Company Limited,2026-04-21 13:57:36.890632,Prabhu  Bank Limited
2026042101036923,PRVU,57,14,25,204.0,5100.0,2026-04-21,187297835,255,Aryatara Investment & Securities,Nepal Stock House (PVT) Ltd.,2026-04-21 13:57:45.176658,Prabhu  Bank Limited
2026042101037002,PRVU,57,5,454,204.0,92616.0,2026-04-21,187298090,255,Aryatara Investment & Securities,Market Securities & Exchange (PVT) Ltd.,2026-04-21 13:58:13.005493,Prabhu  Bank Limited
2026042101037033,PRVU,49,5,26,203.9,5301.4,2026-04-21,187298213,255,Online Securities Pvt. Ltd.,Market Securities & Exchange (PVT) Ltd.,2026-04-21 13:58:28.228641,Prabhu  Bank Limited
2026042101037461,PRVU,58,35,45,204.5,9202.5,2026-04-21,187299612,255,Naasa Securities Co. Ltd.,Kohinoor Investment & Securities Pvt. Ltd.,2026-04-21 14:00:21.729430,Prabhu  Bank Limited
2026042101037462,PRVU,58,35,50,204.0,10200.0,2026-04-21,187299616,255,Naasa Securities Co. Ltd.,Kohinoor Investment & Securities Pvt. Ltd.,2026-04-21 14:00:21.729494,Prabhu  Bank Limited
2026042101037463,PRVU,49,35,34,203.9,6932.6,2026-04-21,187299618,255,Online Securities Pvt. Ltd.,Kohinoor Investment & Securities Pvt. Ltd.,2026-04-21 14:00:21.729524,Prabhu  Bank Limited
2026042101037464,PRVU,29,35,120,203.9,24468.0,2026-04-21,187299620,255,Trisul Securities & Invt. Ltd.,Kohinoor Investment & Securities Pvt. Ltd.,2026-04-21 14:00:21.729550,Prabhu  Bank Limited
2026042101037465,PRVU,42,35,1001,203.8,204003.8,2026-04-21,187299622,255,Sani Securities Company Ltd.,Kohinoor Investment & Securities Pvt. Ltd.,2026-04-21 14:00:21.729574,Prabhu  Bank Limited
2026042101037466,PRVU,5,35,100,203.8,20380.0,2026-04-21,187299624,255,Market Securities & Exchange (PVT) Ltd.,Kohinoor Investment & Securities Pvt. Ltd.,2026-04-21 14:00:21.729617,Prabhu  Bank Limited
2026042101037467,PRVU,41,35,20,203.8,4076.0,2026-04-21,187299626,255,Linch Stock Market Ltd.,Kohinoor Investment & Securities Pvt. Ltd.,2026-04-21 14:00:21.729641,Prabhu  Bank Limited
2026042101037468,PRVU,57,35,100,203.7,20370.0,2026-04-21,187299628,255,Aryatara Investment & Securities,Kohinoor Investment & Securities Pvt. Ltd.,2026-04-21 14:00:21.729664,Prabhu  Bank Limited
2026042101037469,PRVU,22,35,330,203.6,67188.0,2026-04-21,187299630,255,Siprabi Securities Pvt. Ltd.,Kohinoor Investment & Securities Pvt. Ltd.,2026-04-21 14:00:21.729688,Prabhu  Bank Limited
2026042101037470,PRVU,22,35,200,203.6,40720.0,2026-04-21,187299631,255,Siprabi Securities Pvt. Ltd.,Kohinoor Investment & Securities Pvt. Ltd.,2026-04-21 14:00:21.729712,Prabhu  Bank Limited
2026042101037508,PRVU,22,35,2000,203.6,407200.0,2026-04-21,187299739,255,Siprabi Securities Pvt. Ltd.,Kohinoor Investment & Securities Pvt. Ltd.,2026-04-21 14:00:28.004693,Prabhu  Bank Limited
2026042101037518,PRVU,22,35,800,203.6,162880.0,2026-04-21,187299782,255,Siprabi Securities Pvt. Ltd.,Kohinoor Investment & Securities Pvt. Ltd.,2026-04-21 14:00:32.648204,Prabhu  Bank Limited
2026042101037519,PRVU,22,35,200,203.6,40720.0,2026-04-21,187299783,255,Siprabi Securities Pvt. Ltd.,Kohinoor Investment & Securities Pvt. Ltd.,2026-04-21 14:00:32.648327,Prabhu  Bank Limited
2026042101038224,PRVU,50,57,10,203.8,2038.0,2026-04-21,187302296,255,Cristal Kanchanjanga Securites Pvt. Ltd.,Aryatara Investment & Securities,2026-04-21 14:04:50.555060,Prabhu  Bank Limited
2026042101038225,PRVU,59,57,200,203.7,40740.0,2026-04-21,187302298,255,Deevyaa Securities & Stock House Pvt. Ltd,Aryatara Investment & Securities,2026-04-21 14:04:50.556074,Prabhu  Bank Limited
2026042101038226,PRVU,19,57,150,203.7,30555.0,2026-04-21,187302300,255,Nepal Investment And Securities Trading Private Limited,Aryatara Investment & Securities,2026-04-21 14:04:50.556875,Prabhu  Bank Limited
2026042101038227,PRVU,6,57,490,203.7,99813.0,2026-04-21,187302302,255,Agrawal Securities (PVT) Ltd.,Aryatara Investment & Securities,2026-04-21 14:04:50.557666,Prabhu  Bank Limited
2026042101038506,PRVU,42,57,100,203.7,20370.0,2026-04-21,187303450,255,Sani Securities Company Ltd.,Aryatara Investment & Securities,2026-04-21 14:06:35.369653,Prabhu  Bank Limited
2026042101038540,PRVU,22,58,1800,203.6,366480.0,2026-04-21,187303568,255,Siprabi Securities Pvt. Ltd.,Naasa Securities Co. Ltd.,2026-04-21 14:06:49.932717,Prabhu  Bank Limited
2026042101038541,PRVU,13,58,10,203.6,2036.0,2026-04-21,187303570,255,Thrive Brokerage House Pvt. Ltd,Naasa Securities Co. Ltd.,2026-04-21 14:06:49.933654,Prabhu  Bank Limited
2026042101038542,PRVU,38,58,190,203.5,38665.0,2026-04-21,187303571,255,Dipshikha Dhitopatra Karobar Co. Pvt Ltd.,Naasa Securities Co. Ltd.,2026-04-21 14:06:49.934413,Prabhu  Bank Limited
2026042101038711,PRVU,38,56,756,203.5,153846.0,2026-04-21,187304110,255,Dipshikha Dhitopatra Karobar Co. Pvt Ltd.,Sri Hari Securities Pvt. Ltd.,2026-04-21 14:07:38.759397,Prabhu  Bank Limited
2026042101038712,PRVU,42,56,50,203.5,10175.0,2026-04-21,187304112,255,Sani Securities Company Ltd.,Sri Hari Securities Pvt. Ltd.,2026-04-21 14:07:38.760465,Prabhu  Bank Limited
2026042101038713,PRVU,38,56,50,203.5,10175.0,2026-04-21,187304114,255,Dipshikha Dhitopatra Karobar Co. Pvt Ltd.,Sri Hari Securities Pvt. Ltd.,2026-04-21 14:07:38.761286,Prabhu  Bank Limited
2026042101038714,PRVU,58,56,100,203.5,20350.0,2026-04-21,187304116,255,Naasa Securities Co. Ltd.,Sri Hari Securities Pvt. Ltd.,2026-04-21 14:07:38.762101,Prabhu  Bank Limited
2026042101038715,PRVU,52,56,100,203.5,20350.0,2026-04-21,187304118,255,Sundhara Securities Limited,Sri Hari Securities Pvt. Ltd.,2026-04-21 14:07:38.762873,Prabhu  Bank Limited
2026042101038716,PRVU,42,56,520,203.5,105820.0,2026-04-21,187304120,255,Sani Securities Company Ltd.,Sri Hari Securities Pvt. Ltd.,2026-04-21 14:07:38.763680,Prabhu  Bank Limited
2026042101038717,PRVU,57,56,99,203.5,20146.5,2026-04-21,187304122,255,Aryatara Investment & Securities,Sri Hari Securities Pvt. Ltd.,2026-04-21 14:07:38.764476,Prabhu  Bank Limited
2026042101038718,PRVU,34,56,33,203.5,6715.5,2026-04-21,187304124,255,Vision Securities Pvt. Ltd,Sri Hari Securities Pvt. Ltd.,2026-04-21 14:07:38.765294,Prabhu  Bank Limited
2026042101038719,PRVU,21,56,300,203.5,61050.0,2026-04-21,187304126,255,Midas Stock Broking Company Private Limited,Sri Hari Securities Pvt. Ltd.,2026-04-21 14:07:38.766089,Prabhu  Bank Limited
2026042101038720,PRVU,4,56,100,203.5,20350.0,2026-04-21,187304128,255,Opal Securities Investment (PVT) Ltd.,Sri Hari Securities Pvt. Ltd.,2026-04-21 14:07:38.766898,Prabhu  Bank Limited
2026042101038721,PRVU,58,56,25,203.3,5082.5,2026-04-21,187304130,255,Naasa Securities Co. Ltd.,Sri Hari Securities Pvt. Ltd.,2026-04-21 14:07:38.767546,Prabhu  Bank Limited
2026042101038722,PRVU,58,56,100,203.2,20320.0,2026-04-21,187304132,255,Naasa Securities Co. Ltd.,Sri Hari Securities Pvt. Ltd.,2026-04-21 14:07:38.767803,Prabhu  Bank Limited
2026042101038723,PRVU,11,56,1000,203.1,203100.0,2026-04-21,187304134,255,Malla & Malla Stock Broking Company Pvt. Limited,Sri Hari Securities Pvt. Ltd.,2026-04-21 14:07:38.768085,Prabhu  Bank Limited
2026042101038724,PRVU,58,56,10,203.1,2031.0,2026-04-21,187304136,255,Naasa Securities Co. Ltd.,Sri Hari Securities Pvt. Ltd.,2026-04-21 14:07:38.768340,Prabhu  Bank Limited
2026042101038725,PRVU,16,56,400,203.1,81240.0,2026-04-21,187304138,255,Primo Securities (PVT) Ltd.,Sri Hari Securities Pvt. Ltd.,2026-04-21 14:07:38.768589,Prabhu  Bank Limited
2026042101038726,PRVU,57,56,1000,203.1,203100.0,2026-04-21,187304140,255,Aryatara Investment & Securities,Sri Hari Securities Pvt. Ltd.,2026-04-21 14:07:38.768843,Prabhu  Bank Limited
2026042101038727,PRVU,46,56,271,203.1,55040.1,2026-04-21,187304142,255,Kalika Securities Pvt. Ltd.,Sri Hari Securities Pvt. Ltd.,2026-04-21 14:07:38.769103,Prabhu  Bank Limited
2026042101038728,PRVU,16,56,400,203.1,81240.0,2026-04-21,187304144,255,Primo Securities (PVT) Ltd.,Sri Hari Securities Pvt. Ltd.,2026-04-21 14:07:38.769359,Prabhu  Bank Limited
2026042101038729,PRVU,57,56,2000,203.1,406200.0,2026-04-21,187304146,255,Aryatara Investment & Securities,Sri Hari Securities Pvt. Ltd.,2026-04-21 14:07:38.769614,Prabhu  Bank Limited
2026042101038730,PRVU,3,56,20,203.0,4060.0,2026-04-21,187304148,255,Arun Securities (PVT) Ltd.,Sri Hari Securities Pvt. Ltd.,2026-04-21 14:07:38.769869,Prabhu  Bank Limited
2026042101038731,PRVU,57,56,199,203.0,40397.0,2026-04-21,187304150,255,Aryatara Investment & Securities,Sri Hari Securities Pvt. Ltd.,2026-04-21 14:07:38.770136,Prabhu  Bank Limited
2026042101038732,PRVU,7,56,15,203.0,3045.0,2026-04-21,187304152,255,J.F. Securites (PVT) Ltd.,Sri Hari Securities Pvt. Ltd.,2026-04-21 14:07:38.770394,Prabhu  Bank Limited
2026042101038733,PRVU,48,56,100,203.0,20300.0,2026-04-21,187304154,255,Trishakti Securities Public Limited,Sri Hari Securities Pvt. Ltd.,2026-04-21 14:07:38.770645,Prabhu  Bank Limited
2026042101038734,PRVU,58,56,50,203.0,10150.0,2026-04-21,187304156,255,Naasa Securities Co. Ltd.,Sri Hari Securities Pvt. Ltd.,2026-04-21 14:07:38.770896,Prabhu  Bank Limited
2026042101038735,PRVU,57,56,100,203.0,20300.0,2026-04-21,187304158,255,Aryatara Investment & Securities,Sri Hari Securities Pvt. Ltd.,2026-04-21 14:07:38.771151,Prabhu  Bank Limited
2026042101038736,PRVU,35,56,1000,203.0,203000.0,2026-04-21,187304160,255,Kohinoor Investment & Securities Pvt. Ltd.,Sri Hari Securities Pvt. Ltd.,2026-04-21 14:07:38.771413,Prabhu  Bank Limited
2026042101038737,PRVU,41,56,50,203.0,10150.0,2026-04-21,187304162,255,Linch Stock Market Ltd.,Sri Hari Securities Pvt. Ltd.,2026-04-21 14:07:38.771663,Prabhu  Bank Limited
2026042101038738,PRVU,37,56,300,203.0,60900.0,2026-04-21,187304164,255,Swarna Laxmi Securities Pvt. Ltd.,Sri Hari Securities Pvt. Ltd.,2026-04-21 14:07:38.771909,Prabhu  Bank Limited
2026042101038739,PRVU,42,56,400,203.0,81200.0,2026-04-21,187304166,255,Sani Securities Company Ltd.,Sri Hari Securities Pvt. Ltd.,2026-04-21 14:07:38.772165,Prabhu  Bank Limited
2026042101038740,PRVU,4,56,20,203.0,4060.0,2026-04-21,187304168,255,Opal Securities Investment (PVT) Ltd.,Sri Hari Securities Pvt. Ltd.,2026-04-21 14:07:38.772412,Prabhu  Bank Limited
2026042101038741,PRVU,50,56,50,203.0,10150.0,2026-04-21,187304170,255,Cristal Kanchanjanga Securites Pvt. Ltd.,Sri Hari Securities Pvt. Ltd.,2026-04-21 14:07:38.772655,Prabhu  Bank Limited
2026042101038742,PRVU,40,56,10,203.0,2030.0,2026-04-21,187304172,255,Creative Securities Pvt Ltd,Sri Hari Securities Pvt. Ltd.,2026-04-21 14:07:38.772897,Prabhu  Bank Limited
2026042101038743,PRVU,5,56,372,203.0,75516.0,2026-04-21,187304173,255,Market Securities & Exchange (PVT) Ltd.,Sri Hari Securities Pvt. Ltd.,2026-04-21 14:07:38.773144,Prabhu  Bank Limited
2026042101039321,PRVU,6,49,25,203.2,5080.0,2026-04-21,187306196,255,Agrawal Securities (PVT) Ltd.,Online Securities Pvt. Ltd.,2026-04-21 14:10:58.650616,Prabhu  Bank Limited
2026042101039322,PRVU,14,49,38,203.2,7721.6,2026-04-21,187306197,255,Nepal Stock House (PVT) Ltd.,Online Securities Pvt. Ltd.,2026-04-21 14:10:58.651153,Prabhu  Bank Limited
2026042101039414,PRVU,35,49,50,203.5,10175.0,2026-04-21,187306636,255,Kohinoor Investment & Securities Pvt. Ltd.,Online Securities Pvt. Ltd.,2026-04-21 14:11:41.192139,Prabhu  Bank Limited
2026042101039468,PRVU,14,75,62,203.2,12598.4,2026-04-21,187306850,255,Nepal Stock House (PVT) Ltd.,N.I.M.B. Stock Markets Limited,2026-04-21 14:11:58.664853,Prabhu  Bank Limited
2026042101039469,PRVU,49,75,100,203.1,20310.0,2026-04-21,187306852,255,Online Securities Pvt. Ltd.,N.I.M.B. Stock Markets Limited,2026-04-21 14:11:58.665839,Prabhu  Bank Limited
2026042101039470,PRVU,19,75,100,203.1,20310.0,2026-04-21,187306854,255,Nepal Investment And Securities Trading Private Limited,N.I.M.B. Stock Markets Limited,2026-04-21 14:11:58.666624,Prabhu  Bank Limited
2026042101039471,PRVU,5,75,128,203.0,25984.0,2026-04-21,187306856,255,Market Securities & Exchange (PVT) Ltd.,N.I.M.B. Stock Markets Limited,2026-04-21 14:11:58.667387,Prabhu  Bank Limited
2026042101039472,PRVU,14,75,45,203.0,9135.0,2026-04-21,187306858,255,Nepal Stock House (PVT) Ltd.,N.I.M.B. Stock Markets Limited,2026-04-21 14:11:58.668149,Prabhu  Bank Limited
2026042101039473,PRVU,59,75,565,203.0,114695.0,2026-04-21,187306859,255,Deevyaa Securities & Stock House Pvt. Ltd,N.I.M.B. Stock Markets Limited,2026-04-21 14:11:58.668901,Prabhu  Bank Limited
2026042101039492,PRVU,48,49,15,203.5,3052.5,2026-04-21,187306982,255,Trishakti Securities Public Limited,Online Securities Pvt. Ltd.,2026-04-21 14:12:09.016321,Prabhu  Bank Limited
2026042101039794,PRVU,48,49,35,203.5,7122.5,2026-04-21,187308157,255,Trishakti Securities Public Limited,Online Securities Pvt. Ltd.,2026-04-21 14:14:02.077801,Prabhu  Bank Limited
2026042101039795,PRVU,48,57,50,203.7,10185.0,2026-04-21,187308160,255,Trishakti Securities Public Limited,Aryatara Investment & Securities,2026-04-21 14:14:02.077911,Prabhu  Bank Limited
2026042101039873,PRVU,11,16,50,204.0,10200.0,2026-04-21,187308507,255,Malla & Malla Stock Broking Company Pvt. Limited,Primo Securities (PVT) Ltd.,2026-04-21 14:14:27.928198,Prabhu  Bank Limited
2026042101039874,PRVU,11,42,50,204.0,10200.0,2026-04-21,187308510,255,Malla & Malla Stock Broking Company Pvt. Limited,Sani Securities Company Ltd.,2026-04-21 14:14:27.929172,Prabhu  Bank Limited
2026042101039883,PRVU,58,42,600,204.0,122400.0,2026-04-21,187308546,255,Naasa Securities Co. Ltd.,Sani Securities Company Ltd.,2026-04-21 14:14:30.473837,Prabhu  Bank Limited
2026042101040057,PRVU,42,46,45,203.4,9153.0,2026-04-21,187309207,255,Sani Securities Company Ltd.,Kalika Securities Pvt. Ltd.,2026-04-21 14:15:23.556108,Prabhu  Bank Limited
2026042101040110,PRVU,21,11,200,203.5,40700.0,2026-04-21,187309395,255,Midas Stock Broking Company Private Limited,Malla & Malla Stock Broking Company Pvt. Limited,2026-04-21 14:15:45.284574,Prabhu  Bank Limited
2026042101040224,PRVU,6,42,22,204.0,4488.0,2026-04-21,187309800,255,Agrawal Securities (PVT) Ltd.,Sani Securities Company Ltd.,2026-04-21 14:16:25.527529,Prabhu  Bank Limited
2026042101040446,PRVU,57,42,58,204.0,11832.0,2026-04-21,187310766,255,Aryatara Investment & Securities,Sani Securities Company Ltd.,2026-04-21 14:17:41.532991,Prabhu  Bank Limited
2026042101040861,PRVU,49,42,10,204.0,2040.0,2026-04-21,187312412,255,Online Securities Pvt. Ltd.,Sani Securities Company Ltd.,2026-04-21 14:19:44.187419,Prabhu  Bank Limited
2026042101041730,PRVU,42,56,200,203.8,40760.0,2026-04-21,187316535,255,Sani Securities Company Ltd.,Sri Hari Securities Pvt. Ltd.,2026-04-21 14:23:58.642060,Prabhu  Bank Limited
2026042101041944,PRVU,53,42,192,204.0,39168.0,2026-04-21,187317523,255,Investment Management Nepal Pvt. Ltd.,Sani Securities Company Ltd.,2026-04-21 14:24:50.363400,Prabhu  Bank Limited
2026042101042233,PRVU,21,59,58,204.0,11832.0,2026-04-21,187319323,255,Midas Stock Broking Company Private Limited,Deevyaa Securities & Stock House Pvt. Ltd,2026-04-21 14:26:08.774810,Prabhu  Bank Limited
2026042101042234,PRVU,21,54,100,204.0,20400.0,2026-04-21,187319325,255,Midas Stock Broking Company Private Limited,Sewa Securities Pvt. Ltd.,2026-04-21 14:26:08.775310,Prabhu  Bank Limited
2026042101042397,PRVU,21,10,13,204.0,2652.0,2026-04-21,187320097,255,Midas Stock Broking Company Private Limited,Pragyan Securities (PVT) Ltd.,2026-04-21 14:26:59.043405,Prabhu  Bank Limited
2026042101042429,PRVU,14,41,50,204.5,10225.0,2026-04-21,187320192,255,Nepal Stock House (PVT) Ltd.,Linch Stock Market Ltd.,2026-04-21 14:27:05.995804,Prabhu  Bank Limited
2026042101042485,PRVU,21,58,109,204.0,22236.0,2026-04-21,187320496,255,Midas Stock Broking Company Private Limited,Naasa Securities Co. Ltd.,2026-04-21 14:27:29.933148,Prabhu  Bank Limited
2026042101042486,PRVU,42,58,250,203.7,50925.0,2026-04-21,187320498,255,Sani Securities Company Ltd.,Naasa Securities Co. Ltd.,2026-04-21 14:27:29.934253,Prabhu  Bank Limited
2026042101042487,PRVU,49,58,40,203.5,8140.0,2026-04-21,187320500,255,Online Securities Pvt. Ltd.,Naasa Securities Co. Ltd.,2026-04-21 14:27:29.935058,Prabhu  Bank Limited
2026042101042488,PRVU,42,58,100,203.5,20350.0,2026-04-21,187320502,255,Sani Securities Company Ltd.,Naasa Securities Co. Ltd.,2026-04-21 14:27:29.935846,Prabhu  Bank Limited
2026042101042489,PRVU,57,58,100,203.1,20310.0,2026-04-21,187320504,255,Aryatara Investment & Securities,Naasa Securities Co. Ltd.,2026-04-21 14:27:29.936674,Prabhu  Bank Limited
2026042101042490,PRVU,58,58,159,203.1,32292.9,2026-04-21,187320506,255,Naasa Securities Co. Ltd.,Naasa Securities Co. Ltd.,2026-04-21 14:27:29.937469,Prabhu  Bank Limited
2026042101042491,PRVU,42,58,255,203.1,51790.5,2026-04-21,187320508,255,Sani Securities Company Ltd.,Naasa Securities Co. Ltd.,2026-04-21 14:27:29.938271,Prabhu  Bank Limited
2026042101042492,PRVU,45,58,573,203.1,116376.3,2026-04-21,187320509,255,Imperial Securities Company Pvt. Ltd.,Naasa Securities Co. Ltd.,2026-04-21 14:27:29.939085,Prabhu  Bank Limited
2026042101042495,PRVU,49,41,10,204.5,2045.0,2026-04-21,187320518,255,Online Securities Pvt. Ltd.,Linch Stock Market Ltd.,2026-04-21 14:27:31.291234,Prabhu  Bank Limited
2026042101042636,PRVU,45,58,27,203.1,5483.7,2026-04-21,187321344,255,Imperial Securities Company Pvt. Ltd.,Naasa Securities Co. Ltd.,2026-04-21 14:28:16.701264,Prabhu  Bank Limited
2026042101042637,PRVU,59,58,385,203.0,78155.0,2026-04-21,187321346,255,Deevyaa Securities & Stock House Pvt. Ltd,Naasa Securities Co. Ltd.,2026-04-21 14:28:16.701788,Prabhu  Bank Limited
2026042101042638,PRVU,25,58,5000,203.0,1015000.0,2026-04-21,187321348,255,Sweta Securities Private Limited,Naasa Securities Co. Ltd.,2026-04-21 14:28:16.702068,Prabhu  Bank Limited
2026042101042639,PRVU,49,58,10,203.0,2030.0,2026-04-21,187321350,255,Online Securities Pvt. Ltd.,Naasa Securities Co. Ltd.,2026-04-21 14:28:16.702323,Prabhu  Bank Limited
2026042101042640,PRVU,42,58,1000,203.0,203000.0,2026-04-21,187321352,255,Sani Securities Company Ltd.,Naasa Securities Co. Ltd.,2026-04-21 14:28:16.702591,Prabhu  Bank Limited
2026042101042641,PRVU,34,58,100,203.0,20300.0,2026-04-21,187321354,255,Vision Securities Pvt. Ltd,Naasa Securities Co. Ltd.,2026-04-21 14:28:16.702848,Prabhu  Bank Limited
2026042101042642,PRVU,40,58,200,203.0,40600.0,2026-04-21,187321356,255,Creative Securities Pvt Ltd,Naasa Securities Co. Ltd.,2026-04-21 14:28:16.703103,Prabhu  Bank Limited
2026042101042643,PRVU,6,58,500,203.0,101500.0,2026-04-21,187321358,255,Agrawal Securities (PVT) Ltd.,Naasa Securities Co. Ltd.,2026-04-21 14:28:16.703354,Prabhu  Bank Limited
2026042101042644,PRVU,58,58,10,203.0,2030.0,2026-04-21,187321360,255,Naasa Securities Co. Ltd.,Naasa Securities Co. Ltd.,2026-04-21 14:28:16.703615,Prabhu  Bank Limited
2026042101042645,PRVU,58,58,75,203.0,15225.0,2026-04-21,187321362,255,Naasa Securities Co. Ltd.,Naasa Securities Co. Ltd.,2026-04-21 14:28:16.703869,Prabhu  Bank Limited
2026042101042646,PRVU,63,58,32,203.0,6496.0,2026-04-21,187321364,255,Himalayan Brokerage Company Limited,Naasa Securities Co. Ltd.,2026-04-21 14:28:16.704146,Prabhu  Bank Limited
2026042101042647,PRVU,38,58,100,203.0,20300.0,2026-04-21,187321366,255,Dipshikha Dhitopatra Karobar Co. Pvt Ltd.,Naasa Securities Co. Ltd.,2026-04-21 14:28:16.704394,Prabhu  Bank Limited
2026042101042648,PRVU,32,58,500,203.0,101500.0,2026-04-21,187321368,255,Premier Securities Company Ltd.,Naasa Securities Co. Ltd.,2026-04-21 14:28:16.704652,Prabhu  Bank Limited
2026042101042649,PRVU,58,58,100,203.0,20300.0,2026-04-21,187321370,255,Naasa Securities Co. Ltd.,Naasa Securities Co. Ltd.,2026-04-21 14:28:16.704901,Prabhu  Bank Limited
2026042101042650,PRVU,42,58,50,203.0,10150.0,2026-04-21,187321372,255,Sani Securities Company Ltd.,Naasa Securities Co. Ltd.,2026-04-21 14:28:16.705155,Prabhu  Bank Limited
2026042101042651,PRVU,6,58,50,203.0,10150.0,2026-04-21,187321374,255,Agrawal Securities (PVT) Ltd.,Naasa Securities Co. Ltd.,2026-04-21 14:28:16.705404,Prabhu  Bank Limited
2026042101042652,PRVU,33,58,500,203.0,101500.0,2026-04-21,187321376,255,Dakshinkali Investment & Securities Pvt. Ltd.,Naasa Securities Co. Ltd.,2026-04-21 14:28:16.705646,Prabhu  Bank Limited
2026042101042653,PRVU,80,58,1500,203.0,304500.0,2026-04-21,187321378,255,Indira securities pvt. ltd,Naasa Securities Co. Ltd.,2026-04-21 14:28:16.705901,Prabhu  Bank Limited
2026042101042654,PRVU,34,58,1000,203.0,203000.0,2026-04-21,187321380,255,Vision Securities Pvt. Ltd,Naasa Securities Co. Ltd.,2026-04-21 14:28:16.706155,Prabhu  Bank Limited
2026042101042655,PRVU,51,58,25,203.0,5075.0,2026-04-21,187321382,255,Oxford Securities Pvt. Ltd.,Naasa Securities Co. Ltd.,2026-04-21 14:28:16.706406,Prabhu  Bank Limited
2026042101042656,PRVU,35,58,500,203.0,101500.0,2026-04-21,187321384,255,Kohinoor Investment & Securities Pvt. Ltd.,Naasa Securities Co. Ltd.,2026-04-21 14:28:16.706665,Prabhu  Bank Limited
2026042101042657,PRVU,35,58,30,203.0,6090.0,2026-04-21,187321386,255,Kohinoor Investment & Securities Pvt. Ltd.,Naasa Securities Co. Ltd.,2026-04-21 14:28:16.706951,Prabhu  Bank Limited
2026042101042658,PRVU,57,58,330,203.0,66990.0,2026-04-21,187321284,255,Aryatara Investment & Securities,Naasa Securities Co. Ltd.,2026-04-21 14:28:16.707200,Prabhu  Bank Limited
2026042101042659,PRVU,45,58,1500,203.0,304500.0,2026-04-21,187321286,255,Imperial Securities Company Pvt. Ltd.,Naasa Securities Co. Ltd.,2026-04-21 14:28:16.707442,Prabhu  Bank Limited
2026042101042660,PRVU,45,58,100,203.0,20300.0,2026-04-21,187321288,255,Imperial Securities Company Pvt. Ltd.,Naasa Securities Co. Ltd.,2026-04-21 14:28:16.707681,Prabhu  Bank Limited
2026042101042661,PRVU,57,58,500,203.0,101500.0,2026-04-21,187321290,255,Aryatara Investment & Securities,Naasa Securities Co. Ltd.,2026-04-21 14:28:16.707942,Prabhu  Bank Limited
2026042101042662,PRVU,58,58,10,203.0,2030.0,2026-04-21,187321292,255,Naasa Securities Co. Ltd.,Naasa Securities Co. Ltd.,2026-04-21 14:28:16.708194,Prabhu  Bank Limited
2026042101042663,PRVU,47,58,300,203.0,60900.0,2026-04-21,187321294,255,Neev Securities Pvt. Ltd.,Naasa Securities Co. Ltd.,2026-04-21 14:28:16.708437,Prabhu  Bank Limited
2026042101042664,PRVU,58,58,30,203.0,6090.0,2026-04-21,187321296,255,Naasa Securities Co. Ltd.,Naasa Securities Co. Ltd.,2026-04-21 14:28:16.708671,Prabhu  Bank Limited
2026042101042665,PRVU,43,58,300,203.0,60900.0,2026-04-21,187321298,255,South Asian Bulls Pvt. Ltd.,Naasa Securities Co. Ltd.,2026-04-21 14:28:16.708911,Prabhu  Bank Limited
2026042101042666,PRVU,14,58,110,203.0,22330.0,2026-04-21,187321300,255,Nepal Stock House (PVT) Ltd.,Naasa Securities Co. Ltd.,2026-04-21 14:28:16.709162,Prabhu  Bank Limited
2026042101042667,PRVU,19,58,50,203.0,10150.0,2026-04-21,187321302,255,Nepal Investment And Securities Trading Private Limited,Naasa Securities Co. Ltd.,2026-04-21 14:28:16.709428,Prabhu  Bank Limited
2026042101042668,PRVU,42,58,260,203.0,52780.0,2026-04-21,187321304,255,Sani Securities Company Ltd.,Naasa Securities Co. Ltd.,2026-04-21 14:28:16.709667,Prabhu  Bank Limited
2026042101042669,PRVU,32,58,10,203.0,2030.0,2026-04-21,187321306,255,Premier Securities Company Ltd.,Naasa Securities Co. Ltd.,2026-04-21 14:28:16.709903,Prabhu  Bank Limited
2026042101042670,PRVU,42,58,10,203.0,2030.0,2026-04-21,187321308,255,Sani Securities Company Ltd.,Naasa Securities Co. Ltd.,2026-04-21 14:28:16.710140,Prabhu  Bank Limited
2026042101042671,PRVU,45,58,2734,203.0,555002.0,2026-04-21,187321309,255,Imperial Securities Company Pvt. Ltd.,Naasa Securities Co. Ltd.,2026-04-21 14:28:16.710387,Prabhu  Bank Limited
2026042101043103,PRVU,57,74,200,203.1,40620.0,2026-04-21,187323560,255,Aryatara Investment & Securities,KALASH STOCK MARKET PVT. LTD.,2026-04-21 14:30:04.668778,Prabhu  Bank Limited
2026042101043104,PRVU,45,74,5100,203.0,1035300.0,2026-04-21,187323561,255,Imperial Securities Company Pvt. Ltd.,KALASH STOCK MARKET PVT. LTD.,2026-04-21 14:30:04.668853,Prabhu  Bank Limited
2026042101043108,PRVU,45,48,50,203.0,10150.0,2026-04-21,187323573,255,Imperial Securities Company Pvt. Ltd.,Trishakti Securities Public Limited,2026-04-21 14:30:05.599504,Prabhu  Bank Limited
2026042101043949,PRVU,77,77,10,203.9,2039.0,2026-04-21,187327323,255,Nabil Stock Dealer Ltd.,Nabil Stock Dealer Ltd.,2026-04-21 14:33:40.634359,Prabhu  Bank Limited
2026042101043965,PRVU,77,45,30,203.9,6117.0,2026-04-21,187327388,255,Nabil Stock Dealer Ltd.,Imperial Securities Company Pvt. Ltd.,2026-04-21 14:33:42.634992,Prabhu  Bank Limited
2026042101044188,PRVU,46,52,100,203.4,20340.0,2026-04-21,187328428,255,Kalika Securities Pvt. Ltd.,Sundhara Securities Limited,2026-04-21 14:34:41.667269,Prabhu  Bank Limited
2026042101044189,PRVU,57,52,100,203.3,20330.0,2026-04-21,187328430,255,Aryatara Investment & Securities,Sundhara Securities Limited,2026-04-21 14:34:41.667395,Prabhu  Bank Limited
2026042101044190,PRVU,74,52,100,203.2,20320.0,2026-04-21,187328432,255,KALASH STOCK MARKET PVT. LTD.,Sundhara Securities Limited,2026-04-21 14:34:41.667469,Prabhu  Bank Limited
2026042101044191,PRVU,46,52,100,203.1,20310.0,2026-04-21,187328434,255,Kalika Securities Pvt. Ltd.,Sundhara Securities Limited,2026-04-21 14:34:41.667541,Prabhu  Bank Limited
2026042101044192,PRVU,57,52,100,203.1,20310.0,2026-04-21,187328436,255,Aryatara Investment & Securities,Sundhara Securities Limited,2026-04-21 14:34:41.667608,Prabhu  Bank Limited
2026042101044193,PRVU,45,52,340,203.0,69020.0,2026-04-21,187328437,255,Imperial Securities Company Pvt. Ltd.,Sundhara Securities Limited,2026-04-21 14:34:41.667674,Prabhu  Bank Limited
2026042101044251,PRVU,45,33,1776,203.0,360528.0,2026-04-21,187328708,255,Imperial Securities Company Pvt. Ltd.,Dakshinkali Investment & Securities Pvt. Ltd.,2026-04-21 14:35:01.359207,Prabhu  Bank Limited
2026042101044252,PRVU,48,33,1000,203.0,203000.0,2026-04-21,187328710,255,Trishakti Securities Public Limited,Dakshinkali Investment & Securities Pvt. Ltd.,2026-04-21 14:35:01.359667,Prabhu  Bank Limited
2026042101044253,PRVU,35,33,90,203.0,18270.0,2026-04-21,187328712,255,Kohinoor Investment & Securities Pvt. Ltd.,Dakshinkali Investment & Securities Pvt. Ltd.,2026-04-21 14:35:01.359913,Prabhu  Bank Limited
2026042101044254,PRVU,5,33,350,203.0,71050.0,2026-04-21,187328714,255,Market Securities & Exchange (PVT) Ltd.,Dakshinkali Investment & Securities Pvt. Ltd.,2026-04-21 14:35:01.360184,Prabhu  Bank Limited
2026042101044255,PRVU,74,33,1000,203.0,203000.0,2026-04-21,187328716,255,KALASH STOCK MARKET PVT. LTD.,Dakshinkali Investment & Securities Pvt. Ltd.,2026-04-21 14:35:01.360427,Prabhu  Bank Limited
2026042101044256,PRVU,48,33,100,203.0,20300.0,2026-04-21,187328718,255,Trishakti Securities Public Limited,Dakshinkali Investment & Securities Pvt. Ltd.,2026-04-21 14:35:01.360686,Prabhu  Bank Limited
2026042101044257,PRVU,38,33,100,203.0,20300.0,2026-04-21,187328720,255,Dipshikha Dhitopatra Karobar Co. Pvt Ltd.,Dakshinkali Investment & Securities Pvt. Ltd.,2026-04-21 14:35:01.360929,Prabhu  Bank Limited
2026042101044258,PRVU,16,33,490,203.0,99470.0,2026-04-21,187328722,255,Primo Securities (PVT) Ltd.,Dakshinkali Investment & Securities Pvt. Ltd.,2026-04-21 14:35:01.361171,Prabhu  Bank Limited
2026042101044259,PRVU,38,33,500,203.0,101500.0,2026-04-21,187328724,255,Dipshikha Dhitopatra Karobar Co. Pvt Ltd.,Dakshinkali Investment & Securities Pvt. Ltd.,2026-04-21 14:35:01.361409,Prabhu  Bank Limited
2026042101044260,PRVU,49,33,20,203.0,4060.0,2026-04-21,187328726,255,Online Securities Pvt. Ltd.,Dakshinkali Investment & Securities Pvt. Ltd.,2026-04-21 14:35:01.361651,Prabhu  Bank Limited
2026042101044261,PRVU,58,33,500,203.0,101500.0,2026-04-21,187328728,255,Naasa Securities Co. Ltd.,Dakshinkali Investment & Securities Pvt. Ltd.,2026-04-21 14:35:01.361889,Prabhu  Bank Limited
2026042101044262,PRVU,52,33,74,203.0,15022.0,2026-04-21,187328729,255,Sundhara Securities Limited,Dakshinkali Investment & Securities Pvt. Ltd.,2026-04-21 14:35:01.362133,Prabhu  Bank Limited
2026042101044911,PRVU,49,29,10,203.8,2038.0,2026-04-21,187331962,255,Online Securities Pvt. Ltd.,Trisul Securities & Invt. Ltd.,2026-04-21 14:38:00.710373,Prabhu  Bank Limited
2026042101044945,PRVU,52,42,426,203.0,86478.0,2026-04-21,187332150,255,Sundhara Securities Limited,Sani Securities Company Ltd.,2026-04-21 14:38:10.283900,Prabhu  Bank Limited
2026042101044946,PRVU,36,42,200,203.0,40600.0,2026-04-21,187332152,255,Secured Securities Ltd.,Sani Securities Company Ltd.,2026-04-21 14:38:10.284354,Prabhu  Bank Limited
2026042101044947,PRVU,32,42,200,203.0,40600.0,2026-04-21,187332154,255,Premier Securities Company Ltd.,Sani Securities Company Ltd.,2026-04-21 14:38:10.284607,Prabhu  Bank Limited
2026042101044981,PRVU,62,42,250,203.0,50750.0,2026-04-21,187332304,255,Capital Max Securities Ltd,Sani Securities Company Ltd.,2026-04-21 14:38:22.940475,Prabhu  Bank Limited
2026042101045036,PRVU,38,42,20,203.0,4060.0,2026-04-21,187332508,255,Dipshikha Dhitopatra Karobar Co. Pvt Ltd.,Sani Securities Company Ltd.,2026-04-21 14:38:39.011149,Prabhu  Bank Limited
2026042101045096,PRVU,38,42,50,203.0,10150.0,2026-04-21,187332912,255,Dipshikha Dhitopatra Karobar Co. Pvt Ltd.,Sani Securities Company Ltd.,2026-04-21 14:38:57.128095,Prabhu  Bank Limited
2026042101045125,PRVU,57,42,30,203.0,6090.0,2026-04-21,187333032,255,Aryatara Investment & Securities,Sani Securities Company Ltd.,2026-04-21 14:39:06.551264,Prabhu  Bank Limited
2026042101045364,PRVU,74,17,20,202.6,4052.0,2026-04-21,187333929,255,KALASH STOCK MARKET PVT. LTD.,ABC Securities Private Limited,2026-04-21 14:39:52.583225,Prabhu  Bank Limited
2026042101045398,PRVU,58,41,60,202.7,12162.0,2026-04-21,187334106,255,Naasa Securities Co. Ltd.,Linch Stock Market Ltd.,2026-04-21 14:40:03.264195,Prabhu  Bank Limited
2026042101045399,PRVU,74,41,80,202.6,16208.0,2026-04-21,187334108,255,KALASH STOCK MARKET PVT. LTD.,Linch Stock Market Ltd.,2026-04-21 14:40:03.265220,Prabhu  Bank Limited
2026042101045400,PRVU,57,41,500,202.5,101250.0,2026-04-21,187334110,255,Aryatara Investment & Securities,Linch Stock Market Ltd.,2026-04-21 14:40:03.265971,Prabhu  Bank Limited
2026042101045401,PRVU,56,41,250,202.5,50625.0,2026-04-21,187334112,255,Sri Hari Securities Pvt. Ltd.,Linch Stock Market Ltd.,2026-04-21 14:40:03.266726,Prabhu  Bank Limited
2026042101045402,PRVU,45,41,1000,202.5,202500.0,2026-04-21,187334114,255,Imperial Securities Company Pvt. Ltd.,Linch Stock Market Ltd.,2026-04-21 14:40:03.267463,Prabhu  Bank Limited
2026042101045403,PRVU,57,41,100,202.5,20250.0,2026-04-21,187334116,255,Aryatara Investment & Securities,Linch Stock Market Ltd.,2026-04-21 14:40:03.268201,Prabhu  Bank Limited
2026042101045404,PRVU,13,41,335,202.5,67837.5,2026-04-21,187334117,255,Thrive Brokerage House Pvt. Ltd,Linch Stock Market Ltd.,2026-04-21 14:40:03.268953,Prabhu  Bank Limited
2026042101045469,PRVU,38,42,50,203.0,10150.0,2026-04-21,187334460,255,Dipshikha Dhitopatra Karobar Co. Pvt Ltd.,Sani Securities Company Ltd.,2026-04-21 14:40:21.074563,Prabhu  Bank Limited
2026042101045723,PRVU,68,42,17,203.0,3451.0,2026-04-21,187335395,255,Elite Stock House Limited,Sani Securities Company Ltd.,2026-04-21 14:41:18.170172,Prabhu  Bank Limited
2026042101045724,PRVU,68,38,43,203.0,8729.0,2026-04-21,187335398,255,Elite Stock House Limited,Dipshikha Dhitopatra Karobar Co. Pvt Ltd.,2026-04-21 14:41:18.171084,Prabhu  Bank Limited
2026042101045865,PRVU,14,38,50,203.0,10150.0,2026-04-21,187335968,255,Nepal Stock House (PVT) Ltd.,Dipshikha Dhitopatra Karobar Co. Pvt Ltd.,2026-04-21 14:41:37.287246,Prabhu  Bank Limited
2026042101045957,PRVU,42,38,500,203.0,101500.0,2026-04-21,187336430,255,Sani Securities Company Ltd.,Dipshikha Dhitopatra Karobar Co. Pvt Ltd.,2026-04-21 14:41:58.805671,Prabhu  Bank Limited
2026042101046095,PRVU,48,38,371,203.0,75313.0,2026-04-21,187337191,255,Trishakti Securities Public Limited,Dipshikha Dhitopatra Karobar Co. Pvt Ltd.,2026-04-21 14:42:31.569353,Prabhu  Bank Limited
2026042101046096,PRVU,48,77,10,203.0,2030.0,2026-04-21,187337193,255,Trishakti Securities Public Limited,Nabil Stock Dealer Ltd.,2026-04-21 14:42:31.569458,Prabhu  Bank Limited
2026042101046097,PRVU,48,49,937,203.0,190211.0,2026-04-21,187337196,255,Trishakti Securities Public Limited,Online Securities Pvt. Ltd.,2026-04-21 14:42:31.569525,Prabhu  Bank Limited
2026042101046154,PRVU,48,49,63,203.0,12789.0,2026-04-21,187337516,255,Trishakti Securities Public Limited,Online Securities Pvt. Ltd.,2026-04-21 14:42:46.582609,Prabhu  Bank Limited
2026042101046194,PRVU,48,45,10,203.7,2037.0,2026-04-21,187337866,255,Trishakti Securities Public Limited,Imperial Securities Company Pvt. Ltd.,2026-04-21 14:42:59.717902,Prabhu  Bank Limited
2026042101046240,PRVU,34,38,10,203.0,2030.0,2026-04-21,187338132,255,Vision Securities Pvt. Ltd,Dipshikha Dhitopatra Karobar Co. Pvt Ltd.,2026-04-21 14:43:11.819097,Prabhu  Bank Limited
2026042101046498,PRVU,26,38,40,203.0,8120.0,2026-04-21,187339347,255,Asian Securities Private Ltd.,Dipshikha Dhitopatra Karobar Co. Pvt Ltd.,2026-04-21 14:43:57.026130,Prabhu  Bank Limited
2026042101046690,PRVU,26,50,160,203.6,32576.0,2026-04-21,187340380,255,Asian Securities Private Ltd.,Cristal Kanchanjanga Securites Pvt. Ltd.,2026-04-21 14:44:35.378735,Prabhu  Bank Limited
2026042101046737,PRVU,48,34,500,203.0,101500.0,2026-04-21,187340678,255,Trishakti Securities Public Limited,Vision Securities Pvt. Ltd,2026-04-21 14:44:47.524716,Prabhu  Bank Limited
2026042101046738,PRVU,34,34,10,203.0,2030.0,2026-04-21,187340680,255,Vision Securities Pvt. Ltd,Vision Securities Pvt. Ltd,2026-04-21 14:44:47.525724,Prabhu  Bank Limited
2026042101046739,PRVU,49,34,100,202.7,20270.0,2026-04-21,187340682,255,Online Securities Pvt. Ltd.,Vision Securities Pvt. Ltd,2026-04-21 14:44:47.526453,Prabhu  Bank Limited
2026042101046740,PRVU,51,34,30,202.6,6078.0,2026-04-21,187340684,255,Oxford Securities Pvt. Ltd.,Vision Securities Pvt. Ltd,2026-04-21 14:44:47.527182,Prabhu  Bank Limited
2026042101046741,PRVU,74,34,100,202.6,20260.0,2026-04-21,187340686,255,KALASH STOCK MARKET PVT. LTD.,Vision Securities Pvt. Ltd,2026-04-21 14:44:47.527888,Prabhu  Bank Limited
2026042101046742,PRVU,13,34,1065,202.5,215662.5,2026-04-21,187340688,255,Thrive Brokerage House Pvt. Ltd,Vision Securities Pvt. Ltd,2026-04-21 14:44:47.528593,Prabhu  Bank Limited
2026042101046743,PRVU,49,34,100,202.5,20250.0,2026-04-21,187340690,255,Online Securities Pvt. Ltd.,Vision Securities Pvt. Ltd,2026-04-21 14:44:47.529317,Prabhu  Bank Limited
2026042101046744,PRVU,39,34,100,202.5,20250.0,2026-04-21,187340692,255,Sumeru Securities Pvt. Ltd.,Vision Securities Pvt. Ltd,2026-04-21 14:44:47.530063,Prabhu  Bank Limited
2026042101046745,PRVU,37,34,150,202.5,30375.0,2026-04-21,187340694,255,Swarna Laxmi Securities Pvt. Ltd.,Vision Securities Pvt. Ltd,2026-04-21 14:44:47.530756,Prabhu  Bank Limited
2026042101046746,PRVU,74,34,100,202.2,20220.0,2026-04-21,187340696,255,KALASH STOCK MARKET PVT. LTD.,Vision Securities Pvt. Ltd,2026-04-21 14:44:47.531475,Prabhu  Bank Limited
2026042101046747,PRVU,58,34,32,202.2,6470.4,2026-04-21,187340698,255,Naasa Securities Co. Ltd.,Vision Securities Pvt. Ltd,2026-04-21 14:44:47.532192,Prabhu  Bank Limited
2026042101046748,PRVU,51,34,213,202.1,43047.3,2026-04-21,187340699,255,Oxford Securities Pvt. Ltd.,Vision Securities Pvt. Ltd,2026-04-21 14:44:47.532881,Prabhu  Bank Limited
2026042101047015,PRVU,51,53,25,202.1,5052.5,2026-04-21,187341951,255,Oxford Securities Pvt. Ltd.,Investment Management Nepal Pvt. Ltd.,2026-04-21 14:45:32.921662,Prabhu  Bank Limited
2026042101047087,PRVU,48,38,200,203.0,40600.0,2026-04-21,187342282,255,Trishakti Securities Public Limited,Dipshikha Dhitopatra Karobar Co. Pvt Ltd.,2026-04-21 14:45:49.009911,Prabhu  Bank Limited
2026042101047206,PRVU,29,41,1,203.0,203.0,2026-04-21,187342801,255,Trisul Securities & Invt. Ltd.,Linch Stock Market Ltd.,2026-04-21 14:46:09.228178,Prabhu  Bank Limited
2026042101047342,PRVU,44,38,34,203.0,6902.0,2026-04-21,187343716,255,Dynamic Money Managers Securities Pvt. Ltd.,Dipshikha Dhitopatra Karobar Co. Pvt Ltd.,2026-04-21 14:46:36.763534,Prabhu  Bank Limited
2026042101047588,PRVU,45,38,100,203.0,20300.0,2026-04-21,187344968,255,Imperial Securities Company Pvt. Ltd.,Dipshikha Dhitopatra Karobar Co. Pvt Ltd.,2026-04-21 14:47:28.812980,Prabhu  Bank Limited
2026042101048108,PRVU,17,6,10,202.2,2022.0,2026-04-21,187347699,255,ABC Securities Private Limited,Agrawal Securities (PVT) Ltd.,2026-04-21 14:49:10.155879,Prabhu  Bank Limited
2026042101048756,PRVU,49,41,20,202.3,4046.0,2026-04-21,187350849,255,Online Securities Pvt. Ltd.,Linch Stock Market Ltd.,2026-04-21 14:50:54.901835,Prabhu  Bank Limited
2026042101048757,PRVU,49,34,10,202.3,2023.0,2026-04-21,187350851,255,Online Securities Pvt. Ltd.,Vision Securities Pvt. Ltd,2026-04-21 14:50:54.929243,Prabhu  Bank Limited
2026042101048775,PRVU,42,41,250,202.5,50625.0,2026-04-21,187350953,255,Sani Securities Company Ltd.,Linch Stock Market Ltd.,2026-04-21 14:50:58.194569,Prabhu  Bank Limited
2026042101048776,PRVU,42,38,916,203.0,185948.0,2026-04-21,187350955,255,Sani Securities Company Ltd.,Dipshikha Dhitopatra Karobar Co. Pvt Ltd.,2026-04-21 14:50:58.195539,Prabhu  Bank Limited
2026042101048777,PRVU,42,13,400,203.0,81200.0,2026-04-21,187350957,255,Sani Securities Company Ltd.,Thrive Brokerage House Pvt. Ltd,2026-04-21 14:50:58.196326,Prabhu  Bank Limited
2026042101048810,PRVU,42,34,10,203.0,2030.0,2026-04-21,187351267,255,Sani Securities Company Ltd.,Vision Securities Pvt. Ltd,2026-04-21 14:51:07.687270,Prabhu  Bank Limited
2026042101048856,PRVU,42,50,340,203.0,69020.0,2026-04-21,187351499,255,Sani Securities Company Ltd.,Cristal Kanchanjanga Securites Pvt. Ltd.,2026-04-21 14:51:16.636306,Prabhu  Bank Limited
2026042101049498,PRVU,51,38,100,203.1,20310.0,2026-04-21,187355318,255,Oxford Securities Pvt. Ltd.,Dipshikha Dhitopatra Karobar Co. Pvt Ltd.,2026-04-21 14:53:42.991285,Prabhu  Bank Limited
2026042101049499,PRVU,42,38,84,203.0,17052.0,2026-04-21,187355320,255,Sani Securities Company Ltd.,Dipshikha Dhitopatra Karobar Co. Pvt Ltd.,2026-04-21 14:53:42.991800,Prabhu  Bank Limited
2026042101049500,PRVU,52,38,50,203.0,10150.0,2026-04-21,187355322,255,Sundhara Securities Limited,Dipshikha Dhitopatra Karobar Co. Pvt Ltd.,2026-04-21 14:53:42.992079,Prabhu  Bank Limited
2026042101049501,PRVU,57,38,266,203.0,53998.0,2026-04-21,187355323,255,Aryatara Investment & Securities,Dipshikha Dhitopatra Karobar Co. Pvt Ltd.,2026-04-21 14:53:42.992336,Prabhu  Bank Limited
2026042101049564,PRVU,57,45,234,203.0,47502.0,2026-04-21,187355600,255,Aryatara Investment & Securities,Imperial Securities Company Pvt. Ltd.,2026-04-21 14:53:48.551523,Prabhu  Bank Limited
2026042101049565,PRVU,22,45,10,203.0,2030.0,2026-04-21,187355602,255,Siprabi Securities Pvt. Ltd.,Imperial Securities Company Pvt. Ltd.,2026-04-21 14:53:48.552558,Prabhu  Bank Limited
2026042101049566,PRVU,59,45,256,203.0,51968.0,2026-04-21,187355603,255,Deevyaa Securities & Stock House Pvt. Ltd,Imperial Securities Company Pvt. Ltd.,2026-04-21 14:53:48.553386,Prabhu  Bank Limited
2026042101049601,PRVU,59,45,244,203.0,49532.0,2026-04-21,187355786,255,Deevyaa Securities & Stock House Pvt. Ltd,Imperial Securities Company Pvt. Ltd.,2026-04-21 14:53:56.709056,Prabhu  Bank Limited
2026042101049756,PRVU,26,41,10,202.7,2027.0,2026-04-21,187356789,255,Asian Securities Private Ltd.,Linch Stock Market Ltd.,2026-04-21 14:54:37.104451,Prabhu  Bank Limited
2026042101049796,PRVU,26,29,1990,202.7,403373.0,2026-04-21,187356963,255,Asian Securities Private Ltd.,Trisul Securities & Invt. Ltd.,2026-04-21 14:54:45.350012,Prabhu  Bank Limited
2026042101049803,PRVU,58,45,17,203.0,3451.0,2026-04-21,187356994,255,Naasa Securities Co. Ltd.,Imperial Securities Company Pvt. Ltd.,2026-04-21 14:54:46.290954,Prabhu  Bank Limited
2026042101049913,PRVU,26,33,500,202.7,101350.0,2026-04-21,187357560,255,Asian Securities Private Ltd.,Dakshinkali Investment & Securities Pvt. Ltd.,2026-04-21 14:55:02.573475,Prabhu  Bank Limited
2026042101050482,PRVU,49,33,10,202.7,2027.0,2026-04-21,187360234,255,Online Securities Pvt. Ltd.,Dakshinkali Investment & Securities Pvt. Ltd.,2026-04-21 14:56:20.156519,Prabhu  Bank Limited
2026042101050647,PRVU,58,34,500,203.0,101500.0,2026-04-21,187361093,255,Naasa Securities Co. Ltd.,Vision Securities Pvt. Ltd,2026-04-21 14:56:42.486192,Prabhu  Bank Limited
2026042101050725,PRVU,25,32,2,200.0,400.0,2026-04-21,187361573,255,Sweta Securities Private Limited,Premier Securities Company Ltd.,2026-04-21 14:56:56.288476,Prabhu  Bank Limited
2026042101050739,PRVU,58,50,250,203.0,50750.0,2026-04-21,187361670,255,Naasa Securities Co. Ltd.,Cristal Kanchanjanga Securites Pvt. Ltd.,2026-04-21 14:56:59.067178,Prabhu  Bank Limited
2026042101050893,PRVU,17,50,250,203.0,50750.0,2026-04-21,187362716,255,ABC Securities Private Limited,Cristal Kanchanjanga Securites Pvt. Ltd.,2026-04-21 14:57:25.567043,Prabhu  Bank Limited
2026042101050988,PRVU,58,50,27,203.0,5481.0,2026-04-21,187363162,255,Naasa Securities Co. Ltd.,Cristal Kanchanjanga Securites Pvt. Ltd.,2026-04-21 14:57:35.464818,Prabhu  Bank Limited
2026042101051021,PRVU,26,50,200,203.0,40600.0,2026-04-21,187363338,255,Asian Securities Private Ltd.,Cristal Kanchanjanga Securites Pvt. Ltd.,2026-04-21 14:57:38.980670,Prabhu  Bank Limited
2026042101051102,PRVU,58,50,10,203.0,2030.0,2026-04-21,187363572,255,Naasa Securities Co. Ltd.,Cristal Kanchanjanga Securites Pvt. Ltd.,2026-04-21 14:57:44.261462,Prabhu  Bank Limited
2026042101051151,PRVU,58,42,100,202.9,20290.0,2026-04-21,187363854,255,Naasa Securities Co. Ltd.,Sani Securities Company Ltd.,2026-04-21 14:57:51.774868,Prabhu  Bank Limited
2026042101051500,PRVU,22,42,400,202.9,81160.0,2026-04-21,187365512,255,Siprabi Securities Pvt. Ltd.,Sani Securities Company Ltd.,2026-04-21 14:58:31.741039,Prabhu  Bank Limited
2026042101051514,PRVU,3,42,200,202.9,40580.0,2026-04-21,187365552,255,Arun Securities (PVT) Ltd.,Sani Securities Company Ltd.,2026-04-21 14:58:32.587961,Prabhu  Bank Limited
2026042101051545,PRVU,35,42,2500,202.9,507250.0,2026-04-21,187365686,255,Kohinoor Investment & Securities Pvt. Ltd.,Sani Securities Company Ltd.,2026-04-21 14:58:35.697685,Prabhu  Bank Limited
2026042101051579,PRVU,48,42,500,202.9,101450.0,2026-04-21,187365924,255,Trishakti Securities Public Limited,Sani Securities Company Ltd.,2026-04-21 14:58:39.195324,Prabhu  Bank Limited
2026042101051623,PRVU,58,42,107,202.9,21710.3,2026-04-21,187366147,255,Naasa Securities Co. Ltd.,Sani Securities Company Ltd.,2026-04-21 14:58:45.764371,Prabhu  Bank Limited
2026042101051624,PRVU,58,22,393,202.9,79739.7,2026-04-21,187366150,255,Naasa Securities Co. Ltd.,Siprabi Securities Pvt. Ltd.,2026-04-21 14:58:45.764811,Prabhu  Bank Limited
2026042101051706,PRVU,89,22,15,202.9,3043.5,2026-04-21,187366518,255,Global IME Securities Limited,Siprabi Securities Pvt. Ltd.,2026-04-21 14:58:54.785990,Prabhu  Bank Limited
2026042101051723,PRVU,50,22,500,202.9,101450.0,2026-04-21,187366614,255,Cristal Kanchanjanga Securites Pvt. Ltd.,Siprabi Securities Pvt. Ltd.,2026-04-21 14:58:56.346009,Prabhu  Bank Limited
2026042101051765,PRVU,49,22,300,202.9,60870.0,2026-04-21,187366824,255,Online Securities Pvt. Ltd.,Siprabi Securities Pvt. Ltd.,2026-04-21 14:59:01.657299,Prabhu  Bank Limited
2026042101051792,PRVU,49,22,190,202.9,38551.0,2026-04-21,187366936,255,Online Securities Pvt. Ltd.,Siprabi Securities Pvt. Ltd.,2026-04-21 14:59:04.721892,Prabhu  Bank Limited
2026042101051795,PRVU,38,22,344,202.9,69797.6,2026-04-21,187366944,255,Dipshikha Dhitopatra Karobar Co. Pvt Ltd.,Siprabi Securities Pvt. Ltd.,2026-04-21 14:59:05.215345,Prabhu  Bank Limited
2026042101051831,PRVU,58,22,126,202.9,25565.4,2026-04-21,187367093,255,Naasa Securities Co. Ltd.,Siprabi Securities Pvt. Ltd.,2026-04-21 14:59:08.657336,Prabhu  Bank Limited
2026042101052046,PRVU,57,50,147,203.0,29841.0,2026-04-21,187367994,255,Aryatara Investment & Securities,Cristal Kanchanjanga Securites Pvt. Ltd.,2026-04-21 14:59:21.005061,Prabhu  Bank Limited
2026042101052292,PRVU,58,54,200,202.9,40580.0,2026-04-21,187369299,255,Naasa Securities Co. Ltd.,Sewa Securities Pvt. Ltd.,2026-04-21 14:59:36.410809,Prabhu  Bank Limited
2026042101052295,PRVU,38,50,10,203.0,2030.0,2026-04-21,187369324,255,Dipshikha Dhitopatra Karobar Co. Pvt Ltd.,Cristal Kanchanjanga Securites Pvt. Ltd.,2026-04-21 14:59:36.971281,Prabhu  Bank Limited
2026042101052401,PRVU,58,41,174,202.9,35304.6,2026-04-21,187369698,255,Naasa Securities Co. Ltd.,Linch Stock Market Ltd.,2026-04-21 14:59:42.126448,Prabhu  Bank Limited
2026042101052402,PRVU,35,41,500,202.9,101450.0,2026-04-21,187369700,255,Kohinoor Investment & Securities Pvt. Ltd.,Linch Stock Market Ltd.,2026-04-21 14:59:42.127111,Prabhu  Bank Limited
2026042101052403,PRVU,34,41,50,202.9,10145.0,2026-04-21,187369702,255,Vision Securities Pvt. Ltd,Linch Stock Market Ltd.,2026-04-21 14:59:42.127369,Prabhu  Bank Limited
2026042101052404,PRVU,25,41,416,202.9,84406.4,2026-04-21,187369703,255,Sweta Securities Private Limited,Linch Stock Market Ltd.,2026-04-21 14:59:42.127621,Prabhu  Bank Limited
2026042101052526,PRVU,25,34,112,202.9,22724.8,2026-04-21,187370349,255,Sweta Securities Private Limited,Vision Securities Pvt. Ltd,2026-04-21 14:59:49.718441,Prabhu  Bank Limited
2026042101052556,PRVU,25,33,1472,202.9,298668.8,2026-04-21,187370487,255,Sweta Securities Private Limited,Dakshinkali Investment & Securities Pvt. Ltd.,2026-04-21 14:59:52.613337,Prabhu  Bank Limited
2026042101052557,PRVU,3,33,100,202.9,20290.0,2026-04-21,187370489,255,Arun Securities (PVT) Ltd.,Dakshinkali Investment & Securities Pvt. Ltd.,2026-04-21 14:59:52.614409,Prabhu  Bank Limited
2026042101052561,PRVU,14,33,200,202.9,40580.0,2026-04-21,187370501,255,Nepal Stock House (PVT) Ltd.,Dakshinkali Investment & Securities Pvt. Ltd.,2026-04-21 14:59:52.776063,Prabhu  Bank Limited
2026042101052707,PRVU,37,33,50,202.9,10145.0,2026-04-21,187371345,255,Swarna Laxmi Securities Pvt. Ltd.,Dakshinkali Investment & Securities Pvt. Ltd.,2026-04-21 14:59:57.968883,Prabhu  Bank Limited
