contractId,stockSymbol,buyerMemberId,sellerMemberId,quantity,rate,amount,businessDate,tradeBookId,stockId,buyerBrokerName,sellerBrokerName,transaction_time,securityName
2026042104000016,RADHI,34,34,10,759.9,7599.0,2026-04-21,187180578,2776,Vision Securities Pvt. Ltd,Vision Securities Pvt. Ltd,2026-04-21 10:46:00.094620,Radhi Bidyut Company Ltd
2026042104000017,RADHI,37,34,20,759.9,15198.0,2026-04-21,187180579,2776,Swarna Laxmi Securities Pvt. Ltd.,Vision Securities Pvt. Ltd,2026-04-21 10:46:00.094651,Radhi Bidyut Company Ltd
2026042104000200,RADHI,21,33,10,789.0,7890.0,2026-04-21,187185467,2776,Midas Stock Broking Company Private Limited,Dakshinkali Investment & Securities Pvt. Ltd.,2026-04-21 11:05:55.859265,Radhi Bidyut Company Ltd
2026042104000202,RADHI,21,4,33,789.0,26037.0,2026-04-21,187185575,2776,Midas Stock Broking Company Private Limited,Opal Securities Investment (PVT) Ltd.,2026-04-21 11:06:06.862169,Radhi Bidyut Company Ltd
2026042104000576,RADHI,42,58,20,806.0,16120.0,2026-04-21,187192679,2776,Sani Securities Company Ltd.,Naasa Securities Co. Ltd.,2026-04-21 11:14:48.698925,Radhi Bidyut Company Ltd
2026042104000577,RADHI,42,34,480,806.0,386880.0,2026-04-21,187192682,2776,Sani Securities Company Ltd.,Vision Securities Pvt. Ltd,2026-04-21 11:14:48.699091,Radhi Bidyut Company Ltd
2026042104000697,RADHI,62,36,150,804.0,120600.0,2026-04-21,187195576,2776,Capital Max Securities Ltd,Secured Securities Ltd.,2026-04-21 11:18:17.985057,Radhi Bidyut Company Ltd
2026042104000824,RADHI,87,36,50,804.0,40200.0,2026-04-21,187198775,2776,S.P.S.A. Securities Limited,Secured Securities Ltd.,2026-04-21 11:20:49.540745,Radhi Bidyut Company Ltd
2026042104000825,RADHI,87,34,450,804.2,361890.0,2026-04-21,187198778,2776,S.P.S.A. Securities Limited,Vision Securities Pvt. Ltd,2026-04-21 11:20:49.540900,Radhi Bidyut Company Ltd
2026042104000846,RADHI,35,34,70,804.2,56294.0,2026-04-21,187199437,2776,Kohinoor Investment & Securities Pvt. Ltd.,Vision Securities Pvt. Ltd,2026-04-21 11:21:26.704373,Radhi Bidyut Company Ltd
2026042104000847,RADHI,35,39,50,805.8,40290.0,2026-04-21,187199439,2776,Kohinoor Investment & Securities Pvt. Ltd.,Sumeru Securities Pvt. Ltd.,2026-04-21 11:21:26.704440,Radhi Bidyut Company Ltd
2026042104000848,RADHI,35,39,300,805.9,241770.0,2026-04-21,187199441,2776,Kohinoor Investment & Securities Pvt. Ltd.,Sumeru Securities Pvt. Ltd.,2026-04-21 11:21:26.704484,Radhi Bidyut Company Ltd
2026042104000849,RADHI,35,62,50,806.0,40300.0,2026-04-21,187199443,2776,Kohinoor Investment & Securities Pvt. Ltd.,Capital Max Securities Ltd,2026-04-21 11:21:26.704509,Radhi Bidyut Company Ltd
2026042104000850,RADHI,35,50,100,806.9,80690.0,2026-04-21,187199445,2776,Kohinoor Investment & Securities Pvt. Ltd.,Cristal Kanchanjanga Securites Pvt. Ltd.,2026-04-21 11:21:26.704533,Radhi Bidyut Company Ltd
2026042104000851,RADHI,35,38,18,807.0,14526.0,2026-04-21,187199447,2776,Kohinoor Investment & Securities Pvt. Ltd.,Dipshikha Dhitopatra Karobar Co. Pvt Ltd.,2026-04-21 11:21:26.704561,Radhi Bidyut Company Ltd
2026042104000852,RADHI,35,34,110,808.9,88979.0,2026-04-21,187199449,2776,Kohinoor Investment & Securities Pvt. Ltd.,Vision Securities Pvt. Ltd,2026-04-21 11:21:26.704586,Radhi Bidyut Company Ltd
2026042104000853,RADHI,35,41,200,810.0,162000.0,2026-04-21,187199451,2776,Kohinoor Investment & Securities Pvt. Ltd.,Linch Stock Market Ltd.,2026-04-21 11:21:26.704666,Radhi Bidyut Company Ltd
2026042104000854,RADHI,35,57,100,810.0,81000.0,2026-04-21,187199453,2776,Kohinoor Investment & Securities Pvt. Ltd.,Aryatara Investment & Securities,2026-04-21 11:21:26.704696,Radhi Bidyut Company Ltd
2026042104001087,RADHI,42,52,18,808.9,14560.2,2026-04-21,187205468,2776,Sani Securities Company Ltd.,Sundhara Securities Limited,2026-04-21 11:27:08.110242,Radhi Bidyut Company Ltd
2026042104001175,RADHI,42,52,20,808.9,16178.0,2026-04-21,187207472,2776,Sani Securities Company Ltd.,Sundhara Securities Limited,2026-04-21 11:30:13.376793,Radhi Bidyut Company Ltd
2026042104001299,RADHI,58,34,15,808.0,12120.0,2026-04-21,187209738,2776,Naasa Securities Co. Ltd.,Vision Securities Pvt. Ltd,2026-04-21 11:33:37.350876,Radhi Bidyut Company Ltd
2026042104001406,RADHI,34,36,50,807.9,40395.0,2026-04-21,187212242,2776,Vision Securities Pvt. Ltd,Secured Securities Ltd.,2026-04-21 11:37:10.426025,Radhi Bidyut Company Ltd
2026042104001489,RADHI,44,45,47,805.0,37835.0,2026-04-21,187213933,2776,Dynamic Money Managers Securities Pvt. Ltd.,Imperial Securities Company Pvt. Ltd.,2026-04-21 11:39:37.532446,Radhi Bidyut Company Ltd
2026042104001498,RADHI,44,34,226,807.0,182382.0,2026-04-21,187214076,2776,Dynamic Money Managers Securities Pvt. Ltd.,Vision Securities Pvt. Ltd,2026-04-21 11:39:53.401353,Radhi Bidyut Company Ltd
2026042104001706,RADHI,66,58,120,805.1,96612.0,2026-04-21,187217769,2776,Miyo Securities Pvt Ltd,Naasa Securities Co. Ltd.,2026-04-21 11:44:28.154948,Radhi Bidyut Company Ltd
2026042104001724,RADHI,66,34,380,805.1,305938.0,2026-04-21,187217964,2776,Miyo Securities Pvt Ltd,Vision Securities Pvt. Ltd,2026-04-21 11:44:39.788788,Radhi Bidyut Company Ltd
2026042104001725,RADHI,25,34,16,805.0,12880.0,2026-04-21,187217966,2776,Sweta Securities Private Limited,Vision Securities Pvt. Ltd,2026-04-21 11:44:39.789052,Radhi Bidyut Company Ltd
2026042104002701,RADHI,62,14,20,801.3,16026.0,2026-04-21,187231346,2776,Capital Max Securities Ltd,Nepal Stock House (PVT) Ltd.,2026-04-21 12:01:36.610150,Radhi Bidyut Company Ltd
2026042104002712,RADHI,57,14,50,801.2,40060.0,2026-04-21,187231506,2776,Aryatara Investment & Securities,Nepal Stock House (PVT) Ltd.,2026-04-21 12:01:54.724889,Radhi Bidyut Company Ltd
2026042104002713,RADHI,7,14,130,800.1,104013.0,2026-04-21,187231507,2776,J.F. Securites (PVT) Ltd.,Nepal Stock House (PVT) Ltd.,2026-04-21 12:01:54.725280,Radhi Bidyut Company Ltd
2026042104002718,RADHI,7,34,120,800.1,96012.0,2026-04-21,187231574,2776,J.F. Securites (PVT) Ltd.,Vision Securities Pvt. Ltd,2026-04-21 12:02:04.323480,Radhi Bidyut Company Ltd
2026042104002719,RADHI,87,34,200,800.0,160000.0,2026-04-21,187231576,2776,S.P.S.A. Securities Limited,Vision Securities Pvt. Ltd,2026-04-21 12:02:04.323743,Radhi Bidyut Company Ltd
2026042104002720,RADHI,32,34,50,800.0,40000.0,2026-04-21,187231578,2776,Premier Securities Company Ltd.,Vision Securities Pvt. Ltd,2026-04-21 12:02:04.323826,Radhi Bidyut Company Ltd
2026042104002721,RADHI,50,34,499,800.0,399200.0,2026-04-21,187231579,2776,Cristal Kanchanjanga Securites Pvt. Ltd.,Vision Securities Pvt. Ltd,2026-04-21 12:02:04.323905,Radhi Bidyut Company Ltd
2026042104002850,RADHI,58,88,50,800.0,40000.0,2026-04-21,187232918,2776,Naasa Securities Co. Ltd.,Blue Chip Securities Ltd,2026-04-21 12:04:03.558321,Radhi Bidyut Company Ltd
2026042104002851,RADHI,87,88,1000,799.2,799200.0,2026-04-21,187232920,2776,S.P.S.A. Securities Limited,Blue Chip Securities Ltd,2026-04-21 12:04:03.558543,Radhi Bidyut Company Ltd
2026042104002899,RADHI,17,88,10,799.2,7992.0,2026-04-21,187233564,2776,ABC Securities Private Limited,Blue Chip Securities Ltd,2026-04-21 12:05:13.291079,Radhi Bidyut Company Ltd
2026042104003071,RADHI,62,81,500,798.0,399000.0,2026-04-21,187236288,2776,Capital Max Securities Ltd,Aakashbhairab Securities Ltd.,2026-04-21 12:10:20.653359,Radhi Bidyut Company Ltd
2026042104003072,RADHI,49,81,100,798.0,79800.0,2026-04-21,187236289,2776,Online Securities Pvt. Ltd.,Aakashbhairab Securities Ltd.,2026-04-21 12:10:20.653632,Radhi Bidyut Company Ltd
2026042104003765,RADHI,21,58,42,795.3,33402.6,2026-04-21,187244621,2776,Midas Stock Broking Company Private Limited,Naasa Securities Co. Ltd.,2026-04-21 12:27:23.525425,Radhi Bidyut Company Ltd
2026042104004000,RADHI,39,52,100,795.3,79530.0,2026-04-21,187247946,2776,Sumeru Securities Pvt. Ltd.,Sundhara Securities Limited,2026-04-21 12:32:19.400144,Radhi Bidyut Company Ltd
2026042104004001,RADHI,21,52,18,795.3,14315.4,2026-04-21,187247948,2776,Midas Stock Broking Company Private Limited,Sundhara Securities Limited,2026-04-21 12:32:19.400568,Radhi Bidyut Company Ltd
2026042104004002,RADHI,39,52,50,795.2,39760.0,2026-04-21,187247950,2776,Sumeru Securities Pvt. Ltd.,Sundhara Securities Limited,2026-04-21 12:32:19.400827,Radhi Bidyut Company Ltd
2026042104004003,RADHI,87,52,332,795.1,263973.2,2026-04-21,187247951,2776,S.P.S.A. Securities Limited,Sundhara Securities Limited,2026-04-21 12:32:19.401072,Radhi Bidyut Company Ltd
2026042104004432,RADHI,40,58,30,795.3,23859.0,2026-04-21,187252813,2776,Creative Securities Pvt Ltd,Naasa Securities Co. Ltd.,2026-04-21 12:40:57.563520,Radhi Bidyut Company Ltd
2026042104004469,RADHI,40,59,800,795.3,636240.0,2026-04-21,187253227,2776,Creative Securities Pvt Ltd,Deevyaa Securities & Stock House Pvt. Ltd,2026-04-21 12:41:59.095850,Radhi Bidyut Company Ltd
2026042104004592,RADHI,50,33,99,795.5,78754.5,2026-04-21,187254764,2776,Cristal Kanchanjanga Securites Pvt. Ltd.,Dakshinkali Investment & Securities Pvt. Ltd.,2026-04-21 12:45:07.055775,Radhi Bidyut Company Ltd
2026042104004691,RADHI,50,46,1,800.0,800.0,2026-04-21,187256291,2776,Cristal Kanchanjanga Securites Pvt. Ltd.,Kalika Securities Pvt. Ltd.,2026-04-21 12:48:10.841437,Radhi Bidyut Company Ltd
2026042104004778,RADHI,40,59,170,795.3,135201.0,2026-04-21,187257480,2776,Creative Securities Pvt Ltd,Deevyaa Securities & Stock House Pvt. Ltd,2026-04-21 12:50:39.895730,Radhi Bidyut Company Ltd
2026042104004779,RADHI,39,59,100,795.2,79520.0,2026-04-21,187257482,2776,Sumeru Securities Pvt. Ltd.,Deevyaa Securities & Stock House Pvt. Ltd,2026-04-21 12:50:39.896168,Radhi Bidyut Company Ltd
2026042104004780,RADHI,87,59,668,795.1,531126.8,2026-04-21,187257484,2776,S.P.S.A. Securities Limited,Deevyaa Securities & Stock House Pvt. Ltd,2026-04-21 12:50:39.896447,Radhi Bidyut Company Ltd
2026042104004781,RADHI,72,59,500,795.0,397500.0,2026-04-21,187257486,2776,Hatemalo Financial Services Private Limited,Deevyaa Securities & Stock House Pvt. Ltd,2026-04-21 12:50:39.896706,Radhi Bidyut Company Ltd
2026042104004782,RADHI,35,59,50,795.0,39750.0,2026-04-21,187257488,2776,Kohinoor Investment & Securities Pvt. Ltd.,Deevyaa Securities & Stock House Pvt. Ltd,2026-04-21 12:50:39.896955,Radhi Bidyut Company Ltd
2026042104004783,RADHI,101,59,10,795.0,7950.0,2026-04-21,187257490,2776,APPLE SECURITIES PRIVATE LIMITED,Deevyaa Securities & Stock House Pvt. Ltd,2026-04-21 12:50:39.897204,Radhi Bidyut Company Ltd
2026042104004784,RADHI,58,59,80,795.0,63600.0,2026-04-21,187257492,2776,Naasa Securities Co. Ltd.,Deevyaa Securities & Stock House Pvt. Ltd,2026-04-21 12:50:39.897526,Radhi Bidyut Company Ltd
2026042104004785,RADHI,36,59,100,795.0,79500.0,2026-04-21,187257494,2776,Secured Securities Ltd.,Deevyaa Securities & Stock House Pvt. Ltd,2026-04-21 12:50:39.897784,Radhi Bidyut Company Ltd
2026042104004786,RADHI,66,59,500,795.0,397500.0,2026-04-21,187257496,2776,Miyo Securities Pvt Ltd,Deevyaa Securities & Stock House Pvt. Ltd,2026-04-21 12:50:39.898031,Radhi Bidyut Company Ltd
2026042104004787,RADHI,22,59,10,794.1,7941.0,2026-04-21,187257498,2776,Siprabi Securities Pvt. Ltd.,Deevyaa Securities & Stock House Pvt. Ltd,2026-04-21 12:50:39.898280,Radhi Bidyut Company Ltd
2026042104004788,RADHI,75,59,1000,794.0,794000.0,2026-04-21,187257500,2776,N.I.M.B. Stock Markets Limited,Deevyaa Securities & Stock House Pvt. Ltd,2026-04-21 12:50:39.898541,Radhi Bidyut Company Ltd
2026042104004789,RADHI,65,59,2000,793.5,1587000.0,2026-04-21,187257502,2776,Sharepro Securities Private Limited,Deevyaa Securities & Stock House Pvt. Ltd,2026-04-21 12:50:39.898787,Radhi Bidyut Company Ltd
2026042104004790,RADHI,36,59,50,793.4,39670.0,2026-04-21,187257504,2776,Secured Securities Ltd.,Deevyaa Securities & Stock House Pvt. Ltd,2026-04-21 12:50:39.899026,Radhi Bidyut Company Ltd
2026042104004791,RADHI,6,59,20,793.3,15866.0,2026-04-21,187257506,2776,Agrawal Securities (PVT) Ltd.,Deevyaa Securities & Stock House Pvt. Ltd,2026-04-21 12:50:39.899265,Radhi Bidyut Company Ltd
2026042104004792,RADHI,39,59,20,793.3,15866.0,2026-04-21,187257508,2776,Sumeru Securities Pvt. Ltd.,Deevyaa Securities & Stock House Pvt. Ltd,2026-04-21 12:50:39.899508,Radhi Bidyut Company Ltd
2026042104004793,RADHI,16,59,50,793.1,39655.0,2026-04-21,187257510,2776,Primo Securities (PVT) Ltd.,Deevyaa Securities & Stock House Pvt. Ltd,2026-04-21 12:50:39.899785,Radhi Bidyut Company Ltd
2026042104004794,RADHI,74,59,100,793.0,79300.0,2026-04-21,187257512,2776,KALASH STOCK MARKET PVT. LTD.,Deevyaa Securities & Stock House Pvt. Ltd,2026-04-21 12:50:39.900026,Radhi Bidyut Company Ltd
2026042104004795,RADHI,75,59,1000,793.0,793000.0,2026-04-21,187257514,2776,N.I.M.B. Stock Markets Limited,Deevyaa Securities & Stock House Pvt. Ltd,2026-04-21 12:50:39.900251,Radhi Bidyut Company Ltd
2026042104004796,RADHI,58,59,22,793.0,17446.0,2026-04-21,187257516,2776,Naasa Securities Co. Ltd.,Deevyaa Securities & Stock House Pvt. Ltd,2026-04-21 12:50:39.900500,Radhi Bidyut Company Ltd
2026042104004797,RADHI,48,59,20,792.0,15840.0,2026-04-21,187257518,2776,Trishakti Securities Public Limited,Deevyaa Securities & Stock House Pvt. Ltd,2026-04-21 12:50:39.900748,Radhi Bidyut Company Ltd
2026042104004798,RADHI,36,59,150,792.0,118800.0,2026-04-21,187257520,2776,Secured Securities Ltd.,Deevyaa Securities & Stock House Pvt. Ltd,2026-04-21 12:50:39.900992,Radhi Bidyut Company Ltd
2026042104004799,RADHI,17,59,100,791.0,79100.0,2026-04-21,187257522,2776,ABC Securities Private Limited,Deevyaa Securities & Stock House Pvt. Ltd,2026-04-21 12:50:39.901227,Radhi Bidyut Company Ltd
2026042104004800,RADHI,26,59,100,791.0,79100.0,2026-04-21,187257524,2776,Asian Securities Private Ltd.,Deevyaa Securities & Stock House Pvt. Ltd,2026-04-21 12:50:39.901489,Radhi Bidyut Company Ltd
2026042104004801,RADHI,39,59,200,790.1,158020.0,2026-04-21,187257526,2776,Sumeru Securities Pvt. Ltd.,Deevyaa Securities & Stock House Pvt. Ltd,2026-04-21 12:50:39.901723,Radhi Bidyut Company Ltd
2026042104004802,RADHI,36,59,200,790.0,158000.0,2026-04-21,187257528,2776,Secured Securities Ltd.,Deevyaa Securities & Stock House Pvt. Ltd,2026-04-21 12:50:39.901958,Radhi Bidyut Company Ltd
2026042104004803,RADHI,6,59,100,790.0,79000.0,2026-04-21,187257530,2776,Agrawal Securities (PVT) Ltd.,Deevyaa Securities & Stock House Pvt. Ltd,2026-04-21 12:50:39.902189,Radhi Bidyut Company Ltd
2026042104004804,RADHI,50,59,11,790.0,8690.0,2026-04-21,187257532,2776,Cristal Kanchanjanga Securites Pvt. Ltd.,Deevyaa Securities & Stock House Pvt. Ltd,2026-04-21 12:50:39.902435,Radhi Bidyut Company Ltd
2026042104004805,RADHI,101,59,30,790.0,23700.0,2026-04-21,187257534,2776,APPLE SECURITIES PRIVATE LIMITED,Deevyaa Securities & Stock House Pvt. Ltd,2026-04-21 12:50:39.902602,Radhi Bidyut Company Ltd
2026042104004806,RADHI,74,59,100,790.0,79000.0,2026-04-21,187257536,2776,KALASH STOCK MARKET PVT. LTD.,Deevyaa Securities & Stock House Pvt. Ltd,2026-04-21 12:50:39.902685,Radhi Bidyut Company Ltd
2026042104004807,RADHI,34,59,50,790.0,39500.0,2026-04-21,187257538,2776,Vision Securities Pvt. Ltd,Deevyaa Securities & Stock House Pvt. Ltd,2026-04-21 12:50:39.902764,Radhi Bidyut Company Ltd
2026042104004808,RADHI,16,59,200,790.0,158000.0,2026-04-21,187257540,2776,Primo Securities (PVT) Ltd.,Deevyaa Securities & Stock House Pvt. Ltd,2026-04-21 12:50:39.902842,Radhi Bidyut Company Ltd
2026042104004809,RADHI,58,59,20,790.0,15800.0,2026-04-21,187257542,2776,Naasa Securities Co. Ltd.,Deevyaa Securities & Stock House Pvt. Ltd,2026-04-21 12:50:39.902917,Radhi Bidyut Company Ltd
2026042104004810,RADHI,50,59,501,790.0,395790.0,2026-04-21,187257544,2776,Cristal Kanchanjanga Securites Pvt. Ltd.,Deevyaa Securities & Stock House Pvt. Ltd,2026-04-21 12:50:39.902995,Radhi Bidyut Company Ltd
2026042104004811,RADHI,62,59,30,790.0,23700.0,2026-04-21,187257546,2776,Capital Max Securities Ltd,Deevyaa Securities & Stock House Pvt. Ltd,2026-04-21 12:50:39.903071,Radhi Bidyut Company Ltd
2026042104004822,RADHI,75,59,1738,789.8,1372672.4,2026-04-21,187257605,2776,N.I.M.B. Stock Markets Limited,Deevyaa Securities & Stock House Pvt. Ltd,2026-04-21 12:50:49.362976,Radhi Bidyut Company Ltd
2026042104004983,RADHI,75,52,260,799.1,207766.0,2026-04-21,187259649,2776,N.I.M.B. Stock Markets Limited,Sundhara Securities Limited,2026-04-21 12:54:12.720443,Radhi Bidyut Company Ltd
2026042104004984,RADHI,75,88,6740,799.2,5386608.0,2026-04-21,187259652,2776,N.I.M.B. Stock Markets Limited,Blue Chip Securities Ltd,2026-04-21 12:54:12.720678,Radhi Bidyut Company Ltd
2026042104005235,RADHI,62,58,250,799.1,199775.0,2026-04-21,187262230,2776,Capital Max Securities Ltd,Naasa Securities Co. Ltd.,2026-04-21 12:57:55.976512,Radhi Bidyut Company Ltd
2026042104005451,RADHI,25,58,1,790.0,790.0,2026-04-21,187265177,2776,Sweta Securities Private Limited,Naasa Securities Co. Ltd.,2026-04-21 13:03:57.705000,Radhi Bidyut Company Ltd
2026042104005475,RADHI,25,57,1,793.0,793.0,2026-04-21,187265321,2776,Sweta Securities Private Limited,Aryatara Investment & Securities,2026-04-21 13:04:17.577618,Radhi Bidyut Company Ltd
2026042104005692,RADHI,25,51,2,795.0,1590.0,2026-04-21,187271965,2776,Sweta Securities Private Limited,Oxford Securities Pvt. Ltd.,2026-04-21 13:10:47.226571,Radhi Bidyut Company Ltd
2026042104006248,RADHI,74,88,70,799.2,55944.0,2026-04-21,187278218,2776,KALASH STOCK MARKET PVT. LTD.,Blue Chip Securities Ltd,2026-04-21 13:21:53.851976,Radhi Bidyut Company Ltd
2026042104006577,RADHI,36,84,15,800.0,12000.0,2026-04-21,187281874,2776,Secured Securities Ltd.,MILKY WAY SHARE BROKER COMPANY LTD ,2026-04-21 13:28:11.555705,Radhi Bidyut Company Ltd
2026042104006666,RADHI,25,22,1,799.0,799.0,2026-04-21,187283121,2776,Sweta Securities Private Limited,Siprabi Securities Pvt. Ltd.,2026-04-21 13:30:35.726860,Radhi Bidyut Company Ltd
2026042104006766,RADHI,5,58,150,800.0,120000.0,2026-04-21,187284363,2776,Market Securities & Exchange (PVT) Ltd.,Naasa Securities Co. Ltd.,2026-04-21 13:33:17.139714,Radhi Bidyut Company Ltd
2026042104006820,RADHI,5,34,50,800.0,40000.0,2026-04-21,187285065,2776,Market Securities & Exchange (PVT) Ltd.,Vision Securities Pvt. Ltd,2026-04-21 13:34:22.806979,Radhi Bidyut Company Ltd
2026042104006854,RADHI,14,1,10,799.2,7992.0,2026-04-21,187285673,2776,Nepal Stock House (PVT) Ltd.,Kumari Securities Private Limited,2026-04-21 13:35:28.992414,Radhi Bidyut Company Ltd
2026042104007001,RADHI,14,61,290,799.2,231768.0,2026-04-21,187286704,2776,Nepal Stock House (PVT) Ltd.,BHOLE GANESH SECURITIES LTD,2026-04-21 13:37:35.875659,Radhi Bidyut Company Ltd
2026042104007002,RADHI,81,61,580,794.5,460810.0,2026-04-21,187286706,2776,Aakashbhairab Securities Ltd.,BHOLE GANESH SECURITIES LTD,2026-04-21 13:37:35.875931,Radhi Bidyut Company Ltd
2026042104007003,RADHI,35,61,20,794.4,15888.0,2026-04-21,187286709,2776,Kohinoor Investment & Securities Pvt. Ltd.,BHOLE GANESH SECURITIES LTD,2026-04-21 13:37:35.876056,Radhi Bidyut Company Ltd
2026042104007004,RADHI,74,61,90,794.3,71487.0,2026-04-21,187286713,2776,KALASH STOCK MARKET PVT. LTD.,BHOLE GANESH SECURITIES LTD,2026-04-21 13:37:35.876153,Radhi Bidyut Company Ltd
2026042104007005,RADHI,50,61,100,794.0,79400.0,2026-04-21,187286716,2776,Cristal Kanchanjanga Securites Pvt. Ltd.,BHOLE GANESH SECURITIES LTD,2026-04-21 13:37:35.876249,Radhi Bidyut Company Ltd
2026042104007006,RADHI,45,61,410,793.0,325130.0,2026-04-21,187286717,2776,Imperial Securities Company Pvt. Ltd.,BHOLE GANESH SECURITIES LTD,2026-04-21 13:37:35.876361,Radhi Bidyut Company Ltd
2026042104007015,RADHI,45,61,10,793.0,7930.0,2026-04-21,187286887,2776,Imperial Securities Company Pvt. Ltd.,BHOLE GANESH SECURITIES LTD,2026-04-21 13:37:55.461168,Radhi Bidyut Company Ltd
2026042104007057,RADHI,75,77,500,793.1,396550.0,2026-04-21,187287302,2776,N.I.M.B. Stock Markets Limited,Nabil Stock Dealer Ltd.,2026-04-21 13:38:43.723259,Radhi Bidyut Company Ltd
2026042104007058,RADHI,45,77,80,793.0,63440.0,2026-04-21,187287304,2776,Imperial Securities Company Pvt. Ltd.,Nabil Stock Dealer Ltd.,2026-04-21 13:38:43.723512,Radhi Bidyut Company Ltd
2026042104007059,RADHI,34,77,400,792.7,317080.0,2026-04-21,187287308,2776,Vision Securities Pvt. Ltd,Nabil Stock Dealer Ltd.,2026-04-21 13:38:43.723610,Radhi Bidyut Company Ltd
2026042104007060,RADHI,50,77,100,792.6,79260.0,2026-04-21,187287310,2776,Cristal Kanchanjanga Securites Pvt. Ltd.,Nabil Stock Dealer Ltd.,2026-04-21 13:38:43.723706,Radhi Bidyut Company Ltd
2026042104007061,RADHI,21,77,500,792.5,396250.0,2026-04-21,187287312,2776,Midas Stock Broking Company Private Limited,Nabil Stock Dealer Ltd.,2026-04-21 13:38:43.723800,Radhi Bidyut Company Ltd
2026042104007062,RADHI,16,77,100,792.4,79240.0,2026-04-21,187287314,2776,Primo Securities (PVT) Ltd.,Nabil Stock Dealer Ltd.,2026-04-21 13:38:43.723893,Radhi Bidyut Company Ltd
2026042104007063,RADHI,14,77,2000,792.4,1584800.0,2026-04-21,187287316,2776,Nepal Stock House (PVT) Ltd.,Nabil Stock Dealer Ltd.,2026-04-21 13:38:43.724304,Radhi Bidyut Company Ltd
2026042104007064,RADHI,85,77,2000,792.2,1584400.0,2026-04-21,187287318,2776,Capital Hub P. Ltd,Nabil Stock Dealer Ltd.,2026-04-21 13:38:43.724607,Radhi Bidyut Company Ltd
2026042104007065,RADHI,62,77,250,792.0,198000.0,2026-04-21,187287320,2776,Capital Max Securities Ltd,Nabil Stock Dealer Ltd.,2026-04-21 13:38:43.724879,Radhi Bidyut Company Ltd
2026042104007066,RADHI,19,77,150,792.0,118800.0,2026-04-21,187287322,2776,Nepal Investment And Securities Trading Private Limited,Nabil Stock Dealer Ltd.,2026-04-21 13:38:43.725144,Radhi Bidyut Company Ltd
2026042104007067,RADHI,39,77,500,791.5,395750.0,2026-04-21,187287324,2776,Sumeru Securities Pvt. Ltd.,Nabil Stock Dealer Ltd.,2026-04-21 13:38:43.725419,Radhi Bidyut Company Ltd
2026042104007068,RADHI,81,77,1000,791.5,791500.0,2026-04-21,187287326,2776,Aakashbhairab Securities Ltd.,Nabil Stock Dealer Ltd.,2026-04-21 13:38:43.725711,Radhi Bidyut Company Ltd
2026042104007069,RADHI,6,77,500,791.5,395750.0,2026-04-21,187287328,2776,Agrawal Securities (PVT) Ltd.,Nabil Stock Dealer Ltd.,2026-04-21 13:38:43.725982,Radhi Bidyut Company Ltd
2026042104007070,RADHI,39,77,100,791.3,79130.0,2026-04-21,187287330,2776,Sumeru Securities Pvt. Ltd.,Nabil Stock Dealer Ltd.,2026-04-21 13:38:43.726250,Radhi Bidyut Company Ltd
2026042104007071,RADHI,21,77,40,791.2,31648.0,2026-04-21,187287332,2776,Midas Stock Broking Company Private Limited,Nabil Stock Dealer Ltd.,2026-04-21 13:38:43.726566,Radhi Bidyut Company Ltd
2026042104007072,RADHI,62,77,500,791.1,395550.0,2026-04-21,187287334,2776,Capital Max Securities Ltd,Nabil Stock Dealer Ltd.,2026-04-21 13:38:43.726837,Radhi Bidyut Company Ltd
2026042104007073,RADHI,11,77,100,791.0,79100.0,2026-04-21,187287336,2776,Malla & Malla Stock Broking Company Pvt. Limited,Nabil Stock Dealer Ltd.,2026-04-21 13:38:43.727117,Radhi Bidyut Company Ltd
2026042104007074,RADHI,66,77,1180,790.3,932554.0,2026-04-21,187287337,2776,Miyo Securities Pvt Ltd,Nabil Stock Dealer Ltd.,2026-04-21 13:38:43.727436,Radhi Bidyut Company Ltd
2026042104007237,RADHI,6,22,100,802.0,80200.0,2026-04-21,187288799,2776,Agrawal Securities (PVT) Ltd.,Siprabi Securities Pvt. Ltd.,2026-04-21 13:41:05.896078,Radhi Bidyut Company Ltd
2026042104007251,RADHI,6,50,20,802.0,16040.0,2026-04-21,187289065,2776,Agrawal Securities (PVT) Ltd.,Cristal Kanchanjanga Securites Pvt. Ltd.,2026-04-21 13:41:25.327470,Radhi Bidyut Company Ltd
2026042104007329,RADHI,40,14,500,791.0,395500.0,2026-04-21,187290160,2776,Creative Securities Pvt Ltd,Nepal Stock House (PVT) Ltd.,2026-04-21 13:43:31.586108,Radhi Bidyut Company Ltd
2026042104007330,RADHI,39,14,100,790.5,79050.0,2026-04-21,187290162,2776,Sumeru Securities Pvt. Ltd.,Nepal Stock House (PVT) Ltd.,2026-04-21 13:43:31.586595,Radhi Bidyut Company Ltd
2026042104007331,RADHI,5,14,100,790.4,79040.0,2026-04-21,187290164,2776,Market Securities & Exchange (PVT) Ltd.,Nepal Stock House (PVT) Ltd.,2026-04-21 13:43:31.586866,Radhi Bidyut Company Ltd
2026042104007332,RADHI,6,14,100,790.4,79040.0,2026-04-21,187290166,2776,Agrawal Securities (PVT) Ltd.,Nepal Stock House (PVT) Ltd.,2026-04-21 13:43:31.587136,Radhi Bidyut Company Ltd
2026042104007333,RADHI,34,14,30,790.4,23712.0,2026-04-21,187290168,2776,Vision Securities Pvt. Ltd,Nepal Stock House (PVT) Ltd.,2026-04-21 13:43:31.587410,Radhi Bidyut Company Ltd
2026042104007334,RADHI,66,14,820,790.3,648046.0,2026-04-21,187290170,2776,Miyo Securities Pvt Ltd,Nepal Stock House (PVT) Ltd.,2026-04-21 13:43:31.587677,Radhi Bidyut Company Ltd
2026042104007335,RADHI,39,14,30,790.3,23709.0,2026-04-21,187290172,2776,Sumeru Securities Pvt. Ltd.,Nepal Stock House (PVT) Ltd.,2026-04-21 13:43:31.587940,Radhi Bidyut Company Ltd
2026042104007336,RADHI,87,14,1000,790.2,790200.0,2026-04-21,187290174,2776,S.P.S.A. Securities Limited,Nepal Stock House (PVT) Ltd.,2026-04-21 13:43:31.588228,Radhi Bidyut Company Ltd
2026042104007337,RADHI,65,14,1830,790.1,1445883.0,2026-04-21,187290175,2776,Sharepro Securities Private Limited,Nepal Stock House (PVT) Ltd.,2026-04-21 13:43:31.588504,Radhi Bidyut Company Ltd
2026042104007366,RADHI,6,16,100,801.9,80190.0,2026-04-21,187290611,2776,Agrawal Securities (PVT) Ltd.,Primo Securities (PVT) Ltd.,2026-04-21 13:44:13.197944,Radhi Bidyut Company Ltd
2026042104007384,RADHI,6,50,20,801.9,16038.0,2026-04-21,187290789,2776,Agrawal Securities (PVT) Ltd.,Cristal Kanchanjanga Securites Pvt. Ltd.,2026-04-21 13:44:40.342453,Radhi Bidyut Company Ltd
2026042104007462,RADHI,25,51,2,790.0,1580.0,2026-04-21,187291635,2776,Sweta Securities Private Limited,Oxford Securities Pvt. Ltd.,2026-04-21 13:46:30.155463,Radhi Bidyut Company Ltd
2026042104007541,RADHI,25,61,2,790.5,1581.0,2026-04-21,187292997,2776,Sweta Securities Private Limited,BHOLE GANESH SECURITIES LTD,2026-04-21 13:49:05.290025,Radhi Bidyut Company Ltd
2026042104008011,RADHI,57,50,46,800.0,36800.0,2026-04-21,187299561,2776,Aryatara Investment & Securities,Cristal Kanchanjanga Securites Pvt. Ltd.,2026-04-21 14:00:18.622709,Radhi Bidyut Company Ltd
2026042104008151,RADHI,45,39,20,800.0,16000.0,2026-04-21,187301623,2776,Imperial Securities Company Pvt. Ltd.,Sumeru Securities Pvt. Ltd.,2026-04-21 14:03:48.544936,Radhi Bidyut Company Ltd
2026042104008152,RADHI,45,26,20,800.0,16000.0,2026-04-21,187301638,2776,Imperial Securities Company Pvt. Ltd.,Asian Securities Private Ltd.,2026-04-21 14:03:49.916594,Radhi Bidyut Company Ltd
2026042104008467,RADHI,25,59,4,776.0,3104.0,2026-04-21,187305697,2776,Sweta Securities Private Limited,Deevyaa Securities & Stock House Pvt. Ltd,2026-04-21 14:10:02.373324,Radhi Bidyut Company Ltd
2026042104008898,RADHI,25,77,6,792.0,4752.0,2026-04-21,187309891,2776,Sweta Securities Private Limited,Nabil Stock Dealer Ltd.,2026-04-21 14:16:32.351649,Radhi Bidyut Company Ltd
2026042104009022,RADHI,21,26,187,800.0,149600.0,2026-04-21,187311092,2776,Midas Stock Broking Company Private Limited,Asian Securities Private Ltd.,2026-04-21 14:18:12.101266,Radhi Bidyut Company Ltd
2026042104010116,RADHI,58,35,20,795.0,15900.0,2026-04-21,187319396,2776,Naasa Securities Co. Ltd.,Kohinoor Investment & Securities Pvt. Ltd.,2026-04-21 14:26:14.653499,Radhi Bidyut Company Ltd
2026042104010117,RADHI,32,35,18,793.0,14274.0,2026-04-21,187319397,2776,Premier Securities Company Ltd.,Kohinoor Investment & Securities Pvt. Ltd.,2026-04-21 14:26:14.653596,Radhi Bidyut Company Ltd
2026042104011982,RADHI,25,6,1,792.0,792.0,2026-04-21,187333705,2776,Sweta Securities Private Limited,Agrawal Securities (PVT) Ltd.,2026-04-21 14:39:39.449870,Radhi Bidyut Company Ltd
2026042104012094,RADHI,49,46,24,794.0,19056.0,2026-04-21,187334958,2776,Online Securities Pvt. Ltd.,Kalika Securities Pvt. Ltd.,2026-04-21 14:40:52.270512,Radhi Bidyut Company Ltd
2026042104012095,RADHI,58,46,76,794.0,60344.0,2026-04-21,187334959,2776,Naasa Securities Co. Ltd.,Kalika Securities Pvt. Ltd.,2026-04-21 14:40:52.271010,Radhi Bidyut Company Ltd
2026042104012249,RADHI,58,81,900,794.0,714600.0,2026-04-21,187336457,2776,Naasa Securities Co. Ltd.,Aakashbhairab Securities Ltd.,2026-04-21 14:41:59.969650,Radhi Bidyut Company Ltd
2026042104013192,RADHI,58,43,24,794.5,19068.0,2026-04-21,187343602,2776,Naasa Securities Co. Ltd.,South Asian Bulls Pvt. Ltd.,2026-04-21 14:46:31.684798,Radhi Bidyut Company Ltd
2026042104013193,RADHI,58,43,60,793.1,47586.0,2026-04-21,187343604,2776,Naasa Securities Co. Ltd.,South Asian Bulls Pvt. Ltd.,2026-04-21 14:46:31.685038,Radhi Bidyut Company Ltd
2026042104013194,RADHI,29,43,500,793.1,396550.0,2026-04-21,187343606,2776,Trisul Securities & Invt. Ltd.,South Asian Bulls Pvt. Ltd.,2026-04-21 14:46:31.685145,Radhi Bidyut Company Ltd
2026042104013195,RADHI,32,43,12,793.0,9516.0,2026-04-21,187343608,2776,Premier Securities Company Ltd.,South Asian Bulls Pvt. Ltd.,2026-04-21 14:46:31.685280,Radhi Bidyut Company Ltd
2026042104013196,RADHI,39,43,200,793.0,158600.0,2026-04-21,187343610,2776,Sumeru Securities Pvt. Ltd.,South Asian Bulls Pvt. Ltd.,2026-04-21 14:46:31.685405,Radhi Bidyut Company Ltd
2026042104013378,RADHI,16,99,42,792.9,33301.8,2026-04-21,187345339,2776,Primo Securities (PVT) Ltd.,Prabhu Stock Market Limited,2026-04-21 14:47:44.127472,Radhi Bidyut Company Ltd
2026042104013743,RADHI,16,81,58,792.9,45988.2,2026-04-21,187347960,2776,Primo Securities (PVT) Ltd.,Aakashbhairab Securities Ltd.,2026-04-21 14:49:17.800925,Radhi Bidyut Company Ltd
2026042104013744,RADHI,16,81,20,792.8,15856.0,2026-04-21,187347962,2776,Primo Securities (PVT) Ltd.,Aakashbhairab Securities Ltd.,2026-04-21 14:49:17.801427,Radhi Bidyut Company Ltd
2026042104013745,RADHI,5,81,100,792.8,79280.0,2026-04-21,187347964,2776,Market Securities & Exchange (PVT) Ltd.,Aakashbhairab Securities Ltd.,2026-04-21 14:49:17.801730,Radhi Bidyut Company Ltd
2026042104013746,RADHI,11,81,200,792.5,158500.0,2026-04-21,187347966,2776,Malla & Malla Stock Broking Company Pvt. Limited,Aakashbhairab Securities Ltd.,2026-04-21 14:49:17.802032,Radhi Bidyut Company Ltd
2026042104013747,RADHI,39,81,100,792.1,79210.0,2026-04-21,187347968,2776,Sumeru Securities Pvt. Ltd.,Aakashbhairab Securities Ltd.,2026-04-21 14:49:17.802353,Radhi Bidyut Company Ltd
2026042104013748,RADHI,66,81,22,792.0,17424.0,2026-04-21,187347969,2776,Miyo Securities Pvt Ltd,Aakashbhairab Securities Ltd.,2026-04-21 14:49:17.802649,Radhi Bidyut Company Ltd
2026042104014253,RADHI,34,43,20,792.0,15840.0,2026-04-21,187351304,2776,Vision Securities Pvt. Ltd,South Asian Bulls Pvt. Ltd.,2026-04-21 14:51:09.739350,Radhi Bidyut Company Ltd
2026042104014254,RADHI,81,43,300,792.0,237600.0,2026-04-21,187351306,2776,Aakashbhairab Securities Ltd.,South Asian Bulls Pvt. Ltd.,2026-04-21 14:51:09.739621,Radhi Bidyut Company Ltd
2026042104014289,RADHI,18,21,500,791.1,395550.0,2026-04-21,187351505,2776,Sagarmatha Securities Private Limited,Midas Stock Broking Company Private Limited,2026-04-21 14:51:17.009379,Radhi Bidyut Company Ltd
2026042104014323,RADHI,49,43,20,791.0,15820.0,2026-04-21,187351822,2776,Online Securities Pvt. Ltd.,South Asian Bulls Pvt. Ltd.,2026-04-21 14:51:30.138035,Radhi Bidyut Company Ltd
2026042104014324,RADHI,50,43,54,790.7,42697.8,2026-04-21,187351823,2776,Cristal Kanchanjanga Securites Pvt. Ltd.,South Asian Bulls Pvt. Ltd.,2026-04-21 14:51:30.138297,Radhi Bidyut Company Ltd
2026042104014523,RADHI,36,26,100,791.5,79150.0,2026-04-21,187353460,2776,Secured Securities Ltd.,Asian Securities Private Ltd.,2026-04-21 14:52:34.685726,Radhi Bidyut Company Ltd
2026042104014524,RADHI,50,26,46,790.7,36372.2,2026-04-21,187353462,2776,Cristal Kanchanjanga Securites Pvt. Ltd.,Asian Securities Private Ltd.,2026-04-21 14:52:34.685766,Radhi Bidyut Company Ltd
2026042104014525,RADHI,34,26,47,790.7,37162.9,2026-04-21,187353463,2776,Vision Securities Pvt. Ltd,Asian Securities Private Ltd.,2026-04-21 14:52:34.685789,Radhi Bidyut Company Ltd
2026042104014563,RADHI,65,34,400,792.9,317160.0,2026-04-21,187353866,2776,Sharepro Securities Private Limited,Vision Securities Pvt. Ltd,2026-04-21 14:52:46.589734,Radhi Bidyut Company Ltd
2026042104015277,RADHI,34,8,23,792.9,18236.7,2026-04-21,187359184,2776,Vision Securities Pvt. Ltd,Brilliant Securities Pvt. Ltd.,2026-04-21 14:55:48.999295,Radhi Bidyut Company Ltd
2026042104015278,RADHI,44,8,50,792.0,39600.0,2026-04-21,187359186,2776,Dynamic Money Managers Securities Pvt. Ltd.,Brilliant Securities Pvt. Ltd.,2026-04-21 14:55:48.999551,Radhi Bidyut Company Ltd
2026042104015388,RADHI,74,1,50,790.5,39525.0,2026-04-21,187360232,2776,KALASH STOCK MARKET PVT. LTD.,Kumari Securities Private Limited,2026-04-21 14:56:20.140989,Radhi Bidyut Company Ltd
2026042104015446,RADHI,5,8,100,790.4,79040.0,2026-04-21,187360660,2776,Market Securities & Exchange (PVT) Ltd.,Brilliant Securities Pvt. Ltd.,2026-04-21 14:56:33.050433,Radhi Bidyut Company Ltd
2026042104015447,RADHI,39,8,100,790.3,79030.0,2026-04-21,187360662,2776,Sumeru Securities Pvt. Ltd.,Brilliant Securities Pvt. Ltd.,2026-04-21 14:56:33.050649,Radhi Bidyut Company Ltd
2026042104015448,RADHI,38,8,50,790.3,39515.0,2026-04-21,187360664,2776,Dipshikha Dhitopatra Karobar Co. Pvt Ltd.,Brilliant Securities Pvt. Ltd.,2026-04-21 14:56:33.050751,Radhi Bidyut Company Ltd
2026042104015449,RADHI,58,8,10,790.3,7903.0,2026-04-21,187360666,2776,Naasa Securities Co. Ltd.,Brilliant Securities Pvt. Ltd.,2026-04-21 14:56:33.050848,Radhi Bidyut Company Ltd
2026042104015450,RADHI,39,8,100,790.2,79020.0,2026-04-21,187360668,2776,Sumeru Securities Pvt. Ltd.,Brilliant Securities Pvt. Ltd.,2026-04-21 14:56:33.050943,Radhi Bidyut Company Ltd
2026042104015451,RADHI,66,8,62,790.2,48992.4,2026-04-21,187360669,2776,Miyo Securities Pvt Ltd,Brilliant Securities Pvt. Ltd.,2026-04-21 14:56:33.051045,Radhi Bidyut Company Ltd
2026042104015499,RADHI,66,81,1938,790.2,1531407.6,2026-04-21,187361050,2776,Miyo Securities Pvt Ltd,Aakashbhairab Securities Ltd.,2026-04-21 14:56:41.733772,Radhi Bidyut Company Ltd
2026042104015500,RADHI,65,81,170,790.1,134317.0,2026-04-21,187361052,2776,Sharepro Securities Private Limited,Aakashbhairab Securities Ltd.,2026-04-21 14:56:41.734010,Radhi Bidyut Company Ltd
2026042104015501,RADHI,36,81,150,790.1,118515.0,2026-04-21,187361054,2776,Secured Securities Ltd.,Aakashbhairab Securities Ltd.,2026-04-21 14:56:41.734108,Radhi Bidyut Company Ltd
2026042104015521,RADHI,42,34,375,790.0,296250.0,2026-04-21,187361214,2776,Sani Securities Company Ltd.,Vision Securities Pvt. Ltd,2026-04-21 14:56:46.561242,Radhi Bidyut Company Ltd
2026042104015522,RADHI,45,34,100,790.0,79000.0,2026-04-21,187361216,2776,Imperial Securities Company Pvt. Ltd.,Vision Securities Pvt. Ltd,2026-04-21 14:56:46.561723,Radhi Bidyut Company Ltd
2026042104015523,RADHI,39,34,200,790.0,158000.0,2026-04-21,187361218,2776,Sumeru Securities Pvt. Ltd.,Vision Securities Pvt. Ltd,2026-04-21 14:56:46.562014,Radhi Bidyut Company Ltd
2026042104015524,RADHI,44,34,100,790.0,79000.0,2026-04-21,187361220,2776,Dynamic Money Managers Securities Pvt. Ltd.,Vision Securities Pvt. Ltd,2026-04-21 14:56:46.562286,Radhi Bidyut Company Ltd
2026042104015525,RADHI,1,34,200,790.0,158000.0,2026-04-21,187361222,2776,Kumari Securities Private Limited,Vision Securities Pvt. Ltd,2026-04-21 14:56:46.562582,Radhi Bidyut Company Ltd
2026042104015526,RADHI,58,34,20,790.0,15800.0,2026-04-21,187361224,2776,Naasa Securities Co. Ltd.,Vision Securities Pvt. Ltd,2026-04-21 14:56:46.562852,Radhi Bidyut Company Ltd
2026042104015527,RADHI,74,34,50,790.0,39500.0,2026-04-21,187361226,2776,KALASH STOCK MARKET PVT. LTD.,Vision Securities Pvt. Ltd,2026-04-21 14:56:46.563119,Radhi Bidyut Company Ltd
2026042104015528,RADHI,57,34,50,790.0,39500.0,2026-04-21,187361228,2776,Aryatara Investment & Securities,Vision Securities Pvt. Ltd,2026-04-21 14:56:46.563406,Radhi Bidyut Company Ltd
2026042104015529,RADHI,63,34,150,790.0,118500.0,2026-04-21,187361230,2776,Himalayan Brokerage Company Limited,Vision Securities Pvt. Ltd,2026-04-21 14:56:46.563682,Radhi Bidyut Company Ltd
2026042104015615,RADHI,21,1,157,789.0,123873.0,2026-04-21,187362038,2776,Midas Stock Broking Company Private Limited,Kumari Securities Private Limited,2026-04-21 14:57:08.985328,Radhi Bidyut Company Ltd
2026042104015616,RADHI,44,1,55,789.0,43395.0,2026-04-21,187362040,2776,Dynamic Money Managers Securities Pvt. Ltd.,Kumari Securities Private Limited,2026-04-21 14:57:08.985570,Radhi Bidyut Company Ltd
2026042104015617,RADHI,75,1,262,789.0,206718.0,2026-04-21,187362042,2776,N.I.M.B. Stock Markets Limited,Kumari Securities Private Limited,2026-04-21 14:57:08.985674,Radhi Bidyut Company Ltd
2026042104015618,RADHI,43,1,76,789.0,59964.0,2026-04-21,187362043,2776,South Asian Bulls Pvt. Ltd.,Kumari Securities Private Limited,2026-04-21 14:57:08.985773,Radhi Bidyut Company Ltd
2026042104015677,RADHI,43,32,124,789.0,97836.0,2026-04-21,187362580,2776,South Asian Bulls Pvt. Ltd.,Premier Securities Company Ltd.,2026-04-21 14:57:22.844960,Radhi Bidyut Company Ltd
2026042104015780,RADHI,75,32,376,789.0,296664.0,2026-04-21,187363279,2776,N.I.M.B. Stock Markets Limited,Premier Securities Company Ltd.,2026-04-21 14:57:37.447461,Radhi Bidyut Company Ltd
2026042104015781,RADHI,75,25,200,789.0,157800.0,2026-04-21,187363281,2776,N.I.M.B. Stock Markets Limited,Sweta Securities Private Limited,2026-04-21 14:57:37.447906,Radhi Bidyut Company Ltd
2026042104015782,RADHI,75,34,424,790.0,334960.0,2026-04-21,187363284,2776,N.I.M.B. Stock Markets Limited,Vision Securities Pvt. Ltd,2026-04-21 14:57:37.448206,Radhi Bidyut Company Ltd
2026042104015850,RADHI,38,34,200,790.0,158000.0,2026-04-21,187363750,2776,Dipshikha Dhitopatra Karobar Co. Pvt Ltd.,Vision Securities Pvt. Ltd,2026-04-21 14:57:48.573353,Radhi Bidyut Company Ltd
2026042104015979,RADHI,28,34,26,790.0,20540.0,2026-04-21,187364854,2776,Shree Krishna Securities Ltd.,Vision Securities Pvt. Ltd,2026-04-21 14:58:14.624431,Radhi Bidyut Company Ltd
2026042104016016,RADHI,17,34,100,790.0,79000.0,2026-04-21,187365016,2776,ABC Securities Private Limited,Vision Securities Pvt. Ltd,2026-04-21 14:58:19.362335,Radhi Bidyut Company Ltd
2026042104016121,RADHI,5,88,20,790.0,15800.0,2026-04-21,187365956,2776,Market Securities & Exchange (PVT) Ltd.,Blue Chip Securities Ltd,2026-04-21 14:58:40.068057,Radhi Bidyut Company Ltd
2026042104016147,RADHI,36,88,10,790.0,7900.0,2026-04-21,187366144,2776,Secured Securities Ltd.,Blue Chip Securities Ltd,2026-04-21 14:58:45.593018,Radhi Bidyut Company Ltd
2026042104016202,RADHI,79,22,10,789.0,7890.0,2026-04-21,187366482,2776,pahiinvestment,Siprabi Securities Pvt. Ltd.,2026-04-21 14:58:53.653478,Radhi Bidyut Company Ltd
2026042104016203,RADHI,62,22,10,789.0,7890.0,2026-04-21,187366484,2776,Capital Max Securities Ltd,Siprabi Securities Pvt. Ltd.,2026-04-21 14:58:53.653538,Radhi Bidyut Company Ltd
2026042104016204,RADHI,7,22,100,788.0,78800.0,2026-04-21,187366486,2776,J.F. Securites (PVT) Ltd.,Siprabi Securities Pvt. Ltd.,2026-04-21 14:58:53.653568,Radhi Bidyut Company Ltd
2026042104016205,RADHI,58,22,472,788.0,371936.0,2026-04-21,187366487,2776,Naasa Securities Co. Ltd.,Siprabi Securities Pvt. Ltd.,2026-04-21 14:58:53.653597,Radhi Bidyut Company Ltd
2026042104016207,RADHI,17,88,100,790.0,79000.0,2026-04-21,187366502,2776,ABC Securities Private Limited,Blue Chip Securities Ltd,2026-04-21 14:58:54.270133,Radhi Bidyut Company Ltd
2026042104016398,RADHI,58,13,28,788.0,22064.0,2026-04-21,187368210,2776,Naasa Securities Co. Ltd.,Thrive Brokerage House Pvt. Ltd,2026-04-21 14:59:24.181878,Radhi Bidyut Company Ltd
2026042104016399,RADHI,65,13,296,787.2,233011.2,2026-04-21,187368211,2776,Sharepro Securities Private Limited,Thrive Brokerage House Pvt. Ltd,2026-04-21 14:59:24.182129,Radhi Bidyut Company Ltd
2026042104016567,RADHI,33,88,70,790.0,55300.0,2026-04-21,187369033,2776,Dakshinkali Investment & Securities Pvt. Ltd.,Blue Chip Securities Ltd,2026-04-21 14:59:33.369174,Radhi Bidyut Company Ltd
2026042104016568,RADHI,33,28,10,790.2,7902.0,2026-04-21,187369036,2776,Dakshinkali Investment & Securities Pvt. Ltd.,Shree Krishna Securities Ltd.,2026-04-21 14:59:33.369405,Radhi Bidyut Company Ltd
2026042104016654,RADHI,39,28,490,790.2,387198.0,2026-04-21,187369531,2776,Sumeru Securities Pvt. Ltd.,Shree Krishna Securities Ltd.,2026-04-21 14:59:40.700917,Radhi Bidyut Company Ltd
2026042104016672,RADHI,39,38,100,791.0,79100.0,2026-04-21,187369709,2776,Sumeru Securities Pvt. Ltd.,Dipshikha Dhitopatra Karobar Co. Pvt Ltd.,2026-04-21 14:59:42.377583,Radhi Bidyut Company Ltd
2026042104016764,RADHI,33,38,10,792.0,7920.0,2026-04-21,187370509,2776,Dakshinkali Investment & Securities Pvt. Ltd.,Dipshikha Dhitopatra Karobar Co. Pvt Ltd.,2026-04-21 14:59:51.856067,Radhi Bidyut Company Ltd
2026042104016875,RADHI,33,38,32,792.0,25344.0,2026-04-21,187371876,2776,Dakshinkali Investment & Securities Pvt. Ltd.,Dipshikha Dhitopatra Karobar Co. Pvt Ltd.,2026-04-21 14:59:59.365258,Radhi Bidyut Company Ltd
2026042104016876,RADHI,33,50,10,794.0,7940.0,2026-04-21,187371882,2776,Dakshinkali Investment & Securities Pvt. Ltd.,Cristal Kanchanjanga Securites Pvt. Ltd.,2026-04-21 14:59:59.365477,Radhi Bidyut Company Ltd
