contract_id,symbol,buyer_member_id,seller_member_id,volume,price,amount,buyer_broker,seller_broker,transaction_time
2026042104000172,SHL,56,48,200,505.1,101020.0,Sri Hari Securities Pvt. Ltd.,Trishakti Securities Public Limited,2026-04-21 11:04:53.392782
2026042104000486,SHL,21,8,500,505.0,252500.0,Midas Stock Broking Company Private Limited,Brilliant Securities Pvt. Ltd.,2026-04-21 11:12:32.445782
2026042104000693,SHL,45,52,276,503.1,138855.6,Imperial Securities Company Pvt. Ltd.,Sundhara Securities Limited,2026-04-21 11:18:09.710660
2026042104001892,SHL,43,44,100,509.0,50900.0,South Asian Bulls Pvt. Ltd.,Dynamic Money Managers Securities Pvt. Ltd.,2026-04-21 11:47:54.263492
2026042104001893,SHL,43,44,200,509.5,101900.0,South Asian Bulls Pvt. Ltd.,Dynamic Money Managers Securities Pvt. Ltd.,2026-04-21 11:47:54.263745
2026042104001894,SHL,43,35,500,509.9,254950.0,South Asian Bulls Pvt. Ltd.,Kohinoor Investment & Securities Pvt. Ltd.,2026-04-21 11:47:54.263895
2026042104001895,SHL,43,77,200,509.9,101980.0,South Asian Bulls Pvt. Ltd.,Nabil Stock Dealer Ltd.,2026-04-21 11:47:54.264106
2026042104001910,SHL,43,77,300,509.9,152970.0,South Asian Bulls Pvt. Ltd.,Nabil Stock Dealer Ltd.,2026-04-21 11:48:09.919435
2026042104002178,SHL,71,66,250,509.8,127450.0,SHUBHAKAMANA SECURITIES PVT. LTD,Miyo Securities Pvt Ltd,2026-04-21 11:53:20.719989
2026042104002604,SHL,65,26,167,507.1,84685.7,Sharepro Securities Private Limited,Asian Securities Private Ltd.,2026-04-21 11:59:25.293577
2026042104002674,SHL,43,67,109,507.0,55263.0,South Asian Bulls Pvt. Ltd.,Property Wiard Limited,2026-04-21 12:01:01.671110
2026042104002973,SHL,65,43,164,506.2,83016.8,Sharepro Securities Private Limited,South Asian Bulls Pvt. Ltd.,2026-04-21 12:07:11.804905
2026042104003046,SHL,14,49,10,510.0,5100.0,Nepal Stock House (PVT) Ltd.,Online Securities Pvt. Ltd.,2026-04-21 12:09:27.183932
2026042104003113,SHL,65,22,190,506.2,96178.0,Sharepro Securities Private Limited,Siprabi Securities Pvt. Ltd.,2026-04-21 12:11:14.646062
2026042104003292,SHL,71,4,115,507.0,58305.0,SHUBHAKAMANA SECURITIES PVT. LTD,Opal Securities Investment (PVT) Ltd.,2026-04-21 12:16:26.545761
2026042104003300,SHL,71,39,300,507.0,152100.0,SHUBHAKAMANA SECURITIES PVT. LTD,Sumeru Securities Pvt. Ltd.,2026-04-21 12:16:38.232407
2026042104003398,SHL,66,39,7,500.7,3504.9,Miyo Securities Pvt Ltd,Sumeru Securities Pvt. Ltd.,2026-04-21 12:18:52.165950
2026042104003406,SHL,71,6,300,507.0,152100.0,SHUBHAKAMANA SECURITIES PVT. LTD,Agrawal Securities (PVT) Ltd.,2026-04-21 12:19:11.003375
2026042104003448,SHL,1,45,1,500.0,500.0,Kumari Securities Private Limited,Imperial Securities Company Pvt. Ltd.,2026-04-21 12:20:42.847439
2026042104003489,SHL,1,48,4,500.0,2000.0,Kumari Securities Private Limited,Trishakti Securities Public Limited,2026-04-21 12:21:39.839443
2026042104003686,SHL,71,35,285,507.0,144495.0,SHUBHAKAMANA SECURITIES PVT. LTD,Kohinoor Investment & Securities Pvt. Ltd.,2026-04-21 12:25:03.437595
2026042104003687,SHL,65,35,646,506.2,327005.2,Sharepro Securities Private Limited,Kohinoor Investment & Securities Pvt. Ltd.,2026-04-21 12:25:03.437852
2026042104003688,SHL,71,35,250,506.1,126525.0,SHUBHAKAMANA SECURITIES PVT. LTD,Kohinoor Investment & Securities Pvt. Ltd.,2026-04-21 12:25:03.438026
2026042104003689,SHL,17,35,819,506.0,414414.0,ABC Securities Private Limited,Kohinoor Investment & Securities Pvt. Ltd.,2026-04-21 12:25:03.438186
2026042104003780,SHL,3,60,8,509.8,4078.4,Arun Securities (PVT) Ltd.,Nagarik Stock Dealer ,2026-04-21 12:28:03.422287
2026042104003786,SHL,58,60,8,509.0,4072.0,Naasa Securities Co. Ltd.,Nagarik Stock Dealer ,2026-04-21 12:28:11.997289
2026042104003831,SHL,34,66,100,506.1,50610.0,Vision Securities Pvt. Ltd,Miyo Securities Pvt Ltd,2026-04-21 12:29:04.177057
2026042104003832,SHL,17,66,181,506.0,91586.0,ABC Securities Private Limited,Miyo Securities Pvt Ltd,2026-04-21 12:29:04.177357
2026042104003846,SHL,56,66,500,505.8,252900.0,Sri Hari Securities Pvt. Ltd.,Miyo Securities Pvt Ltd,2026-04-21 12:29:13.406234
2026042104003923,SHL,53,6,100,505.8,50580.0,Investment Management Nepal Pvt. Ltd.,Agrawal Securities (PVT) Ltd.,2026-04-21 12:30:55.708408
2026042104003924,SHL,65,6,100,505.7,50570.0,Sharepro Securities Private Limited,Agrawal Securities (PVT) Ltd.,2026-04-21 12:30:55.708578
2026042104004330,SHL,16,62,500,505.6,252800.0,Primo Securities (PVT) Ltd.,Capital Max Securities Ltd,2026-04-21 12:39:01.946702
2026042104004331,SHL,17,62,150,505.6,75840.0,ABC Securities Private Limited,Capital Max Securities Ltd,2026-04-21 12:39:01.946988
2026042104004354,SHL,49,62,200,505.3,101060.0,Online Securities Pvt. Ltd.,Capital Max Securities Ltd,2026-04-21 12:39:33.484237
2026042104004377,SHL,14,62,300,505.0,151500.0,Nepal Stock House (PVT) Ltd.,Capital Max Securities Ltd,2026-04-21 12:40:09.236587
2026042104004704,SHL,58,34,100,505.2,50520.0,Naasa Securities Co. Ltd.,Vision Securities Pvt. Ltd,2026-04-21 12:48:40.771560
2026042104004756,SHL,45,17,100,507.9,50790.0,Imperial Securities Company Pvt. Ltd.,ABC Securities Private Limited,2026-04-21 12:49:49.683698
2026042104005305,SHL,32,39,15,506.0,7590.0,Premier Securities Company Ltd.,Sumeru Securities Pvt. Ltd.,2026-04-21 12:59:19.397660
2026042104005330,SHL,58,25,330,505.2,166716.0,Naasa Securities Co. Ltd.,Sweta Securities Private Limited,2026-04-21 13:00:44.089993
2026042104005343,SHL,58,25,100,505.1,50510.0,Naasa Securities Co. Ltd.,Sweta Securities Private Limited,2026-04-21 13:00:53.583845
2026042104005381,SHL,58,33,100,505.1,50510.0,Naasa Securities Co. Ltd.,Dakshinkali Investment & Securities Pvt. Ltd.,2026-04-21 13:01:55.422028
2026042104005587,SHL,58,3,300,505.1,151530.0,Naasa Securities Co. Ltd.,Arun Securities (PVT) Ltd.,2026-04-21 13:07:18.572685
2026042104005588,SHL,45,3,100,505.1,50510.0,Imperial Securities Company Pvt. Ltd.,Arun Securities (PVT) Ltd.,2026-04-21 13:07:18.572976
2026042104006106,SHL,58,38,100,507.8,50780.0,Naasa Securities Co. Ltd.,Dipshikha Dhitopatra Karobar Co. Pvt Ltd.,2026-04-21 13:18:51.681793
2026042104006107,SHL,58,17,360,507.9,182844.0,Naasa Securities Co. Ltd.,ABC Securities Private Limited,2026-04-21 13:18:51.682092
2026042104006108,SHL,58,32,140,508.0,71120.0,Naasa Securities Co. Ltd.,Premier Securities Company Ltd.,2026-04-21 13:18:51.682271
2026042104006423,SHL,65,63,500,505.8,252900.0,Sharepro Securities Private Limited,Himalayan Brokerage Company Limited,2026-04-21 13:25:41.746681
2026042104006589,SHL,58,39,300,507.0,152100.0,Naasa Securities Co. Ltd.,Sumeru Securities Pvt. Ltd.,2026-04-21 13:28:28.936187
2026042104006644,SHL,58,13,1,503.0,503.0,Naasa Securities Co. Ltd.,Thrive Brokerage House Pvt. Ltd,2026-04-21 13:30:14.236434
2026042104006707,SHL,56,39,131,507.0,66417.0,Sri Hari Securities Pvt. Ltd.,Sumeru Securities Pvt. Ltd.,2026-04-21 13:31:38.799522
2026042104006842,SHL,65,25,300,505.8,151740.0,Sharepro Securities Private Limited,Sweta Securities Private Limited,2026-04-21 13:35:02.177814
2026042104006843,SHL,14,25,1200,505.6,606720.0,Nepal Stock House (PVT) Ltd.,Sweta Securities Private Limited,2026-04-21 13:35:02.178000
2026042104006852,SHL,17,48,50,505.6,25280.0,ABC Securities Private Limited,Trishakti Securities Public Limited,2026-04-21 13:35:27.813102
2026042104006920,SHL,65,48,33,507.1,16734.3,Sharepro Securities Private Limited,Trishakti Securities Public Limited,2026-04-21 13:36:37.838915
2026042104007600,SHL,46,10,196,508.0,99568.0,Kalika Securities Pvt. Ltd.,Pragyan Securities (PVT) Ltd.,2026-04-21 13:50:40.136650
2026042104007624,SHL,56,10,104,508.0,52832.0,Sri Hari Securities Pvt. Ltd.,Pragyan Securities (PVT) Ltd.,2026-04-21 13:51:39.231060
2026042104007625,SHL,56,34,196,508.0,99568.0,Sri Hari Securities Pvt. Ltd.,Vision Securities Pvt. Ltd,2026-04-21 13:51:39.231372
2026042104007875,SHL,57,34,100,508.0,50800.0,Aryatara Investment & Securities,Vision Securities Pvt. Ltd,2026-04-21 13:57:38.585978
2026042104007953,SHL,45,3,50,505.7,25285.0,Imperial Securities Company Pvt. Ltd.,Arun Securities (PVT) Ltd.,2026-04-21 13:59:21.027419
2026042104007971,SHL,45,6,12,505.0,6060.0,Imperial Securities Company Pvt. Ltd.,Agrawal Securities (PVT) Ltd.,2026-04-21 13:59:47.855154
2026042104008399,SHL,48,94,100,507.0,50700.0,Trishakti Securities Public Limited,K.B.L. Securities Limited ,2026-04-21 14:08:41.228481
2026042104008503,SHL,58,35,101,506.0,51106.0,Naasa Securities Co. Ltd.,Kohinoor Investment & Securities Pvt. Ltd.,2026-04-21 14:10:48.715556
2026042104008915,SHL,42,33,175,506.0,88550.0,Sani Securities Company Ltd.,Dakshinkali Investment & Securities Pvt. Ltd.,2026-04-21 14:16:41.663169
2026042104009165,SHL,42,38,225,506.0,113850.0,Sani Securities Company Ltd.,Dipshikha Dhitopatra Karobar Co. Pvt Ltd.,2026-04-21 14:19:43.162528
2026042104009449,SHL,49,29,332,506.0,167992.0,Online Securities Pvt. Ltd.,Trisul Securities & Invt. Ltd.,2026-04-21 14:21:42.055500
2026042104009484,SHL,49,94,168,506.0,85008.0,Online Securities Pvt. Ltd.,K.B.L. Securities Limited ,2026-04-21 14:22:01.087087
2026042104009618,SHL,44,42,100,505.8,50580.0,Dynamic Money Managers Securities Pvt. Ltd.,Sani Securities Company Ltd.,2026-04-21 14:23:25.299164
2026042104009619,SHL,65,42,720,505.7,364104.0,Sharepro Securities Private Limited,Sani Securities Company Ltd.,2026-04-21 14:23:25.299338
2026042104009739,SHL,65,45,280,505.7,141596.0,Sharepro Securities Private Limited,Imperial Securities Company Pvt. Ltd.,2026-04-21 14:24:32.762807
2026042104009740,SHL,36,45,720,505.7,364104.0,Secured Securities Ltd.,Imperial Securities Company Pvt. Ltd.,2026-04-21 14:24:32.763094
2026042104010038,SHL,36,63,230,505.7,116311.0,Secured Securities Ltd.,Himalayan Brokerage Company Limited,2026-04-21 14:25:45.431123
2026042104010039,SHL,14,63,270,505.6,136512.0,Nepal Stock House (PVT) Ltd.,Himalayan Brokerage Company Limited,2026-04-21 14:25:45.431277
2026042104010070,SHL,44,38,20,515.0,10300.0,Dynamic Money Managers Securities Pvt. Ltd.,Dipshikha Dhitopatra Karobar Co. Pvt Ltd.,2026-04-21 14:25:48.282213
2026042104010131,SHL,58,38,5,505.0,2525.0,Naasa Securities Co. Ltd.,Dipshikha Dhitopatra Karobar Co. Pvt Ltd.,2026-04-21 14:26:19.434609
2026042104010190,SHL,81,94,232,506.0,117392.0,Aakashbhairab Securities Ltd.,K.B.L. Securities Limited ,2026-04-21 14:26:48.919572
2026042104010473,SHL,81,58,180,505.7,91026.0,Aakashbhairab Securities Ltd.,Naasa Securities Co. Ltd.,2026-04-21 14:28:26.908613
2026042104010510,SHL,59,58,100,506.0,50600.0,Deevyaa Securities & Stock House Pvt. Ltd,Naasa Securities Co. Ltd.,2026-04-21 14:28:43.090956
2026042104010511,SHL,14,58,1100,505.6,556160.0,Nepal Stock House (PVT) Ltd.,Naasa Securities Co. Ltd.,2026-04-21 14:28:43.091118
2026042104010936,SHL,81,34,161,508.0,81788.0,Aakashbhairab Securities Ltd.,Vision Securities Pvt. Ltd,2026-04-21 14:30:53.633431
2026042104011074,SHL,81,25,127,508.0,64516.0,Aakashbhairab Securities Ltd.,Sweta Securities Private Limited,2026-04-21 14:31:59.595083
2026042104011312,SHL,45,44,15,504.0,7560.0,Imperial Securities Company Pvt. Ltd.,Dynamic Money Managers Securities Pvt. Ltd.,2026-04-21 14:33:58.914502
2026042104012442,SHL,14,94,3425,506.0,1733050.0,Nepal Stock House (PVT) Ltd.,K.B.L. Securities Limited ,2026-04-21 14:42:51.262239
2026042104012611,SHL,14,72,250,506.0,126500.0,Nepal Stock House (PVT) Ltd.,Hatemalo Financial Services Private Limited,2026-04-21 14:43:38.715955
2026042104012746,SHL,14,48,100,506.0,50600.0,Nepal Stock House (PVT) Ltd.,Trishakti Securities Public Limited,2026-04-21 14:44:28.708188
2026042104012884,SHL,70,35,100,506.1,50610.0,Infinity Securities Limited,Kohinoor Investment & Securities Pvt. Ltd.,2026-04-21 14:45:07.435281
2026042104012885,SHL,70,58,100,506.1,50610.0,Infinity Securities Limited,Naasa Securities Co. Ltd.,2026-04-21 14:45:07.611923
2026042104012988,SHL,70,35,100,506.1,50610.0,Infinity Securities Limited,Kohinoor Investment & Securities Pvt. Ltd.,2026-04-21 14:45:32.108397
2026042104013179,SHL,70,101,200,506.1,101220.0,Infinity Securities Limited,APPLE SECURITIES PRIVATE LIMITED,2026-04-21 14:46:27.428798
2026042104013180,SHL,58,101,300,505.7,151710.0,Naasa Securities Co. Ltd.,APPLE SECURITIES PRIVATE LIMITED,2026-04-21 14:46:27.428977
2026042104013353,SHL,39,42,100,507.9,50790.0,Sumeru Securities Pvt. Ltd.,Sani Securities Company Ltd.,2026-04-21 14:47:37.013047
2026042104013574,SHL,29,56,7,506.0,3542.0,Trisul Securities & Invt. Ltd.,Sri Hari Securities Pvt. Ltd.,2026-04-21 14:48:38.359161
2026042104013931,SHL,29,38,3,506.0,1518.0,Trisul Securities & Invt. Ltd.,Dipshikha Dhitopatra Karobar Co. Pvt Ltd.,2026-04-21 14:49:50.008269
2026042104014005,SHL,29,6,2,506.0,1012.0,Trisul Securities & Invt. Ltd.,Agrawal Securities (PVT) Ltd.,2026-04-21 14:50:08.377273
2026042104014035,SHL,62,72,100,507.0,50700.0,Capital Max Securities Ltd,Hatemalo Financial Services Private Limited,2026-04-21 14:50:10.559410
2026042104014145,SHL,58,59,100,506.0,50600.0,Naasa Securities Co. Ltd.,Deevyaa Securities & Stock House Pvt. Ltd,2026-04-21 14:50:36.745158
2026042104014146,SHL,11,59,100,506.0,50600.0,Malla & Malla Stock Broking Company Pvt. Limited,Deevyaa Securities & Stock House Pvt. Ltd,2026-04-21 14:50:36.745492
2026042104014381,SHL,29,49,5,507.0,2535.0,Trisul Securities & Invt. Ltd.,Online Securities Pvt. Ltd.,2026-04-21 14:51:52.610026
2026042104014426,SHL,58,34,200,505.7,101140.0,Naasa Securities Co. Ltd.,Vision Securities Pvt. Ltd,2026-04-21 14:52:17.755021
2026042104014427,SHL,43,48,100,505.5,50550.0,South Asian Bulls Pvt. Ltd.,Trishakti Securities Public Limited,2026-04-21 14:52:17.984985
2026042104014428,SHL,28,48,100,505.5,50550.0,Shree Krishna Securities Ltd.,Trishakti Securities Public Limited,2026-04-21 14:52:17.985050
2026042104014429,SHL,45,48,200,505.0,101000.0,Imperial Securities Company Pvt. Ltd.,Trishakti Securities Public Limited,2026-04-21 14:52:17.985083
2026042104014430,SHL,33,48,100,505.0,50500.0,Dakshinkali Investment & Securities Pvt. Ltd.,Trishakti Securities Public Limited,2026-04-21 14:52:17.985111
2026042104014431,SHL,22,48,100,505.0,50500.0,Siprabi Securities Pvt. Ltd.,Trishakti Securities Public Limited,2026-04-21 14:52:17.985136
2026042104014432,SHL,49,48,500,505.0,252500.0,Online Securities Pvt. Ltd.,Trishakti Securities Public Limited,2026-04-21 14:52:17.985161
2026042104014433,SHL,16,48,500,504.7,252350.0,Primo Securities (PVT) Ltd.,Trishakti Securities Public Limited,2026-04-21 14:52:17.985187
2026042104014434,SHL,45,48,200,504.5,100900.0,Imperial Securities Company Pvt. Ltd.,Trishakti Securities Public Limited,2026-04-21 14:52:17.985215
2026042104014435,SHL,16,48,1000,504.1,504100.0,Primo Securities (PVT) Ltd.,Trishakti Securities Public Limited,2026-04-21 14:52:17.985256
2026042104014436,SHL,57,48,100,504.0,50400.0,Aryatara Investment & Securities,Trishakti Securities Public Limited,2026-04-21 14:52:17.985288
2026042104014437,SHL,17,48,100,504.0,50400.0,ABC Securities Private Limited,Trishakti Securities Public Limited,2026-04-21 14:52:17.985325
2026042104014438,SHL,4,48,1000,504.0,504000.0,Opal Securities Investment (PVT) Ltd.,Trishakti Securities Public Limited,2026-04-21 14:52:17.985350
2026042104014498,SHL,14,42,600,506.9,304140.0,Nepal Stock House (PVT) Ltd.,Sani Securities Company Ltd.,2026-04-21 14:52:29.683551
2026042104014499,SHL,14,72,245,507.0,124215.0,Nepal Stock House (PVT) Ltd.,Hatemalo Financial Services Private Limited,2026-04-21 14:52:29.683665
2026042104014500,SHL,14,81,2300,507.0,1166100.0,Nepal Stock House (PVT) Ltd.,Aakashbhairab Securities Ltd.,2026-04-21 14:52:29.683742
2026042104014501,SHL,14,99,555,507.0,281385.0,Nepal Stock House (PVT) Ltd.,Prabhu Stock Market Limited,2026-04-21 14:52:29.683814
2026042104015723,SHL,58,53,200,506.0,101200.0,Naasa Securities Co. Ltd.,Investment Management Nepal Pvt. Ltd.,2026-04-21 14:57:30.057471
2026042104016038,SHL,50,19,100,503.5,50350.0,Cristal Kanchanjanga Securites Pvt. Ltd.,Nepal Investment And Securities Trading Private Limited,2026-04-21 14:58:26.511684
2026042104016039,SHL,58,19,100,503.4,50340.0,Naasa Securities Co. Ltd.,Nepal Investment And Securities Trading Private Limited,2026-04-21 14:58:26.511833
2026042104016040,SHL,50,19,250,503.4,125850.0,Cristal Kanchanjanga Securites Pvt. Ltd.,Nepal Investment And Securities Trading Private Limited,2026-04-21 14:58:26.511899
2026042104016041,SHL,32,19,119,503.4,59904.6,Premier Securities Company Ltd.,Nepal Investment And Securities Trading Private Limited,2026-04-21 14:58:26.511955
2026042104016042,SHL,1,19,200,503.3,100660.0,Kumari Securities Private Limited,Nepal Investment And Securities Trading Private Limited,2026-04-21 14:58:26.512015
2026042104016043,SHL,44,19,231,503.3,116262.3,Dynamic Money Managers Securities Pvt. Ltd.,Nepal Investment And Securities Trading Private Limited,2026-04-21 14:58:26.512072
2026042104016418,SHL,58,39,200,506.8,101360.0,Naasa Securities Co. Ltd.,Sumeru Securities Pvt. Ltd.,2026-04-21 14:59:25.775668
2026042104016721,SHL,29,59,14,503.2,7044.8,Trisul Securities & Invt. Ltd.,Deevyaa Securities & Stock House Pvt. Ltd,2026-04-21 14:59:47.426746
2026042104016722,SHL,58,39,200,506.9,101380.0,Naasa Securities Co. Ltd.,Sumeru Securities Pvt. Ltd.,2026-04-21 14:59:47.481815
