contractId,stockSymbol,buyerMemberId,sellerMemberId,quantity,rate,amount,businessDate,tradeBookId,stockId,buyerBrokerName,sellerBrokerName,transaction_time,securityName
2026042104000026,SJCL,86,38,40,310.0,12400.0,2026-04-21,187180627,2842,Stoxkarts Securities Limited,Dipshikha Dhitopatra Karobar Co. Pvt Ltd.,2026-04-21 10:46:00.122227,SANJEN JALAVIDHYUT COMPANY LIMITED
2026042104000179,SJCL,6,42,100,312.0,31200.0,2026-04-21,187184943,2842,Agrawal Securities (PVT) Ltd.,Sani Securities Company Ltd.,2026-04-21 11:05:14.351398,SANJEN JALAVIDHYUT COMPANY LIMITED
2026042104000212,SJCL,58,45,26,313.0,8138.0,2026-04-21,187185894,2842,Naasa Securities Co. Ltd.,Imperial Securities Company Pvt. Ltd.,2026-04-21 11:06:31.570074,SANJEN JALAVIDHYUT COMPANY LIMITED
2026042104000213,SJCL,16,45,14,312.0,4368.0,2026-04-21,187185895,2842,Primo Securities (PVT) Ltd.,Imperial Securities Company Pvt. Ltd.,2026-04-21 11:06:31.570178,SANJEN JALAVIDHYUT COMPANY LIMITED
2026042104000299,SJCL,6,44,10,317.9,3179.0,2026-04-21,187188026,2842,Agrawal Securities (PVT) Ltd.,Dynamic Money Managers Securities Pvt. Ltd.,2026-04-21 11:08:53.263292,SANJEN JALAVIDHYUT COMPANY LIMITED
2026042104000376,SJCL,86,44,130,317.9,41327.0,2026-04-21,187189138,2842,Stoxkarts Securities Limited,Dynamic Money Managers Securities Pvt. Ltd.,2026-04-21 11:10:17.605181,SANJEN JALAVIDHYUT COMPANY LIMITED
2026042104001444,SJCL,51,21,50,312.5,15625.0,2026-04-21,187213061,2842,Oxford Securities Pvt. Ltd.,Midas Stock Broking Company Private Limited,2026-04-21 11:38:23.203639,SANJEN JALAVIDHYUT COMPANY LIMITED
2026042104001471,SJCL,51,17,50,313.0,15650.0,2026-04-21,187213714,2842,Oxford Securities Pvt. Ltd.,ABC Securities Private Limited,2026-04-21 11:39:16.295791,SANJEN JALAVIDHYUT COMPANY LIMITED
2026042104001472,SJCL,45,17,450,312.5,140625.0,2026-04-21,187213715,2842,Imperial Securities Company Pvt. Ltd.,ABC Securities Private Limited,2026-04-21 11:39:16.295888,SANJEN JALAVIDHYUT COMPANY LIMITED
2026042104001526,SJCL,45,8,110,312.5,34375.0,2026-04-21,187214607,2842,Imperial Securities Company Pvt. Ltd.,Brilliant Securities Pvt. Ltd.,2026-04-21 11:40:43.377558,SANJEN JALAVIDHYUT COMPANY LIMITED
2026042104001589,SJCL,45,57,74,312.5,23125.0,2026-04-21,187216118,2842,Imperial Securities Company Pvt. Ltd.,Aryatara Investment & Securities,2026-04-21 11:42:37.229775,SANJEN JALAVIDHYUT COMPANY LIMITED
2026042104001590,SJCL,6,57,100,312.1,31210.0,2026-04-21,187216120,2842,Agrawal Securities (PVT) Ltd.,Aryatara Investment & Securities,2026-04-21 11:42:37.230007,SANJEN JALAVIDHYUT COMPANY LIMITED
2026042104001591,SJCL,16,57,86,312.0,26832.0,2026-04-21,187216122,2842,Primo Securities (PVT) Ltd.,Aryatara Investment & Securities,2026-04-21 11:42:37.230137,SANJEN JALAVIDHYUT COMPANY LIMITED
2026042104001592,SJCL,58,57,200,312.0,62400.0,2026-04-21,187216124,2842,Naasa Securities Co. Ltd.,Aryatara Investment & Securities,2026-04-21 11:42:37.230256,SANJEN JALAVIDHYUT COMPANY LIMITED
2026042104001609,SJCL,49,6,40,311.1,12444.0,2026-04-21,187216535,2842,Online Securities Pvt. Ltd.,Agrawal Securities (PVT) Ltd.,2026-04-21 11:42:55.075507,SANJEN JALAVIDHYUT COMPANY LIMITED
2026042104001700,SJCL,11,49,100,311.2,31120.0,2026-04-21,187217729,2842,Malla & Malla Stock Broking Company Pvt. Limited,Online Securities Pvt. Ltd.,2026-04-21 11:44:25.660424,SANJEN JALAVIDHYUT COMPANY LIMITED
2026042104001842,SJCL,58,57,40,312.0,12480.0,2026-04-21,187219999,2842,Naasa Securities Co. Ltd.,Aryatara Investment & Securities,2026-04-21 11:47:00.910782,SANJEN JALAVIDHYUT COMPANY LIMITED
2026042104001843,SJCL,58,57,460,312.0,143520.0,2026-04-21,187220002,2842,Naasa Securities Co. Ltd.,Aryatara Investment & Securities,2026-04-21 11:47:00.911010,SANJEN JALAVIDHYUT COMPANY LIMITED
2026042104001872,SJCL,26,57,40,312.0,12480.0,2026-04-21,187220441,2842,Asian Securities Private Ltd.,Aryatara Investment & Securities,2026-04-21 11:47:39.287510,SANJEN JALAVIDHYUT COMPANY LIMITED
2026042104001873,SJCL,26,45,20,312.0,6240.0,2026-04-21,187220443,2842,Asian Securities Private Ltd.,Imperial Securities Company Pvt. Ltd.,2026-04-21 11:47:39.287743,SANJEN JALAVIDHYUT COMPANY LIMITED
2026042104001874,SJCL,26,51,10,312.1,3121.0,2026-04-21,187220446,2842,Asian Securities Private Ltd.,Oxford Securities Pvt. Ltd.,2026-04-21 11:47:39.287879,SANJEN JALAVIDHYUT COMPANY LIMITED
2026042104001980,SJCL,89,34,10,312.0,3120.0,2026-04-21,187221797,2842,Global IME Securities Limited,Vision Securities Pvt. Ltd,2026-04-21 11:49:14.430213,SANJEN JALAVIDHYUT COMPANY LIMITED
2026042104002158,SJCL,26,21,30,312.1,9363.0,2026-04-21,187224704,2842,Asian Securities Private Ltd.,Midas Stock Broking Company Private Limited,2026-04-21 11:53:04.296811,SANJEN JALAVIDHYUT COMPANY LIMITED
2026042104002159,SJCL,89,21,47,312.0,14664.0,2026-04-21,187224706,2842,Global IME Securities Limited,Midas Stock Broking Company Private Limited,2026-04-21 11:53:04.296956,SANJEN JALAVIDHYUT COMPANY LIMITED
2026042104002160,SJCL,49,21,23,312.0,7176.0,2026-04-21,187224707,2842,Online Securities Pvt. Ltd.,Midas Stock Broking Company Private Limited,2026-04-21 11:53:04.297002,SANJEN JALAVIDHYUT COMPANY LIMITED
2026042104002623,SJCL,6,57,40,311.6,12464.0,2026-04-21,187230177,2842,Agrawal Securities (PVT) Ltd.,Aryatara Investment & Securities,2026-04-21 11:59:49.099385,SANJEN JALAVIDHYUT COMPANY LIMITED
2026042104002656,SJCL,5,58,10,311.7,3117.0,2026-04-21,187230755,2842,Market Securities & Exchange (PVT) Ltd.,Naasa Securities Co. Ltd.,2026-04-21 12:00:37.174378,SANJEN JALAVIDHYUT COMPANY LIMITED
2026042104002725,SJCL,58,8,50,312.0,15600.0,2026-04-21,187231698,2842,Naasa Securities Co. Ltd.,Brilliant Securities Pvt. Ltd.,2026-04-21 12:02:16.351628,SANJEN JALAVIDHYUT COMPANY LIMITED
2026042104002747,SJCL,5,34,10,311.7,3117.0,2026-04-21,187231933,2842,Market Securities & Exchange (PVT) Ltd.,Vision Securities Pvt. Ltd,2026-04-21 12:02:36.860714,SANJEN JALAVIDHYUT COMPANY LIMITED
2026042104002798,SJCL,26,47,20,312.0,6240.0,2026-04-21,187232274,2842,Asian Securities Private Ltd.,Neev Securities Pvt. Ltd.,2026-04-21 12:03:02.639217,SANJEN JALAVIDHYUT COMPANY LIMITED
2026042104002855,SJCL,5,50,30,311.7,9351.0,2026-04-21,187232988,2842,Market Securities & Exchange (PVT) Ltd.,Cristal Kanchanjanga Securites Pvt. Ltd.,2026-04-21 12:04:09.540357,SANJEN JALAVIDHYUT COMPANY LIMITED
2026042104002856,SJCL,6,50,148,311.6,46116.8,2026-04-21,187232989,2842,Agrawal Securities (PVT) Ltd.,Cristal Kanchanjanga Securites Pvt. Ltd.,2026-04-21 12:04:09.540414,SANJEN JALAVIDHYUT COMPANY LIMITED
2026042104003066,SJCL,6,14,12,311.6,3739.2,2026-04-21,187236222,2842,Agrawal Securities (PVT) Ltd.,Nepal Stock House (PVT) Ltd.,2026-04-21 12:10:11.995404,SANJEN JALAVIDHYUT COMPANY LIMITED
2026042104003067,SJCL,28,14,28,311.6,8724.8,2026-04-21,187236223,2842,Shree Krishna Securities Ltd.,Nepal Stock House (PVT) Ltd.,2026-04-21 12:10:11.995625,SANJEN JALAVIDHYUT COMPANY LIMITED
2026042104003118,SJCL,28,48,40,311.6,12464.0,2026-04-21,187236921,2842,Shree Krishna Securities Ltd.,Trishakti Securities Public Limited,2026-04-21 12:11:17.390011,SANJEN JALAVIDHYUT COMPANY LIMITED
2026042104003424,SJCL,51,25,50,312.0,15600.0,2026-04-21,187240965,2842,Oxford Securities Pvt. Ltd.,Sweta Securities Private Limited,2026-04-21 12:19:49.429473,SANJEN JALAVIDHYUT COMPANY LIMITED
2026042104003500,SJCL,28,63,30,312.5,9375.0,2026-04-21,187242091,2842,Shree Krishna Securities Ltd.,Himalayan Brokerage Company Limited,2026-04-21 12:21:57.354481,SANJEN JALAVIDHYUT COMPANY LIMITED
2026042104003568,SJCL,67,83,30,312.1,9363.0,2026-04-21,187242607,2842,Property Wiard Limited,Sanima Securities Limited,2026-04-21 12:23:01.984298,SANJEN JALAVIDHYUT COMPANY LIMITED
2026042104003629,SJCL,25,38,20,312.9,6258.0,2026-04-21,187243072,2842,Sweta Securities Private Limited,Dipshikha Dhitopatra Karobar Co. Pvt Ltd.,2026-04-21 12:23:59.289731,SANJEN JALAVIDHYUT COMPANY LIMITED
2026042104003797,SJCL,51,58,40,312.2,12488.0,2026-04-21,187245121,2842,Oxford Securities Pvt. Ltd.,Naasa Securities Co. Ltd.,2026-04-21 12:28:16.382374,SANJEN JALAVIDHYUT COMPANY LIMITED
2026042104003881,SJCL,51,34,30,312.2,9366.0,2026-04-21,187246251,2842,Oxford Securities Pvt. Ltd.,Vision Securities Pvt. Ltd,2026-04-21 12:30:04.892154,SANJEN JALAVIDHYUT COMPANY LIMITED
2026042104004027,SJCL,51,45,20,312.2,6244.0,2026-04-21,187248135,2842,Oxford Securities Pvt. Ltd.,Imperial Securities Company Pvt. Ltd.,2026-04-21 12:32:40.506548,SANJEN JALAVIDHYUT COMPANY LIMITED
2026042104004082,SJCL,6,41,20,313.0,6260.0,2026-04-21,187248711,2842,Agrawal Securities (PVT) Ltd.,Linch Stock Market Ltd.,2026-04-21 12:33:38.281920,SANJEN JALAVIDHYUT COMPANY LIMITED
2026042104004083,SJCL,6,35,20,313.0,6260.0,2026-04-21,187248713,2842,Agrawal Securities (PVT) Ltd.,Kohinoor Investment & Securities Pvt. Ltd.,2026-04-21 12:33:38.282019,SANJEN JALAVIDHYUT COMPANY LIMITED
2026042104004084,SJCL,6,7,10,314.0,3140.0,2026-04-21,187248715,2842,Agrawal Securities (PVT) Ltd.,J.F. Securites (PVT) Ltd.,2026-04-21 12:33:38.282097,SANJEN JALAVIDHYUT COMPANY LIMITED
2026042104004085,SJCL,6,41,40,314.0,12560.0,2026-04-21,187248717,2842,Agrawal Securities (PVT) Ltd.,Linch Stock Market Ltd.,2026-04-21 12:33:38.282191,SANJEN JALAVIDHYUT COMPANY LIMITED
2026042104004086,SJCL,6,22,10,315.0,3150.0,2026-04-21,187248720,2842,Agrawal Securities (PVT) Ltd.,Siprabi Securities Pvt. Ltd.,2026-04-21 12:33:38.282263,SANJEN JALAVIDHYUT COMPANY LIMITED
2026042104004217,SJCL,6,29,20,312.3,6246.0,2026-04-21,187250637,2842,Agrawal Securities (PVT) Ltd.,Trisul Securities & Invt. Ltd.,2026-04-21 12:36:48.223430,SANJEN JALAVIDHYUT COMPANY LIMITED
2026042104004218,SJCL,6,89,100,312.3,31230.0,2026-04-21,187250649,2842,Agrawal Securities (PVT) Ltd.,Global IME Securities Limited,2026-04-21 12:36:50.294512,SANJEN JALAVIDHYUT COMPANY LIMITED
2026042104004270,SJCL,6,89,30,312.3,9369.0,2026-04-21,187251290,2842,Agrawal Securities (PVT) Ltd.,Global IME Securities Limited,2026-04-21 12:38:07.006081,SANJEN JALAVIDHYUT COMPANY LIMITED
2026042104004271,SJCL,51,89,70,312.2,21854.0,2026-04-21,187251291,2842,Oxford Securities Pvt. Ltd.,Global IME Securities Limited,2026-04-21 12:38:07.006184,SANJEN JALAVIDHYUT COMPANY LIMITED
2026042104004361,SJCL,4,57,20,312.3,6246.0,2026-04-21,187252103,2842,Opal Securities Investment (PVT) Ltd.,Aryatara Investment & Securities,2026-04-21 12:39:47.623836,SANJEN JALAVIDHYUT COMPANY LIMITED
2026042104004672,SJCL,4,77,100,312.3,31230.0,2026-04-21,187256069,2842,Opal Securities Investment (PVT) Ltd.,Nabil Stock Dealer Ltd.,2026-04-21 12:47:32.200440,SANJEN JALAVIDHYUT COMPANY LIMITED
2026042104004766,SJCL,4,13,40,312.3,12492.0,2026-04-21,187257251,2842,Opal Securities Investment (PVT) Ltd.,Thrive Brokerage House Pvt. Ltd,2026-04-21 12:50:15.044572,SANJEN JALAVIDHYUT COMPANY LIMITED
2026042104005097,SJCL,4,96,100,312.3,31230.0,2026-04-21,187260959,2842,Opal Securities Investment (PVT) Ltd.,Himalayan Securities Limited,2026-04-21 12:56:24.151839,SANJEN JALAVIDHYUT COMPANY LIMITED
2026042104005377,SJCL,4,35,20,312.3,6246.0,2026-04-21,187263993,2842,Opal Securities Investment (PVT) Ltd.,Kohinoor Investment & Securities Pvt. Ltd.,2026-04-21 13:01:51.719021,SANJEN JALAVIDHYUT COMPANY LIMITED
2026042104005646,SJCL,10,22,20,313.0,6260.0,2026-04-21,187270127,2842,Pragyan Securities (PVT) Ltd.,Siprabi Securities Pvt. Ltd.,2026-04-21 13:09:04.624773,SANJEN JALAVIDHYUT COMPANY LIMITED
2026042104006031,SJCL,13,45,40,314.0,12560.0,2026-04-21,187275421,2842,Thrive Brokerage House Pvt. Ltd,Imperial Securities Company Pvt. Ltd.,2026-04-21 13:16:44.245634,SANJEN JALAVIDHYUT COMPANY LIMITED
2026042104006032,SJCL,13,43,10,314.0,3140.0,2026-04-21,187275423,2842,Thrive Brokerage House Pvt. Ltd,South Asian Bulls Pvt. Ltd.,2026-04-21 13:16:44.245850,SANJEN JALAVIDHYUT COMPANY LIMITED
2026042104006049,SJCL,13,22,30,315.0,9450.0,2026-04-21,187275647,2842,Thrive Brokerage House Pvt. Ltd,Siprabi Securities Pvt. Ltd.,2026-04-21 13:17:11.409524,SANJEN JALAVIDHYUT COMPANY LIMITED
2026042104006050,SJCL,13,48,40,315.0,12600.0,2026-04-21,187275649,2842,Thrive Brokerage House Pvt. Ltd,Trishakti Securities Public Limited,2026-04-21 13:17:11.409687,SANJEN JALAVIDHYUT COMPANY LIMITED
2026042104006051,SJCL,13,14,20,315.0,6300.0,2026-04-21,187275651,2842,Thrive Brokerage House Pvt. Ltd,Nepal Stock House (PVT) Ltd.,2026-04-21 13:17:11.409740,SANJEN JALAVIDHYUT COMPANY LIMITED
2026042104006052,SJCL,13,26,20,315.0,6300.0,2026-04-21,187275653,2842,Thrive Brokerage House Pvt. Ltd,Asian Securities Private Ltd.,2026-04-21 13:17:11.409789,SANJEN JALAVIDHYUT COMPANY LIMITED
2026042104006053,SJCL,13,47,40,315.0,12600.0,2026-04-21,187275656,2842,Thrive Brokerage House Pvt. Ltd,Neev Securities Pvt. Ltd.,2026-04-21 13:17:11.409871,SANJEN JALAVIDHYUT COMPANY LIMITED
2026042104006089,SJCL,49,47,22,315.0,6930.0,2026-04-21,187276030,2842,Online Securities Pvt. Ltd.,Neev Securities Pvt. Ltd.,2026-04-21 13:17:54.772004,SANJEN JALAVIDHYUT COMPANY LIMITED
2026042104006109,SJCL,59,47,930,315.0,292950.0,2026-04-21,187276482,2842,Deevyaa Securities & Stock House Pvt. Ltd,Neev Securities Pvt. Ltd.,2026-04-21 13:18:55.256173,SANJEN JALAVIDHYUT COMPANY LIMITED
2026042104006129,SJCL,10,44,25,315.9,7897.5,2026-04-21,187276654,2842,Pragyan Securities (PVT) Ltd.,Dynamic Money Managers Securities Pvt. Ltd.,2026-04-21 13:19:14.569054,SANJEN JALAVIDHYUT COMPANY LIMITED
2026042104006174,SJCL,4,53,100,313.2,31320.0,2026-04-21,187277435,2842,Opal Securities Investment (PVT) Ltd.,Investment Management Nepal Pvt. Ltd.,2026-04-21 13:20:36.090557,SANJEN JALAVIDHYUT COMPANY LIMITED
2026042104006200,SJCL,4,80,40,313.2,12528.0,2026-04-21,187277801,2842,Opal Securities Investment (PVT) Ltd.,Indira securities pvt. ltd,2026-04-21 13:21:02.707535,SANJEN JALAVIDHYUT COMPANY LIMITED
2026042104006235,SJCL,67,47,970,315.8,306326.0,2026-04-21,187278164,2842,Property Wiard Limited,Neev Securities Pvt. Ltd.,2026-04-21 13:21:46.411254,SANJEN JALAVIDHYUT COMPANY LIMITED
2026042104006516,SJCL,32,47,10,315.8,3158.0,2026-04-21,187281084,2842,Premier Securities Company Ltd.,Neev Securities Pvt. Ltd.,2026-04-21 13:26:52.923382,SANJEN JALAVIDHYUT COMPANY LIMITED
2026042104006619,SJCL,4,56,110,314.0,34540.0,2026-04-21,187282441,2842,Opal Securities Investment (PVT) Ltd.,Sri Hari Securities Pvt. Ltd.,2026-04-21 13:29:18.342105,SANJEN JALAVIDHYUT COMPANY LIMITED
2026042104006981,SJCL,4,59,10,314.0,3140.0,2026-04-21,187286569,2842,Opal Securities Investment (PVT) Ltd.,Deevyaa Securities & Stock House Pvt. Ltd,2026-04-21 13:37:19.892450,SANJEN JALAVIDHYUT COMPANY LIMITED
2026042104007478,SJCL,4,58,40,314.0,12560.0,2026-04-21,187291815,2842,Opal Securities Investment (PVT) Ltd.,Naasa Securities Co. Ltd.,2026-04-21 13:46:46.770608,SANJEN JALAVIDHYUT COMPANY LIMITED
2026042104007521,SJCL,4,45,20,314.0,6280.0,2026-04-21,187292433,2842,Opal Securities Investment (PVT) Ltd.,Imperial Securities Company Pvt. Ltd.,2026-04-21 13:48:07.448961,SANJEN JALAVIDHYUT COMPANY LIMITED
2026042104007652,SJCL,4,51,30,314.0,9420.0,2026-04-21,187294787,2842,Opal Securities Investment (PVT) Ltd.,Oxford Securities Pvt. Ltd.,2026-04-21 13:52:12.507536,SANJEN JALAVIDHYUT COMPANY LIMITED
2026042104007656,SJCL,4,22,10,314.0,3140.0,2026-04-21,187294838,2842,Opal Securities Investment (PVT) Ltd.,Siprabi Securities Pvt. Ltd.,2026-04-21 13:52:19.136594,SANJEN JALAVIDHYUT COMPANY LIMITED
2026042104007821,SJCL,74,22,10,314.0,3140.0,2026-04-21,187297311,2842,KALASH STOCK MARKET PVT. LTD.,Siprabi Securities Pvt. Ltd.,2026-04-21 13:57:00.853889,SANJEN JALAVIDHYUT COMPANY LIMITED
2026042104007822,SJCL,74,29,10,314.0,3140.0,2026-04-21,187297313,2842,KALASH STOCK MARKET PVT. LTD.,Trisul Securities & Invt. Ltd.,2026-04-21 13:57:00.854091,SANJEN JALAVIDHYUT COMPANY LIMITED
2026042104007882,SJCL,74,52,20,314.0,6280.0,2026-04-21,187297931,2842,KALASH STOCK MARKET PVT. LTD.,Sundhara Securities Limited,2026-04-21 13:57:56.518449,SANJEN JALAVIDHYUT COMPANY LIMITED
2026042104007918,SJCL,74,19,20,314.0,6280.0,2026-04-21,187298503,2842,KALASH STOCK MARKET PVT. LTD.,Nepal Investment And Securities Trading Private Limited,2026-04-21 13:58:48.229387,SANJEN JALAVIDHYUT COMPANY LIMITED
2026042104008158,SJCL,74,42,40,314.0,12560.0,2026-04-21,187301797,2842,KALASH STOCK MARKET PVT. LTD.,Sani Securities Company Ltd.,2026-04-21 14:04:04.377085,SANJEN JALAVIDHYUT COMPANY LIMITED
2026042104008605,SJCL,91,52,40,313.1,12524.0,2026-04-21,187307099,2842,Citizens Share Broker Limited,Sundhara Securities Limited,2026-04-21 14:12:24.263236,SANJEN JALAVIDHYUT COMPANY LIMITED
2026042104008978,SJCL,91,26,40,315.0,12600.0,2026-04-21,187310741,2842,Citizens Share Broker Limited,Asian Securities Private Ltd.,2026-04-21 14:17:39.884362,SANJEN JALAVIDHYUT COMPANY LIMITED
2026042104008979,SJCL,91,45,10,315.0,3150.0,2026-04-21,187310743,2842,Citizens Share Broker Limited,Imperial Securities Company Pvt. Ltd.,2026-04-21 14:17:39.884491,SANJEN JALAVIDHYUT COMPANY LIMITED
2026042104008980,SJCL,91,58,10,315.0,3150.0,2026-04-21,187310745,2842,Citizens Share Broker Limited,Naasa Securities Co. Ltd.,2026-04-21 14:17:39.884552,SANJEN JALAVIDHYUT COMPANY LIMITED
2026042104008981,SJCL,91,64,40,315.7,12628.0,2026-04-21,187310747,2842,Citizens Share Broker Limited,SUN SECURITIES PVT LTD,2026-04-21 14:17:39.884604,SANJEN JALAVIDHYUT COMPANY LIMITED
2026042104008982,SJCL,91,47,28,315.8,8842.4,2026-04-21,187310749,2842,Citizens Share Broker Limited,Neev Securities Pvt. Ltd.,2026-04-21 14:17:39.884686,SANJEN JALAVIDHYUT COMPANY LIMITED
2026042104008983,SJCL,91,34,822,315.8,259587.6,2026-04-21,187310752,2842,Citizens Share Broker Limited,Vision Securities Pvt. Ltd,2026-04-21 14:17:39.884832,SANJEN JALAVIDHYUT COMPANY LIMITED
2026042104009206,SJCL,13,45,200,315.7,63140.0,2026-04-21,187312584,2842,Thrive Brokerage House Pvt. Ltd,Imperial Securities Company Pvt. Ltd.,2026-04-21 14:19:54.404030,SANJEN JALAVIDHYUT COMPANY LIMITED
2026042104009470,SJCL,91,13,15,315.0,4725.0,2026-04-21,187314674,2842,Citizens Share Broker Limited,Thrive Brokerage House Pvt. Ltd,2026-04-21 14:21:50.470009,SANJEN JALAVIDHYUT COMPANY LIMITED
2026042104009568,SJCL,91,44,495,314.9,155875.5,2026-04-21,187315654,2842,Citizens Share Broker Limited,Dynamic Money Managers Securities Pvt. Ltd.,2026-04-21 14:22:52.966115,SANJEN JALAVIDHYUT COMPANY LIMITED
2026042104009628,SJCL,7,32,10,312.6,3126.0,2026-04-21,187316228,2842,J.F. Securites (PVT) Ltd.,Premier Securities Company Ltd.,2026-04-21 14:23:31.829381,SANJEN JALAVIDHYUT COMPANY LIMITED
2026042104009629,SJCL,91,32,10,312.6,3126.0,2026-04-21,187316229,2842,Citizens Share Broker Limited,Premier Securities Company Ltd.,2026-04-21 14:23:31.829440,SANJEN JALAVIDHYUT COMPANY LIMITED
2026042104009779,SJCL,91,57,490,312.6,153174.0,2026-04-21,187317367,2842,Citizens Share Broker Limited,Aryatara Investment & Securities,2026-04-21 14:24:39.169626,SANJEN JALAVIDHYUT COMPANY LIMITED
2026042104010502,SJCL,11,22,20,312.3,6246.0,2026-04-21,187321801,2842,Malla & Malla Stock Broking Company Pvt. Limited,Siprabi Securities Pvt. Ltd.,2026-04-21 14:28:38.751352,SANJEN JALAVIDHYUT COMPANY LIMITED
2026042104010810,SJCL,11,44,80,312.3,24984.0,2026-04-21,187323614,2842,Malla & Malla Stock Broking Company Pvt. Limited,Dynamic Money Managers Securities Pvt. Ltd.,2026-04-21 14:30:07.689515,SANJEN JALAVIDHYUT COMPANY LIMITED
2026042104010811,SJCL,7,44,10,312.0,3120.0,2026-04-21,187323616,2842,J.F. Securites (PVT) Ltd.,Dynamic Money Managers Securities Pvt. Ltd.,2026-04-21 14:30:07.689749,SANJEN JALAVIDHYUT COMPANY LIMITED
2026042104010812,SJCL,75,44,50,312.0,15600.0,2026-04-21,187323618,2842,N.I.M.B. Stock Markets Limited,Dynamic Money Managers Securities Pvt. Ltd.,2026-04-21 14:30:07.689909,SANJEN JALAVIDHYUT COMPANY LIMITED
2026042104010933,SJCL,4,44,15,311.5,4672.5,2026-04-21,187324411,2842,Opal Securities Investment (PVT) Ltd.,Dynamic Money Managers Securities Pvt. Ltd.,2026-04-21 14:30:52.282343,SANJEN JALAVIDHYUT COMPANY LIMITED
2026042104011227,SJCL,57,57,40,311.6,12464.0,2026-04-21,187326958,2842,Aryatara Investment & Securities,Aryatara Investment & Securities,2026-04-21 14:33:13.502865,SANJEN JALAVIDHYUT COMPANY LIMITED
2026042104011349,SJCL,45,57,460,311.6,143336.0,2026-04-21,187328142,2842,Imperial Securities Company Pvt. Ltd.,Aryatara Investment & Securities,2026-04-21 14:34:27.768796,SANJEN JALAVIDHYUT COMPANY LIMITED
2026042104011618,SJCL,38,22,20,311.8,6236.0,2026-04-21,187330559,2842,Dipshikha Dhitopatra Karobar Co. Pvt Ltd.,Siprabi Securities Pvt. Ltd.,2026-04-21 14:36:45.036253,SANJEN JALAVIDHYUT COMPANY LIMITED
2026042104011771,SJCL,38,13,235,311.7,73249.5,2026-04-21,187331997,2842,Dipshikha Dhitopatra Karobar Co. Pvt Ltd.,Thrive Brokerage House Pvt. Ltd,2026-04-21 14:38:03.869828,SANJEN JALAVIDHYUT COMPANY LIMITED
2026042104012018,SJCL,59,49,40,311.8,12472.0,2026-04-21,187334193,2842,Deevyaa Securities & Stock House Pvt. Ltd,Online Securities Pvt. Ltd.,2026-04-21 14:40:04.533469,SANJEN JALAVIDHYUT COMPANY LIMITED
2026042104012273,SJCL,58,35,40,312.0,12480.0,2026-04-21,187336693,2842,Naasa Securities Co. Ltd.,Kohinoor Investment & Securities Pvt. Ltd.,2026-04-21 14:42:11.618591,SANJEN JALAVIDHYUT COMPANY LIMITED
2026042104012547,SJCL,58,57,60,311.9,18714.0,2026-04-21,187338313,2842,Naasa Securities Co. Ltd.,Aryatara Investment & Securities,2026-04-21 14:43:20.474925,SANJEN JALAVIDHYUT COMPANY LIMITED
2026042104012548,SJCL,59,57,60,311.8,18708.0,2026-04-21,187338316,2842,Deevyaa Securities & Stock House Pvt. Ltd,Aryatara Investment & Securities,2026-04-21 14:43:20.475068,SANJEN JALAVIDHYUT COMPANY LIMITED
2026042104012549,SJCL,38,57,95,311.7,29611.5,2026-04-21,187338318,2842,Dipshikha Dhitopatra Karobar Co. Pvt Ltd.,Aryatara Investment & Securities,2026-04-21 14:43:20.475148,SANJEN JALAVIDHYUT COMPANY LIMITED
2026042104012736,SJCL,38,99,30,311.6,9348.0,2026-04-21,187340180,2842,Dipshikha Dhitopatra Karobar Co. Pvt Ltd.,Prabhu Stock Market Limited,2026-04-21 14:44:24.960956,SANJEN JALAVIDHYUT COMPANY LIMITED
2026042104012737,SJCL,45,99,540,311.6,168264.0,2026-04-21,187340182,2842,Imperial Securities Company Pvt. Ltd.,Prabhu Stock Market Limited,2026-04-21 14:44:24.961176,SANJEN JALAVIDHYUT COMPANY LIMITED
2026042104012738,SJCL,4,99,35,311.5,10902.5,2026-04-21,187340184,2842,Opal Securities Investment (PVT) Ltd.,Prabhu Stock Market Limited,2026-04-21 14:44:24.961340,SANJEN JALAVIDHYUT COMPANY LIMITED
2026042104012739,SJCL,51,99,140,311.5,43610.0,2026-04-21,187340186,2842,Oxford Securities Pvt. Ltd.,Prabhu Stock Market Limited,2026-04-21 14:44:24.961478,SANJEN JALAVIDHYUT COMPANY LIMITED
2026042104012740,SJCL,6,99,255,311.4,79407.0,2026-04-21,187340187,2842,Agrawal Securities (PVT) Ltd.,Prabhu Stock Market Limited,2026-04-21 14:44:24.961612,SANJEN JALAVIDHYUT COMPANY LIMITED
2026042104012981,SJCL,59,57,190,311.7,59223.0,2026-04-21,187341892,2842,Deevyaa Securities & Stock House Pvt. Ltd,Aryatara Investment & Securities,2026-04-21 14:45:30.242566,SANJEN JALAVIDHYUT COMPANY LIMITED
2026042104014192,SJCL,59,58,20,311.5,6230.0,2026-04-21,187351043,2842,Deevyaa Securities & Stock House Pvt. Ltd,Naasa Securities Co. Ltd.,2026-04-21 14:51:02.813685,SANJEN JALAVIDHYUT COMPANY LIMITED
2026042104014411,SJCL,59,25,80,311.5,24920.0,2026-04-21,187352812,2842,Deevyaa Securities & Stock House Pvt. Ltd,Sweta Securities Private Limited,2026-04-21 14:52:10.875263,SANJEN JALAVIDHYUT COMPANY LIMITED
2026042104014412,SJCL,6,25,130,311.4,40482.0,2026-04-21,187352813,2842,Agrawal Securities (PVT) Ltd.,Sweta Securities Private Limited,2026-04-21 14:52:10.875418,SANJEN JALAVIDHYUT COMPANY LIMITED
2026042104014442,SJCL,6,74,115,311.4,35811.0,2026-04-21,187353032,2842,Agrawal Securities (PVT) Ltd.,KALASH STOCK MARKET PVT. LTD.,2026-04-21 14:52:18.787814,SANJEN JALAVIDHYUT COMPANY LIMITED
2026042104014443,SJCL,65,74,100,311.3,31130.0,2026-04-21,187353034,2842,Sharepro Securities Private Limited,KALASH STOCK MARKET PVT. LTD.,2026-04-21 14:52:18.787936,SANJEN JALAVIDHYUT COMPANY LIMITED
2026042104014444,SJCL,6,74,100,311.0,31100.0,2026-04-21,187353036,2842,Agrawal Securities (PVT) Ltd.,KALASH STOCK MARKET PVT. LTD.,2026-04-21 14:52:18.787991,SANJEN JALAVIDHYUT COMPANY LIMITED
2026042104014445,SJCL,10,74,30,311.0,9330.0,2026-04-21,187353038,2842,Pragyan Securities (PVT) Ltd.,KALASH STOCK MARKET PVT. LTD.,2026-04-21 14:52:18.788042,SANJEN JALAVIDHYUT COMPANY LIMITED
2026042104014446,SJCL,86,74,155,310.8,48174.0,2026-04-21,187353039,2842,Stoxkarts Securities Limited,KALASH STOCK MARKET PVT. LTD.,2026-04-21 14:52:18.788089,SANJEN JALAVIDHYUT COMPANY LIMITED
2026042104015215,SJCL,49,49,10,311.0,3110.0,2026-04-21,187358651,2842,Online Securities Pvt. Ltd.,Online Securities Pvt. Ltd.,2026-04-21 14:55:35.223135,SANJEN JALAVIDHYUT COMPANY LIMITED
2026042104015622,SJCL,40,44,10,313.0,3130.0,2026-04-21,187362130,2842,Creative Securities Pvt Ltd,Dynamic Money Managers Securities Pvt. Ltd.,2026-04-21 14:57:09.492472,SANJEN JALAVIDHYUT COMPANY LIMITED
2026042104015860,SJCL,49,44,90,313.0,28170.0,2026-04-21,187363802,2842,Online Securities Pvt. Ltd.,Dynamic Money Managers Securities Pvt. Ltd.,2026-04-21 14:57:49.969056,SANJEN JALAVIDHYUT COMPANY LIMITED
2026042104016144,SJCL,45,57,82,314.5,25789.0,2026-04-21,187366118,2842,Imperial Securities Company Pvt. Ltd.,Aryatara Investment & Securities,2026-04-21 14:58:44.928700,SANJEN JALAVIDHYUT COMPANY LIMITED
2026042104016677,SJCL,42,91,100,311.0,31100.0,2026-04-21,187369778,2842,Sani Securities Company Ltd.,Citizens Share Broker Limited,2026-04-21 14:59:43.018888,SANJEN JALAVIDHYUT COMPANY LIMITED
2026042104016678,SJCL,59,91,50,310.9,15545.0,2026-04-21,187369779,2842,Deevyaa Securities & Stock House Pvt. Ltd,Citizens Share Broker Limited,2026-04-21 14:59:43.018928,SANJEN JALAVIDHYUT COMPANY LIMITED
2026042104016823,SJCL,19,57,10,314.5,3145.0,2026-04-21,187371098,2842,Nepal Investment And Securities Trading Private Limited,Aryatara Investment & Securities,2026-04-21 14:59:57.166255,SANJEN JALAVIDHYUT COMPANY LIMITED
