contract_id,symbol,buyer_member_id,seller_member_id,volume,price,amount,buyer_broker,seller_broker,transaction_time
2026042104000033,SSHL,34,28,10,216.2,2162.0,Vision Securities Pvt. Ltd,Shree Krishna Securities Ltd.,2026-04-21 10:46:00.129121
2026042104000034,SSHL,58,28,100,216.2,21620.0,Naasa Securities Co. Ltd.,Shree Krishna Securities Ltd.,2026-04-21 10:46:00.129151
2026042104000035,SSHL,22,28,400,216.2,86480.0,Siprabi Securities Pvt. Ltd.,Shree Krishna Securities Ltd.,2026-04-21 10:46:00.129173
2026042104000036,SSHL,36,28,1000,216.2,216200.0,Secured Securities Ltd.,Shree Krishna Securities Ltd.,2026-04-21 10:46:00.129193
2026042104000037,SSHL,52,28,80,216.2,17296.0,Sundhara Securities Limited,Shree Krishna Securities Ltd.,2026-04-21 10:46:00.129221
2026042104000038,SSHL,42,28,150,216.2,32430.0,Sani Securities Company Ltd.,Shree Krishna Securities Ltd.,2026-04-21 10:46:00.129264
2026042104000039,SSHL,39,28,260,216.2,56212.0,Sumeru Securities Pvt. Ltd.,Shree Krishna Securities Ltd.,2026-04-21 10:46:00.129299
2026042104000088,SSHL,57,54,10,222.6,2226.0,Aryatara Investment & Securities,Sewa Securities Pvt. Ltd.,2026-04-21 11:01:34.763481
2026042104000123,SSHL,29,22,10,227.0,2270.0,Trisul Securities & Invt. Ltd.,Siprabi Securities Pvt. Ltd.,2026-04-21 11:02:50.068513
2026042104000134,SSHL,94,22,290,227.0,65830.0,K.B.L. Securities Limited ,Siprabi Securities Pvt. Ltd.,2026-04-21 11:03:19.485371
2026042104000135,SSHL,94,39,210,227.0,47670.0,K.B.L. Securities Limited ,Sumeru Securities Pvt. Ltd.,2026-04-21 11:03:19.485510
2026042104000148,SSHL,39,42,10,223.3,2233.0,Sumeru Securities Pvt. Ltd.,Sani Securities Company Ltd.,2026-04-21 11:03:54.494814
2026042104000218,SSHL,45,58,25,223.4,5585.0,Imperial Securities Company Pvt. Ltd.,Naasa Securities Co. Ltd.,2026-04-21 11:06:44.292614
2026042104000326,SSHL,39,50,200,223.5,44700.0,Sumeru Securities Pvt. Ltd.,Cristal Kanchanjanga Securites Pvt. Ltd.,2026-04-21 11:09:13.406477
2026042104000357,SSHL,39,57,300,223.5,67050.0,Sumeru Securities Pvt. Ltd.,Aryatara Investment & Securities,2026-04-21 11:09:55.236979
2026042104000358,SSHL,49,57,15,223.5,3352.5,Online Securities Pvt. Ltd.,Aryatara Investment & Securities,2026-04-21 11:09:55.237217
2026042104000359,SSHL,58,57,675,223.4,150795.0,Naasa Securities Co. Ltd.,Aryatara Investment & Securities,2026-04-21 11:09:55.237323
2026042104000416,SSHL,21,58,13,223.6,2906.8,Midas Stock Broking Company Private Limited,Naasa Securities Co. Ltd.,2026-04-21 11:10:58.192671
2026042104000462,SSHL,45,51,100,223.6,22360.0,Imperial Securities Company Pvt. Ltd.,Oxford Securities Pvt. Ltd.,2026-04-21 11:11:45.074945
2026042104000482,SSHL,58,47,100,223.4,22340.0,Naasa Securities Co. Ltd.,Neev Securities Pvt. Ltd.,2026-04-21 11:12:24.974802
2026042104000488,SSHL,58,45,20,223.4,4468.0,Naasa Securities Co. Ltd.,Imperial Securities Company Pvt. Ltd.,2026-04-21 11:12:35.371687
2026042104000510,SSHL,58,38,424,223.4,94721.6,Naasa Securities Co. Ltd.,Dipshikha Dhitopatra Karobar Co. Pvt Ltd.,2026-04-21 11:13:10.287132
2026042104000511,SSHL,57,38,276,223.4,61658.4,Aryatara Investment & Securities,Dipshikha Dhitopatra Karobar Co. Pvt Ltd.,2026-04-21 11:13:10.287385
2026042104000686,SSHL,11,40,500,223.5,111750.0,Malla & Malla Stock Broking Company Pvt. Limited,Creative Securities Pvt Ltd,2026-04-21 11:18:02.143997
2026042104000699,SSHL,47,36,50,223.9,11195.0,Neev Securities Pvt. Ltd.,Secured Securities Ltd.,2026-04-21 11:18:23.561917
2026042104000700,SSHL,47,58,14,224.0,3136.0,Neev Securities Pvt. Ltd.,Naasa Securities Co. Ltd.,2026-04-21 11:18:23.562008
2026042104000701,SSHL,47,44,36,224.0,8064.0,Neev Securities Pvt. Ltd.,Dynamic Money Managers Securities Pvt. Ltd.,2026-04-21 11:18:23.562073
2026042104000730,SSHL,45,44,50,224.0,11200.0,Imperial Securities Company Pvt. Ltd.,Dynamic Money Managers Securities Pvt. Ltd.,2026-04-21 11:19:06.617199
2026042104000802,SSHL,28,58,12,223.7,2684.4,Shree Krishna Securities Ltd.,Naasa Securities Co. Ltd.,2026-04-21 11:20:24.638413
2026042104000876,SSHL,29,54,10,224.0,2240.0,Trisul Securities & Invt. Ltd.,Sewa Securities Pvt. Ltd.,2026-04-21 11:22:00.670109
2026042104000914,SSHL,49,54,100,224.7,22470.0,Online Securities Pvt. Ltd.,Sewa Securities Pvt. Ltd.,2026-04-21 11:22:50.782775
2026042104000928,SSHL,29,22,30,224.0,6720.0,Trisul Securities & Invt. Ltd.,Siprabi Securities Pvt. Ltd.,2026-04-21 11:23:22.746238
2026042104000944,SSHL,11,6,500,224.1,112050.0,Malla & Malla Stock Broking Company Pvt. Limited,Agrawal Securities (PVT) Ltd.,2026-04-21 11:23:53.897690
2026042104000945,SSHL,29,6,50,224.0,11200.0,Trisul Securities & Invt. Ltd.,Agrawal Securities (PVT) Ltd.,2026-04-21 11:23:53.898042
2026042104000986,SSHL,29,33,10,224.0,2240.0,Trisul Securities & Invt. Ltd.,Dakshinkali Investment & Securities Pvt. Ltd.,2026-04-21 11:24:23.467581
2026042104000987,SSHL,48,33,80,224.0,17920.0,Trishakti Securities Public Limited,Dakshinkali Investment & Securities Pvt. Ltd.,2026-04-21 11:24:23.467929
2026042104000988,SSHL,35,33,12,224.0,2688.0,Kohinoor Investment & Securities Pvt. Ltd.,Dakshinkali Investment & Securities Pvt. Ltd.,2026-04-21 11:24:23.468078
2026042104000989,SSHL,45,33,25,224.0,5600.0,Imperial Securities Company Pvt. Ltd.,Dakshinkali Investment & Securities Pvt. Ltd.,2026-04-21 11:24:23.468245
2026042104000990,SSHL,56,33,73,224.0,16352.0,Sri Hari Securities Pvt. Ltd.,Dakshinkali Investment & Securities Pvt. Ltd.,2026-04-21 11:24:23.468407
2026042104001003,SSHL,46,58,20,224.7,4494.0,Kalika Securities Pvt. Ltd.,Naasa Securities Co. Ltd.,2026-04-21 11:24:39.572786
2026042104001052,SSHL,44,16,1000,224.2,224200.0,Dynamic Money Managers Securities Pvt. Ltd.,Primo Securities (PVT) Ltd.,2026-04-21 11:26:03.817756
2026042104001092,SSHL,11,54,30,224.1,6723.0,Malla & Malla Stock Broking Company Pvt. Limited,Sewa Securities Pvt. Ltd.,2026-04-21 11:27:33.023718
2026042104001119,SSHL,45,58,10,224.2,2242.0,Imperial Securities Company Pvt. Ltd.,Naasa Securities Co. Ltd.,2026-04-21 11:28:26.053368
2026042104001138,SSHL,11,50,300,224.1,67230.0,Malla & Malla Stock Broking Company Pvt. Limited,Cristal Kanchanjanga Securites Pvt. Ltd.,2026-04-21 11:28:55.492021
2026042104001191,SSHL,47,58,100,224.2,22420.0,Neev Securities Pvt. Ltd.,Naasa Securities Co. Ltd.,2026-04-21 11:30:35.538969
2026042104001193,SSHL,58,58,253,224.2,56722.6,Naasa Securities Co. Ltd.,Naasa Securities Co. Ltd.,2026-04-21 11:30:38.395937
2026042104001206,SSHL,47,58,100,224.2,22420.0,Neev Securities Pvt. Ltd.,Naasa Securities Co. Ltd.,2026-04-21 11:30:57.772479
2026042104001291,SSHL,29,58,200,224.2,44840.0,Trisul Securities & Invt. Ltd.,Naasa Securities Co. Ltd.,2026-04-21 11:33:12.673623
2026042104001319,SSHL,11,58,10,224.1,2241.0,Malla & Malla Stock Broking Company Pvt. Limited,Naasa Securities Co. Ltd.,2026-04-21 11:34:27.284454
2026042104001326,SSHL,11,5,160,224.1,35856.0,Malla & Malla Stock Broking Company Pvt. Limited,Market Securities & Exchange (PVT) Ltd.,2026-04-21 11:34:39.613582
2026042104001327,SSHL,56,5,40,224.0,8960.0,Sri Hari Securities Pvt. Ltd.,Market Securities & Exchange (PVT) Ltd.,2026-04-21 11:34:39.613939
2026042104001417,SSHL,7,58,37,224.2,8295.4,J.F. Securites (PVT) Ltd.,Naasa Securities Co. Ltd.,2026-04-21 11:37:19.491902
2026042104001437,SSHL,7,7,16,224.8,3596.8,J.F. Securites (PVT) Ltd.,J.F. Securites (PVT) Ltd.,2026-04-21 11:38:08.648387
2026042104001501,SSHL,42,77,115,224.8,25852.0,Sani Securities Company Ltd.,Nabil Stock Dealer Ltd.,2026-04-21 11:40:00.283565
2026042104001513,SSHL,33,44,100,224.6,22460.0,Dakshinkali Investment & Securities Pvt. Ltd.,Dynamic Money Managers Securities Pvt. Ltd.,2026-04-21 11:40:27.365034
2026042104001521,SSHL,45,44,400,224.6,89840.0,Imperial Securities Company Pvt. Ltd.,Dynamic Money Managers Securities Pvt. Ltd.,2026-04-21 11:40:32.826774
2026042104001531,SSHL,29,44,500,224.6,112300.0,Trisul Securities & Invt. Ltd.,Dynamic Money Managers Securities Pvt. Ltd.,2026-04-21 11:40:47.289055
2026042104001533,SSHL,81,77,500,224.6,112300.0,Aakashbhairab Securities Ltd.,Nabil Stock Dealer Ltd.,2026-04-21 11:40:52.380026
2026042104001534,SSHL,34,77,385,224.1,86278.5,Vision Securities Pvt. Ltd,Nabil Stock Dealer Ltd.,2026-04-21 11:40:52.380702
2026042104001587,SSHL,32,46,48,224.9,10795.2,Premier Securities Company Ltd.,Kalika Securities Pvt. Ltd.,2026-04-21 11:42:36.625957
2026042104001588,SSHL,32,44,102,224.9,22939.8,Premier Securities Company Ltd.,Dynamic Money Managers Securities Pvt. Ltd.,2026-04-21 11:42:36.626686
2026042104001688,SSHL,32,44,200,224.9,44980.0,Premier Securities Company Ltd.,Dynamic Money Managers Securities Pvt. Ltd.,2026-04-21 11:44:14.784170
2026042104001723,SSHL,6,44,32,224.9,7196.8,Agrawal Securities (PVT) Ltd.,Dynamic Money Managers Securities Pvt. Ltd.,2026-04-21 11:44:38.270419
2026042104001764,SSHL,58,44,666,224.9,149783.4,Naasa Securities Co. Ltd.,Dynamic Money Managers Securities Pvt. Ltd.,2026-04-21 11:45:49.627602
2026042104001765,SSHL,58,22,300,225.0,67500.0,Naasa Securities Co. Ltd.,Siprabi Securities Pvt. Ltd.,2026-04-21 11:45:49.627641
2026042104001766,SSHL,58,35,10,225.0,2250.0,Naasa Securities Co. Ltd.,Kohinoor Investment & Securities Pvt. Ltd.,2026-04-21 11:45:49.627666
2026042104001767,SSHL,58,22,24,225.0,5400.0,Naasa Securities Co. Ltd.,Siprabi Securities Pvt. Ltd.,2026-04-21 11:45:49.627689
2026042104001806,SSHL,58,22,45,225.0,10125.0,Naasa Securities Co. Ltd.,Siprabi Securities Pvt. Ltd.,2026-04-21 11:46:18.702749
2026042104001807,SSHL,81,44,500,224.2,112100.0,Aakashbhairab Securities Ltd.,Dynamic Money Managers Securities Pvt. Ltd.,2026-04-21 11:46:19.709536
2026042104001808,SSHL,34,44,615,224.1,137821.5,Vision Securities Pvt. Ltd,Dynamic Money Managers Securities Pvt. Ltd.,2026-04-21 11:46:19.710221
2026042104001809,SSHL,56,44,310,224.0,69440.0,Sri Hari Securities Pvt. Ltd.,Dynamic Money Managers Securities Pvt. Ltd.,2026-04-21 11:46:19.710728
2026042104001827,SSHL,57,22,411,225.0,92475.0,Aryatara Investment & Securities,Siprabi Securities Pvt. Ltd.,2026-04-21 11:46:40.691898
2026042104001828,SSHL,57,11,50,225.0,11250.0,Aryatara Investment & Securities,Malla & Malla Stock Broking Company Pvt. Limited,2026-04-21 11:46:40.692282
2026042104001829,SSHL,57,85,215,225.0,48375.0,Aryatara Investment & Securities,Capital Hub P. Ltd,2026-04-21 11:46:40.692453
2026042104001830,SSHL,57,4,324,225.0,72900.0,Aryatara Investment & Securities,Opal Securities Investment (PVT) Ltd.,2026-04-21 11:46:40.692608
2026042104001834,SSHL,57,4,176,225.0,39600.0,Aryatara Investment & Securities,Opal Securities Investment (PVT) Ltd.,2026-04-21 11:46:45.178193
2026042104001950,SSHL,4,49,10,226.0,2260.0,Opal Securities Investment (PVT) Ltd.,Online Securities Pvt. Ltd.,2026-04-21 11:48:55.556004
2026042104001951,SSHL,4,58,20,226.0,4520.0,Opal Securities Investment (PVT) Ltd.,Naasa Securities Co. Ltd.,2026-04-21 11:48:55.556405
2026042104001952,SSHL,4,36,157,226.0,35482.0,Opal Securities Investment (PVT) Ltd.,Secured Securities Ltd.,2026-04-21 11:48:55.556592
2026042104001984,SSHL,4,59,200,226.0,45200.0,Opal Securities Investment (PVT) Ltd.,Deevyaa Securities & Stock House Pvt. Ltd,2026-04-21 11:49:18.202296
2026042104001997,SSHL,4,44,200,226.0,45200.0,Opal Securities Investment (PVT) Ltd.,Dynamic Money Managers Securities Pvt. Ltd.,2026-04-21 11:49:59.938515
2026042104002018,SSHL,56,26,13,226.0,2938.0,Sri Hari Securities Pvt. Ltd.,Asian Securities Private Ltd.,2026-04-21 11:50:45.752192
2026042104002054,SSHL,57,44,24,225.0,5400.0,Aryatara Investment & Securities,Dynamic Money Managers Securities Pvt. Ltd.,2026-04-21 11:51:23.270782
2026042104002055,SSHL,41,44,53,225.0,11925.0,Linch Stock Market Ltd.,Dynamic Money Managers Securities Pvt. Ltd.,2026-04-21 11:51:23.271167
2026042104002056,SSHL,51,44,623,225.0,140175.0,Oxford Securities Pvt. Ltd.,Dynamic Money Managers Securities Pvt. Ltd.,2026-04-21 11:51:23.271335
2026042104002057,SSHL,29,44,300,225.0,67500.0,Trisul Securities & Invt. Ltd.,Dynamic Money Managers Securities Pvt. Ltd.,2026-04-21 11:51:23.271522
2026042104002097,SSHL,57,26,124,226.0,28024.0,Aryatara Investment & Securities,Asian Securities Private Ltd.,2026-04-21 11:52:05.557531
2026042104002114,SSHL,1,26,39,226.0,8814.0,Kumari Securities Private Limited,Asian Securities Private Ltd.,2026-04-21 11:52:28.506359
2026042104002115,SSHL,1,3,500,226.0,113000.0,Kumari Securities Private Limited,Arun Securities (PVT) Ltd.,2026-04-21 11:52:28.507054
2026042104002116,SSHL,1,44,461,226.0,104186.0,Kumari Securities Private Limited,Dynamic Money Managers Securities Pvt. Ltd.,2026-04-21 11:52:28.507565
2026042104002182,SSHL,45,44,55,225.2,12386.0,Imperial Securities Company Pvt. Ltd.,Dynamic Money Managers Securities Pvt. Ltd.,2026-04-21 11:53:30.025107
2026042104002185,SSHL,6,44,539,226.0,121814.0,Agrawal Securities (PVT) Ltd.,Dynamic Money Managers Securities Pvt. Ltd.,2026-04-21 11:53:39.827972
2026042104002186,SSHL,6,38,2212,226.0,499912.0,Agrawal Securities (PVT) Ltd.,Dipshikha Dhitopatra Karobar Co. Pvt Ltd.,2026-04-21 11:53:39.828353
2026042104002232,SSHL,4,35,34,226.5,7701.0,Opal Securities Investment (PVT) Ltd.,Kohinoor Investment & Securities Pvt. Ltd.,2026-04-21 11:54:11.230825
2026042104002233,SSHL,4,1,261,226.8,59194.8,Opal Securities Investment (PVT) Ltd.,Kumari Securities Private Limited,2026-04-21 11:54:11.231551
2026042104002292,SSHL,91,45,10,226.0,2260.0,Citizens Share Broker Limited,Imperial Securities Company Pvt. Ltd.,2026-04-21 11:55:18.419832
2026042104002293,SSHL,58,45,300,226.0,67800.0,Naasa Securities Co. Ltd.,Imperial Securities Company Pvt. Ltd.,2026-04-21 11:55:18.420233
2026042104002350,SSHL,45,21,45,225.2,10134.0,Imperial Securities Company Pvt. Ltd.,Midas Stock Broking Company Private Limited,2026-04-21 11:56:00.787021
2026042104002351,SSHL,6,21,500,225.2,112600.0,Agrawal Securities (PVT) Ltd.,Midas Stock Broking Company Private Limited,2026-04-21 11:56:00.787424
2026042104002352,SSHL,91,21,455,225.1,102420.5,Citizens Share Broker Limited,Midas Stock Broking Company Private Limited,2026-04-21 11:56:00.787629
2026042104002370,SSHL,91,34,895,225.1,201464.5,Citizens Share Broker Limited,Vision Securities Pvt. Ltd,2026-04-21 11:56:06.198544
2026042104002371,SSHL,45,34,100,225.0,22500.0,Imperial Securities Company Pvt. Ltd.,Vision Securities Pvt. Ltd,2026-04-21 11:56:06.198920
2026042104002372,SSHL,6,34,96,225.0,21600.0,Agrawal Securities (PVT) Ltd.,Vision Securities Pvt. Ltd,2026-04-21 11:56:06.199184
2026042104002389,SSHL,6,21,500,225.1,112550.0,Agrawal Securities (PVT) Ltd.,Midas Stock Broking Company Private Limited,2026-04-21 11:56:22.264240
2026042104002428,SSHL,6,14,200,225.1,45020.0,Agrawal Securities (PVT) Ltd.,Nepal Stock House (PVT) Ltd.,2026-04-21 11:56:42.120081
2026042104002455,SSHL,6,14,100,225.1,22510.0,Agrawal Securities (PVT) Ltd.,Nepal Stock House (PVT) Ltd.,2026-04-21 11:57:10.626544
2026042104002478,SSHL,6,21,200,225.1,45020.0,Agrawal Securities (PVT) Ltd.,Midas Stock Broking Company Private Limited,2026-04-21 11:57:13.721831
2026042104002479,SSHL,6,21,800,225.1,180080.0,Agrawal Securities (PVT) Ltd.,Midas Stock Broking Company Private Limited,2026-04-21 11:57:13.722575
2026042104002506,SSHL,6,39,200,225.1,45020.0,Agrawal Securities (PVT) Ltd.,Sumeru Securities Pvt. Ltd.,2026-04-21 11:57:50.660223
2026042104002507,SSHL,6,39,1000,225.1,225100.0,Agrawal Securities (PVT) Ltd.,Sumeru Securities Pvt. Ltd.,2026-04-21 11:57:50.660359
2026042104002508,SSHL,6,39,1300,225.0,292500.0,Agrawal Securities (PVT) Ltd.,Sumeru Securities Pvt. Ltd.,2026-04-21 11:57:50.660469
2026042104002537,SSHL,89,46,490,225.1,110299.0,Global IME Securities Limited,Kalika Securities Pvt. Ltd.,2026-04-21 11:58:26.205597
2026042104002553,SSHL,6,46,328,225.1,73832.8,Agrawal Securities (PVT) Ltd.,Kalika Securities Pvt. Ltd.,2026-04-21 11:58:43.013010
2026042104002556,SSHL,6,16,2000,225.1,450200.0,Agrawal Securities (PVT) Ltd.,Primo Securities (PVT) Ltd.,2026-04-21 11:58:49.035346
2026042104002577,SSHL,6,45,672,225.1,151267.2,Agrawal Securities (PVT) Ltd.,Imperial Securities Company Pvt. Ltd.,2026-04-21 11:59:05.787021
2026042104002581,SSHL,6,22,10,225.1,2251.0,Agrawal Securities (PVT) Ltd.,Siprabi Securities Pvt. Ltd.,2026-04-21 11:59:12.373868
2026042104002599,SSHL,6,16,1990,225.1,447949.0,Agrawal Securities (PVT) Ltd.,Primo Securities (PVT) Ltd.,2026-04-21 11:59:21.247801
2026042104002601,SSHL,59,91,50,226.0,11300.0,Deevyaa Securities & Stock House Pvt. Ltd,Citizens Share Broker Limited,2026-04-21 11:59:23.336763
2026042104002621,SSHL,6,14,604,225.0,135900.0,Agrawal Securities (PVT) Ltd.,Nepal Stock House (PVT) Ltd.,2026-04-21 11:59:48.226880
2026042104002622,SSHL,25,14,1396,225.0,314100.0,Sweta Securities Private Limited,Nepal Stock House (PVT) Ltd.,2026-04-21 11:59:48.227633
2026042104002629,SSHL,25,44,159,225.0,35775.0,Sweta Securities Private Limited,Dynamic Money Managers Securities Pvt. Ltd.,2026-04-21 11:59:59.761831
2026042104002635,SSHL,6,44,841,225.0,189225.0,Agrawal Securities (PVT) Ltd.,Dynamic Money Managers Securities Pvt. Ltd.,2026-04-21 12:00:06.249908
2026042104002650,SSHL,6,44,1000,225.0,225000.0,Agrawal Securities (PVT) Ltd.,Dynamic Money Managers Securities Pvt. Ltd.,2026-04-21 12:00:18.018047
2026042104002651,SSHL,6,16,1159,225.0,260775.0,Agrawal Securities (PVT) Ltd.,Primo Securities (PVT) Ltd.,2026-04-21 12:00:18.628671
2026042104002652,SSHL,56,44,577,224.0,129248.0,Sri Hari Securities Pvt. Ltd.,Dynamic Money Managers Securities Pvt. Ltd.,2026-04-21 12:00:30.406808
2026042104002653,SSHL,58,44,19,224.0,4256.0,Naasa Securities Co. Ltd.,Dynamic Money Managers Securities Pvt. Ltd.,2026-04-21 12:00:30.407580
2026042104002654,SSHL,57,44,404,224.0,90496.0,Aryatara Investment & Securities,Dynamic Money Managers Securities Pvt. Ltd.,2026-04-21 12:00:30.408103
2026042104002660,SSHL,52,57,10,224.5,2245.0,Sundhara Securities Limited,Aryatara Investment & Securities,2026-04-21 12:00:49.358666
2026042104002672,SSHL,6,44,1000,224.1,224100.0,Agrawal Securities (PVT) Ltd.,Dynamic Money Managers Securities Pvt. Ltd.,2026-04-21 12:00:59.052395
2026042104002694,SSHL,57,44,500,224.0,112000.0,Aryatara Investment & Securities,Dynamic Money Managers Securities Pvt. Ltd.,2026-04-21 12:01:27.794684
2026042104002801,SSHL,6,41,293,224.1,65661.3,Agrawal Securities (PVT) Ltd.,Linch Stock Market Ltd.,2026-04-21 12:03:06.196707
2026042104002878,SSHL,52,41,50,224.1,11205.0,Sundhara Securities Limited,Linch Stock Market Ltd.,2026-04-21 12:04:47.698888
2026042104002908,SSHL,57,41,96,224.0,21504.0,Aryatara Investment & Securities,Linch Stock Market Ltd.,2026-04-21 12:05:20.364823
2026042104002909,SSHL,51,41,50,224.0,11200.0,Oxford Securities Pvt. Ltd.,Linch Stock Market Ltd.,2026-04-21 12:05:20.365666
2026042104002910,SSHL,21,41,10,224.0,2240.0,Midas Stock Broking Company Private Limited,Linch Stock Market Ltd.,2026-04-21 12:05:20.366415
2026042104002911,SSHL,42,41,1000,224.0,224000.0,Sani Securities Company Ltd.,Linch Stock Market Ltd.,2026-04-21 12:05:20.367050
2026042104002912,SSHL,59,41,500,224.0,112000.0,Deevyaa Securities & Stock House Pvt. Ltd,Linch Stock Market Ltd.,2026-04-21 12:05:20.367643
2026042104002913,SSHL,13,41,50,224.0,11200.0,Thrive Brokerage House Pvt. Ltd,Linch Stock Market Ltd.,2026-04-21 12:05:20.368227
2026042104002914,SSHL,58,41,62,224.0,13888.0,Naasa Securities Co. Ltd.,Linch Stock Market Ltd.,2026-04-21 12:05:20.368813
2026042104002915,SSHL,35,41,532,223.8,119061.6,Kohinoor Investment & Securities Pvt. Ltd.,Linch Stock Market Ltd.,2026-04-21 12:05:20.369391
2026042104003006,SSHL,52,41,30,224.0,6720.0,Sundhara Securities Limited,Linch Stock Market Ltd.,2026-04-21 12:07:53.936625
2026042104003021,SSHL,29,41,50,224.0,11200.0,Trisul Securities & Invt. Ltd.,Linch Stock Market Ltd.,2026-04-21 12:08:15.834380
2026042104003025,SSHL,35,58,25,223.8,5595.0,Kohinoor Investment & Securities Pvt. Ltd.,Naasa Securities Co. Ltd.,2026-04-21 12:08:25.155136
2026042104003047,SSHL,35,4,143,223.8,32003.4,Kohinoor Investment & Securities Pvt. Ltd.,Opal Securities Investment (PVT) Ltd.,2026-04-21 12:09:29.540761
2026042104003048,SSHL,35,4,300,223.5,67050.0,Kohinoor Investment & Securities Pvt. Ltd.,Opal Securities Investment (PVT) Ltd.,2026-04-21 12:09:29.541278
2026042104003049,SSHL,42,4,60,223.5,13410.0,Sani Securities Company Ltd.,Opal Securities Investment (PVT) Ltd.,2026-04-21 12:09:29.541550
2026042104003050,SSHL,41,4,500,223.2,111600.0,Linch Stock Market Ltd.,Opal Securities Investment (PVT) Ltd.,2026-04-21 12:09:29.541744
2026042104003051,SSHL,65,4,87,223.2,19418.4,Sharepro Securities Private Limited,Opal Securities Investment (PVT) Ltd.,2026-04-21 12:09:29.541935
2026042104003255,SSHL,57,47,50,223.3,11165.0,Aryatara Investment & Securities,Neev Securities Pvt. Ltd.,2026-04-21 12:15:36.658197
2026042104003289,SSHL,57,41,50,223.3,11165.0,Aryatara Investment & Securities,Linch Stock Market Ltd.,2026-04-21 12:16:22.745603
2026042104003316,SSHL,65,41,27,223.2,6026.4,Sharepro Securities Private Limited,Linch Stock Market Ltd.,2026-04-21 12:17:14.394606
2026042104003334,SSHL,38,43,1000,223.3,223300.0,Dipshikha Dhitopatra Karobar Co. Pvt Ltd.,South Asian Bulls Pvt. Ltd.,2026-04-21 12:17:29.023060
2026042104003335,SSHL,65,43,886,223.2,197755.2,Sharepro Securities Private Limited,South Asian Bulls Pvt. Ltd.,2026-04-21 12:17:29.023914
2026042104003336,SSHL,57,43,1200,223.2,267840.0,Aryatara Investment & Securities,South Asian Bulls Pvt. Ltd.,2026-04-21 12:17:29.024516
2026042104003337,SSHL,41,43,500,223.1,111550.0,Linch Stock Market Ltd.,South Asian Bulls Pvt. Ltd.,2026-04-21 12:17:29.025092
2026042104003338,SSHL,57,43,414,223.1,92363.4,Aryatara Investment & Securities,South Asian Bulls Pvt. Ltd.,2026-04-21 12:17:29.025685
2026042104003461,SSHL,57,58,30,223.1,6693.0,Aryatara Investment & Securities,Naasa Securities Co. Ltd.,2026-04-21 12:20:57.731942
2026042104003483,SSHL,57,8,200,223.1,44620.0,Aryatara Investment & Securities,Brilliant Securities Pvt. Ltd.,2026-04-21 12:21:21.391881
2026042104003514,SSHL,57,87,1356,223.1,302523.6,Aryatara Investment & Securities,S.P.S.A. Securities Limited,2026-04-21 12:22:27.522263
2026042104003515,SSHL,62,87,50,223.1,11155.0,Capital Max Securities Ltd,S.P.S.A. Securities Limited,2026-04-21 12:22:27.522786
2026042104003516,SSHL,42,87,200,223.0,44600.0,Sani Securities Company Ltd.,S.P.S.A. Securities Limited,2026-04-21 12:22:27.523021
2026042104003517,SSHL,58,87,20,223.0,4460.0,Naasa Securities Co. Ltd.,S.P.S.A. Securities Limited,2026-04-21 12:22:27.523225
2026042104003518,SSHL,38,87,30,223.0,6690.0,Dipshikha Dhitopatra Karobar Co. Pvt Ltd.,S.P.S.A. Securities Limited,2026-04-21 12:22:27.523441
2026042104003519,SSHL,58,87,250,223.0,55750.0,Naasa Securities Co. Ltd.,S.P.S.A. Securities Limited,2026-04-21 12:22:27.523643
2026042104003520,SSHL,33,87,200,223.0,44600.0,Dakshinkali Investment & Securities Pvt. Ltd.,S.P.S.A. Securities Limited,2026-04-21 12:22:27.523843
2026042104003521,SSHL,76,87,202,223.0,45046.0,Machhapuchchhre Securities Limited,S.P.S.A. Securities Limited,2026-04-21 12:22:27.524038
2026042104003522,SSHL,40,87,300,223.0,66900.0,Creative Securities Pvt Ltd,S.P.S.A. Securities Limited,2026-04-21 12:22:27.524278
2026042104003523,SSHL,53,87,100,223.0,22300.0,Investment Management Nepal Pvt. Ltd.,S.P.S.A. Securities Limited,2026-04-21 12:22:27.524488
2026042104003524,SSHL,51,87,50,223.0,11150.0,Oxford Securities Pvt. Ltd.,S.P.S.A. Securities Limited,2026-04-21 12:22:27.524679
2026042104003525,SSHL,64,87,100,223.0,22300.0,SUN SECURITIES PVT LTD,S.P.S.A. Securities Limited,2026-04-21 12:22:27.524885
2026042104003526,SSHL,1,87,38,223.0,8474.0,Kumari Securities Private Limited,S.P.S.A. Securities Limited,2026-04-21 12:22:27.525090
2026042104003527,SSHL,45,87,104,223.0,23192.0,Imperial Securities Company Pvt. Ltd.,S.P.S.A. Securities Limited,2026-04-21 12:22:27.525283
2026042104003595,SSHL,45,16,376,223.0,83848.0,Imperial Securities Company Pvt. Ltd.,Primo Securities (PVT) Ltd.,2026-04-21 12:23:28.062768
2026042104003596,SSHL,41,16,105,223.0,23415.0,Linch Stock Market Ltd.,Primo Securities (PVT) Ltd.,2026-04-21 12:23:28.063689
2026042104003597,SSHL,35,16,300,223.0,66900.0,Kohinoor Investment & Securities Pvt. Ltd.,Primo Securities (PVT) Ltd.,2026-04-21 12:23:28.064433
2026042104003598,SSHL,25,16,50,223.0,11150.0,Sweta Securities Private Limited,Primo Securities (PVT) Ltd.,2026-04-21 12:23:28.065041
2026042104003599,SSHL,64,16,66,223.0,14718.0,SUN SECURITIES PVT LTD,Primo Securities (PVT) Ltd.,2026-04-21 12:23:28.065684
2026042104003735,SSHL,41,57,200,223.1,44620.0,Linch Stock Market Ltd.,Aryatara Investment & Securities,2026-04-21 12:26:10.918608
2026042104003778,SSHL,41,95,250,223.1,55775.0,Linch Stock Market Ltd.,Magnet Securities and Investment Company Private Limited,2026-04-21 12:28:02.952852
2026042104003779,SSHL,64,95,50,223.0,11150.0,SUN SECURITIES PVT LTD,Magnet Securities and Investment Company Private Limited,2026-04-21 12:28:02.953795
2026042104003848,SSHL,64,34,250,223.0,55750.0,SUN SECURITIES PVT LTD,Vision Securities Pvt. Ltd,2026-04-21 12:29:19.265735
2026042104003862,SSHL,64,74,1000,223.0,223000.0,SUN SECURITIES PVT LTD,KALASH STOCK MARKET PVT. LTD.,2026-04-21 12:29:33.740331
2026042104003874,SSHL,64,16,84,223.0,18732.0,SUN SECURITIES PVT LTD,Primo Securities (PVT) Ltd.,2026-04-21 12:29:46.991734
2026042104003956,SSHL,45,16,75,223.0,16725.0,Imperial Securities Company Pvt. Ltd.,Primo Securities (PVT) Ltd.,2026-04-21 12:31:37.521119
2026042104004006,SSHL,7,16,100,223.0,22300.0,J.F. Securites (PVT) Ltd.,Primo Securities (PVT) Ltd.,2026-04-21 12:32:21.459880
2026042104004179,SSHL,58,46,23,222.9,5126.7,Naasa Securities Co. Ltd.,Kalika Securities Pvt. Ltd.,2026-04-21 12:35:34.507282
2026042104004193,SSHL,39,58,10,222.6,2226.0,Sumeru Securities Pvt. Ltd.,Naasa Securities Co. Ltd.,2026-04-21 12:35:59.397128
2026042104004194,SSHL,22,58,100,222.5,22250.0,Siprabi Securities Pvt. Ltd.,Naasa Securities Co. Ltd.,2026-04-21 12:35:59.397610
2026042104004198,SSHL,36,57,100,222.4,22240.0,Secured Securities Ltd.,Aryatara Investment & Securities,2026-04-21 12:36:15.401387
2026042104004222,SSHL,41,42,1000,222.5,222500.0,Linch Stock Market Ltd.,Sani Securities Company Ltd.,2026-04-21 12:37:00.915563
2026042104004375,SSHL,52,7,10,222.8,2228.0,Sundhara Securities Limited,J.F. Securites (PVT) Ltd.,2026-04-21 12:40:03.211171
2026042104004376,SSHL,52,46,490,222.9,109221.0,Sundhara Securities Limited,Kalika Securities Pvt. Ltd.,2026-04-21 12:40:03.212081
2026042104004450,SSHL,52,46,270,222.9,60183.0,Sundhara Securities Limited,Kalika Securities Pvt. Ltd.,2026-04-21 12:41:25.410939
2026042104004493,SSHL,58,34,10,222.5,2225.0,Naasa Securities Co. Ltd.,Vision Securities Pvt. Ltd,2026-04-21 12:42:35.365935
2026042104004494,SSHL,48,34,50,222.5,11125.0,Trishakti Securities Public Limited,Vision Securities Pvt. Ltd,2026-04-21 12:42:35.366852
2026042104004495,SSHL,36,34,68,222.4,15123.2,Secured Securities Ltd.,Vision Securities Pvt. Ltd,2026-04-21 12:42:35.367522
2026042104004496,SSHL,18,34,500,222.2,111100.0,Sagarmatha Securities Private Limited,Vision Securities Pvt. Ltd,2026-04-21 12:42:35.368157
2026042104004497,SSHL,48,34,1000,222.1,222100.0,Trishakti Securities Public Limited,Vision Securities Pvt. Ltd,2026-04-21 12:42:35.368805
2026042104004498,SSHL,58,34,100,222.1,22210.0,Naasa Securities Co. Ltd.,Vision Securities Pvt. Ltd,2026-04-21 12:42:35.369435
2026042104004499,SSHL,32,34,100,222.1,22210.0,Premier Securities Company Ltd.,Vision Securities Pvt. Ltd,2026-04-21 12:42:35.370054
2026042104004500,SSHL,67,34,500,222.1,111050.0,Property Wiard Limited,Vision Securities Pvt. Ltd,2026-04-21 12:42:35.370681
2026042104004501,SSHL,38,34,350,222.0,77700.0,Dipshikha Dhitopatra Karobar Co. Pvt Ltd.,Vision Securities Pvt. Ltd,2026-04-21 12:42:35.371299
2026042104004502,SSHL,58,34,100,222.0,22200.0,Naasa Securities Co. Ltd.,Vision Securities Pvt. Ltd,2026-04-21 12:42:35.371929
2026042104004503,SSHL,89,34,22,222.0,4884.0,Global IME Securities Limited,Vision Securities Pvt. Ltd,2026-04-21 12:42:35.372542
2026042104004504,SSHL,45,34,500,222.0,111000.0,Imperial Securities Company Pvt. Ltd.,Vision Securities Pvt. Ltd,2026-04-21 12:42:35.373152
2026042104004505,SSHL,49,34,10,222.0,2220.0,Online Securities Pvt. Ltd.,Vision Securities Pvt. Ltd,2026-04-21 12:42:35.373825
2026042104004506,SSHL,41,34,190,222.0,42180.0,Linch Stock Market Ltd.,Vision Securities Pvt. Ltd,2026-04-21 12:42:35.374446
2026042104004509,SSHL,41,90,10,222.0,2220.0,Linch Stock Market Ltd.,Sajilo Broker Limited,2026-04-21 12:42:48.931006
2026042104004510,SSHL,50,90,90,222.0,19980.0,Cristal Kanchanjanga Securites Pvt. Ltd.,Sajilo Broker Limited,2026-04-21 12:42:48.931508
2026042104004530,SSHL,50,34,161,222.0,35742.0,Cristal Kanchanjanga Securites Pvt. Ltd.,Vision Securities Pvt. Ltd,2026-04-21 12:43:04.852466
2026042104004560,SSHL,13,16,250,222.8,55700.0,Thrive Brokerage House Pvt. Ltd,Primo Securities (PVT) Ltd.,2026-04-21 12:43:33.243189
2026042104004571,SSHL,16,16,630,222.8,140364.0,Primo Securities (PVT) Ltd.,Primo Securities (PVT) Ltd.,2026-04-21 12:44:06.915821
2026042104004681,SSHL,51,16,861,222.8,191830.8,Oxford Securities Pvt. Ltd.,Primo Securities (PVT) Ltd.,2026-04-21 12:48:04.598884
2026042104004682,SSHL,51,58,20,222.8,4456.0,Oxford Securities Pvt. Ltd.,Naasa Securities Co. Ltd.,2026-04-21 12:48:04.599374
2026042104004683,SSHL,51,34,15,222.8,3342.0,Oxford Securities Pvt. Ltd.,Vision Securities Pvt. Ltd,2026-04-21 12:48:04.599613
2026042104004684,SSHL,51,46,217,222.9,48369.3,Oxford Securities Pvt. Ltd.,Kalika Securities Pvt. Ltd.,2026-04-21 12:48:04.599867
2026042104004685,SSHL,51,7,10,222.9,2229.0,Oxford Securities Pvt. Ltd.,J.F. Securites (PVT) Ltd.,2026-04-21 12:48:04.600128
2026042104004686,SSHL,51,40,490,222.9,109221.0,Oxford Securities Pvt. Ltd.,Creative Securities Pvt Ltd,2026-04-21 12:48:04.600373
2026042104004687,SSHL,51,58,100,222.9,22290.0,Oxford Securities Pvt. Ltd.,Naasa Securities Co. Ltd.,2026-04-21 12:48:04.695284
2026042104004771,SSHL,37,28,115,223.0,25645.0,Swarna Laxmi Securities Pvt. Ltd.,Shree Krishna Securities Ltd.,2026-04-21 12:50:20.200482
2026042104004774,SSHL,32,28,10,223.0,2230.0,Premier Securities Company Ltd.,Shree Krishna Securities Ltd.,2026-04-21 12:50:30.576244
2026042104004815,SSHL,49,28,10,223.0,2230.0,Online Securities Pvt. Ltd.,Shree Krishna Securities Ltd.,2026-04-21 12:50:41.330725
2026042104004848,SSHL,51,58,10,222.9,2229.0,Oxford Securities Pvt. Ltd.,Naasa Securities Co. Ltd.,2026-04-21 12:51:30.138900
2026042104004902,SSHL,51,45,262,222.9,58399.8,Oxford Securities Pvt. Ltd.,Imperial Securities Company Pvt. Ltd.,2026-04-21 12:52:36.611475
2026042104004903,SSHL,75,45,238,222.4,52931.2,N.I.M.B. Stock Markets Limited,Imperial Securities Company Pvt. Ltd.,2026-04-21 12:52:36.611585
2026042104004976,SSHL,42,28,55,223.0,12265.0,Sani Securities Company Ltd.,Shree Krishna Securities Ltd.,2026-04-21 12:53:57.563219
2026042104005099,SSHL,75,87,262,222.4,58268.8,N.I.M.B. Stock Markets Limited,S.P.S.A. Securities Limited,2026-04-21 12:56:31.108081
2026042104005100,SSHL,13,87,200,222.3,44460.0,Thrive Brokerage House Pvt. Ltd,S.P.S.A. Securities Limited,2026-04-21 12:56:31.108557
2026042104005101,SSHL,45,87,1000,222.3,222300.0,Imperial Securities Company Pvt. Ltd.,S.P.S.A. Securities Limited,2026-04-21 12:56:31.108789
2026042104005102,SSHL,58,87,235,222.2,52217.0,Naasa Securities Co. Ltd.,S.P.S.A. Securities Limited,2026-04-21 12:56:31.109017
2026042104005103,SSHL,56,87,303,222.2,67326.6,Sri Hari Securities Pvt. Ltd.,S.P.S.A. Securities Limited,2026-04-21 12:56:31.109239
2026042104005158,SSHL,56,51,1197,222.2,265973.4,Sri Hari Securities Pvt. Ltd.,Oxford Securities Pvt. Ltd.,2026-04-21 12:56:42.723114
2026042104005159,SSHL,45,51,303,222.2,67326.6,Imperial Securities Company Pvt. Ltd.,Oxford Securities Pvt. Ltd.,2026-04-21 12:56:42.723652
2026042104005181,SSHL,42,46,50,222.8,11140.0,Sani Securities Company Ltd.,Kalika Securities Pvt. Ltd.,2026-04-21 12:57:04.365108
2026042104005248,SSHL,36,7,10,222.7,2227.0,Secured Securities Ltd.,J.F. Securites (PVT) Ltd.,2026-04-21 12:58:07.216100
2026042104005249,SSHL,36,46,40,222.8,8912.0,Secured Securities Ltd.,Kalika Securities Pvt. Ltd.,2026-04-21 12:58:07.217057
2026042104005265,SSHL,82,46,910,222.8,202748.0,N.M.B. SECURITIES LIMITED,Kalika Securities Pvt. Ltd.,2026-04-21 12:58:22.784461
2026042104005266,SSHL,82,46,90,222.8,20052.0,N.M.B. SECURITIES LIMITED,Kalika Securities Pvt. Ltd.,2026-04-21 12:58:22.785427
2026042104005278,SSHL,18,46,439,222.8,97809.2,Sagarmatha Securities Private Limited,Kalika Securities Pvt. Ltd.,2026-04-21 12:58:39.150590
2026042104005279,SSHL,18,28,810,223.0,180630.0,Sagarmatha Securities Private Limited,Shree Krishna Securities Ltd.,2026-04-21 12:58:39.151534
2026042104005280,SSHL,18,58,51,223.0,11373.0,Sagarmatha Securities Private Limited,Naasa Securities Co. Ltd.,2026-04-21 12:58:39.152214
2026042104005354,SSHL,5,58,349,223.0,77827.0,Market Securities & Exchange (PVT) Ltd.,Naasa Securities Co. Ltd.,2026-04-21 13:01:24.347912
2026042104005355,SSHL,5,28,140,223.0,31220.0,Market Securities & Exchange (PVT) Ltd.,Shree Krishna Securities Ltd.,2026-04-21 13:01:24.348882
2026042104005356,SSHL,5,7,10,223.0,2230.0,Market Securities & Exchange (PVT) Ltd.,J.F. Securites (PVT) Ltd.,2026-04-21 13:01:24.349599
2026042104005454,SSHL,57,1,80,222.6,17808.0,Aryatara Investment & Securities,Kumari Securities Private Limited,2026-04-21 13:04:02.463114
2026042104005455,SSHL,44,1,100,222.5,22250.0,Dynamic Money Managers Securities Pvt. Ltd.,Kumari Securities Private Limited,2026-04-21 13:04:02.464196
2026042104005456,SSHL,13,1,15,222.5,3337.5,Thrive Brokerage House Pvt. Ltd,Kumari Securities Private Limited,2026-04-21 13:04:02.465024
2026042104005457,SSHL,58,1,135,222.4,30024.0,Naasa Securities Co. Ltd.,Kumari Securities Private Limited,2026-04-21 13:04:02.465772
2026042104005458,SSHL,57,1,50,222.3,11115.0,Aryatara Investment & Securities,Kumari Securities Private Limited,2026-04-21 13:04:02.466513
2026042104005459,SSHL,56,1,10,222.3,2223.0,Sri Hari Securities Pvt. Ltd.,Kumari Securities Private Limited,2026-04-21 13:04:02.467242
2026042104005460,SSHL,45,1,610,222.2,135542.0,Imperial Securities Company Pvt. Ltd.,Kumari Securities Private Limited,2026-04-21 13:04:02.467947
2026042104005484,SSHL,45,1,87,222.2,19331.4,Imperial Securities Company Pvt. Ltd.,Kumari Securities Private Limited,2026-04-21 13:04:41.104759
2026042104005485,SSHL,22,1,913,222.2,202868.6,Siprabi Securities Pvt. Ltd.,Kumari Securities Private Limited,2026-04-21 13:04:41.105777
2026042104005539,SSHL,58,1,450,222.3,100035.0,Naasa Securities Co. Ltd.,Kumari Securities Private Limited,2026-04-21 13:05:49.462104
2026042104005540,SSHL,22,1,550,222.2,122210.0,Siprabi Securities Pvt. Ltd.,Kumari Securities Private Limited,2026-04-21 13:05:49.463483
2026042104005541,SSHL,50,7,10,223.2,2232.0,Cristal Kanchanjanga Securites Pvt. Ltd.,J.F. Securites (PVT) Ltd.,2026-04-21 13:05:54.773333
2026042104005542,SSHL,50,58,700,223.3,156310.0,Cristal Kanchanjanga Securites Pvt. Ltd.,Naasa Securities Co. Ltd.,2026-04-21 13:05:54.774372
2026042104005543,SSHL,50,47,247,223.4,55179.8,Cristal Kanchanjanga Securites Pvt. Ltd.,Neev Securities Pvt. Ltd.,2026-04-21 13:05:54.775110
2026042104005553,SSHL,50,1,1000,223.4,223400.0,Cristal Kanchanjanga Securites Pvt. Ltd.,Kumari Securities Private Limited,2026-04-21 13:06:11.137986
2026042104005626,SSHL,4,34,280,223.5,62580.0,Opal Securities Investment (PVT) Ltd.,Vision Securities Pvt. Ltd,2026-04-21 13:08:48.799807
2026042104005670,SSHL,82,34,1000,223.5,223500.0,N.M.B. SECURITIES LIMITED,Vision Securities Pvt. Ltd,2026-04-21 13:10:09.311064
2026042104005734,SSHL,1,58,10,223.1,2231.0,Kumari Securities Private Limited,Naasa Securities Co. Ltd.,2026-04-21 13:11:03.476205
2026042104005757,SSHL,95,34,720,223.5,160920.0,Magnet Securities and Investment Company Private Limited,Vision Securities Pvt. Ltd,2026-04-21 13:11:33.770495
2026042104005827,SSHL,58,74,10,223.7,2237.0,Naasa Securities Co. Ltd.,KALASH STOCK MARKET PVT. LTD.,2026-04-21 13:12:37.461880
2026042104005882,SSHL,82,7,10,223.9,2239.0,N.M.B. SECURITIES LIMITED,J.F. Securites (PVT) Ltd.,2026-04-21 13:14:03.198811
2026042104005883,SSHL,82,35,100,224.0,22400.0,N.M.B. SECURITIES LIMITED,Kohinoor Investment & Securities Pvt. Ltd.,2026-04-21 13:14:03.199903
2026042104005884,SSHL,82,45,100,224.0,22400.0,N.M.B. SECURITIES LIMITED,Imperial Securities Company Pvt. Ltd.,2026-04-21 13:14:03.200702
2026042104005885,SSHL,82,57,500,224.0,112000.0,N.M.B. SECURITIES LIMITED,Aryatara Investment & Securities,2026-04-21 13:14:03.201507
2026042104005886,SSHL,82,28,290,224.0,64960.0,N.M.B. SECURITIES LIMITED,Shree Krishna Securities Ltd.,2026-04-21 13:14:03.202287
2026042104005953,SSHL,42,28,710,224.0,159040.0,Sani Securities Company Ltd.,Shree Krishna Securities Ltd.,2026-04-21 13:15:30.182856
2026042104005954,SSHL,42,42,290,224.0,64960.0,Sani Securities Company Ltd.,Sani Securities Company Ltd.,2026-04-21 13:15:30.183391
2026042104005974,SSHL,8,42,400,224.0,89600.0,Brilliant Securities Pvt. Ltd.,Sani Securities Company Ltd.,2026-04-21 13:15:52.452060
2026042104005999,SSHL,45,42,10,224.0,2240.0,Imperial Securities Company Pvt. Ltd.,Sani Securities Company Ltd.,2026-04-21 13:16:17.654604
2026042104006055,SSHL,58,7,10,224.0,2240.0,Naasa Securities Co. Ltd.,J.F. Securites (PVT) Ltd.,2026-04-21 13:17:15.175998
2026042104006056,SSHL,58,58,45,224.0,10080.0,Naasa Securities Co. Ltd.,Naasa Securities Co. Ltd.,2026-04-21 13:17:15.176999
2026042104006147,SSHL,58,58,40,224.0,8960.0,Naasa Securities Co. Ltd.,Naasa Securities Co. Ltd.,2026-04-21 13:19:26.619272
2026042104006212,SSHL,58,45,20,223.9,4478.0,Naasa Securities Co. Ltd.,Imperial Securities Company Pvt. Ltd.,2026-04-21 13:21:16.062341
2026042104006218,SSHL,32,58,15,224.0,3360.0,Premier Securities Company Ltd.,Naasa Securities Co. Ltd.,2026-04-21 13:21:22.513370
2026042104006219,SSHL,32,57,85,224.5,19082.5,Premier Securities Company Ltd.,Aryatara Investment & Securities,2026-04-21 13:21:22.513857
2026042104006223,SSHL,58,28,11,223.9,2462.9,Naasa Securities Co. Ltd.,Shree Krishna Securities Ltd.,2026-04-21 13:21:28.916417
2026042104006320,SSHL,65,57,105,224.5,23572.5,Sharepro Securities Private Limited,Aryatara Investment & Securities,2026-04-21 13:23:29.950991
2026042104006321,SSHL,65,7,10,224.5,2245.0,Sharepro Securities Private Limited,J.F. Securites (PVT) Ltd.,2026-04-21 13:23:29.951087
2026042104006340,SSHL,58,51,40,224.9,8996.0,Naasa Securities Co. Ltd.,Oxford Securities Pvt. Ltd.,2026-04-21 13:23:49.679666
2026042104006450,SSHL,49,87,50,224.0,11200.0,Online Securities Pvt. Ltd.,S.P.S.A. Securities Limited,2026-04-21 13:26:03.936924
2026042104006451,SSHL,50,87,2249,224.0,503776.0,Cristal Kanchanjanga Securites Pvt. Ltd.,S.P.S.A. Securities Limited,2026-04-21 13:26:03.938085
2026042104006452,SSHL,22,87,410,224.0,91840.0,Siprabi Securities Pvt. Ltd.,S.P.S.A. Securities Limited,2026-04-21 13:26:03.938898
2026042104006453,SSHL,58,87,291,223.9,65154.9,Naasa Securities Co. Ltd.,S.P.S.A. Securities Limited,2026-04-21 13:26:03.939676
2026042104006462,SSHL,58,74,778,223.9,174194.2,Naasa Securities Co. Ltd.,KALASH STOCK MARKET PVT. LTD.,2026-04-21 13:26:16.429979
2026042104006463,SSHL,42,74,120,223.8,26856.0,Sani Securities Company Ltd.,KALASH STOCK MARKET PVT. LTD.,2026-04-21 13:26:16.430093
2026042104006464,SSHL,1,74,1702,223.4,380226.8,Kumari Securities Private Limited,KALASH STOCK MARKET PVT. LTD.,2026-04-21 13:26:16.430173
2026042104006597,SSHL,1,26,298,223.4,66573.2,Kumari Securities Private Limited,Asian Securities Private Ltd.,2026-04-21 13:28:38.485016
2026042104006598,SSHL,45,26,4702,223.1,1049016.2,Imperial Securities Company Pvt. Ltd.,Asian Securities Private Ltd.,2026-04-21 13:28:38.485562
2026042104006646,SSHL,45,51,298,223.1,66483.8,Imperial Securities Company Pvt. Ltd.,Oxford Securities Pvt. Ltd.,2026-04-21 13:30:22.021758
2026042104006647,SSHL,50,51,43,223.0,9589.0,Cristal Kanchanjanga Securites Pvt. Ltd.,Oxford Securities Pvt. Ltd.,2026-04-21 13:30:22.022946
2026042104006648,SSHL,43,51,1000,223.0,223000.0,South Asian Bulls Pvt. Ltd.,Oxford Securities Pvt. Ltd.,2026-04-21 13:30:22.023879
2026042104006649,SSHL,18,51,159,223.0,35457.0,Sagarmatha Securities Private Limited,Oxford Securities Pvt. Ltd.,2026-04-21 13:30:22.024746
2026042104006960,SSHL,95,4,50,223.5,11175.0,Magnet Securities and Investment Company Private Limited,Opal Securities Investment (PVT) Ltd.,2026-04-21 13:36:51.415938
2026042104007095,SSHL,25,59,100,223.9,22390.0,Sweta Securities Private Limited,Deevyaa Securities & Stock House Pvt. Ltd,2026-04-21 13:38:56.197710
2026042104007143,SSHL,58,44,20,223.6,4472.0,Naasa Securities Co. Ltd.,Dynamic Money Managers Securities Pvt. Ltd.,2026-04-21 13:39:20.327297
2026042104007148,SSHL,95,38,50,223.5,11175.0,Magnet Securities and Investment Company Private Limited,Dipshikha Dhitopatra Karobar Co. Pvt Ltd.,2026-04-21 13:39:23.798281
2026042104007160,SSHL,3,44,34,223.6,7602.4,Arun Securities (PVT) Ltd.,Dynamic Money Managers Securities Pvt. Ltd.,2026-04-21 13:39:35.301577
2026042104007204,SSHL,48,59,200,223.9,44780.0,Trishakti Securities Public Limited,Deevyaa Securities & Stock House Pvt. Ltd,2026-04-21 13:40:28.786416
2026042104007225,SSHL,54,13,1000,224.0,224000.0,Sewa Securities Pvt. Ltd.,Thrive Brokerage House Pvt. Ltd,2026-04-21 13:40:51.480364
2026042104007235,SSHL,26,7,10,224.0,2240.0,Asian Securities Private Ltd.,J.F. Securites (PVT) Ltd.,2026-04-21 13:41:05.340152
2026042104007236,SSHL,26,45,90,224.0,20160.0,Asian Securities Private Ltd.,Imperial Securities Company Pvt. Ltd.,2026-04-21 13:41:05.341359
2026042104007255,SSHL,16,45,500,224.0,112000.0,Primo Securities (PVT) Ltd.,Imperial Securities Company Pvt. Ltd.,2026-04-21 13:41:29.704202
2026042104007295,SSHL,39,45,200,224.0,44800.0,Sumeru Securities Pvt. Ltd.,Imperial Securities Company Pvt. Ltd.,2026-04-21 13:42:20.927083
2026042104007318,SSHL,25,45,100,224.0,22400.0,Sweta Securities Private Limited,Imperial Securities Company Pvt. Ltd.,2026-04-21 13:43:04.749788
2026042104007322,SSHL,64,45,10,224.0,2240.0,SUN SECURITIES PVT LTD,Imperial Securities Company Pvt. Ltd.,2026-04-21 13:43:14.931629
2026042104007357,SSHL,64,58,90,224.0,20160.0,SUN SECURITIES PVT LTD,Naasa Securities Co. Ltd.,2026-04-21 13:43:59.186352
2026042104007358,SSHL,42,58,10,224.0,2240.0,Sani Securities Company Ltd.,Naasa Securities Co. Ltd.,2026-04-21 13:43:59.187544
2026042104007374,SSHL,42,54,50,224.0,11200.0,Sani Securities Company Ltd.,Sewa Securities Pvt. Ltd.,2026-04-21 13:44:29.308164
2026042104007446,SSHL,32,51,60,224.9,13494.0,Premier Securities Company Ltd.,Oxford Securities Pvt. Ltd.,2026-04-21 13:46:17.367440
2026042104007447,SSHL,32,6,100,224.9,22490.0,Premier Securities Company Ltd.,Agrawal Securities (PVT) Ltd.,2026-04-21 13:46:17.368656
2026042104007448,SSHL,32,7,10,224.9,2249.0,Premier Securities Company Ltd.,J.F. Securites (PVT) Ltd.,2026-04-21 13:46:17.369756
2026042104007449,SSHL,32,87,1000,224.9,224900.0,Premier Securities Company Ltd.,S.P.S.A. Securities Limited,2026-04-21 13:46:17.370981
2026042104007450,SSHL,32,87,330,224.9,74217.0,Premier Securities Company Ltd.,S.P.S.A. Securities Limited,2026-04-21 13:46:17.372211
2026042104007480,SSHL,39,87,10,224.9,2249.0,Sumeru Securities Pvt. Ltd.,S.P.S.A. Securities Limited,2026-04-21 13:46:51.750388
2026042104007522,SSHL,42,87,30,224.9,6747.0,Sani Securities Company Ltd.,S.P.S.A. Securities Limited,2026-04-21 13:48:10.616225
2026042104007566,SSHL,42,87,190,224.9,42731.0,Sani Securities Company Ltd.,S.P.S.A. Securities Limited,2026-04-21 13:49:26.433713
2026042104007568,SSHL,42,1,100,224.0,22400.0,Sani Securities Company Ltd.,Kumari Securities Private Limited,2026-04-21 13:49:31.961715
2026042104007678,SSHL,42,45,90,224.0,20160.0,Sani Securities Company Ltd.,Imperial Securities Company Pvt. Ltd.,2026-04-21 13:53:01.385667
2026042104007679,SSHL,4,45,63,224.0,14112.0,Opal Securities Investment (PVT) Ltd.,Imperial Securities Company Pvt. Ltd.,2026-04-21 13:53:01.386213
2026042104007680,SSHL,22,45,45,224.0,10080.0,Siprabi Securities Pvt. Ltd.,Imperial Securities Company Pvt. Ltd.,2026-04-21 13:53:01.386502
2026042104007681,SSHL,54,45,302,224.0,67648.0,Sewa Securities Pvt. Ltd.,Imperial Securities Company Pvt. Ltd.,2026-04-21 13:53:01.386775
2026042104007714,SSHL,32,87,50,224.9,11245.0,Premier Securities Company Ltd.,S.P.S.A. Securities Limited,2026-04-21 13:54:14.266624
2026042104007726,SSHL,54,56,10,224.0,2240.0,Sewa Securities Pvt. Ltd.,Sri Hari Securities Pvt. Ltd.,2026-04-21 13:54:54.722497
2026042104007817,SSHL,54,25,188,224.0,42112.0,Sewa Securities Pvt. Ltd.,Sweta Securities Private Limited,2026-04-21 13:56:58.121778
2026042104007818,SSHL,4,25,200,224.0,44800.0,Opal Securities Investment (PVT) Ltd.,Sweta Securities Private Limited,2026-04-21 13:56:58.123067
2026042104007819,SSHL,17,25,1000,224.0,224000.0,ABC Securities Private Limited,Sweta Securities Private Limited,2026-04-21 13:56:58.124234
2026042104007889,SSHL,3,22,71,223.6,15875.6,Arun Securities (PVT) Ltd.,Siprabi Securities Pvt. Ltd.,2026-04-21 13:58:09.147823
2026042104007920,SSHL,3,17,200,223.6,44720.0,Arun Securities (PVT) Ltd.,ABC Securities Private Limited,2026-04-21 13:58:51.626488
2026042104007954,SSHL,3,13,695,223.6,155402.0,Arun Securities (PVT) Ltd.,Thrive Brokerage House Pvt. Ltd,2026-04-21 13:59:25.166686
2026042104007955,SSHL,58,13,10,223.6,2236.0,Naasa Securities Co. Ltd.,Thrive Brokerage House Pvt. Ltd,2026-04-21 13:59:25.167295
2026042104007956,SSHL,44,13,95,223.5,21232.5,Dynamic Money Managers Securities Pvt. Ltd.,Thrive Brokerage House Pvt. Ltd,2026-04-21 13:59:25.167596
2026042104007957,SSHL,32,25,70,224.0,15680.0,Premier Securities Company Ltd.,Sweta Securities Private Limited,2026-04-21 13:59:25.583512
2026042104008041,SSHL,35,25,475,224.0,106400.0,Kohinoor Investment & Securities Pvt. Ltd.,Sweta Securities Private Limited,2026-04-21 14:00:55.587416
2026042104008042,SSHL,35,7,20,224.0,4480.0,Kohinoor Investment & Securities Pvt. Ltd.,J.F. Securites (PVT) Ltd.,2026-04-21 14:00:55.589085
2026042104008067,SSHL,17,35,500,223.1,111550.0,ABC Securities Private Limited,Kohinoor Investment & Securities Pvt. Ltd.,2026-04-21 14:01:15.194184
2026042104008068,SSHL,54,35,500,223.1,111550.0,Sewa Securities Pvt. Ltd.,Kohinoor Investment & Securities Pvt. Ltd.,2026-04-21 14:01:15.194259
2026042104008071,SSHL,18,35,41,223.0,9143.0,Sagarmatha Securities Private Limited,Kohinoor Investment & Securities Pvt. Ltd.,2026-04-21 14:01:19.346839
2026042104008072,SSHL,53,35,1000,223.0,223000.0,Investment Management Nepal Pvt. Ltd.,Kohinoor Investment & Securities Pvt. Ltd.,2026-04-21 14:01:19.346957
2026042104008073,SSHL,16,35,100,223.0,22300.0,Primo Securities (PVT) Ltd.,Kohinoor Investment & Securities Pvt. Ltd.,2026-04-21 14:01:19.347061
2026042104008074,SSHL,32,35,59,223.0,13157.0,Premier Securities Company Ltd.,Kohinoor Investment & Securities Pvt. Ltd.,2026-04-21 14:01:19.347127
2026042104008117,SSHL,58,48,90,224.0,20160.0,Naasa Securities Co. Ltd.,Trishakti Securities Public Limited,2026-04-21 14:02:41.344655
2026042104008164,SSHL,35,48,200,223.9,44780.0,Kohinoor Investment & Securities Pvt. Ltd.,Trishakti Securities Public Limited,2026-04-21 14:04:08.965359
2026042104008197,SSHL,35,87,390,223.3,87087.0,Kohinoor Investment & Securities Pvt. Ltd.,S.P.S.A. Securities Limited,2026-04-21 14:04:49.024243
2026042104008320,SSHL,35,43,10,223.3,2233.0,Kohinoor Investment & Securities Pvt. Ltd.,South Asian Bulls Pvt. Ltd.,2026-04-21 14:06:55.502723
2026042104008353,SSHL,41,14,65,223.5,14527.5,Linch Stock Market Ltd.,Nepal Stock House (PVT) Ltd.,2026-04-21 14:07:44.483938
2026042104008354,SSHL,35,14,100,223.3,22330.0,Kohinoor Investment & Securities Pvt. Ltd.,Nepal Stock House (PVT) Ltd.,2026-04-21 14:07:44.484570
2026042104008355,SSHL,32,14,141,223.0,31443.0,Premier Securities Company Ltd.,Nepal Stock House (PVT) Ltd.,2026-04-21 14:07:44.484934
2026042104008356,SSHL,16,14,40,223.0,8920.0,Primo Securities (PVT) Ltd.,Nepal Stock House (PVT) Ltd.,2026-04-21 14:07:44.485308
2026042104008357,SSHL,44,14,405,223.0,90315.0,Dynamic Money Managers Securities Pvt. Ltd.,Nepal Stock House (PVT) Ltd.,2026-04-21 14:07:44.485651
2026042104008358,SSHL,34,14,100,223.0,22300.0,Vision Securities Pvt. Ltd,Nepal Stock House (PVT) Ltd.,2026-04-21 14:07:44.486007
2026042104008359,SSHL,45,14,200,223.0,44600.0,Imperial Securities Company Pvt. Ltd.,Nepal Stock House (PVT) Ltd.,2026-04-21 14:07:44.486348
2026042104008360,SSHL,57,14,100,223.0,22300.0,Aryatara Investment & Securities,Nepal Stock House (PVT) Ltd.,2026-04-21 14:07:44.486671
2026042104008376,SSHL,58,14,100,223.0,22300.0,Naasa Securities Co. Ltd.,Nepal Stock House (PVT) Ltd.,2026-04-21 14:08:09.421871
2026042104008402,SSHL,58,58,12,222.8,2673.6,Naasa Securities Co. Ltd.,Naasa Securities Co. Ltd.,2026-04-21 14:08:48.162504
2026042104008406,SSHL,58,14,88,222.8,19606.4,Naasa Securities Co. Ltd.,Nepal Stock House (PVT) Ltd.,2026-04-21 14:08:50.985201
2026042104008407,SSHL,32,14,200,222.7,44540.0,Premier Securities Company Ltd.,Nepal Stock House (PVT) Ltd.,2026-04-21 14:08:50.986465
2026042104008408,SSHL,22,14,30,222.6,6678.0,Siprabi Securities Pvt. Ltd.,Nepal Stock House (PVT) Ltd.,2026-04-21 14:08:50.987382
2026042104008409,SSHL,54,14,431,222.6,95940.6,Sewa Securities Pvt. Ltd.,Nepal Stock House (PVT) Ltd.,2026-04-21 14:08:50.988255
2026042104008421,SSHL,4,41,100,222.7,22270.0,Opal Securities Investment (PVT) Ltd.,Linch Stock Market Ltd.,2026-04-21 14:09:12.847966
2026042104008425,SSHL,54,41,69,222.6,15359.4,Sewa Securities Pvt. Ltd.,Linch Stock Market Ltd.,2026-04-21 14:09:15.822402
2026042104008426,SSHL,64,41,160,222.6,35616.0,SUN SECURITIES PVT LTD,Linch Stock Market Ltd.,2026-04-21 14:09:15.823015
2026042104008440,SSHL,49,41,371,222.6,82584.6,Online Securities Pvt. Ltd.,Linch Stock Market Ltd.,2026-04-21 14:09:36.244403
2026042104008441,SSHL,49,58,22,222.6,4897.2,Online Securities Pvt. Ltd.,Naasa Securities Co. Ltd.,2026-04-21 14:09:36.245665
2026042104008442,SSHL,49,41,100,222.7,22270.0,Online Securities Pvt. Ltd.,Linch Stock Market Ltd.,2026-04-21 14:09:36.246656
2026042104008445,SSHL,16,41,400,222.5,89000.0,Primo Securities (PVT) Ltd.,Linch Stock Market Ltd.,2026-04-21 14:09:40.173847
2026042104008456,SSHL,49,7,20,223.0,4460.0,Online Securities Pvt. Ltd.,J.F. Securites (PVT) Ltd.,2026-04-21 14:09:53.592758
2026042104008457,SSHL,49,5,880,223.0,196240.0,Online Securities Pvt. Ltd.,Market Securities & Exchange (PVT) Ltd.,2026-04-21 14:09:53.593496
2026042104008481,SSHL,16,45,100,222.5,22250.0,Primo Securities (PVT) Ltd.,Imperial Securities Company Pvt. Ltd.,2026-04-21 14:10:12.043149
2026042104008482,SSHL,22,45,12,222.2,2666.4,Siprabi Securities Pvt. Ltd.,Imperial Securities Company Pvt. Ltd.,2026-04-21 14:10:12.043202
2026042104008483,SSHL,56,45,188,222.2,41773.6,Sri Hari Securities Pvt. Ltd.,Imperial Securities Company Pvt. Ltd.,2026-04-21 14:10:12.043230
2026042104008539,SSHL,35,51,200,222.4,44480.0,Kohinoor Investment & Securities Pvt. Ltd.,Oxford Securities Pvt. Ltd.,2026-04-21 14:11:19.227423
2026042104008540,SSHL,49,51,200,222.3,44460.0,Online Securities Pvt. Ltd.,Oxford Securities Pvt. Ltd.,2026-04-21 14:11:19.228069
2026042104008541,SSHL,56,51,162,222.2,35996.4,Sri Hari Securities Pvt. Ltd.,Oxford Securities Pvt. Ltd.,2026-04-21 14:11:19.228417
2026042104008542,SSHL,56,51,438,222.2,97323.6,Sri Hari Securities Pvt. Ltd.,Oxford Securities Pvt. Ltd.,2026-04-21 14:11:19.228830
2026042104008563,SSHL,49,57,500,222.3,111150.0,Online Securities Pvt. Ltd.,Aryatara Investment & Securities,2026-04-21 14:11:50.448342
2026042104008625,SSHL,49,42,10,222.3,2223.0,Online Securities Pvt. Ltd.,Sani Securities Company Ltd.,2026-04-21 14:12:37.270924
2026042104008643,SSHL,88,5,100,223.0,22300.0,Blue Chip Securities Ltd,Market Securities & Exchange (PVT) Ltd.,2026-04-21 14:12:50.486681
2026042104008646,SSHL,42,5,10,223.0,2230.0,Sani Securities Company Ltd.,Market Securities & Exchange (PVT) Ltd.,2026-04-21 14:12:58.084765
2026042104008693,SSHL,11,5,10,223.0,2230.0,Malla & Malla Stock Broking Company Pvt. Limited,Market Securities & Exchange (PVT) Ltd.,2026-04-21 14:13:34.763957
2026042104008694,SSHL,11,45,90,223.0,20070.0,Malla & Malla Stock Broking Company Pvt. Limited,Imperial Securities Company Pvt. Ltd.,2026-04-21 14:13:34.764577
2026042104008712,SSHL,35,45,20,223.0,4460.0,Kohinoor Investment & Securities Pvt. Ltd.,Imperial Securities Company Pvt. Ltd.,2026-04-21 14:13:58.097008
2026042104008723,SSHL,45,45,200,223.0,44600.0,Imperial Securities Company Pvt. Ltd.,Imperial Securities Company Pvt. Ltd.,2026-04-21 14:14:11.606740
2026042104008790,SSHL,58,58,55,222.4,12232.0,Naasa Securities Co. Ltd.,Naasa Securities Co. Ltd.,2026-04-21 14:14:39.171200
2026042104008791,SSHL,49,58,295,222.3,65578.5,Online Securities Pvt. Ltd.,Naasa Securities Co. Ltd.,2026-04-21 14:14:39.172497
2026042104008923,SSHL,49,58,155,222.3,34456.5,Online Securities Pvt. Ltd.,Naasa Securities Co. Ltd.,2026-04-21 14:17:01.613568
2026042104008966,SSHL,35,45,90,223.0,20070.0,Kohinoor Investment & Securities Pvt. Ltd.,Imperial Securities Company Pvt. Ltd.,2026-04-21 14:17:25.301593
2026042104008967,SSHL,35,4,10,223.0,2230.0,Kohinoor Investment & Securities Pvt. Ltd.,Opal Securities Investment (PVT) Ltd.,2026-04-21 14:17:25.302829
2026042104009031,SSHL,49,29,40,222.3,8892.0,Online Securities Pvt. Ltd.,Trisul Securities & Invt. Ltd.,2026-04-21 14:18:24.672576
2026042104009032,SSHL,1,29,20,222.3,4446.0,Kumari Securities Private Limited,Trisul Securities & Invt. Ltd.,2026-04-21 14:18:24.673240
2026042104009033,SSHL,35,29,25,222.3,5557.5,Kohinoor Investment & Securities Pvt. Ltd.,Trisul Securities & Invt. Ltd.,2026-04-21 14:18:24.673731
2026042104009034,SSHL,56,29,112,222.2,24886.4,Sri Hari Securities Pvt. Ltd.,Trisul Securities & Invt. Ltd.,2026-04-21 14:18:24.674110
2026042104009035,SSHL,56,29,10,222.2,2222.0,Sri Hari Securities Pvt. Ltd.,Trisul Securities & Invt. Ltd.,2026-04-21 14:18:24.674499
2026042104009036,SSHL,56,29,10,222.2,2222.0,Sri Hari Securities Pvt. Ltd.,Trisul Securities & Invt. Ltd.,2026-04-21 14:18:24.674854
2026042104009037,SSHL,42,29,1000,222.2,222200.0,Sani Securities Company Ltd.,Trisul Securities & Invt. Ltd.,2026-04-21 14:18:24.675204
2026042104009038,SSHL,19,29,283,222.2,62882.6,Nepal Investment And Securities Trading Private Limited,Trisul Securities & Invt. Ltd.,2026-04-21 14:18:24.675590
2026042104009108,SSHL,19,58,217,222.2,48217.4,Nepal Investment And Securities Trading Private Limited,Naasa Securities Co. Ltd.,2026-04-21 14:18:55.515164
2026042104009109,SSHL,54,58,83,222.2,18442.6,Sewa Securities Pvt. Ltd.,Naasa Securities Co. Ltd.,2026-04-21 14:18:55.516437
2026042104009125,SSHL,54,52,417,222.2,92657.4,Sewa Securities Pvt. Ltd.,Sundhara Securities Limited,2026-04-21 14:19:17.341414
2026042104009142,SSHL,14,34,20,222.1,4442.0,Nepal Stock House (PVT) Ltd.,Vision Securities Pvt. Ltd,2026-04-21 14:19:25.568708
2026042104009143,SSHL,65,34,100,222.1,22210.0,Sharepro Securities Private Limited,Vision Securities Pvt. Ltd,2026-04-21 14:19:25.570017
2026042104009144,SSHL,39,34,200,222.1,44420.0,Sumeru Securities Pvt. Ltd.,Vision Securities Pvt. Ltd,2026-04-21 14:19:25.571033
2026042104009145,SSHL,16,34,400,222.1,88840.0,Primo Securities (PVT) Ltd.,Vision Securities Pvt. Ltd,2026-04-21 14:19:25.571986
2026042104009150,SSHL,50,52,183,222.2,40662.6,Cristal Kanchanjanga Securites Pvt. Ltd.,Sundhara Securities Limited,2026-04-21 14:19:28.177399
2026042104009167,SSHL,42,4,225,223.0,50175.0,Sani Securities Company Ltd.,Opal Securities Investment (PVT) Ltd.,2026-04-21 14:19:44.143115
2026042104009216,SSHL,13,4,265,223.0,59095.0,Thrive Brokerage House Pvt. Ltd,Opal Securities Investment (PVT) Ltd.,2026-04-21 14:19:59.555541
2026042104009217,SSHL,13,7,20,223.0,4460.0,Thrive Brokerage House Pvt. Ltd,J.F. Securites (PVT) Ltd.,2026-04-21 14:19:59.556805
2026042104009218,SSHL,13,26,40,223.0,8920.0,Thrive Brokerage House Pvt. Ltd,Asian Securities Private Ltd.,2026-04-21 14:19:59.557749
2026042104009468,SSHL,42,57,95,223.1,21194.5,Sani Securities Company Ltd.,Aryatara Investment & Securities,2026-04-21 14:21:50.076138
2026042104009469,SSHL,13,57,225,223.0,50175.0,Thrive Brokerage House Pvt. Ltd,Aryatara Investment & Securities,2026-04-21 14:21:50.077246
2026042104009688,SSHL,35,44,55,222.6,12243.0,Kohinoor Investment & Securities Pvt. Ltd.,Dynamic Money Managers Securities Pvt. Ltd.,2026-04-21 14:24:14.875849
2026042104009689,SSHL,50,44,317,222.5,70532.5,Cristal Kanchanjanga Securites Pvt. Ltd.,Dynamic Money Managers Securities Pvt. Ltd.,2026-04-21 14:24:14.877150
2026042104009692,SSHL,91,48,500,222.3,111150.0,Citizens Share Broker Limited,Trishakti Securities Public Limited,2026-04-21 14:24:17.792104
2026042104009693,SSHL,25,48,20,222.2,4444.0,Sweta Securities Private Limited,Trishakti Securities Public Limited,2026-04-21 14:24:17.793424
2026042104009694,SSHL,5,48,450,222.2,99990.0,Market Securities & Exchange (PVT) Ltd.,Trishakti Securities Public Limited,2026-04-21 14:24:17.794384
2026042104009695,SSHL,16,48,30,222.1,6663.0,Primo Securities (PVT) Ltd.,Trishakti Securities Public Limited,2026-04-21 14:24:17.795331
2026042104009705,SSHL,16,85,570,222.1,126597.0,Primo Securities (PVT) Ltd.,Capital Hub P. Ltd,2026-04-21 14:24:21.767297
2026042104009706,SSHL,42,85,2000,222.0,444000.0,Sani Securities Company Ltd.,Capital Hub P. Ltd,2026-04-21 14:24:21.767902
2026042104009707,SSHL,51,85,50,222.0,11100.0,Oxford Securities Pvt. Ltd.,Capital Hub P. Ltd,2026-04-21 14:24:21.768269
2026042104009708,SSHL,35,85,200,222.0,44400.0,Kohinoor Investment & Securities Pvt. Ltd.,Capital Hub P. Ltd,2026-04-21 14:24:21.768603
2026042104009709,SSHL,47,85,500,222.0,111000.0,Neev Securities Pvt. Ltd.,Capital Hub P. Ltd,2026-04-21 14:24:21.768958
2026042104009710,SSHL,1,85,500,222.0,111000.0,Kumari Securities Private Limited,Capital Hub P. Ltd,2026-04-21 14:24:21.769319
2026042104009711,SSHL,51,85,2250,222.0,499500.0,Oxford Securities Pvt. Ltd.,Capital Hub P. Ltd,2026-04-21 14:24:21.769700
2026042104009712,SSHL,49,85,200,222.0,44400.0,Online Securities Pvt. Ltd.,Capital Hub P. Ltd,2026-04-21 14:24:21.770059
2026042104009713,SSHL,11,85,200,222.0,44400.0,Malla & Malla Stock Broking Company Pvt. Limited,Capital Hub P. Ltd,2026-04-21 14:24:21.770440
2026042104009714,SSHL,33,85,500,222.0,111000.0,Dakshinkali Investment & Securities Pvt. Ltd.,Capital Hub P. Ltd,2026-04-21 14:24:21.770749
2026042104009715,SSHL,25,85,95,222.0,21090.0,Sweta Securities Private Limited,Capital Hub P. Ltd,2026-04-21 14:24:21.771051
2026042104009716,SSHL,49,85,2000,222.0,444000.0,Online Securities Pvt. Ltd.,Capital Hub P. Ltd,2026-04-21 14:24:21.771364
2026042104009717,SSHL,68,85,175,222.0,38850.0,Elite Stock House Limited,Capital Hub P. Ltd,2026-04-21 14:24:21.771677
2026042104009718,SSHL,49,85,82,222.0,18204.0,Online Securities Pvt. Ltd.,Capital Hub P. Ltd,2026-04-21 14:24:21.771978
2026042104009719,SSHL,22,85,24,222.0,5328.0,Siprabi Securities Pvt. Ltd.,Capital Hub P. Ltd,2026-04-21 14:24:21.772277
2026042104009720,SSHL,8,85,654,222.0,145188.0,Brilliant Securities Pvt. Ltd.,Capital Hub P. Ltd,2026-04-21 14:24:21.772590
2026042104009780,SSHL,8,49,1000,222.0,222000.0,Brilliant Securities Pvt. Ltd.,Online Securities Pvt. Ltd.,2026-04-21 14:24:39.312378
2026042104009815,SSHL,8,28,346,222.0,76812.0,Brilliant Securities Pvt. Ltd.,Shree Krishna Securities Ltd.,2026-04-21 14:24:53.032613
2026042104009816,SSHL,58,28,1000,222.0,222000.0,Naasa Securities Co. Ltd.,Shree Krishna Securities Ltd.,2026-04-21 14:24:53.033179
2026042104009817,SSHL,6,28,200,222.0,44400.0,Agrawal Securities (PVT) Ltd.,Shree Krishna Securities Ltd.,2026-04-21 14:24:53.033523
2026042104009818,SSHL,58,28,10,222.0,2220.0,Naasa Securities Co. Ltd.,Shree Krishna Securities Ltd.,2026-04-21 14:24:53.033825
2026042104009819,SSHL,62,28,644,222.0,142968.0,Capital Max Securities Ltd,Shree Krishna Securities Ltd.,2026-04-21 14:24:53.034140
2026042104009824,SSHL,62,22,1356,222.0,301032.0,Capital Max Securities Ltd,Siprabi Securities Pvt. Ltd.,2026-04-21 14:24:55.578949
2026042104009825,SSHL,45,22,120,222.0,26640.0,Imperial Securities Company Pvt. Ltd.,Siprabi Securities Pvt. Ltd.,2026-04-21 14:24:55.580265
2026042104009826,SSHL,34,22,49,222.0,10878.0,Vision Securities Pvt. Ltd,Siprabi Securities Pvt. Ltd.,2026-04-21 14:24:55.581519
2026042104009867,SSHL,34,57,151,222.0,33522.0,Vision Securities Pvt. Ltd,Aryatara Investment & Securities,2026-04-21 14:25:05.030268
2026042104009868,SSHL,1,57,30,222.0,6660.0,Kumari Securities Private Limited,Aryatara Investment & Securities,2026-04-21 14:25:05.031591
2026042104009869,SSHL,42,57,100,222.0,22200.0,Sani Securities Company Ltd.,Aryatara Investment & Securities,2026-04-21 14:25:05.032578
2026042104009870,SSHL,45,57,70,222.0,15540.0,Imperial Securities Company Pvt. Ltd.,Aryatara Investment & Securities,2026-04-21 14:25:05.033531
2026042104009871,SSHL,58,57,100,222.0,22200.0,Naasa Securities Co. Ltd.,Aryatara Investment & Securities,2026-04-21 14:25:05.034492
2026042104009872,SSHL,59,57,1010,222.0,224220.0,Deevyaa Securities & Stock House Pvt. Ltd,Aryatara Investment & Securities,2026-04-21 14:25:05.035471
2026042104009873,SSHL,35,57,70,222.0,15540.0,Kohinoor Investment & Securities Pvt. Ltd.,Aryatara Investment & Securities,2026-04-21 14:25:05.036438
2026042104009974,SSHL,41,57,169,222.0,37518.0,Linch Stock Market Ltd.,Aryatara Investment & Securities,2026-04-21 14:25:10.551125
2026042104009993,SSHL,41,58,300,222.0,66600.0,Linch Stock Market Ltd.,Naasa Securities Co. Ltd.,2026-04-21 14:25:18.116587
2026042104009995,SSHL,41,44,31,222.0,6882.0,Linch Stock Market Ltd.,Dynamic Money Managers Securities Pvt. Ltd.,2026-04-21 14:25:19.043086
2026042104010121,SSHL,25,57,100,222.0,22200.0,Sweta Securities Private Limited,Aryatara Investment & Securities,2026-04-21 14:26:15.577439
2026042104010132,SSHL,28,74,500,221.5,110750.0,Shree Krishna Securities Ltd.,KALASH STOCK MARKET PVT. LTD.,2026-04-21 14:26:20.436140
2026042104010160,SSHL,34,63,10,221.5,2215.0,Vision Securities Pvt. Ltd,Himalayan Brokerage Company Limited,2026-04-21 14:26:33.523953
2026042104010161,SSHL,35,63,400,221.5,88600.0,Kohinoor Investment & Securities Pvt. Ltd.,Himalayan Brokerage Company Limited,2026-04-21 14:26:33.524037
2026042104010162,SSHL,34,63,500,221.5,110750.0,Vision Securities Pvt. Ltd,Himalayan Brokerage Company Limited,2026-04-21 14:26:33.524074
2026042104010163,SSHL,41,63,500,221.5,110750.0,Linch Stock Market Ltd.,Himalayan Brokerage Company Limited,2026-04-21 14:26:33.524101
2026042104010164,SSHL,69,63,500,221.5,110750.0,INDEX SECURITIES LIMITED,Himalayan Brokerage Company Limited,2026-04-21 14:26:33.524125
2026042104010165,SSHL,45,63,90,221.5,19935.0,Imperial Securities Company Pvt. Ltd.,Himalayan Brokerage Company Limited,2026-04-21 14:26:33.524152
2026042104010214,SSHL,45,56,250,221.5,55375.0,Imperial Securities Company Pvt. Ltd.,Sri Hari Securities Pvt. Ltd.,2026-04-21 14:26:55.488636
2026042104010225,SSHL,45,44,160,221.5,35440.0,Imperial Securities Company Pvt. Ltd.,Dynamic Money Managers Securities Pvt. Ltd.,2026-04-21 14:27:20.176417
2026042104010226,SSHL,43,44,490,221.5,108535.0,South Asian Bulls Pvt. Ltd.,Dynamic Money Managers Securities Pvt. Ltd.,2026-04-21 14:27:20.177006
2026042104010227,SSHL,22,44,50,221.5,11075.0,Siprabi Securities Pvt. Ltd.,Dynamic Money Managers Securities Pvt. Ltd.,2026-04-21 14:27:20.177308
2026042104010228,SSHL,58,44,10,221.5,2215.0,Naasa Securities Co. Ltd.,Dynamic Money Managers Securities Pvt. Ltd.,2026-04-21 14:27:20.177608
2026042104010261,SSHL,35,44,290,221.5,64235.0,Kohinoor Investment & Securities Pvt. Ltd.,Dynamic Money Managers Securities Pvt. Ltd.,2026-04-21 14:27:35.810110
2026042104010262,SSHL,35,57,1400,222.0,310800.0,Kohinoor Investment & Securities Pvt. Ltd.,Aryatara Investment & Securities,2026-04-21 14:27:35.811268
2026042104010263,SSHL,35,57,310,222.0,68820.0,Kohinoor Investment & Securities Pvt. Ltd.,Aryatara Investment & Securities,2026-04-21 14:27:35.812177
2026042104010503,SSHL,14,57,100,222.0,22200.0,Nepal Stock House (PVT) Ltd.,Aryatara Investment & Securities,2026-04-21 14:28:39.424976
2026042104010507,SSHL,56,59,150,221.2,33180.0,Sri Hari Securities Pvt. Ltd.,Deevyaa Securities & Stock House Pvt. Ltd,2026-04-21 14:28:41.494599
2026042104010514,SSHL,56,56,500,221.2,110600.0,Sri Hari Securities Pvt. Ltd.,Sri Hari Securities Pvt. Ltd.,2026-04-21 14:28:46.815348
2026042104010515,SSHL,50,56,500,221.2,110600.0,Cristal Kanchanjanga Securites Pvt. Ltd.,Sri Hari Securities Pvt. Ltd.,2026-04-21 14:28:46.815934
2026042104010516,SSHL,11,56,500,221.1,110550.0,Malla & Malla Stock Broking Company Pvt. Limited,Sri Hari Securities Pvt. Ltd.,2026-04-21 14:28:46.816235
2026042104010720,SSHL,14,57,100,222.0,22200.0,Nepal Stock House (PVT) Ltd.,Aryatara Investment & Securities,2026-04-21 14:29:21.524235
2026042104010738,SSHL,11,56,500,221.1,110550.0,Malla & Malla Stock Broking Company Pvt. Limited,Sri Hari Securities Pvt. Ltd.,2026-04-21 14:29:32.131991
2026042104010772,SSHL,41,13,450,221.1,99495.0,Linch Stock Market Ltd.,Thrive Brokerage House Pvt. Ltd,2026-04-21 14:29:39.332622
2026042104010828,SSHL,77,57,30,222.0,6660.0,Nabil Stock Dealer Ltd.,Aryatara Investment & Securities,2026-04-21 14:30:14.108376
2026042104010930,SSHL,41,63,50,221.1,11055.0,Linch Stock Market Ltd.,Himalayan Brokerage Company Limited,2026-04-21 14:30:51.059069
2026042104010931,SSHL,56,63,350,221.1,77385.0,Sri Hari Securities Pvt. Ltd.,Himalayan Brokerage Company Limited,2026-04-21 14:30:51.059664
2026042104010935,SSHL,49,28,35,221.9,7766.5,Online Securities Pvt. Ltd.,Shree Krishna Securities Ltd.,2026-04-21 14:30:52.577836
2026042104010959,SSHL,38,28,527,221.9,116941.3,Dipshikha Dhitopatra Karobar Co. Pvt Ltd.,Shree Krishna Securities Ltd.,2026-04-21 14:31:02.828274
2026042104010988,SSHL,32,14,100,221.1,22110.0,Premier Securities Company Ltd.,Nepal Stock House (PVT) Ltd.,2026-04-21 14:31:22.392025
2026042104010989,SSHL,53,14,150,221.1,33165.0,Investment Management Nepal Pvt. Ltd.,Nepal Stock House (PVT) Ltd.,2026-04-21 14:31:22.393213
2026042104011174,SSHL,62,28,40,221.9,8876.0,Capital Max Securities Ltd,Shree Krishna Securities Ltd.,2026-04-21 14:32:56.288421
2026042104011179,SSHL,43,59,20,221.3,4426.0,South Asian Bulls Pvt. Ltd.,Deevyaa Securities & Stock House Pvt. Ltd,2026-04-21 14:32:59.459359
2026042104011210,SSHL,43,91,80,221.3,17704.0,South Asian Bulls Pvt. Ltd.,Citizens Share Broker Limited,2026-04-21 14:33:09.718278
2026042104011211,SSHL,13,91,200,221.3,44260.0,Thrive Brokerage House Pvt. Ltd,Citizens Share Broker Limited,2026-04-21 14:33:09.719624
2026042104011212,SSHL,58,91,450,221.2,99540.0,Naasa Securities Co. Ltd.,Citizens Share Broker Limited,2026-04-21 14:33:09.720767
2026042104011213,SSHL,53,91,350,221.1,77385.0,Investment Management Nepal Pvt. Ltd.,Citizens Share Broker Limited,2026-04-21 14:33:09.721834
2026042104011214,SSHL,16,91,270,221.1,59697.0,Primo Securities (PVT) Ltd.,Citizens Share Broker Limited,2026-04-21 14:33:09.722868
2026042104011243,SSHL,16,4,730,221.1,161403.0,Primo Securities (PVT) Ltd.,Opal Securities Investment (PVT) Ltd.,2026-04-21 14:33:24.289708
2026042104011244,SSHL,34,4,100,221.0,22100.0,Vision Securities Pvt. Ltd,Opal Securities Investment (PVT) Ltd.,2026-04-21 14:33:24.290290
2026042104011245,SSHL,22,4,200,221.0,44200.0,Siprabi Securities Pvt. Ltd.,Opal Securities Investment (PVT) Ltd.,2026-04-21 14:33:24.290651
2026042104011246,SSHL,58,4,20,221.0,4420.0,Naasa Securities Co. Ltd.,Opal Securities Investment (PVT) Ltd.,2026-04-21 14:33:24.290954
2026042104011247,SSHL,42,4,50,221.0,11050.0,Sani Securities Company Ltd.,Opal Securities Investment (PVT) Ltd.,2026-04-21 14:33:24.291253
2026042104011248,SSHL,57,4,200,221.0,44200.0,Aryatara Investment & Securities,Opal Securities Investment (PVT) Ltd.,2026-04-21 14:33:24.291559
2026042104011249,SSHL,57,4,700,221.0,154700.0,Aryatara Investment & Securities,Opal Securities Investment (PVT) Ltd.,2026-04-21 14:33:24.291857
2026042104011290,SSHL,57,48,300,221.0,66300.0,Aryatara Investment & Securities,Trishakti Securities Public Limited,2026-04-21 14:33:52.158119
2026042104011291,SSHL,57,48,95,221.0,20995.0,Aryatara Investment & Securities,Trishakti Securities Public Limited,2026-04-21 14:33:52.159417
2026042104011292,SSHL,22,48,250,221.0,55250.0,Siprabi Securities Pvt. Ltd.,Trishakti Securities Public Limited,2026-04-21 14:33:52.160309
2026042104011293,SSHL,68,48,500,221.0,110500.0,Elite Stock House Limited,Trishakti Securities Public Limited,2026-04-21 14:33:52.161234
2026042104011294,SSHL,48,48,200,221.0,44200.0,Trishakti Securities Public Limited,Trishakti Securities Public Limited,2026-04-21 14:33:52.162128
2026042104011295,SSHL,58,48,1000,221.0,221000.0,Naasa Securities Co. Ltd.,Trishakti Securities Public Limited,2026-04-21 14:33:52.163018
2026042104011296,SSHL,58,48,200,221.0,44200.0,Naasa Securities Co. Ltd.,Trishakti Securities Public Limited,2026-04-21 14:33:52.163935
2026042104011297,SSHL,52,48,300,221.0,66300.0,Sundhara Securities Limited,Trishakti Securities Public Limited,2026-04-21 14:33:52.164850
2026042104011298,SSHL,32,48,200,221.0,44200.0,Premier Securities Company Ltd.,Trishakti Securities Public Limited,2026-04-21 14:33:52.165449
2026042104011299,SSHL,4,48,400,221.0,88400.0,Opal Securities Investment (PVT) Ltd.,Trishakti Securities Public Limited,2026-04-21 14:33:52.165744
2026042104011300,SSHL,32,48,1000,221.0,221000.0,Premier Securities Company Ltd.,Trishakti Securities Public Limited,2026-04-21 14:33:52.166026
2026042104011301,SSHL,48,48,1000,221.0,221000.0,Trishakti Securities Public Limited,Trishakti Securities Public Limited,2026-04-21 14:33:52.166320
2026042104011302,SSHL,96,48,1155,221.0,255255.0,Himalayan Securities Limited,Trishakti Securities Public Limited,2026-04-21 14:33:52.166613
2026042104011303,SSHL,96,42,45,221.0,9945.0,Himalayan Securities Limited,Sani Securities Company Ltd.,2026-04-21 14:33:53.224324
2026042104011390,SSHL,4,42,226,221.0,49946.0,Opal Securities Investment (PVT) Ltd.,Sani Securities Company Ltd.,2026-04-21 14:34:32.860766
2026042104011449,SSHL,41,29,300,220.9,66270.0,Linch Stock Market Ltd.,Trisul Securities & Invt. Ltd.,2026-04-21 14:35:20.018192
2026042104011476,SSHL,22,58,30,220.8,6624.0,Siprabi Securities Pvt. Ltd.,Naasa Securities Co. Ltd.,2026-04-21 14:35:32.134273
2026042104011563,SSHL,28,42,188,220.7,41491.6,Shree Krishna Securities Ltd.,Sani Securities Company Ltd.,2026-04-21 14:36:19.839604
2026042104011564,SSHL,26,42,500,220.5,110250.0,Asian Securities Private Ltd.,Sani Securities Company Ltd.,2026-04-21 14:36:19.840925
2026042104011565,SSHL,16,42,1000,220.5,220500.0,Primo Securities (PVT) Ltd.,Sani Securities Company Ltd.,2026-04-21 14:36:19.841946
2026042104011566,SSHL,36,42,200,220.5,44100.0,Secured Securities Ltd.,Sani Securities Company Ltd.,2026-04-21 14:36:19.843264
2026042104011567,SSHL,45,42,300,220.5,66150.0,Imperial Securities Company Pvt. Ltd.,Sani Securities Company Ltd.,2026-04-21 14:36:19.844680
2026042104011568,SSHL,44,42,500,220.5,110250.0,Dynamic Money Managers Securities Pvt. Ltd.,Sani Securities Company Ltd.,2026-04-21 14:36:19.846010
2026042104011569,SSHL,26,42,2041,220.2,449428.2,Asian Securities Private Ltd.,Sani Securities Company Ltd.,2026-04-21 14:36:19.847308
2026042104011633,SSHL,26,35,50,220.3,11015.0,Asian Securities Private Ltd.,Kohinoor Investment & Securities Pvt. Ltd.,2026-04-21 14:36:54.918206
2026042104011672,SSHL,26,33,229,220.2,50425.8,Asian Securities Private Ltd.,Dakshinkali Investment & Securities Pvt. Ltd.,2026-04-21 14:37:17.820361
2026042104011673,SSHL,33,33,771,220.2,169774.2,Dakshinkali Investment & Securities Pvt. Ltd.,Dakshinkali Investment & Securities Pvt. Ltd.,2026-04-21 14:37:17.820426
2026042104011698,SSHL,11,35,50,220.3,11015.0,Malla & Malla Stock Broking Company Pvt. Limited,Kohinoor Investment & Securities Pvt. Ltd.,2026-04-21 14:37:25.182331
2026042104011700,SSHL,41,35,100,220.3,22030.0,Linch Stock Market Ltd.,Kohinoor Investment & Securities Pvt. Ltd.,2026-04-21 14:37:27.867172
2026042104011703,SSHL,41,48,50,220.3,11015.0,Linch Stock Market Ltd.,Trishakti Securities Public Limited,2026-04-21 14:37:29.843470
2026042104011704,SSHL,33,48,150,220.2,33030.0,Dakshinkali Investment & Securities Pvt. Ltd.,Trishakti Securities Public Limited,2026-04-21 14:37:29.844060
2026042104011797,SSHL,14,58,20,220.8,4416.0,Nepal Stock House (PVT) Ltd.,Naasa Securities Co. Ltd.,2026-04-21 14:38:16.345577
2026042104011829,SSHL,54,22,100,220.4,22040.0,Sewa Securities Pvt. Ltd.,Siprabi Securities Pvt. Ltd.,2026-04-21 14:38:46.715208
2026042104011898,SSHL,54,32,400,220.4,88160.0,Sewa Securities Pvt. Ltd.,Premier Securities Company Ltd.,2026-04-21 14:38:55.305785
2026042104011899,SSHL,58,32,100,220.3,22030.0,Naasa Securities Co. Ltd.,Premier Securities Company Ltd.,2026-04-21 14:38:55.305916
2026042104011900,SSHL,58,32,50,220.3,11015.0,Naasa Securities Co. Ltd.,Premier Securities Company Ltd.,2026-04-21 14:38:55.305992
2026042104011901,SSHL,33,32,79,220.2,17395.8,Dakshinkali Investment & Securities Pvt. Ltd.,Premier Securities Company Ltd.,2026-04-21 14:38:55.306065
2026042104011902,SSHL,34,32,50,220.2,11010.0,Vision Securities Pvt. Ltd,Premier Securities Company Ltd.,2026-04-21 14:38:55.306140
2026042104011903,SSHL,50,32,321,220.1,70652.1,Cristal Kanchanjanga Securites Pvt. Ltd.,Premier Securities Company Ltd.,2026-04-21 14:38:55.306249
2026042104011987,SSHL,49,28,30,220.9,6627.0,Online Securities Pvt. Ltd.,Shree Krishna Securities Ltd.,2026-04-21 14:39:49.105727
2026042104012032,SSHL,45,28,200,220.9,44180.0,Imperial Securities Company Pvt. Ltd.,Shree Krishna Securities Ltd.,2026-04-21 14:40:16.739425
2026042104012110,SSHL,19,32,500,220.3,110150.0,Nepal Investment And Securities Trading Private Limited,Premier Securities Company Ltd.,2026-04-21 14:41:03.079135
2026042104012111,SSHL,58,32,130,220.3,28639.0,Naasa Securities Co. Ltd.,Premier Securities Company Ltd.,2026-04-21 14:41:03.080408
2026042104012112,SSHL,45,32,50,220.2,11010.0,Imperial Securities Company Pvt. Ltd.,Premier Securities Company Ltd.,2026-04-21 14:41:03.081350
2026042104012113,SSHL,43,32,280,220.2,61656.0,South Asian Bulls Pvt. Ltd.,Premier Securities Company Ltd.,2026-04-21 14:41:03.082260
2026042104012114,SSHL,34,32,50,220.2,11010.0,Vision Securities Pvt. Ltd,Premier Securities Company Ltd.,2026-04-21 14:41:03.083194
2026042104012115,SSHL,50,32,179,220.1,39397.9,Cristal Kanchanjanga Securites Pvt. Ltd.,Premier Securities Company Ltd.,2026-04-21 14:41:03.084121
2026042104012116,SSHL,48,32,1000,220.1,220100.0,Trishakti Securities Public Limited,Premier Securities Company Ltd.,2026-04-21 14:41:03.085037
2026042104012117,SSHL,14,32,200,220.1,44020.0,Nepal Stock House (PVT) Ltd.,Premier Securities Company Ltd.,2026-04-21 14:41:03.085952
2026042104012118,SSHL,42,32,296,220.1,65149.6,Sani Securities Company Ltd.,Premier Securities Company Ltd.,2026-04-21 14:41:03.086875
2026042104012189,SSHL,42,16,19,220.1,4181.9,Sani Securities Company Ltd.,Primo Securities (PVT) Ltd.,2026-04-21 14:41:29.689692
2026042104012190,SSHL,49,16,100,220.1,22010.0,Online Securities Pvt. Ltd.,Primo Securities (PVT) Ltd.,2026-04-21 14:41:29.690920
2026042104012191,SSHL,16,16,1000,220.1,220100.0,Primo Securities (PVT) Ltd.,Primo Securities (PVT) Ltd.,2026-04-21 14:41:29.691879
2026042104012192,SSHL,34,16,1000,220.1,220100.0,Vision Securities Pvt. Ltd,Primo Securities (PVT) Ltd.,2026-04-21 14:41:29.692790
2026042104012226,SSHL,48,16,18,220.1,3961.8,Trishakti Securities Public Limited,Primo Securities (PVT) Ltd.,2026-04-21 14:41:45.486663
2026042104012227,SSHL,48,6,82,220.8,18105.6,Trishakti Securities Public Limited,Agrawal Securities (PVT) Ltd.,2026-04-21 14:41:45.487216
2026042104012243,SSHL,51,3,150,220.0,33000.0,Oxford Securities Pvt. Ltd.,Arun Securities (PVT) Ltd.,2026-04-21 14:41:55.243077
2026042104012260,SSHL,51,38,100,220.0,22000.0,Oxford Securities Pvt. Ltd.,Dipshikha Dhitopatra Karobar Co. Pvt Ltd.,2026-04-21 14:42:05.447581
2026042104012268,SSHL,51,35,150,220.0,33000.0,Oxford Securities Pvt. Ltd.,Kohinoor Investment & Securities Pvt. Ltd.,2026-04-21 14:42:10.840887
2026042104012269,SSHL,6,35,500,220.0,110000.0,Agrawal Securities (PVT) Ltd.,Kohinoor Investment & Securities Pvt. Ltd.,2026-04-21 14:42:10.842069
2026042104012270,SSHL,68,35,311,220.0,68420.0,Elite Stock House Limited,Kohinoor Investment & Securities Pvt. Ltd.,2026-04-21 14:42:10.842971
2026042104012278,SSHL,52,16,100,220.1,22010.0,Sundhara Securities Limited,Primo Securities (PVT) Ltd.,2026-04-21 14:42:13.726039
2026042104012369,SSHL,62,16,200,220.1,44020.0,Capital Max Securities Ltd,Primo Securities (PVT) Ltd.,2026-04-21 14:42:27.876664
2026042104012374,SSHL,68,29,189,220.0,41580.0,Elite Stock House Limited,Trisul Securities & Invt. Ltd.,2026-04-21 14:42:29.332372
2026042104012375,SSHL,6,29,10,220.0,2200.0,Agrawal Securities (PVT) Ltd.,Trisul Securities & Invt. Ltd.,2026-04-21 14:42:29.332947
2026042104012376,SSHL,50,29,1000,220.0,220000.0,Cristal Kanchanjanga Securites Pvt. Ltd.,Trisul Securities & Invt. Ltd.,2026-04-21 14:42:29.333245
2026042104012377,SSHL,58,29,10,220.0,2200.0,Naasa Securities Co. Ltd.,Trisul Securities & Invt. Ltd.,2026-04-21 14:42:29.333549
2026042104012378,SSHL,57,29,50,220.0,11000.0,Aryatara Investment & Securities,Trisul Securities & Invt. Ltd.,2026-04-21 14:42:29.333838
2026042104012379,SSHL,49,29,200,220.0,44000.0,Online Securities Pvt. Ltd.,Trisul Securities & Invt. Ltd.,2026-04-21 14:42:29.334129
2026042104012380,SSHL,41,29,35,220.0,7700.0,Linch Stock Market Ltd.,Trisul Securities & Invt. Ltd.,2026-04-21 14:42:29.334426
2026042104012381,SSHL,36,29,200,220.0,44000.0,Secured Securities Ltd.,Trisul Securities & Invt. Ltd.,2026-04-21 14:42:29.334714
2026042104012382,SSHL,3,29,806,220.0,177320.0,Arun Securities (PVT) Ltd.,Trisul Securities & Invt. Ltd.,2026-04-21 14:42:29.334999
2026042104012402,SSHL,36,16,20,220.1,4402.0,Secured Securities Ltd.,Primo Securities (PVT) Ltd.,2026-04-21 14:42:35.676580
2026042104012435,SSHL,54,16,214,220.1,47101.4,Sewa Securities Pvt. Ltd.,Primo Securities (PVT) Ltd.,2026-04-21 14:42:48.297591
2026042104012460,SSHL,22,16,10,220.1,2201.0,Siprabi Securities Pvt. Ltd.,Primo Securities (PVT) Ltd.,2026-04-21 14:42:54.206387
2026042104012468,SSHL,26,16,156,220.1,34335.6,Asian Securities Private Ltd.,Primo Securities (PVT) Ltd.,2026-04-21 14:42:56.204529
2026042104012511,SSHL,26,10,244,220.1,53704.4,Asian Securities Private Ltd.,Pragyan Securities (PVT) Ltd.,2026-04-21 14:43:04.276126
2026042104012512,SSHL,3,10,194,220.0,42680.0,Arun Securities (PVT) Ltd.,Pragyan Securities (PVT) Ltd.,2026-04-21 14:43:04.276686
2026042104012513,SSHL,58,10,15,220.0,3300.0,Naasa Securities Co. Ltd.,Pragyan Securities (PVT) Ltd.,2026-04-21 14:43:04.276985
2026042104012514,SSHL,25,10,500,220.0,110000.0,Sweta Securities Private Limited,Pragyan Securities (PVT) Ltd.,2026-04-21 14:43:04.277271
2026042104012515,SSHL,80,10,200,220.0,44000.0,Indira securities pvt. ltd,Pragyan Securities (PVT) Ltd.,2026-04-21 14:43:04.277555
2026042104012516,SSHL,45,10,20,220.0,4400.0,Imperial Securities Company Pvt. Ltd.,Pragyan Securities (PVT) Ltd.,2026-04-21 14:43:04.277831
2026042104012517,SSHL,29,10,30,220.0,6600.0,Trisul Securities & Invt. Ltd.,Pragyan Securities (PVT) Ltd.,2026-04-21 14:43:04.278114
2026042104012518,SSHL,34,10,797,220.0,175340.0,Vision Securities Pvt. Ltd,Pragyan Securities (PVT) Ltd.,2026-04-21 14:43:04.278405
2026042104012521,SSHL,34,6,200,220.0,44000.0,Vision Securities Pvt. Ltd,Agrawal Securities (PVT) Ltd.,2026-04-21 14:43:07.373827
2026042104012525,SSHL,35,6,18,220.8,3974.4,Kohinoor Investment & Securities Pvt. Ltd.,Agrawal Securities (PVT) Ltd.,2026-04-21 14:43:10.220662
2026042104012545,SSHL,96,35,10,220.0,2200.0,Himalayan Securities Limited,Kohinoor Investment & Securities Pvt. Ltd.,2026-04-21 14:43:20.128337
2026042104012546,SSHL,51,35,55,220.0,12100.0,Oxford Securities Pvt. Ltd.,Kohinoor Investment & Securities Pvt. Ltd.,2026-04-21 14:43:20.128950
2026042104012556,SSHL,51,18,45,220.0,9900.0,Oxford Securities Pvt. Ltd.,Sagarmatha Securities Private Limited,2026-04-21 14:43:24.173136
2026042104012557,SSHL,58,18,19,220.0,4180.0,Naasa Securities Co. Ltd.,Sagarmatha Securities Private Limited,2026-04-21 14:43:24.174357
2026042104012558,SSHL,7,18,36,220.0,7920.0,J.F. Securites (PVT) Ltd.,Sagarmatha Securities Private Limited,2026-04-21 14:43:24.175202
2026042104012612,SSHL,58,28,233,220.9,51469.7,Naasa Securities Co. Ltd.,Shree Krishna Securities Ltd.,2026-04-21 14:43:39.702527
2026042104012613,SSHL,58,17,297,220.9,65607.3,Naasa Securities Co. Ltd.,ABC Securities Private Limited,2026-04-21 14:43:39.703650
2026042104012639,SSHL,7,13,50,220.0,11000.0,J.F. Securites (PVT) Ltd.,Thrive Brokerage House Pvt. Ltd,2026-04-21 14:43:50.485168
2026042104012670,SSHL,7,90,100,220.0,22000.0,J.F. Securites (PVT) Ltd.,Sajilo Broker Limited,2026-04-21 14:44:09.133653
2026042104012677,SSHL,7,52,314,220.0,69080.0,J.F. Securites (PVT) Ltd.,Sundhara Securities Limited,2026-04-21 14:44:11.759561
2026042104012678,SSHL,49,52,286,220.0,62920.0,Online Securities Pvt. Ltd.,Sundhara Securities Limited,2026-04-21 14:44:11.760813
2026042104012794,SSHL,41,22,200,220.1,44020.0,Linch Stock Market Ltd.,Siprabi Securities Pvt. Ltd.,2026-04-21 14:44:49.271657
2026042104012795,SSHL,49,22,910,220.0,200200.0,Online Securities Pvt. Ltd.,Siprabi Securities Pvt. Ltd.,2026-04-21 14:44:49.272221
2026042104012807,SSHL,49,32,400,220.0,88000.0,Online Securities Pvt. Ltd.,Premier Securities Company Ltd.,2026-04-21 14:44:53.236178
2026042104012819,SSHL,38,57,500,220.1,110050.0,Dipshikha Dhitopatra Karobar Co. Pvt Ltd.,Aryatara Investment & Securities,2026-04-21 14:44:56.512253
2026042104012820,SSHL,49,57,404,220.0,88880.0,Online Securities Pvt. Ltd.,Aryatara Investment & Securities,2026-04-21 14:44:56.512878
2026042104012821,SSHL,51,57,50,220.0,11000.0,Oxford Securities Pvt. Ltd.,Aryatara Investment & Securities,2026-04-21 14:44:56.513169
2026042104012822,SSHL,39,57,100,220.0,22000.0,Sumeru Securities Pvt. Ltd.,Aryatara Investment & Securities,2026-04-21 14:44:56.513483
2026042104012823,SSHL,37,57,600,220.0,132000.0,Swarna Laxmi Securities Pvt. Ltd.,Aryatara Investment & Securities,2026-04-21 14:44:56.513774
2026042104012824,SSHL,44,57,20,220.0,4400.0,Dynamic Money Managers Securities Pvt. Ltd.,Aryatara Investment & Securities,2026-04-21 14:44:56.514060
2026042104012825,SSHL,33,57,600,220.0,132000.0,Dakshinkali Investment & Securities Pvt. Ltd.,Aryatara Investment & Securities,2026-04-21 14:44:56.514434
2026042104012826,SSHL,22,57,300,220.0,66000.0,Siprabi Securities Pvt. Ltd.,Aryatara Investment & Securities,2026-04-21 14:44:56.514730
2026042104012827,SSHL,58,57,48,220.0,10560.0,Naasa Securities Co. Ltd.,Aryatara Investment & Securities,2026-04-21 14:44:56.515002
2026042104012828,SSHL,34,57,500,220.0,110000.0,Vision Securities Pvt. Ltd,Aryatara Investment & Securities,2026-04-21 14:44:56.515286
2026042104012829,SSHL,19,57,30,220.0,6600.0,Nepal Investment And Securities Trading Private Limited,Aryatara Investment & Securities,2026-04-21 14:44:56.515580
2026042104012830,SSHL,38,57,250,220.0,55000.0,Dipshikha Dhitopatra Karobar Co. Pvt Ltd.,Aryatara Investment & Securities,2026-04-21 14:44:56.515855
2026042104012831,SSHL,10,57,278,220.0,61160.0,Pragyan Securities (PVT) Ltd.,Aryatara Investment & Securities,2026-04-21 14:44:56.516129
2026042104012881,SSHL,10,45,222,220.0,48840.0,Pragyan Securities (PVT) Ltd.,Imperial Securities Company Pvt. Ltd.,2026-04-21 14:45:06.552923
2026042104012882,SSHL,58,45,1400,220.0,308000.0,Naasa Securities Co. Ltd.,Imperial Securities Company Pvt. Ltd.,2026-04-21 14:45:06.553031
2026042104012883,SSHL,57,45,431,220.0,94820.0,Aryatara Investment & Securities,Imperial Securities Company Pvt. Ltd.,2026-04-21 14:45:06.553103
2026042104013070,SSHL,41,51,10,220.1,2201.0,Linch Stock Market Ltd.,Oxford Securities Pvt. Ltd.,2026-04-21 14:45:56.976676
2026042104013071,SSHL,33,51,988,220.1,217458.8,Dakshinkali Investment & Securities Pvt. Ltd.,Oxford Securities Pvt. Ltd.,2026-04-21 14:45:56.977805
2026042104013087,SSHL,58,58,70,220.2,15414.0,Naasa Securities Co. Ltd.,Naasa Securities Co. Ltd.,2026-04-21 14:46:03.333698
2026042104013088,SSHL,58,16,330,220.8,72864.0,Naasa Securities Co. Ltd.,Primo Securities (PVT) Ltd.,2026-04-21 14:46:03.333765
2026042104013090,SSHL,48,16,10,220.8,2208.0,Trishakti Securities Public Limited,Primo Securities (PVT) Ltd.,2026-04-21 14:46:04.209684
2026042104013124,SSHL,39,17,35,220.7,7724.5,Sumeru Securities Pvt. Ltd.,ABC Securities Private Limited,2026-04-21 14:46:17.793666
2026042104013197,SSHL,17,17,200,220.7,44140.0,ABC Securities Private Limited,ABC Securities Private Limited,2026-04-21 14:46:31.686304
2026042104013269,SSHL,58,49,500,220.6,110300.0,Naasa Securities Co. Ltd.,Online Securities Pvt. Ltd.,2026-04-21 14:47:11.652281
2026042104013318,SSHL,58,58,50,220.5,11025.0,Naasa Securities Co. Ltd.,Naasa Securities Co. Ltd.,2026-04-21 14:47:27.029010
2026042104013372,SSHL,16,14,400,220.2,88080.0,Primo Securities (PVT) Ltd.,Nepal Stock House (PVT) Ltd.,2026-04-21 14:47:42.120554
2026042104013373,SSHL,34,14,500,220.2,110100.0,Vision Securities Pvt. Ltd,Nepal Stock House (PVT) Ltd.,2026-04-21 14:47:42.121097
2026042104013374,SSHL,33,14,12,220.1,2641.2,Dakshinkali Investment & Securities Pvt. Ltd.,Nepal Stock House (PVT) Ltd.,2026-04-21 14:47:42.121426
2026042104013375,SSHL,45,14,88,220.1,19368.8,Imperial Securities Company Pvt. Ltd.,Nepal Stock House (PVT) Ltd.,2026-04-21 14:47:42.121717
2026042104013386,SSHL,57,58,100,220.5,22050.0,Aryatara Investment & Securities,Naasa Securities Co. Ltd.,2026-04-21 14:47:49.247060
2026042104013499,SSHL,45,88,112,220.1,24651.2,Imperial Securities Company Pvt. Ltd.,Blue Chip Securities Ltd,2026-04-21 14:48:19.648779
2026042104013500,SSHL,49,88,688,220.1,151428.8,Online Securities Pvt. Ltd.,Blue Chip Securities Ltd,2026-04-21 14:48:19.649391
2026042104013525,SSHL,49,38,312,220.1,68671.2,Online Securities Pvt. Ltd.,Dipshikha Dhitopatra Karobar Co. Pvt Ltd.,2026-04-21 14:48:25.144638
2026042104013578,SSHL,34,38,100,220.1,22010.0,Vision Securities Pvt. Ltd,Dipshikha Dhitopatra Karobar Co. Pvt Ltd.,2026-04-21 14:48:40.445716
2026042104013622,SSHL,58,38,20,220.1,4402.0,Naasa Securities Co. Ltd.,Dipshikha Dhitopatra Karobar Co. Pvt Ltd.,2026-04-21 14:48:53.177691
2026042104013665,SSHL,49,38,67,220.1,14746.7,Online Securities Pvt. Ltd.,Dipshikha Dhitopatra Karobar Co. Pvt Ltd.,2026-04-21 14:48:59.317990
2026042104013694,SSHL,41,38,501,220.1,110270.1,Linch Stock Market Ltd.,Dipshikha Dhitopatra Karobar Co. Pvt Ltd.,2026-04-21 14:49:03.803249
2026042104013720,SSHL,41,32,55,220.1,12105.5,Linch Stock Market Ltd.,Premier Securities Company Ltd.,2026-04-21 14:49:08.763421
2026042104013761,SSHL,41,17,32,220.1,7043.2,Linch Stock Market Ltd.,ABC Securities Private Limited,2026-04-21 14:49:21.713625
2026042104013762,SSHL,21,17,436,220.1,95963.6,Midas Stock Broking Company Private Limited,ABC Securities Private Limited,2026-04-21 14:49:21.714153
2026042104013816,SSHL,21,49,30,220.1,6603.0,Midas Stock Broking Company Private Limited,Online Securities Pvt. Ltd.,2026-04-21 14:49:29.580638
2026042104013817,SSHL,21,95,505,220.1,111150.5,Midas Stock Broking Company Private Limited,Magnet Securities and Investment Company Private Limited,2026-04-21 14:49:30.174206
2026042104013819,SSHL,21,36,29,220.1,6382.9,Midas Stock Broking Company Private Limited,Secured Securities Ltd.,2026-04-21 14:49:30.923714
2026042104013820,SSHL,6,36,100,220.1,22010.0,Agrawal Securities (PVT) Ltd.,Secured Securities Ltd.,2026-04-21 14:49:30.924327
2026042104013821,SSHL,42,36,229,220.1,50402.9,Sani Securities Company Ltd.,Secured Securities Ltd.,2026-04-21 14:49:30.924618
2026042104013822,SSHL,45,36,70,220.1,15407.0,Imperial Securities Company Pvt. Ltd.,Secured Securities Ltd.,2026-04-21 14:49:30.925235
2026042104013880,SSHL,57,7,69,220.0,15180.0,Aryatara Investment & Securities,J.F. Securites (PVT) Ltd.,2026-04-21 14:49:43.117414
2026042104013881,SSHL,59,7,380,220.0,83600.0,Deevyaa Securities & Stock House Pvt. Ltd,J.F. Securites (PVT) Ltd.,2026-04-21 14:49:43.118093
2026042104013882,SSHL,22,7,200,220.0,44000.0,Siprabi Securities Pvt. Ltd.,J.F. Securites (PVT) Ltd.,2026-04-21 14:49:43.118512
2026042104013883,SSHL,59,7,20,220.0,4400.0,Deevyaa Securities & Stock House Pvt. Ltd,J.F. Securites (PVT) Ltd.,2026-04-21 14:49:43.118883
2026042104013884,SSHL,58,7,1000,220.0,220000.0,Naasa Securities Co. Ltd.,J.F. Securites (PVT) Ltd.,2026-04-21 14:49:43.119153
2026042104013885,SSHL,35,7,90,220.0,19800.0,Kohinoor Investment & Securities Pvt. Ltd.,J.F. Securites (PVT) Ltd.,2026-04-21 14:49:43.119426
2026042104013886,SSHL,65,7,100,220.0,22000.0,Sharepro Securities Private Limited,J.F. Securites (PVT) Ltd.,2026-04-21 14:49:43.119686
2026042104013887,SSHL,69,7,500,220.0,110000.0,INDEX SECURITIES LIMITED,J.F. Securites (PVT) Ltd.,2026-04-21 14:49:43.119947
2026042104013888,SSHL,50,7,500,220.0,110000.0,Cristal Kanchanjanga Securites Pvt. Ltd.,J.F. Securites (PVT) Ltd.,2026-04-21 14:49:43.120206
2026042104013889,SSHL,58,7,90,220.0,19800.0,Naasa Securities Co. Ltd.,J.F. Securites (PVT) Ltd.,2026-04-21 14:49:43.120465
2026042104013890,SSHL,52,7,500,220.0,110000.0,Sundhara Securities Limited,J.F. Securites (PVT) Ltd.,2026-04-21 14:49:43.120723
2026042104013891,SSHL,43,7,1000,220.0,220000.0,South Asian Bulls Pvt. Ltd.,J.F. Securites (PVT) Ltd.,2026-04-21 14:49:43.120979
2026042104013892,SSHL,57,7,100,220.0,22000.0,Aryatara Investment & Securities,J.F. Securites (PVT) Ltd.,2026-04-21 14:49:43.121232
2026042104013893,SSHL,46,7,50,220.0,11000.0,Kalika Securities Pvt. Ltd.,J.F. Securites (PVT) Ltd.,2026-04-21 14:49:43.121493
2026042104013894,SSHL,58,7,200,220.0,44000.0,Naasa Securities Co. Ltd.,J.F. Securites (PVT) Ltd.,2026-04-21 14:49:43.121747
2026042104013895,SSHL,58,7,20,220.0,4400.0,Naasa Securities Co. Ltd.,J.F. Securites (PVT) Ltd.,2026-04-21 14:49:43.121997
2026042104013896,SSHL,38,7,181,220.0,39820.0,Dipshikha Dhitopatra Karobar Co. Pvt Ltd.,J.F. Securites (PVT) Ltd.,2026-04-21 14:49:43.122252
2026042104013920,SSHL,38,16,19,220.0,4180.0,Dipshikha Dhitopatra Karobar Co. Pvt Ltd.,Primo Securities (PVT) Ltd.,2026-04-21 14:49:48.157235
2026042104013921,SSHL,68,16,100,220.0,22000.0,Elite Stock House Limited,Primo Securities (PVT) Ltd.,2026-04-21 14:49:48.157806
2026042104013922,SSHL,33,16,441,220.0,97020.0,Dakshinkali Investment & Securities Pvt. Ltd.,Primo Securities (PVT) Ltd.,2026-04-21 14:49:48.158090
2026042104013923,SSHL,33,34,199,220.0,43780.0,Dakshinkali Investment & Securities Pvt. Ltd.,Vision Securities Pvt. Ltd,2026-04-21 14:49:48.423700
2026042104013924,SSHL,58,34,1000,220.0,220000.0,Naasa Securities Co. Ltd.,Vision Securities Pvt. Ltd,2026-04-21 14:49:48.423760
2026042104013925,SSHL,52,34,200,220.0,44000.0,Sundhara Securities Limited,Vision Securities Pvt. Ltd,2026-04-21 14:49:48.423788
2026042104013926,SSHL,17,34,127,220.0,27940.0,ABC Securities Private Limited,Vision Securities Pvt. Ltd,2026-04-21 14:49:48.423830
2026042104013927,SSHL,17,34,100,220.0,22000.0,ABC Securities Private Limited,Vision Securities Pvt. Ltd,2026-04-21 14:49:48.423865
2026042104013928,SSHL,58,34,374,220.0,82280.0,Naasa Securities Co. Ltd.,Vision Securities Pvt. Ltd,2026-04-21 14:49:48.423904
2026042104013966,SSHL,58,58,526,220.0,115720.0,Naasa Securities Co. Ltd.,Naasa Securities Co. Ltd.,2026-04-21 14:49:51.725286
2026042104013967,SSHL,25,58,50,220.0,11000.0,Sweta Securities Private Limited,Naasa Securities Co. Ltd.,2026-04-21 14:49:51.726371
2026042104013968,SSHL,42,58,20,220.0,4400.0,Sani Securities Company Ltd.,Naasa Securities Co. Ltd.,2026-04-21 14:49:51.727131
2026042104013969,SSHL,34,58,300,220.0,66000.0,Vision Securities Pvt. Ltd,Naasa Securities Co. Ltd.,2026-04-21 14:49:51.727894
2026042104013970,SSHL,91,58,50,220.0,11000.0,Citizens Share Broker Limited,Naasa Securities Co. Ltd.,2026-04-21 14:49:51.728663
2026042104013971,SSHL,34,58,95,220.0,20900.0,Vision Securities Pvt. Ltd,Naasa Securities Co. Ltd.,2026-04-21 14:49:51.729416
2026042104013972,SSHL,45,58,300,220.0,66000.0,Imperial Securities Company Pvt. Ltd.,Naasa Securities Co. Ltd.,2026-04-21 14:49:51.730150
2026042104013973,SSHL,45,58,50,220.0,11000.0,Imperial Securities Company Pvt. Ltd.,Naasa Securities Co. Ltd.,2026-04-21 14:49:51.730900
2026042104013974,SSHL,38,58,10,220.0,2200.0,Dipshikha Dhitopatra Karobar Co. Pvt Ltd.,Naasa Securities Co. Ltd.,2026-04-21 14:49:51.731640
2026042104013975,SSHL,45,58,300,220.0,66000.0,Imperial Securities Company Pvt. Ltd.,Naasa Securities Co. Ltd.,2026-04-21 14:49:51.732402
2026042104013976,SSHL,25,58,155,220.0,34100.0,Sweta Securities Private Limited,Naasa Securities Co. Ltd.,2026-04-21 14:49:51.733140
2026042104013977,SSHL,5,58,144,220.0,31680.0,Market Securities & Exchange (PVT) Ltd.,Naasa Securities Co. Ltd.,2026-04-21 14:49:51.733895
2026042104013989,SSHL,5,48,300,220.0,66000.0,Market Securities & Exchange (PVT) Ltd.,Trishakti Securities Public Limited,2026-04-21 14:49:57.710956
2026042104014038,SSHL,5,44,47,220.0,10340.0,Market Securities & Exchange (PVT) Ltd.,Dynamic Money Managers Securities Pvt. Ltd.,2026-04-21 14:50:13.004950
2026042104014117,SSHL,5,32,14,220.0,3080.0,Market Securities & Exchange (PVT) Ltd.,Premier Securities Company Ltd.,2026-04-21 14:50:34.821049
2026042104014118,SSHL,54,32,250,220.0,55000.0,Sewa Securities Pvt. Ltd.,Premier Securities Company Ltd.,2026-04-21 14:50:34.822138
2026042104014119,SSHL,49,32,250,220.0,55000.0,Online Securities Pvt. Ltd.,Premier Securities Company Ltd.,2026-04-21 14:50:34.823046
2026042104014120,SSHL,58,32,200,220.0,44000.0,Naasa Securities Co. Ltd.,Premier Securities Company Ltd.,2026-04-21 14:50:34.823891
2026042104014121,SSHL,48,32,50,220.0,11000.0,Trishakti Securities Public Limited,Premier Securities Company Ltd.,2026-04-21 14:50:34.824721
2026042104014122,SSHL,49,32,80,220.0,17600.0,Online Securities Pvt. Ltd.,Premier Securities Company Ltd.,2026-04-21 14:50:34.825562
2026042104014123,SSHL,17,32,200,220.0,44000.0,ABC Securities Private Limited,Premier Securities Company Ltd.,2026-04-21 14:50:34.826398
2026042104014124,SSHL,47,32,50,220.0,11000.0,Neev Securities Pvt. Ltd.,Premier Securities Company Ltd.,2026-04-21 14:50:34.827212
2026042104014125,SSHL,35,32,100,220.0,22000.0,Kohinoor Investment & Securities Pvt. Ltd.,Premier Securities Company Ltd.,2026-04-21 14:50:34.827902
2026042104014126,SSHL,94,32,500,220.0,110000.0,K.B.L. Securities Limited ,Premier Securities Company Ltd.,2026-04-21 14:50:34.828162
2026042104014127,SSHL,50,32,306,220.0,67320.0,Cristal Kanchanjanga Securites Pvt. Ltd.,Premier Securities Company Ltd.,2026-04-21 14:50:34.828438
2026042104014147,SSHL,34,36,100,220.1,22010.0,Vision Securities Pvt. Ltd,Secured Securities Ltd.,2026-04-21 14:50:37.710242
2026042104014150,SSHL,50,32,194,220.0,42680.0,Cristal Kanchanjanga Securites Pvt. Ltd.,Premier Securities Company Ltd.,2026-04-21 14:50:44.445631
2026042104014151,SSHL,18,32,100,220.0,22000.0,Sagarmatha Securities Private Limited,Premier Securities Company Ltd.,2026-04-21 14:50:44.446716
2026042104014255,SSHL,58,32,19,220.0,4180.0,Naasa Securities Co. Ltd.,Premier Securities Company Ltd.,2026-04-21 14:51:10.013824
2026042104014267,SSHL,45,32,50,220.0,11000.0,Imperial Securities Company Pvt. Ltd.,Premier Securities Company Ltd.,2026-04-21 14:51:10.771931
2026042104014271,SSHL,11,32,300,220.0,66000.0,Malla & Malla Stock Broking Company Pvt. Limited,Premier Securities Company Ltd.,2026-04-21 14:51:13.021390
2026042104014281,SSHL,19,32,1337,220.0,294140.0,Nepal Investment And Securities Trading Private Limited,Premier Securities Company Ltd.,2026-04-21 14:51:15.180490
2026042104014282,SSHL,19,32,663,220.0,145860.0,Nepal Investment And Securities Trading Private Limited,Premier Securities Company Ltd.,2026-04-21 14:51:15.180999
2026042104014284,SSHL,42,14,500,219.5,109750.0,Sani Securities Company Ltd.,Nepal Stock House (PVT) Ltd.,2026-04-21 14:51:15.223881
2026042104014290,SSHL,42,1,100,219.5,21950.0,Sani Securities Company Ltd.,Kumari Securities Private Limited,2026-04-21 14:51:17.585199
2026042104014357,SSHL,43,32,17,220.0,3740.0,South Asian Bulls Pvt. Ltd.,Premier Securities Company Ltd.,2026-04-21 14:51:42.129156
2026042104014403,SSHL,28,39,20,219.6,4392.0,Shree Krishna Securities Ltd.,Sumeru Securities Pvt. Ltd.,2026-04-21 14:52:05.208647
2026042104014404,SSHL,22,39,20,219.6,4392.0,Siprabi Securities Pvt. Ltd.,Sumeru Securities Pvt. Ltd.,2026-04-21 14:52:05.209119
2026042104014504,SSHL,22,38,80,219.6,17568.0,Siprabi Securities Pvt. Ltd.,Dipshikha Dhitopatra Karobar Co. Pvt Ltd.,2026-04-21 14:52:32.269789
2026042104014505,SSHL,58,38,30,219.6,6588.0,Naasa Securities Co. Ltd.,Dipshikha Dhitopatra Karobar Co. Pvt Ltd.,2026-04-21 14:52:32.270357
2026042104014506,SSHL,42,38,640,219.5,140480.0,Sani Securities Company Ltd.,Dipshikha Dhitopatra Karobar Co. Pvt Ltd.,2026-04-21 14:52:32.270652
2026042104014507,SSHL,58,38,766,219.5,168137.0,Naasa Securities Co. Ltd.,Dipshikha Dhitopatra Karobar Co. Pvt Ltd.,2026-04-21 14:52:32.270908
2026042104014508,SSHL,42,38,50,219.5,10975.0,Sani Securities Company Ltd.,Dipshikha Dhitopatra Karobar Co. Pvt Ltd.,2026-04-21 14:52:32.271175
2026042104014509,SSHL,16,38,100,219.5,21950.0,Primo Securities (PVT) Ltd.,Dipshikha Dhitopatra Karobar Co. Pvt Ltd.,2026-04-21 14:52:32.271478
2026042104014510,SSHL,11,38,30,219.3,6579.0,Malla & Malla Stock Broking Company Pvt. Limited,Dipshikha Dhitopatra Karobar Co. Pvt Ltd.,2026-04-21 14:52:32.271747
2026042104014511,SSHL,11,38,30,219.3,6579.0,Malla & Malla Stock Broking Company Pvt. Limited,Dipshikha Dhitopatra Karobar Co. Pvt Ltd.,2026-04-21 14:52:32.272098
2026042104014512,SSHL,25,38,40,219.3,8772.0,Sweta Securities Private Limited,Dipshikha Dhitopatra Karobar Co. Pvt Ltd.,2026-04-21 14:52:32.272388
2026042104014513,SSHL,39,38,100,219.2,21920.0,Sumeru Securities Pvt. Ltd.,Dipshikha Dhitopatra Karobar Co. Pvt Ltd.,2026-04-21 14:52:32.272677
2026042104014514,SSHL,25,38,60,219.2,13152.0,Sweta Securities Private Limited,Dipshikha Dhitopatra Karobar Co. Pvt Ltd.,2026-04-21 14:52:32.272991
2026042104014515,SSHL,25,38,75,219.1,16432.5,Sweta Securities Private Limited,Dipshikha Dhitopatra Karobar Co. Pvt Ltd.,2026-04-21 14:52:32.273341
2026042104014539,SSHL,28,16,500,219.6,109800.0,Shree Krishna Securities Ltd.,Primo Securities (PVT) Ltd.,2026-04-21 14:52:40.584299
2026042104014540,SSHL,25,16,125,219.1,27387.5,Sweta Securities Private Limited,Primo Securities (PVT) Ltd.,2026-04-21 14:52:40.584837
2026042104014541,SSHL,16,16,555,219.1,121600.5,Primo Securities (PVT) Ltd.,Primo Securities (PVT) Ltd.,2026-04-21 14:52:40.585148
2026042104014542,SSHL,16,16,820,219.1,179662.0,Primo Securities (PVT) Ltd.,Primo Securities (PVT) Ltd.,2026-04-21 14:52:40.585405
2026042104014560,SSHL,45,37,115,219.6,25254.0,Imperial Securities Company Pvt. Ltd.,Swarna Laxmi Securities Pvt. Ltd.,2026-04-21 14:52:45.287910
2026042104014573,SSHL,49,32,100,220.0,22000.0,Online Securities Pvt. Ltd.,Premier Securities Company Ltd.,2026-04-21 14:52:51.332197
2026042104014781,SSHL,45,8,20,219.6,4392.0,Imperial Securities Company Pvt. Ltd.,Brilliant Securities Pvt. Ltd.,2026-04-21 14:53:44.466555
2026042104014782,SSHL,41,8,400,219.1,87640.0,Linch Stock Market Ltd.,Brilliant Securities Pvt. Ltd.,2026-04-21 14:53:44.467097
2026042104014783,SSHL,16,8,80,219.1,17528.0,Primo Securities (PVT) Ltd.,Brilliant Securities Pvt. Ltd.,2026-04-21 14:53:44.467357
2026042104014857,SSHL,57,21,45,219.6,9882.0,Aryatara Investment & Securities,Midas Stock Broking Company Private Limited,2026-04-21 14:53:57.788724
2026042104014858,SSHL,16,21,586,219.1,128392.6,Primo Securities (PVT) Ltd.,Midas Stock Broking Company Private Limited,2026-04-21 14:53:57.789718
2026042104014859,SSHL,58,21,44,219.0,9636.0,Naasa Securities Co. Ltd.,Midas Stock Broking Company Private Limited,2026-04-21 14:53:57.790523
