Date,S.N.,contract_id,symbol,buyer_broker,seller_broker,volume,price,amount,transaction_time
2025-07-15,73953,2025071504000045,AKPL,Naasa Securities Co. Ltd.,Bhrikuti Stock Broking Co. Pvt. Ltd.,210,256.0,53760.0,2025-07-15 11:00:43.642368
2025-07-15,73774,2025071504000103,AKPL,Sagarmatha Securities Private Limited,Bhrikuti Stock Broking Co. Pvt. Ltd.,90,256.0,23040.0,2025-07-15 11:02:23.672925
2025-07-15,73773,2025071504000104,AKPL,Sagarmatha Securities Private Limited,Bhrikuti Stock Broking Co. Pvt. Ltd.,300,257.0,77100.0,2025-07-15 11:02:23.673016
2025-07-15,73772,2025071504000105,AKPL,Sagarmatha Securities Private Limited,Citizens Share Broker Limited,300,258.0,77400.0,2025-07-15 11:02:23.673059
2025-07-15,73771,2025071504000106,AKPL,Sagarmatha Securities Private Limited,Imperial Securities Company Pvt. Ltd.,800,258.0,206400.0,2025-07-15 11:02:23.673098
2025-07-15,73770,2025071504000107,AKPL,Sagarmatha Securities Private Limited,Investment Management Nepal Pvt. Ltd.,510,258.0,131580.0,2025-07-15 11:02:23.673125
2025-07-15,73188,2025071504000318,AKPL,Kohinoor Investment & Securities Pvt. Ltd.,Trishakti Securities Public Limited,100,257.0,25700.0,2025-07-15 11:05:49.216212
2025-07-15,71899,2025071504000691,AKPL,Capital Max Securities Ltd,Trisul Securities & Invt. Ltd.,18,256.5,4617.0,2025-07-15 11:12:18.027572
2025-07-15,71836,2025071504000709,AKPL,Neev Securities Pvt. Ltd.,Online Securities Pvt. Ltd.,100,256.0,25600.0,2025-07-15 11:12:39.113411
2025-07-15,71226,2025071504000951,AKPL,Sagarmatha Securities Private Limited,Investment Management Nepal Pvt. Ltd.,1000,256.9,256900.0,2025-07-15 11:14:57.060119
2025-07-15,71096,2025071504000989,AKPL,Neev Securities Pvt. Ltd.,Online Securities Pvt. Ltd.,100,256.0,25600.0,2025-07-15 11:15:34.824857
2025-07-15,71023,2025071504001016,AKPL,Malla & Malla Stock Broking Company Pvt. Limited,Trishakti Securities Public Limited,200,257.0,51400.0,2025-07-15 11:15:52.636054
2025-07-15,70954,2025071504001044,AKPL,Linch Stock Market Ltd.,Trishakti Securities Public Limited,200,257.0,51400.0,2025-07-15 11:16:09.111105
2025-07-15,70953,2025071504001045,AKPL,Linch Stock Market Ltd.,Online Securities Pvt. Ltd.,200,257.0,51400.0,2025-07-15 11:16:09.111345
2025-07-15,70798,2025071504001102,AKPL,Sani Securities Company Ltd.,Secured Securities Ltd.,1000,257.0,257000.0,2025-07-15 11:16:37.155665
2025-07-15,70797,2025071504001103,AKPL,Sani Securities Company Ltd.,Primo Securities (PVT) Ltd.,60,257.0,15420.0,2025-07-15 11:16:37.155885
2025-07-15,70796,2025071504001104,AKPL,Sani Securities Company Ltd.,Secured Securities Ltd.,200,257.0,51400.0,2025-07-15 11:16:37.156035
2025-07-15,70789,2025071504001108,AKPL,Deevyaa Securities & Stock House Pvt. Ltd,Sumeru Securities Pvt. Ltd.,500,257.8,128900.0,2025-07-15 11:16:40.106115
2025-07-15,70788,2025071504001109,AKPL,Deevyaa Securities & Stock House Pvt. Ltd,Investment Management Nepal Pvt. Ltd.,490,258.0,126420.0,2025-07-15 11:16:40.106177
2025-07-15,70787,2025071504001110,AKPL,Deevyaa Securities & Stock House Pvt. Ltd,Secured Securities Ltd.,270,258.0,69660.0,2025-07-15 11:16:40.106200
2025-07-15,70470,2025071504001216,AKPL,Sani Securities Company Ltd.,Online Securities Pvt. Ltd.,18,257.0,4626.0,2025-07-15 11:17:55.301056
2025-07-15,70447,2025071504001233,AKPL,Sagarmatha Securities Private Limited,Nepal Stock House (PVT) Ltd.,500,257.9,128950.0,2025-07-15 11:18:00.685704
2025-07-15,70403,2025071504001250,AKPL,Deevyaa Securities & Stock House Pvt. Ltd,Secured Securities Ltd.,500,258.0,129000.0,2025-07-15 11:18:10.247858
2025-07-15,70163,2025071504001321,AKPL,Deevyaa Securities & Stock House Pvt. Ltd,Secured Securities Ltd.,230,258.0,59340.0,2025-07-15 11:19:01.653782
2025-07-15,70162,2025071504001322,AKPL,Deevyaa Securities & Stock House Pvt. Ltd,Imperial Securities Company Pvt. Ltd.,10,258.0,2580.0,2025-07-15 11:19:01.653841
2025-07-15,70161,2025071504001323,AKPL,Deevyaa Securities & Stock House Pvt. Ltd,Vision Securities Pvt. Ltd,2500,258.0,645000.0,2025-07-15 11:19:01.653869
2025-07-15,70160,2025071504001324,AKPL,Deevyaa Securities & Stock House Pvt. Ltd,Imperial Securities Company Pvt. Ltd.,10,258.0,2580.0,2025-07-15 11:19:01.653889
2025-07-15,70159,2025071504001325,AKPL,Deevyaa Securities & Stock House Pvt. Ltd,Premier Securities Company Ltd.,100,258.0,25800.0,2025-07-15 11:19:01.653914
2025-07-15,70158,2025071504001326,AKPL,Deevyaa Securities & Stock House Pvt. Ltd,Naasa Securities Co. Ltd.,132,258.0,34056.0,2025-07-15 11:19:01.653937
2025-07-15,70157,2025071504001327,AKPL,Deevyaa Securities & Stock House Pvt. Ltd,ABC Securities Private Limited,518,258.0,133644.0,2025-07-15 11:19:01.653962
2025-07-15,69755,2025071504001455,AKPL,Deevyaa Securities & Stock House Pvt. Ltd,Nepal Stock House (PVT) Ltd.,1000,257.9,257900.0,2025-07-15 11:20:17.940335
2025-07-15,69263,2025071504001705,AKPL,Deevyaa Securities & Stock House Pvt. Ltd,ABC Securities Private Limited,240,258.0,61920.0,2025-07-15 11:21:59.745200
2025-07-15,69159,2025071504001741,AKPL,J.F. Securites (PVT) Ltd.,ABC Securities Private Limited,42,258.0,10836.0,2025-07-15 11:22:21.334539
2025-07-15,69158,2025071504001742,AKPL,J.F. Securites (PVT) Ltd.,Kalika Securities Pvt. Ltd.,58,258.0,14964.0,2025-07-15 11:22:21.334668
2025-07-15,69108,2025071504001758,AKPL,Capital Max Securities Ltd,Kalika Securities Pvt. Ltd.,10,258.0,2580.0,2025-07-15 11:22:33.536105
2025-07-15,68798,2025071504001891,AKPL,Dipshikha Dhitopatra Karobar Co. Pvt Ltd.,Kalika Securities Pvt. Ltd.,50,258.0,12900.0,2025-07-15 11:23:38.497168
2025-07-15,68564,2025071504001987,AKPL,Swarna Laxmi Securities Pvt. Ltd.,Nepal Investment And Securities Trading Private Limited,500,257.5,128750.0,2025-07-15 11:24:27.348001
2025-07-15,68525,2025071504001999,AKPL,Sani Securities Company Ltd.,Online Securities Pvt. Ltd.,20,257.5,5150.0,2025-07-15 11:24:41.039506
2025-07-15,68377,2025071504002065,AKPL,Sani Securities Company Ltd.,BHOLE GANESH SECURITIES LTD,200,257.0,51400.0,2025-07-15 11:25:18.622827
2025-07-15,68227,2025071504002128,AKPL,Sani Securities Company Ltd.,Sani Securities Company Ltd.,155,257.0,39835.0,2025-07-15 11:25:56.045867
2025-07-15,68139,2025071504002153,AKPL,Sani Securities Company Ltd.,Linch Stock Market Ltd.,1367,257.0,351319.0,2025-07-15 11:26:21.664060
2025-07-15,68138,2025071504002154,AKPL,Cristal Kanchanjanga Securites Pvt. Ltd.,Linch Stock Market Ltd.,500,257.0,128500.0,2025-07-15 11:26:21.664239
2025-07-15,68137,2025071504002155,AKPL,Deevyaa Securities & Stock House Pvt. Ltd,Linch Stock Market Ltd.,1133,257.0,291181.0,2025-07-15 11:26:21.664330
2025-07-15,67838,2025071504002256,AKPL,Deevyaa Securities & Stock House Pvt. Ltd,Aryatara Investment & Securities,200,257.0,51400.0,2025-07-15 11:27:42.952086
2025-07-15,67837,2025071504002257,AKPL,Online Securities Pvt. Ltd.,Online Securities Pvt. Ltd.,32,257.5,8240.0,2025-07-15 11:27:43.123373
2025-07-15,67836,2025071504002258,AKPL,Online Securities Pvt. Ltd.,Premier Securities Company Ltd.,468,257.5,120510.0,2025-07-15 11:27:43.123547
2025-07-15,67803,2025071504002269,AKPL,Deevyaa Securities & Stock House Pvt. Ltd,Kalika Securities Pvt. Ltd.,382,257.0,98174.0,2025-07-15 11:27:52.892341
2025-07-15,67619,2025071504002354,AKPL,Deevyaa Securities & Stock House Pvt. Ltd,Sani Securities Company Ltd.,100,257.0,25700.0,2025-07-15 11:28:41.795558
2025-07-15,67376,2025071504002425,AKPL,Deevyaa Securities & Stock House Pvt. Ltd,BHOLE GANESH SECURITIES LTD,40,257.0,10280.0,2025-07-15 11:29:47.228811
2025-07-15,67375,2025071504002426,AKPL,Imperial Securities Company Pvt. Ltd.,BHOLE GANESH SECURITIES LTD,25,257.0,6425.0,2025-07-15 11:29:47.229106
2025-07-15,65661,2025071504002906,AKPL,Nepal Stock House (PVT) Ltd.,Premier Securities Company Ltd.,500,256.9,128450.0,2025-07-15 11:36:57.592333
2025-07-15,65508,2025071504002954,AKPL,Neev Securities Pvt. Ltd.,Premier Securities Company Ltd.,32,256.0,8192.0,2025-07-15 11:37:41.764465
2025-07-15,65287,2025071504003014,AKPL,Property Wiard Limited,BHOLE GANESH SECURITIES LTD,35,257.0,8995.0,2025-07-15 11:38:35.656546
2025-07-15,65286,2025071504003015,AKPL,Property Wiard Limited,Nepal Investment And Securities Trading Private Limited,85,257.0,21845.0,2025-07-15 11:38:35.656886
2025-07-15,64804,2025071504003226,AKPL,Secured Securities Ltd.,Nepal Investment And Securities Trading Private Limited,200,257.0,51400.0,2025-07-15 11:40:25.152342
2025-07-15,64342,2025071504003406,AKPL,Naasa Securities Co. Ltd.,Online Securities Pvt. Ltd.,200,256.9,51380.0,2025-07-15 11:42:29.540122
2025-07-15,64341,2025071504003407,AKPL,Naasa Securities Co. Ltd.,Naasa Securities Co. Ltd.,15,256.9,3853.5,2025-07-15 11:42:29.540325
2025-07-15,64340,2025071504003408,AKPL,Naasa Securities Co. Ltd.,Nepal Investment And Securities Trading Private Limited,785,257.0,201745.0,2025-07-15 11:42:29.540409
2025-07-15,64232,2025071504003438,AKPL,Neev Securities Pvt. Ltd.,Infinity Securities Limited,200,256.0,51200.0,2025-07-15 11:42:59.824026
2025-07-15,64063,2025071504003464,AKPL,Naasa Securities Co. Ltd.,Naasa Securities Co. Ltd.,22,257.0,5654.0,2025-07-15 11:43:48.528233
2025-07-15,62906,2025071504003780,AKPL,Neev Securities Pvt. Ltd.,Naasa Securities Co. Ltd.,68,256.0,17408.0,2025-07-15 11:48:28.978387
2025-07-15,62905,2025071504003781,AKPL,Secured Securities Ltd.,Naasa Securities Co. Ltd.,430,256.0,110080.0,2025-07-15 11:48:28.978753
2025-07-15,62882,2025071504003790,AKPL,Secured Securities Ltd.,Dynamic Money Managers Securities Pvt. Ltd.,70,256.0,17920.0,2025-07-15 11:48:35.344778
2025-07-15,62881,2025071504003791,AKPL,Global IME Securities Limited,Dynamic Money Managers Securities Pvt. Ltd.,30,256.0,7680.0,2025-07-15 11:48:35.344871
2025-07-15,62605,2025071504003864,AKPL,Naasa Securities Co. Ltd.,Naasa Securities Co. Ltd.,200,257.0,51400.0,2025-07-15 11:49:38.080664
2025-07-15,62253,2025071504003982,AKPL,Global IME Securities Limited,Naasa Securities Co. Ltd.,70,256.0,17920.0,2025-07-15 11:50:50.211682
2025-07-15,62252,2025071504003983,AKPL,Ashutosh Brokerage & Securities (PVT) Ltd.,Naasa Securities Co. Ltd.,58,256.0,14848.0,2025-07-15 11:50:50.211889
2025-07-15,61464,2025071504004201,AKPL,Shree Krishna Securities Ltd.,ABC Securities Private Limited,100,256.5,25650.0,2025-07-15 11:54:07.559592
2025-07-15,61463,2025071504004202,AKPL,Ashutosh Brokerage & Securities (PVT) Ltd.,ABC Securities Private Limited,42,256.0,10752.0,2025-07-15 11:54:07.559643
2025-07-15,61462,2025071504004203,AKPL,R.B.B. Securities Company Ltd,ABC Securities Private Limited,365,256.0,93440.0,2025-07-15 11:54:07.559665
2025-07-15,61059,2025071504004317,AKPL,R.B.B. Securities Company Ltd,Oxford Securities Pvt. Ltd.,300,256.0,76800.0,2025-07-15 11:55:11.667955
2025-07-15,61033,2025071504004321,AKPL,R.B.B. Securities Company Ltd,Asian Securities Private Ltd.,435,256.0,111360.0,2025-07-15 11:55:14.937461
2025-07-15,61032,2025071504004322,AKPL,Naasa Securities Co. Ltd.,Asian Securities Private Ltd.,65,256.0,16640.0,2025-07-15 11:55:14.937818
2025-07-15,60961,2025071504004340,AKPL,Cristal Kanchanjanga Securites Pvt. Ltd.,Trishakti Securities Public Limited,10,257.0,2570.0,2025-07-15 11:55:21.138267
2025-07-15,60559,2025071504004417,AKPL,Sweta Securities Private Limited,Trishakti Securities Public Limited,290,257.0,74530.0,2025-07-15 11:56:38.850802
2025-07-15,60558,2025071504004418,AKPL,Sweta Securities Private Limited,Dipshikha Dhitopatra Karobar Co. Pvt Ltd.,100,257.0,25700.0,2025-07-15 11:56:38.851170
2025-07-15,60557,2025071504004419,AKPL,Sweta Securities Private Limited,Citizens Share Broker Limited,110,257.0,28270.0,2025-07-15 11:56:38.851425
2025-07-15,60081,2025071504004532,AKPL,Malla & Malla Stock Broking Company Pvt. Limited,Citizens Share Broker Limited,200,257.0,51400.0,2025-07-15 11:58:16.049536
2025-07-15,59832,2025071504004616,AKPL,Naasa Securities Co. Ltd.,Agrawal Securities (PVT) Ltd.,400,256.0,102400.0,2025-07-15 11:59:03.540328
2025-07-15,59725,2025071504004647,AKPL,Naasa Securities Co. Ltd.,Oxford Securities Pvt. Ltd.,100,256.0,25600.0,2025-07-15 11:59:32.915886
2025-07-15,59263,2025071504004769,AKPL,Sundhara Securities Limited,Kalika Securities Pvt. Ltd.,49,256.7,12578.3,2025-07-15 12:01:12.226381
2025-07-15,59262,2025071504004770,AKPL,Sundhara Securities Limited,Citizens Share Broker Limited,190,257.0,48830.0,2025-07-15 12:01:12.226646
2025-07-15,59261,2025071504004771,AKPL,Sundhara Securities Limited,Online Securities Pvt. Ltd.,30,257.0,7710.0,2025-07-15 12:01:12.226732
2025-07-15,59260,2025071504004772,AKPL,Sundhara Securities Limited,Premier Securities Company Ltd.,625,257.0,160625.0,2025-07-15 12:01:12.226814
2025-07-15,59259,2025071504004773,AKPL,Sundhara Securities Limited,South Asian Bulls Pvt. Ltd.,106,257.0,27242.0,2025-07-15 12:01:12.226894
2025-07-15,59254,2025071504004774,AKPL,Sharepro Securities Private Limited,South Asian Bulls Pvt. Ltd.,94,257.0,24158.0,2025-07-15 12:01:12.381374
2025-07-15,59253,2025071504004775,AKPL,Sharepro Securities Private Limited,Malla & Malla Stock Broking Company Pvt. Limited,300,257.0,77100.0,2025-07-15 12:01:12.381623
2025-07-15,59252,2025071504004776,AKPL,Sharepro Securities Private Limited,Premier Securities Company Ltd.,200,257.5,51500.0,2025-07-15 12:01:12.381742
2025-07-15,59251,2025071504004777,AKPL,Sharepro Securities Private Limited,Citizens Share Broker Limited,400,257.9,103160.0,2025-07-15 12:01:12.381830
2025-07-15,59250,2025071504004778,AKPL,Sharepro Securities Private Limited,Naasa Securities Co. Ltd.,740,257.9,190846.0,2025-07-15 12:01:12.381940
2025-07-15,59249,2025071504004779,AKPL,Sharepro Securities Private Limited,Sri Hari Securities Pvt. Ltd.,200,258.0,51600.0,2025-07-15 12:01:12.382078
2025-07-15,59248,2025071504004780,AKPL,Sharepro Securities Private Limited,Secured Securities Ltd.,510,258.0,131580.0,2025-07-15 12:01:12.382184
2025-07-15,59247,2025071504004781,AKPL,Sharepro Securities Private Limited,Sweta Securities Private Limited,300,258.0,77400.0,2025-07-15 12:01:12.382283
2025-07-15,59246,2025071504004782,AKPL,Sharepro Securities Private Limited,Dipshikha Dhitopatra Karobar Co. Pvt Ltd.,65,258.0,16770.0,2025-07-15 12:01:12.382387
2025-07-15,59245,2025071504004783,AKPL,Sharepro Securities Private Limited,Sumeru Securities Pvt. Ltd.,500,258.0,129000.0,2025-07-15 12:01:12.382480
2025-07-15,59244,2025071504004784,AKPL,Sharepro Securities Private Limited,Dipshikha Dhitopatra Karobar Co. Pvt Ltd.,100,258.0,25800.0,2025-07-15 12:01:12.382558
2025-07-15,59243,2025071504004785,AKPL,Sharepro Securities Private Limited,Creative Securities Pvt Ltd,200,258.0,51600.0,2025-07-15 12:01:12.382691
2025-07-15,59242,2025071504004786,AKPL,Sharepro Securities Private Limited,Malla & Malla Stock Broking Company Pvt. Limited,100,258.0,25800.0,2025-07-15 12:01:12.382778
2025-07-15,59241,2025071504004787,AKPL,Sharepro Securities Private Limited,Citizens Share Broker Limited,180,258.0,46440.0,2025-07-15 12:01:12.382863
2025-07-15,59240,2025071504004788,AKPL,Sharepro Securities Private Limited,Imperial Securities Company Pvt. Ltd.,800,258.0,206400.0,2025-07-15 12:01:12.382966
2025-07-15,59239,2025071504004789,AKPL,Sharepro Securities Private Limited,Sharepro Securities Private Limited,5311,258.0,1370238.0,2025-07-15 12:01:12.383063
2025-07-15,58396,2025071504005063,AKPL,Sri Hari Securities Pvt. Ltd.,J.F. Securites (PVT) Ltd.,220,257.0,56540.0,2025-07-15 12:04:28.570624
2025-07-15,58377,2025071504005068,AKPL,Dipshikha Dhitopatra Karobar Co. Pvt Ltd.,J.F. Securites (PVT) Ltd.,330,257.0,84810.0,2025-07-15 12:04:30.875033
2025-07-15,57323,2025071504005359,AKPL,Capital Hub P. Ltd,Sri Hari Securities Pvt. Ltd.,100,257.9,25790.0,2025-07-15 12:08:55.855501
2025-07-15,57322,2025071504005360,AKPL,Capital Hub P. Ltd,Deevyaa Securities & Stock House Pvt. Ltd,800,257.9,206320.0,2025-07-15 12:08:55.855762
2025-07-15,57321,2025071504005361,AKPL,Capital Hub P. Ltd,Nepal Stock House (PVT) Ltd.,100,257.9,25790.0,2025-07-15 12:08:55.855848
2025-07-15,56957,2025071504005434,AKPL,Sani Securities Company Ltd.,Sharepro Securities Private Limited,20,258.0,5160.0,2025-07-15 12:10:51.142776
2025-07-15,56944,2025071504005440,AKPL,Sri Hari Securities Pvt. Ltd.,Sharepro Securities Private Limited,4000,258.0,1032000.0,2025-07-15 12:10:55.563286
2025-07-15,56900,2025071504005465,AKPL,Imperial Securities Company Pvt. Ltd.,Sharepro Securities Private Limited,100,258.0,25800.0,2025-07-15 12:11:05.553170
2025-07-15,56824,2025071504005484,AKPL,Naasa Securities Co. Ltd.,Deevyaa Securities & Stock House Pvt. Ltd,130,257.9,33527.0,2025-07-15 12:11:28.600141
2025-07-15,56823,2025071504005485,AKPL,Primo Securities (PVT) Ltd.,Deevyaa Securities & Stock House Pvt. Ltd,300,257.1,77130.0,2025-07-15 12:11:28.600205
2025-07-15,56822,2025071504005486,AKPL,Dipshikha Dhitopatra Karobar Co. Pvt Ltd.,Deevyaa Securities & Stock House Pvt. Ltd,70,257.0,17990.0,2025-07-15 12:11:28.600239
2025-07-15,56449,2025071504005595,AKPL,Dipshikha Dhitopatra Karobar Co. Pvt Ltd.,Malla & Malla Stock Broking Company Pvt. Limited,100,257.0,25700.0,2025-07-15 12:12:54.744927
2025-07-15,56448,2025071504005596,AKPL,Imperial Securities Company Pvt. Ltd.,Malla & Malla Stock Broking Company Pvt. Limited,300,257.0,77100.0,2025-07-15 12:12:54.745268
2025-07-15,56072,2025071504005712,AKPL,Sani Securities Company Ltd.,Nepal Stock House (PVT) Ltd.,20,257.9,5158.0,2025-07-15 12:14:33.025011
2025-07-15,55802,2025071504005802,AKPL,Primo Securities (PVT) Ltd.,Nepal Stock House (PVT) Ltd.,10,257.9,2579.0,2025-07-15 12:15:36.921729
2025-07-15,54511,2025071504006180,AKPL,Sajilo Broker Limited,Nepal Stock House (PVT) Ltd.,70,257.9,18053.0,2025-07-15 12:20:22.613631
2025-07-15,54510,2025071504006181,AKPL,Sajilo Broker Limited,Nepal Stock House (PVT) Ltd.,100,257.9,25790.0,2025-07-15 12:20:22.613872
2025-07-15,54355,2025071504006273,AKPL,Aryatara Investment & Securities,Sharepro Securities Private Limited,500,258.0,129000.0,2025-07-15 12:20:48.189044
2025-07-15,54045,2025071504006408,AKPL,Deevyaa Securities & Stock House Pvt. Ltd,Sharepro Securities Private Limited,69,258.0,17802.0,2025-07-15 12:22:07.104856
2025-07-15,54044,2025071504006409,AKPL,Deevyaa Securities & Stock House Pvt. Ltd,Imperial Securities Company Pvt. Ltd.,100,258.0,25800.0,2025-07-15 12:22:07.104934
2025-07-15,54043,2025071504006410,AKPL,Deevyaa Securities & Stock House Pvt. Ltd,NIMB Stock Markets Limited,30,258.0,7740.0,2025-07-15 12:22:07.104959
2025-07-15,53691,2025071504006520,AKPL,Machhapuchchhre Securities Limited,Nepal Stock House (PVT) Ltd.,10,258.4,2584.0,2025-07-15 12:23:36.112504
2025-07-15,53541,2025071504006591,AKPL,Vision Securities Pvt. Ltd,Nepal Stock House (PVT) Ltd.,90,258.4,23256.0,2025-07-15 12:24:16.825194
2025-07-15,53540,2025071504006592,AKPL,Vision Securities Pvt. Ltd,Vision Securities Pvt. Ltd,300,258.5,77550.0,2025-07-15 12:24:16.825458
2025-07-15,53171,2025071504006674,AKPL,Naasa Securities Co. Ltd.,Nepal Stock House (PVT) Ltd.,100,258.6,25860.0,2025-07-15 12:25:34.543544
2025-07-15,53170,2025071504006675,AKPL,Naasa Securities Co. Ltd.,Investment Management Nepal Pvt. Ltd.,900,258.7,232830.0,2025-07-15 12:25:34.543796
2025-07-15,53094,2025071504006690,AKPL,Sajilo Broker Limited,Investment Management Nepal Pvt. Ltd.,100,258.7,25870.0,2025-07-15 12:25:48.579495
2025-07-15,53093,2025071504006691,AKPL,Sajilo Broker Limited,Capital Max Securities Ltd,10,258.7,2587.0,2025-07-15 12:25:48.579928
2025-07-15,53039,2025071504006710,AKPL,Asian Securities Private Ltd.,Citizens Share Broker Limited,100,258.8,25880.0,2025-07-15 12:25:56.236690
2025-07-15,53038,2025071504006711,AKPL,Asian Securities Private Ltd.,Bhrikuti Stock Broking Co. Pvt. Ltd.,400,258.8,103520.0,2025-07-15 12:25:56.236925
2025-07-15,53037,2025071504006712,AKPL,Asian Securities Private Ltd.,Bhrikuti Stock Broking Co. Pvt. Ltd.,400,258.8,103520.0,2025-07-15 12:25:56.237022
2025-07-15,53036,2025071504006713,AKPL,Asian Securities Private Ltd.,Online Securities Pvt. Ltd.,100,258.9,25890.0,2025-07-15 12:25:56.237124
2025-07-15,52991,2025071504006742,AKPL,Sajilo Broker Limited,Online Securities Pvt. Ltd.,250,258.9,64725.0,2025-07-15 12:26:06.637407
2025-07-15,52990,2025071504006743,AKPL,Sajilo Broker Limited,Primo Securities (PVT) Ltd.,470,258.9,121683.0,2025-07-15 12:26:06.637674
2025-07-15,52834,2025071504006833,AKPL,Bhrikuti Stock Broking Co. Pvt. Ltd.,Primo Securities (PVT) Ltd.,230,258.9,59547.0,2025-07-15 12:26:34.361048
2025-07-15,52718,2025071504006893,AKPL,Naasa Securities Co. Ltd.,Online Securities Pvt. Ltd.,500,259.0,129500.0,2025-07-15 12:27:00.155744
2025-07-15,52658,2025071504006909,AKPL,Naasa Securities Co. Ltd.,Online Securities Pvt. Ltd.,100,259.0,25900.0,2025-07-15 12:27:17.795705
2025-07-15,52657,2025071504006910,AKPL,Naasa Securities Co. Ltd.,Dynamic Money Managers Securities Pvt. Ltd.,100,259.0,25900.0,2025-07-15 12:27:17.796203
2025-07-15,52656,2025071504006911,AKPL,Naasa Securities Co. Ltd.,Secured Securities Ltd.,300,259.0,77700.0,2025-07-15 12:27:17.796519
2025-07-15,52599,2025071504006920,AKPL,Naasa Securities Co. Ltd.,Secured Securities Ltd.,200,259.0,51800.0,2025-07-15 12:27:35.241456
2025-07-15,52510,2025071504006941,AKPL,Naasa Securities Co. Ltd.,Magnet Securities and Investment Company Private Limited,400,259.9,103960.0,2025-07-15 12:28:00.929290
2025-07-15,52509,2025071504006942,AKPL,Naasa Securities Co. Ltd.,Vision Securities Pvt. Ltd,100,259.9,25990.0,2025-07-15 12:28:00.929535
2025-07-15,52479,2025071504006951,AKPL,Naasa Securities Co. Ltd.,Online Securities Pvt. Ltd.,13,259.0,3367.0,2025-07-15 12:28:12.231368
2025-07-15,52356,2025071504006969,AKPL,Naasa Securities Co. Ltd.,Sajilo Broker Limited,100,259.9,25990.0,2025-07-15 12:28:38.146951
2025-07-15,52355,2025071504006970,AKPL,Naasa Securities Co. Ltd.,Nepal Stock House (PVT) Ltd.,100,259.9,25990.0,2025-07-15 12:28:38.147196
2025-07-15,52261,2025071504007001,AKPL,Naasa Securities Co. Ltd.,Investment Management Nepal Pvt. Ltd.,87,260.0,22620.0,2025-07-15 12:28:55.744042
2025-07-15,52093,2025071504007037,AKPL,Naasa Securities Co. Ltd.,Agrawal Securities (PVT) Ltd.,70,259.9,18193.0,2025-07-15 12:29:32.041396
2025-07-15,52023,2025071504007050,AKPL,Imperial Securities Company Pvt. Ltd.,Agrawal Securities (PVT) Ltd.,350,259.9,90965.0,2025-07-15 12:29:48.431253
2025-07-15,51559,2025071504007198,AKPL,Naasa Securities Co. Ltd.,Malla & Malla Stock Broking Company Pvt. Limited,200,259.0,51800.0,2025-07-15 12:31:49.752964
2025-07-15,51526,2025071504007202,AKPL,Swarna Laxmi Securities Pvt. Ltd.,Vision Securities Pvt. Ltd,100,259.0,25900.0,2025-07-15 12:31:57.125836
2025-07-15,51247,2025071504007307,AKPL,Naasa Securities Co. Ltd.,Asian Securities Private Ltd.,150,259.0,38850.0,2025-07-15 12:33:09.199871
2025-07-15,50920,2025071504007422,AKPL,Naasa Securities Co. Ltd.,Imperial Securities Company Pvt. Ltd.,11,259.0,2849.0,2025-07-15 12:34:43.941544
2025-07-15,50720,2025071504007481,AKPL,Naasa Securities Co. Ltd.,Kumari Securities Private Limited,29,259.0,7511.0,2025-07-15 12:35:37.840356
2025-07-15,49817,2025071504007908,AKPL,Vision Securities Pvt. Ltd,J.F. Securites (PVT) Ltd.,10,258.5,2585.0,2025-07-15 12:39:27.360206
2025-07-15,49607,2025071504007977,AKPL,Shree Krishna Securities Ltd.,Kumari Securities Private Limited,26,259.0,6734.0,2025-07-15 12:40:15.581241
2025-07-15,49606,2025071504007978,AKPL,Shree Krishna Securities Ltd.,Malla & Malla Stock Broking Company Pvt. Limited,74,259.0,19166.0,2025-07-15 12:40:15.581511
2025-07-15,48978,2025071504008284,AKPL,Dynamic Money Managers Securities Pvt. Ltd.,Malla & Malla Stock Broking Company Pvt. Limited,120,259.0,31080.0,2025-07-15 12:42:28.038887
2025-07-15,48906,2025071504008315,AKPL,Dynamic Money Managers Securities Pvt. Ltd.,Nepal Stock House (PVT) Ltd.,100,259.3,25930.0,2025-07-15 12:42:41.622171
2025-07-15,48852,2025071504008348,AKPL,Vision Securities Pvt. Ltd,Sani Securities Company Ltd.,126,259.0,32634.0,2025-07-15 12:42:53.310108
2025-07-15,48851,2025071504008349,AKPL,Online Securities Pvt. Ltd.,Sani Securities Company Ltd.,120,259.0,31080.0,2025-07-15 12:42:53.310378
2025-07-15,48847,2025071504008352,AKPL,Premier Securities Company Ltd.,Sani Securities Company Ltd.,1000,259.0,259000.0,2025-07-15 12:42:54.542428
2025-07-15,48672,2025071504008452,AKPL,Sumeru Securities Pvt. Ltd.,Sani Securities Company Ltd.,100,259.0,25900.0,2025-07-15 12:43:30.768927
2025-07-15,48561,2025071504008489,AKPL,Dynamic Money Managers Securities Pvt. Ltd.,Vision Securities Pvt. Ltd,200,259.0,51800.0,2025-07-15 12:43:58.201832
2025-07-15,48501,2025071504008502,AKPL,Dynamic Money Managers Securities Pvt. Ltd.,Vision Securities Pvt. Ltd,50,259.0,12950.0,2025-07-15 12:44:10.256027
2025-07-15,48500,2025071504008503,AKPL,Dynamic Money Managers Securities Pvt. Ltd.,Sajilo Broker Limited,450,259.0,116550.0,2025-07-15 12:44:10.256521
2025-07-15,48489,2025071504008505,AKPL,Sundhara Securities Limited,Sajilo Broker Limited,50,259.0,12950.0,2025-07-15 12:44:16.230652
2025-07-15,48429,2025071504008522,AKPL,Sundhara Securities Limited,Sumeru Securities Pvt. Ltd.,450,259.0,116550.0,2025-07-15 12:44:31.039906
2025-07-15,48275,2025071504008579,AKPL,Siprabi Securities Pvt. Ltd.,Sumeru Securities Pvt. Ltd.,190,259.0,49210.0,2025-07-15 12:45:00.230162
2025-07-15,48274,2025071504008580,AKPL,Siprabi Securities Pvt. Ltd.,K.B.L. Securities Limited ,1810,259.0,468790.0,2025-07-15 12:45:00.230646
2025-07-15,48161,2025071504008621,AKPL,Siprabi Securities Pvt. Ltd.,Nepal Stock House (PVT) Ltd.,100,258.9,25890.0,2025-07-15 12:45:30.433659
2025-07-15,48160,2025071504008622,AKPL,Siprabi Securities Pvt. Ltd.,K.B.L. Securities Limited ,3190,259.0,826210.0,2025-07-15 12:45:30.434170
2025-07-15,47760,2025071504008776,AKPL,Machhapuchchhre Securities Limited,Nepal Stock House (PVT) Ltd.,10,259.4,2594.0,2025-07-15 12:47:02.590467
2025-07-15,47468,2025071504008880,AKPL,Sweta Securities Private Limited,Agrawal Securities (PVT) Ltd.,550,259.0,142450.0,2025-07-15 12:48:14.620108
2025-07-15,47218,2025071504008962,AKPL,J.F. Securites (PVT) Ltd.,Online Securities Pvt. Ltd.,10,258.5,2585.0,2025-07-15 12:48:44.136724
2025-07-15,47120,2025071504008985,AKPL,Shree Krishna Securities Ltd.,Agrawal Securities (PVT) Ltd.,30,259.0,7770.0,2025-07-15 12:49:05.808589
2025-07-15,46913,2025071504009083,AKPL,Shree Krishna Securities Ltd.,Agrawal Securities (PVT) Ltd.,120,259.0,31080.0,2025-07-15 12:49:58.476603
2025-07-15,46912,2025071504009084,AKPL,Vision Securities Pvt. Ltd,Agrawal Securities (PVT) Ltd.,180,259.0,46620.0,2025-07-15 12:49:58.476896
2025-07-15,46657,2025071504009176,AKPL,Sagarmatha Securities Private Limited,Online Securities Pvt. Ltd.,500,259.3,129650.0,2025-07-15 12:50:50.446335
2025-07-15,46656,2025071504009177,AKPL,Sagarmatha Securities Private Limited,Aryatara Investment & Securities,100,259.3,25930.0,2025-07-15 12:50:50.446397
2025-07-15,46655,2025071504009178,AKPL,Sagarmatha Securities Private Limited,Nepal Stock House (PVT) Ltd.,90,259.4,23346.0,2025-07-15 12:50:50.446425
2025-07-15,46654,2025071504009179,AKPL,Sagarmatha Securities Private Limited,Oxford Securities Pvt. Ltd.,810,259.4,210114.0,2025-07-15 12:50:50.446452
2025-07-15,46309,2025071504009344,AKPL,Vision Securities Pvt. Ltd,Sundhara Securities Limited,24,259.0,6216.0,2025-07-15 12:52:11.184646
2025-07-15,46207,2025071504009392,AKPL,Sewa Securities Pvt. Ltd.,Online Securities Pvt. Ltd.,850,258.6,219810.0,2025-07-15 12:52:33.043692
2025-07-15,46191,2025071504009398,AKPL,Blue Chip Securities Ltd,Sundhara Securities Limited,220,259.0,56980.0,2025-07-15 12:52:35.927807
2025-07-15,45894,2025071504009489,AKPL,R.B.B. Securities Company Ltd,Sundhara Securities Limited,346,259.0,89614.0,2025-07-15 12:53:34.392806
2025-07-15,45893,2025071504009490,AKPL,R.B.B. Securities Company Ltd,Capital Hub P. Ltd,154,259.0,39886.0,2025-07-15 12:53:34.393072
2025-07-15,45686,2025071504009564,AKPL,Infinity Securities Limited,Vision Securities Pvt. Ltd,25,258.7,6467.5,2025-07-15 12:54:18.083239
2025-07-15,45135,2025071504009807,AKPL,Linch Stock Market Ltd.,Asian Securities Private Ltd.,130,259.0,33670.0,2025-07-15 12:56:45.572973
2025-07-15,45122,2025071504009814,AKPL,Secured Securities Ltd.,Asian Securities Private Ltd.,20,259.0,5180.0,2025-07-15 12:56:51.352058
2025-07-15,45106,2025071504009818,AKPL,Naasa Securities Co. Ltd.,Asian Securities Private Ltd.,60,259.0,15540.0,2025-07-15 12:56:54.189834
2025-07-15,45094,2025071504009821,AKPL,Naasa Securities Co. Ltd.,Asian Securities Private Ltd.,291,259.0,75369.0,2025-07-15 12:56:58.904139
2025-07-15,45002,2025071504009845,AKPL,Naasa Securities Co. Ltd.,Agrawal Securities (PVT) Ltd.,209,259.0,54131.0,2025-07-15 12:57:26.077419
2025-07-15,45001,2025071504009846,AKPL,Secured Securities Ltd.,Agrawal Securities (PVT) Ltd.,191,259.0,49469.0,2025-07-15 12:57:26.077727
2025-07-15,44949,2025071504009861,AKPL,Machhapuchchhre Securities Limited,Nepal Stock House (PVT) Ltd.,10,259.3,2593.0,2025-07-15 12:57:39.097784
2025-07-15,44868,2025071504009898,AKPL,Capital Hub P. Ltd,Vision Securities Pvt. Ltd,500,259.2,129600.0,2025-07-15 12:58:00.550565
2025-07-15,44798,2025071504009917,AKPL,Sri Hari Securities Pvt. Ltd.,Nepal Stock House (PVT) Ltd.,90,259.3,23337.0,2025-07-15 12:58:14.922926
2025-07-15,44797,2025071504009918,AKPL,Sri Hari Securities Pvt. Ltd.,Bhrikuti Stock Broking Co. Pvt. Ltd.,10,259.3,2593.0,2025-07-15 12:58:14.923242
2025-07-15,44796,2025071504009919,AKPL,Sri Hari Securities Pvt. Ltd.,Agrawal Securities (PVT) Ltd.,200,259.3,51860.0,2025-07-15 12:58:14.923368
2025-07-15,44656,2025071504009947,AKPL,Capital Hub P. Ltd,Asian Securities Private Ltd.,2000,259.2,518400.0,2025-07-15 12:58:34.181461
2025-07-15,44654,2025071504009948,AKPL,Sri Hari Securities Pvt. Ltd.,Agrawal Securities (PVT) Ltd.,100,259.3,25930.0,2025-07-15 12:58:36.205633
2025-07-15,44433,2025071504009979,AKPL,Naasa Securities Co. Ltd.,Oxford Securities Pvt. Ltd.,100,259.4,25940.0,2025-07-15 12:58:57.470593
2025-07-15,44404,2025071504009984,AKPL,Sri Hari Securities Pvt. Ltd.,Sani Securities Company Ltd.,10,259.3,2593.0,2025-07-15 12:59:04.424771
2025-07-15,44344,2025071504010015,AKPL,Midas Stock Broking Company Private Limited,Oxford Securities Pvt. Ltd.,500,259.4,129700.0,2025-07-15 12:59:17.575714
2025-07-15,44212,2025071504010066,AKPL,Online Securities Pvt. Ltd.,Oxford Securities Pvt. Ltd.,200,259.4,51880.0,2025-07-15 12:59:45.357074
2025-07-15,44130,2025071504010091,AKPL,Malla & Malla Stock Broking Company Pvt. Limited,Oxford Securities Pvt. Ltd.,70,259.4,18158.0,2025-07-15 13:00:09.798240
2025-07-15,44129,2025071504010092,AKPL,Malla & Malla Stock Broking Company Pvt. Limited,Aryatara Investment & Securities,100,259.4,25940.0,2025-07-15 13:00:09.798781
2025-07-15,44128,2025071504010093,AKPL,Malla & Malla Stock Broking Company Pvt. Limited,Investment Management Nepal Pvt. Ltd.,200,259.4,51880.0,2025-07-15 13:00:09.799093
2025-07-15,44127,2025071504010094,AKPL,Malla & Malla Stock Broking Company Pvt. Limited,Dakshinkali Investment & Securities Pvt. Ltd.,25,259.8,6495.0,2025-07-15 13:00:09.799465
2025-07-15,44126,2025071504010095,AKPL,Malla & Malla Stock Broking Company Pvt. Limited,Premier Securities Company Ltd.,605,259.9,157239.5,2025-07-15 13:00:09.799787
2025-07-15,44097,2025071504010111,AKPL,Linch Stock Market Ltd.,Premier Securities Company Ltd.,192,259.9,49900.8,2025-07-15 13:00:16.160990
2025-07-15,44063,2025071504010135,AKPL,Kumari Securities Private Limited,Opal Securities Investment (PVT) Ltd.,74,259.4,19195.6,2025-07-15 13:00:25.373532
2025-07-15,44031,2025071504010148,AKPL,Trishakti Securities Public Limited,Cristal Kanchanjanga Securites Pvt. Ltd.,100,259.8,25980.0,2025-07-15 13:00:32.567305
2025-07-15,44030,2025071504010149,AKPL,Trishakti Securities Public Limited,Premier Securities Company Ltd.,150,259.9,38985.0,2025-07-15 13:00:32.567366
2025-07-15,43920,2025071504010207,AKPL,Sani Securities Company Ltd.,Nepal Stock House (PVT) Ltd.,100,259.7,25970.0,2025-07-15 13:00:59.189003
2025-07-15,43919,2025071504010208,AKPL,Sani Securities Company Ltd.,Agrawal Securities (PVT) Ltd.,1000,259.8,259800.0,2025-07-15 13:00:59.189278
2025-07-15,43918,2025071504010209,AKPL,Sani Securities Company Ltd.,J.F. Securites (PVT) Ltd.,500,259.8,129900.0,2025-07-15 13:00:59.189392
2025-07-15,43917,2025071504010210,AKPL,Sani Securities Company Ltd.,Premier Securities Company Ltd.,353,259.9,91744.7,2025-07-15 13:00:59.189525
2025-07-15,43916,2025071504010211,AKPL,Sani Securities Company Ltd.,South Asian Bulls Pvt. Ltd.,200,259.9,51980.0,2025-07-15 13:00:59.189663
2025-07-15,43915,2025071504010212,AKPL,Sani Securities Company Ltd.,Oxford Securities Pvt. Ltd.,2000,259.9,519800.0,2025-07-15 13:00:59.189764
2025-07-15,43914,2025071504010213,AKPL,Sani Securities Company Ltd.,Trishakti Securities Public Limited,346,259.9,89925.4,2025-07-15 13:00:59.189866
2025-07-15,43913,2025071504010214,AKPL,Sani Securities Company Ltd.,Investment Management Nepal Pvt. Ltd.,913,260.0,237380.0,2025-07-15 13:00:59.189971
2025-07-15,43912,2025071504010215,AKPL,Sani Securities Company Ltd.,Vision Securities Pvt. Ltd,300,260.0,78000.0,2025-07-15 13:00:59.190073
2025-07-15,43911,2025071504010216,AKPL,Sani Securities Company Ltd.,Nepal Stock House (PVT) Ltd.,100,260.0,26000.0,2025-07-15 13:00:59.190174
2025-07-15,43910,2025071504010217,AKPL,Sani Securities Company Ltd.,Imperial Securities Company Pvt. Ltd.,1207,260.0,313820.0,2025-07-15 13:00:59.190271
2025-07-15,43909,2025071504010218,AKPL,Sani Securities Company Ltd.,SUN SECURITIES PVT LTD,200,260.0,52000.0,2025-07-15 13:00:59.190385
2025-07-15,43908,2025071504010219,AKPL,Sani Securities Company Ltd.,Midas Stock Broking Company Private Limited,100,260.0,26000.0,2025-07-15 13:00:59.190484
2025-07-15,43907,2025071504010220,AKPL,Sani Securities Company Ltd.,Linch Stock Market Ltd.,100,260.0,26000.0,2025-07-15 13:00:59.190582
2025-07-15,43906,2025071504010221,AKPL,Sani Securities Company Ltd.,Sewa Securities Pvt. Ltd.,100,260.0,26000.0,2025-07-15 13:00:59.190681
2025-07-15,43905,2025071504010222,AKPL,Sani Securities Company Ltd.,Online Securities Pvt. Ltd.,1172,260.0,304720.0,2025-07-15 13:00:59.190780
2025-07-15,43904,2025071504010223,AKPL,Sani Securities Company Ltd.,Sani Securities Company Ltd.,500,260.0,130000.0,2025-07-15 13:00:59.190876
2025-07-15,43903,2025071504010224,AKPL,Sani Securities Company Ltd.,Linch Stock Market Ltd.,100,260.0,26000.0,2025-07-15 13:00:59.190978
2025-07-15,43902,2025071504010225,AKPL,Sani Securities Company Ltd.,ABC Securities Private Limited,709,260.0,184340.0,2025-07-15 13:00:59.191083
2025-07-15,43846,2025071504010242,AKPL,Oxford Securities Pvt. Ltd.,ABC Securities Private Limited,291,260.0,75660.0,2025-07-15 13:01:11.481342
2025-07-15,43845,2025071504010243,AKPL,Oxford Securities Pvt. Ltd.,J.F. Securites (PVT) Ltd.,250,260.0,65000.0,2025-07-15 13:01:11.481629
2025-07-15,43844,2025071504010244,AKPL,Oxford Securities Pvt. Ltd.,Trishakti Securities Public Limited,459,260.0,119340.0,2025-07-15 13:01:11.481735
2025-07-15,43668,2025071504010282,AKPL,Bhrikuti Stock Broking Co. Pvt. Ltd.,J.F. Securites (PVT) Ltd.,200,259.9,51980.0,2025-07-15 13:01:40.706911
2025-07-15,43536,2025071504010333,AKPL,Bhrikuti Stock Broking Co. Pvt. Ltd.,Deevyaa Securities & Stock House Pvt. Ltd,1000,259.9,259900.0,2025-07-15 13:02:12.181867
2025-07-15,43517,2025071504010341,AKPL,Naasa Securities Co. Ltd.,Trishakti Securities Public Limited,500,260.0,130000.0,2025-07-15 13:02:17.588511
2025-07-15,43512,2025071504010342,AKPL,Midas Stock Broking Company Private Limited,Trishakti Securities Public Limited,41,260.0,10660.0,2025-07-15 13:02:20.305749
2025-07-15,43511,2025071504010343,AKPL,Midas Stock Broking Company Private Limited,Naasa Securities Co. Ltd.,59,260.0,15340.0,2025-07-15 13:02:20.306077
2025-07-15,43432,2025071504010385,AKPL,Sani Securities Company Ltd.,Naasa Securities Co. Ltd.,500,260.0,130000.0,2025-07-15 13:02:37.244363
2025-07-15,43353,2025071504010423,AKPL,Dynamic Money Managers Securities Pvt. Ltd.,Naasa Securities Co. Ltd.,66,260.0,17160.0,2025-07-15 13:02:57.254148
2025-07-15,43352,2025071504010424,AKPL,Dynamic Money Managers Securities Pvt. Ltd.,Deevyaa Securities & Stock House Pvt. Ltd,500,260.0,130000.0,2025-07-15 13:02:57.254435
2025-07-15,43351,2025071504010425,AKPL,Dynamic Money Managers Securities Pvt. Ltd.,Asian Securities Private Ltd.,45,260.0,11700.0,2025-07-15 13:02:57.254558
2025-07-15,43350,2025071504010426,AKPL,Dynamic Money Managers Securities Pvt. Ltd.,Malla & Malla Stock Broking Company Pvt. Limited,154,260.0,40040.0,2025-07-15 13:02:57.254660
2025-07-15,43344,2025071504010427,AKPL,Siprabi Securities Pvt. Ltd.,Malla & Malla Stock Broking Company Pvt. Limited,146,260.0,37960.0,2025-07-15 13:02:59.266601
2025-07-15,43343,2025071504010428,AKPL,Siprabi Securities Pvt. Ltd.,Vision Securities Pvt. Ltd,54,260.0,14040.0,2025-07-15 13:02:59.266889
2025-07-15,43325,2025071504010435,AKPL,Infinity Securities Limited,Vision Securities Pvt. Ltd,206,260.0,53560.0,2025-07-15 13:03:08.109581
2025-07-15,43324,2025071504010436,AKPL,Infinity Securities Limited,Online Securities Pvt. Ltd.,10,260.0,2600.0,2025-07-15 13:03:08.109890
2025-07-15,43323,2025071504010437,AKPL,Infinity Securities Limited,Midas Stock Broking Company Private Limited,80,260.0,20800.0,2025-07-15 13:03:08.110036
2025-07-15,43322,2025071504010438,AKPL,Infinity Securities Limited,Cristal Kanchanjanga Securites Pvt. Ltd.,193,260.0,50180.0,2025-07-15 13:03:08.110179
2025-07-15,43248,2025071504010468,AKPL,Sani Securities Company Ltd.,Agrawal Securities (PVT) Ltd.,200,260.5,52100.0,2025-07-15 13:03:25.824659
2025-07-15,42974,2025071504010555,AKPL,Sani Securities Company Ltd.,Sumeru Securities Pvt. Ltd.,200,260.8,52160.0,2025-07-15 13:04:16.470719
2025-07-15,42915,2025071504010574,AKPL,Ashutosh Brokerage & Securities (PVT) Ltd.,Sumeru Securities Pvt. Ltd.,100,260.8,26080.0,2025-07-15 13:04:29.738197
2025-07-15,42914,2025071504010575,AKPL,Ashutosh Brokerage & Securities (PVT) Ltd.,Oxford Securities Pvt. Ltd.,1000,260.8,260800.0,2025-07-15 13:04:29.738718
2025-07-15,42913,2025071504010576,AKPL,Ashutosh Brokerage & Securities (PVT) Ltd.,Oxford Securities Pvt. Ltd.,400,260.9,104360.0,2025-07-15 13:04:29.739062
2025-07-15,42836,2025071504010598,AKPL,Sani Securities Company Ltd.,Oxford Securities Pvt. Ltd.,600,260.9,156540.0,2025-07-15 13:04:50.970710
2025-07-15,42835,2025071504010599,AKPL,Sani Securities Company Ltd.,Investment Management Nepal Pvt. Ltd.,1000,261.0,261000.0,2025-07-15 13:04:50.970968
2025-07-15,42834,2025071504010600,AKPL,Sani Securities Company Ltd.,Thrive Brokerage House Pvt. Ltd,129,261.0,33669.0,2025-07-15 13:04:50.971070
2025-07-15,42833,2025071504010601,AKPL,Sani Securities Company Ltd.,Premier Securities Company Ltd.,120,261.0,31320.0,2025-07-15 13:04:50.971170
2025-07-15,42832,2025071504010602,AKPL,Sani Securities Company Ltd.,Aryatara Investment & Securities,10,261.0,2610.0,2025-07-15 13:04:50.971297
2025-07-15,42831,2025071504010603,AKPL,Sani Securities Company Ltd.,Thrive Brokerage House Pvt. Ltd,50,261.0,13050.0,2025-07-15 13:04:50.971412
2025-07-15,42830,2025071504010604,AKPL,Sani Securities Company Ltd.,Indira securities pvt. ltd,1000,261.0,261000.0,2025-07-15 13:04:50.971544
2025-07-15,42829,2025071504010605,AKPL,Sani Securities Company Ltd.,Linch Stock Market Ltd.,597,261.0,155817.0,2025-07-15 13:04:50.971643
2025-07-15,42828,2025071504010606,AKPL,Sani Securities Company Ltd.,ABC Securities Private Limited,100,261.0,26100.0,2025-07-15 13:04:50.971758
2025-07-15,42827,2025071504010607,AKPL,Sani Securities Company Ltd.,Citizens Share Broker Limited,500,261.0,130500.0,2025-07-15 13:04:50.971871
2025-07-15,42826,2025071504010608,AKPL,Sani Securities Company Ltd.,Nepal Stock House (PVT) Ltd.,500,261.0,130500.0,2025-07-15 13:04:50.971971
2025-07-15,42674,2025071504010657,AKPL,Sani Securities Company Ltd.,Imperial Securities Company Pvt. Ltd.,10,261.0,2610.0,2025-07-15 13:05:16.206354
2025-07-15,42608,2025071504010690,AKPL,Sani Securities Company Ltd.,Sajilo Broker Limited,100,261.0,26100.0,2025-07-15 13:05:31.865339
2025-07-15,42559,2025071504010708,AKPL,Siprabi Securities Pvt. Ltd.,Bhrikuti Stock Broking Co. Pvt. Ltd.,10,261.8,2618.0,2025-07-15 13:05:40.390149
2025-07-15,42558,2025071504010709,AKPL,Siprabi Securities Pvt. Ltd.,J.F. Securites (PVT) Ltd.,200,261.8,52360.0,2025-07-15 13:05:40.390393
2025-07-15,42557,2025071504010710,AKPL,Siprabi Securities Pvt. Ltd.,Agrawal Securities (PVT) Ltd.,1000,261.8,261800.0,2025-07-15 13:05:40.390494
2025-07-15,42556,2025071504010711,AKPL,Siprabi Securities Pvt. Ltd.,Thrive Brokerage House Pvt. Ltd,100,261.8,26180.0,2025-07-15 13:05:40.390592
2025-07-15,42555,2025071504010712,AKPL,Siprabi Securities Pvt. Ltd.,Sanima Securities Limited,1400,261.9,366660.0,2025-07-15 13:05:40.390692
2025-07-15,42493,2025071504010744,AKPL,Sri Hari Securities Pvt. Ltd.,Sanima Securities Limited,100,261.9,26190.0,2025-07-15 13:05:51.964937
2025-07-15,42492,2025071504010745,AKPL,Sri Hari Securities Pvt. Ltd.,Oxford Securities Pvt. Ltd.,900,261.9,235710.0,2025-07-15 13:05:51.965192
2025-07-15,42375,2025071504010774,AKPL,Bhrikuti Stock Broking Co. Pvt. Ltd.,Oxford Securities Pvt. Ltd.,100,261.9,26190.0,2025-07-15 13:06:27.453662
2025-07-15,42316,2025071504010791,AKPL,Opal Securities Investment (PVT) Ltd.,Kumari Securities Private Limited,200,262.0,52400.0,2025-07-15 13:06:42.267500
2025-07-15,42315,2025071504010792,AKPL,Opal Securities Investment (PVT) Ltd.,ABC Securities Private Limited,30,262.0,7860.0,2025-07-15 13:06:42.267805
2025-07-15,42314,2025071504010793,AKPL,Opal Securities Investment (PVT) Ltd.,South Asian Bulls Pvt. Ltd.,300,262.0,78600.0,2025-07-15 13:06:42.267906
2025-07-15,42313,2025071504010794,AKPL,Opal Securities Investment (PVT) Ltd.,Aryatara Investment & Securities,220,262.0,57640.0,2025-07-15 13:06:42.268008
2025-07-15,42242,2025071504010822,AKPL,Aryatara Investment & Securities,Aryatara Investment & Securities,200,262.0,52400.0,2025-07-15 13:07:02.871226
2025-07-15,42187,2025071504010835,AKPL,Primo Securities (PVT) Ltd.,Aryatara Investment & Securities,80,262.0,20960.0,2025-07-15 13:07:12.421535
2025-07-15,42186,2025071504010836,AKPL,Primo Securities (PVT) Ltd.,Dipshikha Dhitopatra Karobar Co. Pvt Ltd.,70,262.0,18340.0,2025-07-15 13:07:12.421802
2025-07-15,42185,2025071504010837,AKPL,Bhrikuti Stock Broking Co. Pvt. Ltd.,Dipshikha Dhitopatra Karobar Co. Pvt Ltd.,90,262.0,23580.0,2025-07-15 13:07:12.663909
2025-07-15,42184,2025071504010838,AKPL,Bhrikuti Stock Broking Co. Pvt. Ltd.,Malla & Malla Stock Broking Company Pvt. Limited,10,262.0,2620.0,2025-07-15 13:07:12.664155
2025-07-15,42152,2025071504010846,AKPL,Naasa Securities Co. Ltd.,Malla & Malla Stock Broking Company Pvt. Limited,90,262.0,23580.0,2025-07-15 13:07:19.307096
2025-07-15,42151,2025071504010847,AKPL,Naasa Securities Co. Ltd.,Sani Securities Company Ltd.,10,262.0,2620.0,2025-07-15 13:07:19.307626
2025-07-15,42148,2025071504010850,AKPL,Bhrikuti Stock Broking Co. Pvt. Ltd.,Oxford Securities Pvt. Ltd.,400,261.9,104760.0,2025-07-15 13:07:20.455190
2025-07-15,42137,2025071504010859,AKPL,Bhrikuti Stock Broking Co. Pvt. Ltd.,Oxford Securities Pvt. Ltd.,100,261.9,26190.0,2025-07-15 13:07:21.764248
2025-07-15,41879,2025071504010941,AKPL,Aryatara Investment & Securities,Oxford Securities Pvt. Ltd.,500,261.9,130950.0,2025-07-15 13:07:56.394481
2025-07-15,41878,2025071504010942,AKPL,Aryatara Investment & Securities,Sani Securities Company Ltd.,195,262.0,51090.0,2025-07-15 13:07:56.394732
2025-07-15,41877,2025071504010943,AKPL,Aryatara Investment & Securities,Sundhara Securities Limited,500,262.0,131000.0,2025-07-15 13:07:56.394833
2025-07-15,41876,2025071504010944,AKPL,Aryatara Investment & Securities,Naasa Securities Co. Ltd.,500,262.0,131000.0,2025-07-15 13:07:56.394932
2025-07-15,41875,2025071504010945,AKPL,Aryatara Investment & Securities,Kumari Securities Private Limited,30,262.0,7860.0,2025-07-15 13:07:56.395026
2025-07-15,41874,2025071504010946,AKPL,Aryatara Investment & Securities,Swarna Laxmi Securities Pvt. Ltd.,100,262.0,26200.0,2025-07-15 13:07:56.395125
2025-07-15,41873,2025071504010947,AKPL,Aryatara Investment & Securities,Swarna Laxmi Securities Pvt. Ltd.,33,262.0,8646.0,2025-07-15 13:07:56.395221
2025-07-15,41872,2025071504010948,AKPL,Aryatara Investment & Securities,Sajilo Broker Limited,100,262.0,26200.0,2025-07-15 13:07:56.395327
2025-07-15,41871,2025071504010949,AKPL,Aryatara Investment & Securities,Sundhara Securities Limited,500,262.1,131050.0,2025-07-15 13:07:56.395430
2025-07-15,41870,2025071504010950,AKPL,Aryatara Investment & Securities,Trisul Securities & Invt. Ltd.,500,262.1,131050.0,2025-07-15 13:07:56.395542
2025-07-15,41869,2025071504010951,AKPL,Aryatara Investment & Securities,Online Securities Pvt. Ltd.,300,262.6,78780.0,2025-07-15 13:07:56.395640
2025-07-15,41868,2025071504010952,AKPL,Aryatara Investment & Securities,Premier Securities Company Ltd.,150,262.9,39435.0,2025-07-15 13:07:56.395733
2025-07-15,41867,2025071504010953,AKPL,Aryatara Investment & Securities,Arun Securities (PVT) Ltd.,250,262.9,65725.0,2025-07-15 13:07:56.395826
2025-07-15,41866,2025071504010954,AKPL,Aryatara Investment & Securities,Cristal Kanchanjanga Securites Pvt. Ltd.,100,262.9,26290.0,2025-07-15 13:07:56.395918
2025-07-15,41865,2025071504010955,AKPL,Aryatara Investment & Securities,Investment Management Nepal Pvt. Ltd.,1000,263.0,263000.0,2025-07-15 13:07:56.396010
2025-07-15,41864,2025071504010956,AKPL,Aryatara Investment & Securities,ABC Securities Private Limited,50,263.0,13150.0,2025-07-15 13:07:56.396105
2025-07-15,41863,2025071504010957,AKPL,Aryatara Investment & Securities,Deevyaa Securities & Stock House Pvt. Ltd,100,263.0,26300.0,2025-07-15 13:07:56.396200
2025-07-15,41862,2025071504010958,AKPL,Aryatara Investment & Securities,Shree Krishna Securities Ltd.,30,263.0,7890.0,2025-07-15 13:07:56.396292
2025-07-15,41861,2025071504010959,AKPL,Aryatara Investment & Securities,Naasa Securities Co. Ltd.,62,263.0,16306.0,2025-07-15 13:07:56.396395
2025-07-15,41837,2025071504010967,AKPL,Infinity Securities Limited,Naasa Securities Co. Ltd.,288,263.0,75744.0,2025-07-15 13:08:05.882410
2025-07-15,41836,2025071504010968,AKPL,Infinity Securities Limited,Kohinoor Investment & Securities Pvt. Ltd.,100,263.0,26300.0,2025-07-15 13:08:05.882871
2025-07-15,41835,2025071504010969,AKPL,Infinity Securities Limited,Kalika Securities Pvt. Ltd.,123,263.0,32349.0,2025-07-15 13:08:05.883152
2025-07-15,41714,2025071504011003,AKPL,Sri Hari Securities Pvt. Ltd.,Dakshinkali Investment & Securities Pvt. Ltd.,125,262.9,32862.5,2025-07-15 13:08:34.768555
2025-07-15,41713,2025071504011004,AKPL,Sri Hari Securities Pvt. Ltd.,Agrawal Securities (PVT) Ltd.,375,262.9,98587.5,2025-07-15 13:08:34.768809
2025-07-15,41397,2025071504011102,AKPL,Dakshinkali Investment & Securities Pvt. Ltd.,Agrawal Securities (PVT) Ltd.,325,262.9,85442.5,2025-07-15 13:09:38.563329
2025-07-15,41396,2025071504011103,AKPL,Dakshinkali Investment & Securities Pvt. Ltd.,Cristal Kanchanjanga Securites Pvt. Ltd.,1675,262.9,440357.5,2025-07-15 13:09:38.563573
2025-07-15,41303,2025071504011135,AKPL,Secured Securities Ltd.,Sundhara Securities Limited,500,262.8,131400.0,2025-07-15 13:09:56.793331
2025-07-15,41302,2025071504011136,AKPL,Secured Securities Ltd.,Cristal Kanchanjanga Securites Pvt. Ltd.,200,262.9,52580.0,2025-07-15 13:09:56.793402
2025-07-15,41287,2025071504011142,AKPL,Shree Krishna Securities Ltd.,Cristal Kanchanjanga Securites Pvt. Ltd.,800,262.9,210320.0,2025-07-15 13:10:01.298223
2025-07-15,41230,2025071504011160,AKPL,Deevyaa Securities & Stock House Pvt. Ltd,Cristal Kanchanjanga Securites Pvt. Ltd.,325,262.9,85442.5,2025-07-15 13:10:14.424181
2025-07-15,41229,2025071504011161,AKPL,Deevyaa Securities & Stock House Pvt. Ltd,Nepal Stock House (PVT) Ltd.,115,262.9,30233.5,2025-07-15 13:10:14.424476
2025-07-15,41228,2025071504011162,AKPL,Deevyaa Securities & Stock House Pvt. Ltd,Kalika Securities Pvt. Ltd.,260,263.0,68380.0,2025-07-15 13:10:14.424584
2025-07-15,41110,2025071504011192,AKPL,Sani Securities Company Ltd.,Kalika Securities Pvt. Ltd.,117,263.0,30771.0,2025-07-15 13:10:37.244562
2025-07-15,41109,2025071504011193,AKPL,Sani Securities Company Ltd.,Ashutosh Brokerage & Securities (PVT) Ltd.,254,263.0,66802.0,2025-07-15 13:10:37.244935
2025-07-15,41108,2025071504011194,AKPL,Sani Securities Company Ltd.,Naasa Securities Co. Ltd.,129,263.0,33927.0,2025-07-15 13:10:37.245050
2025-07-15,41077,2025071504011210,AKPL,Naasa Securities Co. Ltd.,Naasa Securities Co. Ltd.,500,263.0,131500.0,2025-07-15 13:10:41.408837
2025-07-15,41056,2025071504011215,AKPL,Sani Securities Company Ltd.,Naasa Securities Co. Ltd.,50,263.0,13150.0,2025-07-15 13:10:47.366638
2025-07-15,41055,2025071504011216,AKPL,Sani Securities Company Ltd.,Neev Securities Pvt. Ltd.,50,263.0,13150.0,2025-07-15 13:10:47.366913
2025-07-15,41054,2025071504011217,AKPL,Sani Securities Company Ltd.,Online Securities Pvt. Ltd.,1400,263.0,368200.0,2025-07-15 13:10:47.367020
2025-07-15,41053,2025071504011218,AKPL,Sani Securities Company Ltd.,Kohinoor Investment & Securities Pvt. Ltd.,500,263.0,131500.0,2025-07-15 13:10:47.367160
2025-07-15,41052,2025071504011219,AKPL,Sani Securities Company Ltd.,Linch Stock Market Ltd.,200,263.0,52600.0,2025-07-15 13:10:47.367302
2025-07-15,41051,2025071504011220,AKPL,Sani Securities Company Ltd.,Thrive Brokerage House Pvt. Ltd,1000,263.0,263000.0,2025-07-15 13:10:47.367463
2025-07-15,41050,2025071504011221,AKPL,Sani Securities Company Ltd.,Sajilo Broker Limited,100,263.0,26300.0,2025-07-15 13:10:47.367605
2025-07-15,41049,2025071504011222,AKPL,Sani Securities Company Ltd.,Vision Securities Pvt. Ltd,49,263.0,12887.0,2025-07-15 13:10:47.367724
2025-07-15,41048,2025071504011223,AKPL,Sani Securities Company Ltd.,Imperial Securities Company Pvt. Ltd.,10,263.0,2630.0,2025-07-15 13:10:47.367862
2025-07-15,41047,2025071504011224,AKPL,Sani Securities Company Ltd.,Online Securities Pvt. Ltd.,101,263.0,26563.0,2025-07-15 13:10:47.368005
2025-07-15,40960,2025071504011251,AKPL,Sani Securities Company Ltd.,Capital Max Securities Ltd,200,263.0,52600.0,2025-07-15 13:10:58.217044
2025-07-15,40945,2025071504011255,AKPL,Sani Securities Company Ltd.,Magnet Securities and Investment Company Private Limited,20,263.0,5260.0,2025-07-15 13:11:03.412890
2025-07-15,40940,2025071504011256,AKPL,Online Securities Pvt. Ltd.,Sumeru Securities Pvt. Ltd.,200,263.1,52620.0,2025-07-15 13:11:05.185274
2025-07-15,40913,2025071504011258,AKPL,Sani Securities Company Ltd.,Trishakti Securities Public Limited,100,263.0,26300.0,2025-07-15 13:11:06.928370
2025-07-15,40866,2025071504011272,AKPL,Vision Securities Pvt. Ltd,Asian Securities Private Ltd.,33,263.1,8682.3,2025-07-15 13:11:14.046546
2025-07-15,40865,2025071504011273,AKPL,Vision Securities Pvt. Ltd,Sharepro Securities Private Limited,51,263.1,13418.1,2025-07-15 13:11:14.046590
2025-07-15,40864,2025071504011274,AKPL,Vision Securities Pvt. Ltd,Arun Securities (PVT) Ltd.,40,263.1,10524.0,2025-07-15 13:11:14.046618
2025-07-15,40863,2025071504011275,AKPL,Vision Securities Pvt. Ltd,Agrawal Securities (PVT) Ltd.,20,263.5,5270.0,2025-07-15 13:11:14.046645
2025-07-15,40862,2025071504011276,AKPL,Vision Securities Pvt. Ltd,SUN SECURITIES PVT LTD,1000,264.0,264000.0,2025-07-15 13:11:14.046670
2025-07-15,40861,2025071504011277,AKPL,Vision Securities Pvt. Ltd,SUN SECURITIES PVT LTD,356,264.0,93984.0,2025-07-15 13:11:14.046708
2025-07-15,40771,2025071504011314,AKPL,Sani Securities Company Ltd.,SUN SECURITIES PVT LTD,644,264.0,170016.0,2025-07-15 13:11:34.818034
2025-07-15,40770,2025071504011315,AKPL,Sani Securities Company Ltd.,Investment Management Nepal Pvt. Ltd.,1000,264.0,264000.0,2025-07-15 13:11:34.818310
2025-07-15,40769,2025071504011316,AKPL,Sani Securities Company Ltd.,ABC Securities Private Limited,2000,264.0,528000.0,2025-07-15 13:11:34.818417
2025-07-15,40768,2025071504011317,AKPL,Sani Securities Company Ltd.,Sajilo Broker Limited,100,264.0,26400.0,2025-07-15 13:11:34.818512
2025-07-15,40767,2025071504011318,AKPL,Sani Securities Company Ltd.,Asian Securities Private Ltd.,90,264.0,23760.0,2025-07-15 13:11:34.818608
2025-07-15,40766,2025071504011319,AKPL,Sani Securities Company Ltd.,Secured Securities Ltd.,200,264.0,52800.0,2025-07-15 13:11:34.818698
2025-07-15,40731,2025071504011336,AKPL,Sani Securities Company Ltd.,Blue Chip Securities Ltd,600,264.0,158400.0,2025-07-15 13:11:47.937731
2025-07-15,40707,2025071504011350,AKPL,Midas Stock Broking Company Private Limited,Bhrikuti Stock Broking Co. Pvt. Ltd.,50,264.1,13205.0,2025-07-15 13:11:53.167378
2025-07-15,40706,2025071504011351,AKPL,Midas Stock Broking Company Private Limited,South Asian Bulls Pvt. Ltd.,270,264.1,71307.0,2025-07-15 13:11:53.167456
2025-07-15,40705,2025071504011352,AKPL,Midas Stock Broking Company Private Limited,J.F. Securites (PVT) Ltd.,190,264.5,50255.0,2025-07-15 13:11:53.167485
2025-07-15,40704,2025071504011353,AKPL,Midas Stock Broking Company Private Limited,Trishakti Securities Public Limited,250,264.9,66225.0,2025-07-15 13:11:53.167512
2025-07-15,40703,2025071504011354,AKPL,Midas Stock Broking Company Private Limited,Naasa Securities Co. Ltd.,150,265.0,39750.0,2025-07-15 13:11:53.167537
2025-07-15,40702,2025071504011355,AKPL,Midas Stock Broking Company Private Limited,Trishakti Securities Public Limited,475,265.0,125875.0,2025-07-15 13:11:53.167567
2025-07-15,40701,2025071504011356,AKPL,Midas Stock Broking Company Private Limited,Premier Securities Company Ltd.,600,265.0,159000.0,2025-07-15 13:11:53.167596
2025-07-15,40700,2025071504011357,AKPL,Midas Stock Broking Company Private Limited,Sweta Securities Private Limited,400,265.0,106000.0,2025-07-15 13:11:53.167620
2025-07-15,40699,2025071504011358,AKPL,Midas Stock Broking Company Private Limited,Kohinoor Investment & Securities Pvt. Ltd.,50,265.0,13250.0,2025-07-15 13:11:53.167643
2025-07-15,40698,2025071504011359,AKPL,Midas Stock Broking Company Private Limited,Naasa Securities Co. Ltd.,48,265.0,12720.0,2025-07-15 13:11:53.167669
2025-07-15,40697,2025071504011360,AKPL,Midas Stock Broking Company Private Limited,Oxford Securities Pvt. Ltd.,500,265.0,132500.0,2025-07-15 13:11:53.167694
2025-07-15,40696,2025071504011361,AKPL,Midas Stock Broking Company Private Limited,Linch Stock Market Ltd.,100,265.0,26500.0,2025-07-15 13:11:53.167721
2025-07-15,40695,2025071504011362,AKPL,Midas Stock Broking Company Private Limited,Deevyaa Securities & Stock House Pvt. Ltd,880,265.0,233200.0,2025-07-15 13:11:53.167746
2025-07-15,40694,2025071504011363,AKPL,Midas Stock Broking Company Private Limited,Naasa Securities Co. Ltd.,620,265.0,164300.0,2025-07-15 13:11:53.167773
2025-07-15,40693,2025071504011364,AKPL,Midas Stock Broking Company Private Limited,Himalayan Brokerage Company Limited,417,265.0,110505.0,2025-07-15 13:11:53.167798
2025-07-15,40637,2025071504011379,AKPL,Aryatara Investment & Securities,Himalayan Brokerage Company Limited,583,265.0,154495.0,2025-07-15 13:12:04.103408
2025-07-15,40636,2025071504011380,AKPL,Aryatara Investment & Securities,Thrive Brokerage House Pvt. Ltd,617,265.0,163505.0,2025-07-15 13:12:04.103638
2025-07-15,40605,2025071504011395,AKPL,Nepal Investment And Securities Trading Private Limited,Capital Max Securities Ltd,200,264.1,52820.0,2025-07-15 13:12:10.496682
2025-07-15,40584,2025071504011402,AKPL,Nepal Investment And Securities Trading Private Limited,Imperial Securities Company Pvt. Ltd.,10,264.1,2641.0,2025-07-15 13:12:14.984256
2025-07-15,40577,2025071504011406,AKPL,Naasa Securities Co. Ltd.,Thrive Brokerage House Pvt. Ltd,248,265.0,65720.0,2025-07-15 13:12:16.569287
2025-07-15,40576,2025071504011407,AKPL,Naasa Securities Co. Ltd.,Sundhara Securities Limited,120,265.0,31800.0,2025-07-15 13:12:16.569569
2025-07-15,40575,2025071504011408,AKPL,Naasa Securities Co. Ltd.,Sajilo Broker Limited,100,265.0,26500.0,2025-07-15 13:12:16.569661
2025-07-15,40574,2025071504011409,AKPL,Naasa Securities Co. Ltd.,Siprabi Securities Pvt. Ltd.,32,265.0,8480.0,2025-07-15 13:12:16.569750
2025-07-15,40538,2025071504011427,AKPL,Investment Management Nepal Pvt. Ltd.,Siprabi Securities Pvt. Ltd.,968,265.0,256520.0,2025-07-15 13:12:24.311820
2025-07-15,40537,2025071504011428,AKPL,Investment Management Nepal Pvt. Ltd.,Imperial Securities Company Pvt. Ltd.,500,265.0,132500.0,2025-07-15 13:12:24.312264
2025-07-15,40536,2025071504011429,AKPL,Investment Management Nepal Pvt. Ltd.,Capital Hub P. Ltd,32,265.0,8480.0,2025-07-15 13:12:24.312574
2025-07-15,40535,2025071504011430,AKPL,Stoxkarts Securities Limited,Capital Hub P. Ltd,200,265.0,53000.0,2025-07-15 13:12:24.577418
2025-07-15,40461,2025071504011450,AKPL,Investment Management Nepal Pvt. Ltd.,Capital Hub P. Ltd,1500,265.0,397500.0,2025-07-15 13:12:41.391295
2025-07-15,40442,2025071504011457,AKPL,Aryatara Investment & Securities,Capital Hub P. Ltd,168,265.0,44520.0,2025-07-15 13:12:49.642716
2025-07-15,40441,2025071504011458,AKPL,Aryatara Investment & Securities,Malla & Malla Stock Broking Company Pvt. Limited,300,265.0,79500.0,2025-07-15 13:12:49.643030
2025-07-15,40440,2025071504011459,AKPL,Aryatara Investment & Securities,Capital Max Securities Ltd,1000,265.0,265000.0,2025-07-15 13:12:49.643163
2025-07-15,40439,2025071504011460,AKPL,Aryatara Investment & Securities,Nepal Stock House (PVT) Ltd.,100,265.0,26500.0,2025-07-15 13:12:49.643291
2025-07-15,40438,2025071504011461,AKPL,Aryatara Investment & Securities,Premier Securities Company Ltd.,500,265.7,132850.0,2025-07-15 13:12:49.643448
2025-07-15,40437,2025071504011462,AKPL,Aryatara Investment & Securities,Shree Krishna Securities Ltd.,100,266.0,26600.0,2025-07-15 13:12:49.643577
2025-07-15,40436,2025071504011463,AKPL,Aryatara Investment & Securities,Hatemalo Financial Services Private Limited,1000,266.0,266000.0,2025-07-15 13:12:49.643704
2025-07-15,40435,2025071504011464,AKPL,Aryatara Investment & Securities,Sajilo Broker Limited,100,266.0,26600.0,2025-07-15 13:12:49.643828
2025-07-15,40377,2025071504011497,AKPL,Aryatara Investment & Securities,Vision Securities Pvt. Ltd,100,266.0,26600.0,2025-07-15 13:12:59.254668
2025-07-15,40375,2025071504011498,AKPL,Investment Management Nepal Pvt. Ltd.,Nepal Investment And Securities Trading Private Limited,400,266.1,106440.0,2025-07-15 13:12:59.523401
2025-07-15,40308,2025071504011510,AKPL,Investment Management Nepal Pvt. Ltd.,Magnet Securities and Investment Company Private Limited,30,266.1,7983.0,2025-07-15 13:13:11.823678
2025-07-15,40302,2025071504011513,AKPL,Siprabi Securities Pvt. Ltd.,Imperial Securities Company Pvt. Ltd.,200,266.2,53240.0,2025-07-15 13:13:13.347900
2025-07-15,40276,2025071504011517,AKPL,Deevyaa Securities & Stock House Pvt. Ltd,Bhrikuti Stock Broking Co. Pvt. Ltd.,500,266.3,133150.0,2025-07-15 13:13:17.010919
2025-07-15,40275,2025071504011518,AKPL,Deevyaa Securities & Stock House Pvt. Ltd,South Asian Bulls Pvt. Ltd.,1000,267.0,267000.0,2025-07-15 13:13:17.011410
2025-07-15,40274,2025071504011519,AKPL,Deevyaa Securities & Stock House Pvt. Ltd,South Asian Bulls Pvt. Ltd.,100,267.0,26700.0,2025-07-15 13:13:17.011869
2025-07-15,40273,2025071504011520,AKPL,Deevyaa Securities & Stock House Pvt. Ltd,Dynamic Money Managers Securities Pvt. Ltd.,100,267.0,26700.0,2025-07-15 13:13:17.012225
2025-07-15,40272,2025071504011521,AKPL,Deevyaa Securities & Stock House Pvt. Ltd,Sajilo Broker Limited,100,267.0,26700.0,2025-07-15 13:13:17.012595
2025-07-15,40271,2025071504011522,AKPL,Deevyaa Securities & Stock House Pvt. Ltd,Imperial Securities Company Pvt. Ltd.,100,267.0,26700.0,2025-07-15 13:13:17.012931
2025-07-15,40270,2025071504011523,AKPL,Deevyaa Securities & Stock House Pvt. Ltd,Siprabi Securities Pvt. Ltd.,100,267.0,26700.0,2025-07-15 13:13:17.013300
2025-07-15,40254,2025071504011530,AKPL,Investment Management Nepal Pvt. Ltd.,Capital Max Securities Ltd,500,266.2,133100.0,2025-07-15 13:13:21.757133
2025-07-15,40249,2025071504011534,AKPL,Investment Management Nepal Pvt. Ltd.,KALASH STOCK MARKET PVT. LTD.,240,266.2,63888.0,2025-07-15 13:13:22.623287
2025-07-15,40211,2025071504011553,AKPL,Secured Securities Ltd.,Online Securities Pvt. Ltd.,50,267.0,13350.0,2025-07-15 13:13:29.875015
2025-07-15,40210,2025071504011554,AKPL,Secured Securities Ltd.,Online Securities Pvt. Ltd.,33,267.0,8811.0,2025-07-15 13:13:29.875116
2025-07-15,40209,2025071504011555,AKPL,Secured Securities Ltd.,South Asian Bulls Pvt. Ltd.,317,267.0,84639.0,2025-07-15 13:13:29.875140
2025-07-15,40208,2025071504011556,AKPL,Investment Management Nepal Pvt. Ltd.,ABC Securities Private Limited,760,266.2,202312.0,2025-07-15 13:13:30.186884
2025-07-15,40207,2025071504011557,AKPL,Opal Securities Investment (PVT) Ltd.,ABC Securities Private Limited,50,266.2,13310.0,2025-07-15 13:13:30.187153
2025-07-15,40191,2025071504011559,AKPL,Aryatara Investment & Securities,ABC Securities Private Limited,43,266.2,11446.6,2025-07-15 13:13:33.165582
2025-07-15,40156,2025071504011564,AKPL,Deevyaa Securities & Stock House Pvt. Ltd,South Asian Bulls Pvt. Ltd.,183,267.0,48861.0,2025-07-15 13:13:40.108016
2025-07-15,40155,2025071504011565,AKPL,Deevyaa Securities & Stock House Pvt. Ltd,Agrawal Securities (PVT) Ltd.,500,267.0,133500.0,2025-07-15 13:13:40.108456
2025-07-15,40131,2025071504011571,AKPL,Deevyaa Securities & Stock House Pvt. Ltd,Trishakti Securities Public Limited,27,267.0,7209.0,2025-07-15 13:13:44.960727
2025-07-15,40098,2025071504011587,AKPL,Aryatara Investment & Securities,Arun Securities (PVT) Ltd.,410,267.1,109511.0,2025-07-15 13:13:53.326817
2025-07-15,40097,2025071504011588,AKPL,Aryatara Investment & Securities,Dakshinkali Investment & Securities Pvt. Ltd.,125,267.8,33475.0,2025-07-15 13:13:53.327250
2025-07-15,40096,2025071504011589,AKPL,Aryatara Investment & Securities,Sharepro Securities Private Limited,500,268.0,134000.0,2025-07-15 13:13:53.327550
2025-07-15,40095,2025071504011590,AKPL,Aryatara Investment & Securities,Naasa Securities Co. Ltd.,400,268.0,107200.0,2025-07-15 13:13:53.327838
2025-07-15,40094,2025071504011591,AKPL,Aryatara Investment & Securities,Neev Securities Pvt. Ltd.,197,268.0,52796.0,2025-07-15 13:13:53.328094
2025-07-15,40092,2025071504011592,AKPL,Deevyaa Securities & Stock House Pvt. Ltd,Kalika Securities Pvt. Ltd.,290,267.0,77430.0,2025-07-15 13:13:54.838455
2025-07-15,40091,2025071504011593,AKPL,Aryatara Investment & Securities,Kalika Securities Pvt. Ltd.,300,267.0,80100.0,2025-07-15 13:13:54.838742
2025-07-15,40090,2025071504011594,AKPL,Investment Management Nepal Pvt. Ltd.,Kalika Securities Pvt. Ltd.,410,266.3,109183.0,2025-07-15 13:13:54.838830
2025-07-15,40077,2025071504011604,AKPL,Investment Management Nepal Pvt. Ltd.,Imperial Securities Company Pvt. Ltd.,10,266.3,2663.0,2025-07-15 13:14:01.685583
2025-07-15,40007,2025071504011637,AKPL,Investment Management Nepal Pvt. Ltd.,Oxford Securities Pvt. Ltd.,1000,267.9,267900.0,2025-07-15 13:14:14.837118
2025-07-15,40006,2025071504011638,AKPL,Investment Management Nepal Pvt. Ltd.,Neev Securities Pvt. Ltd.,303,268.0,81204.0,2025-07-15 13:14:14.837606
2025-07-15,40005,2025071504011639,AKPL,Investment Management Nepal Pvt. Ltd.,Sani Securities Company Ltd.,100,268.0,26800.0,2025-07-15 13:14:14.837896
2025-07-15,40004,2025071504011640,AKPL,Investment Management Nepal Pvt. Ltd.,Premier Securities Company Ltd.,97,268.0,25996.0,2025-07-15 13:14:14.838160
2025-07-15,39941,2025071504011671,AKPL,Deevyaa Securities & Stock House Pvt. Ltd,Oxford Securities Pvt. Ltd.,1000,267.9,267900.0,2025-07-15 13:14:27.296098
2025-07-15,39940,2025071504011672,AKPL,Deevyaa Securities & Stock House Pvt. Ltd,Premier Securities Company Ltd.,1000,268.0,268000.0,2025-07-15 13:14:27.296390
2025-07-15,39928,2025071504011681,AKPL,Naasa Securities Co. Ltd.,Dynamic Money Managers Securities Pvt. Ltd.,195,267.2,52104.0,2025-07-15 13:14:30.342348
2025-07-15,39927,2025071504011682,AKPL,Cristal Kanchanjanga Securites Pvt. Ltd.,Dynamic Money Managers Securities Pvt. Ltd.,805,267.0,214935.0,2025-07-15 13:14:30.342817
2025-07-15,39809,2025071504011713,AKPL,Cristal Kanchanjanga Securites Pvt. Ltd.,Dynamic Money Managers Securities Pvt. Ltd.,600,267.0,160200.0,2025-07-15 13:14:46.995444
2025-07-15,39808,2025071504011714,AKPL,Himalayan Brokerage Company Limited,Primo Securities (PVT) Ltd.,500,267.9,133950.0,2025-07-15 13:14:47.086292
2025-07-15,39807,2025071504011715,AKPL,Himalayan Brokerage Company Limited,Premier Securities Company Ltd.,500,268.0,134000.0,2025-07-15 13:14:47.086746
2025-07-15,39799,2025071504011721,AKPL,Trishakti Securities Public Limited,Vision Securities Pvt. Ltd,50,267.8,13390.0,2025-07-15 13:14:49.380836
2025-07-15,39798,2025071504011722,AKPL,Trishakti Securities Public Limited,Premier Securities Company Ltd.,400,268.0,107200.0,2025-07-15 13:14:49.380936
2025-07-15,39744,2025071504011741,AKPL,Cristal Kanchanjanga Securites Pvt. Ltd.,Nepal Investment And Securities Trading Private Limited,95,267.0,25365.0,2025-07-15 13:14:59.291356
2025-07-15,39743,2025071504011742,AKPL,Dipshikha Dhitopatra Karobar Co. Pvt Ltd.,Nepal Investment And Securities Trading Private Limited,335,267.0,89445.0,2025-07-15 13:14:59.291795
2025-07-15,39728,2025071504011751,AKPL,Nagarik Stock Dealer ,Infinity Securities Limited,200,267.1,53420.0,2025-07-15 13:15:01.687086
2025-07-15,39727,2025071504011752,AKPL,Dipshikha Dhitopatra Karobar Co. Pvt Ltd.,Infinity Securities Limited,1430,267.0,381810.0,2025-07-15 13:15:01.687406
2025-07-15,39657,2025071504011774,AKPL,Sri Hari Securities Pvt. Ltd.,Infinity Securities Limited,170,267.0,45390.0,2025-07-15 13:15:16.538536
2025-07-15,39656,2025071504011775,AKPL,Sri Hari Securities Pvt. Ltd.,Dynamic Money Managers Securities Pvt. Ltd.,830,267.0,221610.0,2025-07-15 13:15:16.538791
2025-07-15,39653,2025071504011778,AKPL,Investment Management Nepal Pvt. Ltd.,Dynamic Money Managers Securities Pvt. Ltd.,1000,266.3,266300.0,2025-07-15 13:15:17.121729
2025-07-15,39590,2025071504011794,AKPL,Investment Management Nepal Pvt. Ltd.,Dynamic Money Managers Securities Pvt. Ltd.,80,266.3,21304.0,2025-07-15 13:15:26.152037
2025-07-15,39540,2025071504011816,AKPL,MILKY WAY SHARE BROKER COMPANY LTD ,Dynamic Money Managers Securities Pvt. Ltd.,10,266.3,2663.0,2025-07-15 13:15:38.076877
2025-07-15,39514,2025071504011827,AKPL,Online Securities Pvt. Ltd.,Dynamic Money Managers Securities Pvt. Ltd.,210,266.3,55923.0,2025-07-15 13:15:43.511333
2025-07-15,39513,2025071504011828,AKPL,Online Securities Pvt. Ltd.,Kumari Securities Private Limited,100,266.3,26630.0,2025-07-15 13:15:43.511776
2025-07-15,39512,2025071504011829,AKPL,Online Securities Pvt. Ltd.,Nagarik Stock Dealer ,200,266.9,53380.0,2025-07-15 13:15:43.512067
2025-07-15,39511,2025071504011830,AKPL,Online Securities Pvt. Ltd.,Dynamic Money Managers Securities Pvt. Ltd.,970,267.0,258990.0,2025-07-15 13:15:43.512362
2025-07-15,39510,2025071504011831,AKPL,Online Securities Pvt. Ltd.,Aryatara Investment & Securities,120,267.0,32040.0,2025-07-15 13:15:43.512635
2025-07-15,39509,2025071504011832,AKPL,Online Securities Pvt. Ltd.,Neev Securities Pvt. Ltd.,350,267.0,93450.0,2025-07-15 13:15:43.512917
2025-07-15,39508,2025071504011833,AKPL,Online Securities Pvt. Ltd.,Thrive Brokerage House Pvt. Ltd,500,267.0,133500.0,2025-07-15 13:15:43.513201
2025-07-15,39480,2025071504011839,AKPL,Online Securities Pvt. Ltd.,KALASH STOCK MARKET PVT. LTD.,550,267.0,146850.0,2025-07-15 13:15:49.085452
2025-07-15,39479,2025071504011840,AKPL,Aryatara Investment & Securities,KALASH STOCK MARKET PVT. LTD.,157,266.2,41793.4,2025-07-15 13:15:49.085925
2025-07-15,39478,2025071504011841,AKPL,Investment Management Nepal Pvt. Ltd.,KALASH STOCK MARKET PVT. LTD.,293,266.1,77967.3,2025-07-15 13:15:49.086204
2025-07-15,39350,2025071504011900,AKPL,Investment Management Nepal Pvt. Ltd.,Dynamic Money Managers Securities Pvt. Ltd.,700,266.1,186270.0,2025-07-15 13:16:18.379382
2025-07-15,39316,2025071504011908,AKPL,Nepal Investment And Securities Trading Private Limited,Aryatara Investment & Securities,30,266.2,7986.0,2025-07-15 13:16:26.903085
2025-07-15,39312,2025071504011909,AKPL,Nepal Investment And Securities Trading Private Limited,Nepal Stock House (PVT) Ltd.,1001,267.0,267267.0,2025-07-15 13:16:28.729160
2025-07-15,39290,2025071504011913,AKPL,Nepal Investment And Securities Trading Private Limited,South Asian Bulls Pvt. Ltd.,969,267.0,258723.0,2025-07-15 13:16:35.333086
2025-07-15,39122,2025071504011955,AKPL,Vision Securities Pvt. Ltd,Vision Securities Pvt. Ltd,10,266.2,2662.0,2025-07-15 13:17:03.732498
2025-07-15,39121,2025071504011956,AKPL,Investment Management Nepal Pvt. Ltd.,Vision Securities Pvt. Ltd,77,266.1,20489.7,2025-07-15 13:17:03.732800
2025-07-15,39120,2025071504011957,AKPL,Aryatara Investment & Securities,Vision Securities Pvt. Ltd,200,266.0,53200.0,2025-07-15 13:17:03.732904
2025-07-15,39119,2025071504011958,AKPL,Trishakti Securities Public Limited,Vision Securities Pvt. Ltd,13,266.0,3458.0,2025-07-15 13:17:03.733001
2025-07-15,39112,2025071504011959,AKPL,Naasa Securities Co. Ltd.,Sundhara Securities Limited,25,266.9,6672.5,2025-07-15 13:17:04.936883
2025-07-15,39087,2025071504011962,AKPL,Trishakti Securities Public Limited,Neev Securities Pvt. Ltd.,187,266.0,49742.0,2025-07-15 13:17:09.102685
2025-07-15,39086,2025071504011963,AKPL,Kalika Securities Pvt. Ltd.,Neev Securities Pvt. Ltd.,313,266.0,83258.0,2025-07-15 13:17:09.102960
2025-07-15,39064,2025071504011968,AKPL,Naasa Securities Co. Ltd.,Sundhara Securities Limited,10,266.9,2669.0,2025-07-15 13:17:13.210362
2025-07-15,39020,2025071504011976,AKPL,Kalika Securities Pvt. Ltd.,Dynamic Money Managers Securities Pvt. Ltd.,427,266.0,113582.0,2025-07-15 13:17:19.797750
2025-07-15,38727,2025071504012068,AKPL,Sani Securities Company Ltd.,Sweta Securities Private Limited,10,264.0,2640.0,2025-07-15 13:18:10.422568
2025-07-15,38438,2025071504012170,AKPL,Sani Securities Company Ltd.,Linch Stock Market Ltd.,32,264.0,8448.0,2025-07-15 13:19:32.282051
2025-07-15,38433,2025071504012171,AKPL,Sani Securities Company Ltd.,Agrawal Securities (PVT) Ltd.,324,264.0,85536.0,2025-07-15 13:19:33.088434
2025-07-15,38432,2025071504012172,AKPL,Naasa Securities Co. Ltd.,Agrawal Securities (PVT) Ltd.,10,264.0,2640.0,2025-07-15 13:19:33.088766
2025-07-15,38431,2025071504012173,AKPL,Aryatara Investment & Securities,Agrawal Securities (PVT) Ltd.,150,264.0,39600.0,2025-07-15 13:19:33.088868
2025-07-15,38401,2025071504012181,AKPL,Naasa Securities Co. Ltd.,Agrawal Securities (PVT) Ltd.,16,264.0,4224.0,2025-07-15 13:19:39.930300
2025-07-15,38400,2025071504012182,AKPL,Naasa Securities Co. Ltd.,SUN SECURITIES PVT LTD,10,264.0,2640.0,2025-07-15 13:19:39.930602
2025-07-15,38311,2025071504012200,AKPL,Naasa Securities Co. Ltd.,Asian Securities Private Ltd.,74,264.0,19536.0,2025-07-15 13:20:01.747524
2025-07-15,38310,2025071504012201,AKPL,Sri Hari Securities Pvt. Ltd.,Asian Securities Private Ltd.,500,263.1,131550.0,2025-07-15 13:20:01.748037
2025-07-15,38309,2025071504012202,AKPL,Sani Securities Company Ltd.,Asian Securities Private Ltd.,926,263.0,243538.0,2025-07-15 13:20:01.748365
2025-07-15,38233,2025071504012240,AKPL,Dynamic Money Managers Securities Pvt. Ltd.,Asian Securities Private Ltd.,50,264.0,13200.0,2025-07-15 13:20:24.509706
2025-07-15,38165,2025071504012276,AKPL,Dynamic Money Managers Securities Pvt. Ltd.,Malla & Malla Stock Broking Company Pvt. Limited,145,264.0,38280.0,2025-07-15 13:20:45.093522
2025-07-15,38013,2025071504012321,AKPL,Linch Stock Market Ltd.,Bhrikuti Stock Broking Co. Pvt. Ltd.,500,264.5,132250.0,2025-07-15 13:21:34.310732
2025-07-15,37980,2025071504012334,AKPL,Dynamic Money Managers Securities Pvt. Ltd.,K.B.L. Securities Limited ,10,264.0,2640.0,2025-07-15 13:21:42.792547
2025-07-15,37920,2025071504012359,AKPL,Dipshikha Dhitopatra Karobar Co. Pvt Ltd.,K.B.L. Securities Limited ,1000,264.0,264000.0,2025-07-15 13:21:57.958572
2025-07-15,37841,2025071504012372,AKPL,Trishakti Securities Public Limited,Imperial Securities Company Pvt. Ltd.,200,263.1,52620.0,2025-07-15 13:22:14.427431
2025-07-15,37688,2025071504012469,AKPL,Trishakti Securities Public Limited,Kalika Securities Pvt. Ltd.,32,263.1,8419.2,2025-07-15 13:22:47.674729
2025-07-15,37557,2025071504012510,AKPL,Imperial Securities Company Pvt. Ltd.,N.M.B. SECURITIES LIMITED,10,263.9,2639.0,2025-07-15 13:23:23.146482
2025-07-15,37235,2025071504012618,AKPL,Trishakti Securities Public Limited,N.M.B. SECURITIES LIMITED,190,263.9,50141.0,2025-07-15 13:24:43.807014
2025-07-15,37215,2025071504012627,AKPL,Trishakti Securities Public Limited,Aryatara Investment & Securities,78,263.9,20584.2,2025-07-15 13:24:48.297019
2025-07-15,37214,2025071504012628,AKPL,Siprabi Securities Pvt. Ltd.,Aryatara Investment & Securities,95,263.2,25004.0,2025-07-15 13:24:48.297380
2025-07-15,37213,2025071504012629,AKPL,Nepal Investment And Securities Trading Private Limited,Aryatara Investment & Securities,90,263.1,23679.0,2025-07-15 13:24:48.297503
2025-07-15,37212,2025071504012630,AKPL,Trademow Securities Private Limited,Aryatara Investment & Securities,37,263.1,9734.7,2025-07-15 13:24:48.297619
2025-07-15,37146,2025071504012639,AKPL,Ashutosh Brokerage & Securities (PVT) Ltd.,K.B.L. Securities Limited ,15,264.0,3960.0,2025-07-15 13:25:02.931860
2025-07-15,37136,2025071504012643,AKPL,Online Securities Pvt. Ltd.,Asian Securities Private Ltd.,15,263.9,3958.5,2025-07-15 13:25:04.185408
2025-07-15,37042,2025071504012659,AKPL,Nepal Investment And Securities Trading Private Limited,K.B.L. Securities Limited ,1000,264.0,264000.0,2025-07-15 13:25:29.356848
2025-07-15,37041,2025071504012660,AKPL,Shree Krishna Securities Ltd.,K.B.L. Securities Limited ,1500,264.0,396000.0,2025-07-15 13:25:29.389090
2025-07-15,37026,2025071504012662,AKPL,Trishakti Securities Public Limited,K.B.L. Securities Limited ,500,264.0,132000.0,2025-07-15 13:25:36.054519
2025-07-15,36882,2025071504012705,AKPL,Sharepro Securities Private Limited,K.B.L. Securities Limited ,900,264.0,237600.0,2025-07-15 13:26:16.724137
2025-07-15,36836,2025071504012718,AKPL,Online Securities Pvt. Ltd.,Sani Securities Company Ltd.,21,263.9,5541.9,2025-07-15 13:26:31.020076
2025-07-15,36767,2025071504012736,AKPL,Sani Securities Company Ltd.,Imperial Securities Company Pvt. Ltd.,830,263.9,219037.0,2025-07-15 13:26:51.522920
2025-07-15,36766,2025071504012737,AKPL,Sani Securities Company Ltd.,K.B.L. Securities Limited ,75,264.0,19800.0,2025-07-15 13:26:51.523263
2025-07-15,36765,2025071504012738,AKPL,Sani Securities Company Ltd.,Secured Securities Ltd.,805,264.0,212520.0,2025-07-15 13:26:51.523398
2025-07-15,36659,2025071504012783,AKPL,Siprabi Securities Pvt. Ltd.,Creative Securities Pvt Ltd,110,263.5,28985.0,2025-07-15 13:27:14.349983
2025-07-15,36496,2025071504012824,AKPL,Siprabi Securities Pvt. Ltd.,Vision Securities Pvt. Ltd,140,263.5,36890.0,2025-07-15 13:28:01.615861
2025-07-15,36427,2025071504012839,AKPL,Aryatara Investment & Securities,Vision Securities Pvt. Ltd,60,263.5,15810.0,2025-07-15 13:28:19.371278
2025-07-15,36388,2025071504012849,AKPL,Aryatara Investment & Securities,Thrive Brokerage House Pvt. Ltd,100,263.6,26360.0,2025-07-15 13:28:28.600142
2025-07-15,36363,2025071504012855,AKPL,Shree Krishna Securities Ltd.,Nepal Investment And Securities Trading Private Limited,100,263.9,26390.0,2025-07-15 13:28:35.014281
2025-07-15,36362,2025071504012856,AKPL,Shree Krishna Securities Ltd.,Secured Securities Ltd.,150,264.0,39600.0,2025-07-15 13:28:35.014593
2025-07-15,36332,2025071504012858,AKPL,South Asian Bulls Pvt. Ltd.,Secured Securities Ltd.,45,264.0,11880.0,2025-07-15 13:28:41.448752
2025-07-15,36331,2025071504012859,AKPL,South Asian Bulls Pvt. Ltd.,J.F. Securites (PVT) Ltd.,500,264.0,132000.0,2025-07-15 13:28:41.449387
2025-07-15,36330,2025071504012860,AKPL,South Asian Bulls Pvt. Ltd.,Aryatara Investment & Securities,200,264.0,52800.0,2025-07-15 13:28:41.449766
2025-07-15,36329,2025071504012861,AKPL,South Asian Bulls Pvt. Ltd.,Naasa Securities Co. Ltd.,255,264.0,67320.0,2025-07-15 13:28:41.450127
2025-07-15,36145,2025071504012914,AKPL,Aryatara Investment & Securities,Thrive Brokerage House Pvt. Ltd,100,263.9,26390.0,2025-07-15 13:29:29.981185
2025-07-15,36144,2025071504012915,AKPL,Aryatara Investment & Securities,Naasa Securities Co. Ltd.,945,264.0,249480.0,2025-07-15 13:29:29.981557
2025-07-15,36143,2025071504012916,AKPL,Aryatara Investment & Securities,Trishakti Securities Public Limited,100,264.0,26400.0,2025-07-15 13:29:29.981690
2025-07-15,35877,2025071504012982,AKPL,Aryatara Investment & Securities,Himalayan Securities Limited,500,264.0,132000.0,2025-07-15 13:30:31.402177
2025-07-15,35843,2025071504012995,AKPL,ABC Securities Private Limited,Bhrikuti Stock Broking Co. Pvt. Ltd.,500,264.5,132250.0,2025-07-15 13:30:41.356108
2025-07-15,35842,2025071504012996,AKPL,ABC Securities Private Limited,Trishakti Securities Public Limited,100,264.5,26450.0,2025-07-15 13:30:41.356507
2025-07-15,35714,2025071504013026,AKPL,Secured Securities Ltd.,Naasa Securities Co. Ltd.,19,264.1,5017.9,2025-07-15 13:31:11.509257
2025-07-15,35713,2025071504013027,AKPL,Aryatara Investment & Securities,Naasa Securities Co. Ltd.,231,264.0,60984.0,2025-07-15 13:31:11.509905
2025-07-15,35672,2025071504013054,AKPL,Naasa Securities Co. Ltd.,Kohinoor Investment & Securities Pvt. Ltd.,1,260.0,260.0,2025-07-15 13:31:17.785477
2025-07-15,35607,2025071504013069,AKPL,ABC Securities Private Limited,Imperial Securities Company Pvt. Ltd.,400,265.0,106000.0,2025-07-15 13:31:33.910523
2025-07-15,35200,2025071504013186,AKPL,KALASH STOCK MARKET PVT. LTD.,Imperial Securities Company Pvt. Ltd.,100,265.0,26500.0,2025-07-15 13:33:20.176289
2025-07-15,35199,2025071504013187,AKPL,KALASH STOCK MARKET PVT. LTD.,Imperial Securities Company Pvt. Ltd.,10,265.0,2650.0,2025-07-15 13:33:20.176742
2025-07-15,35198,2025071504013188,AKPL,KALASH STOCK MARKET PVT. LTD.,J.F. Securites (PVT) Ltd.,300,265.0,79500.0,2025-07-15 13:33:20.177296
2025-07-15,35197,2025071504013189,AKPL,KALASH STOCK MARKET PVT. LTD.,Vision Securities Pvt. Ltd,90,265.0,23850.0,2025-07-15 13:33:20.177847
2025-07-15,34849,2025071504013283,AKPL,Sharepro Securities Private Limited,Vision Securities Pvt. Ltd,1910,265.0,506150.0,2025-07-15 13:34:53.217655
2025-07-15,34848,2025071504013284,AKPL,Sharepro Securities Private Limited,Imperial Securities Company Pvt. Ltd.,90,265.0,23850.0,2025-07-15 13:34:53.218282
2025-07-15,34821,2025071504013293,AKPL,Neev Securities Pvt. Ltd.,Imperial Securities Company Pvt. Ltd.,10,265.0,2650.0,2025-07-15 13:35:01.529712
2025-07-15,34820,2025071504013294,AKPL,Neev Securities Pvt. Ltd.,Trishakti Securities Public Limited,40,265.0,10600.0,2025-07-15 13:35:01.530083
2025-07-15,34668,2025071504013329,AKPL,Malla & Malla Stock Broking Company Pvt. Limited,Trishakti Securities Public Limited,60,265.0,15900.0,2025-07-15 13:35:31.711220
2025-07-15,34667,2025071504013330,AKPL,Malla & Malla Stock Broking Company Pvt. Limited,Market Securities & Exchange (PVT) Ltd.,200,265.0,53000.0,2025-07-15 13:35:31.711552
2025-07-15,34666,2025071504013331,AKPL,Malla & Malla Stock Broking Company Pvt. Limited,Naasa Securities Co. Ltd.,240,265.0,63600.0,2025-07-15 13:35:31.711681
2025-07-15,34606,2025071504013337,AKPL,Secured Securities Ltd.,Naasa Securities Co. Ltd.,117,265.0,31005.0,2025-07-15 13:35:49.932568
2025-07-15,34517,2025071504013368,AKPL,Investment Management Nepal Pvt. Ltd.,Naasa Securities Co. Ltd.,200,265.0,53000.0,2025-07-15 13:36:06.247723
2025-07-15,34412,2025071504013397,AKPL,Secured Securities Ltd.,Investment Management Nepal Pvt. Ltd.,500,264.9,132450.0,2025-07-15 13:36:28.762949
2025-07-15,34411,2025071504013398,AKPL,Secured Securities Ltd.,Naasa Securities Co. Ltd.,1500,265.0,397500.0,2025-07-15 13:36:28.763361
2025-07-15,34379,2025071504013404,AKPL,Dipshikha Dhitopatra Karobar Co. Pvt Ltd.,Naasa Securities Co. Ltd.,118,265.0,31270.0,2025-07-15 13:36:35.304284
2025-07-15,34289,2025071504013437,AKPL,Nepal Stock House (PVT) Ltd.,Naasa Securities Co. Ltd.,30,265.0,7950.0,2025-07-15 13:36:56.106739
2025-07-15,34145,2025071504013488,AKPL,Sewa Securities Pvt. Ltd.,Naasa Securities Co. Ltd.,225,265.0,59625.0,2025-07-15 13:37:25.671628
2025-07-15,34144,2025071504013489,AKPL,Sewa Securities Pvt. Ltd.,Nepal Stock House (PVT) Ltd.,100,265.0,26500.0,2025-07-15 13:37:25.672017
2025-07-15,34143,2025071504013490,AKPL,Sewa Securities Pvt. Ltd.,Nepal Stock House (PVT) Ltd.,50,265.0,13250.0,2025-07-15 13:37:25.672187
2025-07-15,34142,2025071504013491,AKPL,Sewa Securities Pvt. Ltd.,Nepal Stock House (PVT) Ltd.,50,265.0,13250.0,2025-07-15 13:37:25.672334
2025-07-15,34141,2025071504013492,AKPL,Sewa Securities Pvt. Ltd.,Online Securities Pvt. Ltd.,268,265.0,71020.0,2025-07-15 13:37:25.672499
2025-07-15,34140,2025071504013493,AKPL,Sewa Securities Pvt. Ltd.,Vision Securities Pvt. Ltd,100,265.0,26500.0,2025-07-15 13:37:25.672673
2025-07-15,34139,2025071504013494,AKPL,Sewa Securities Pvt. Ltd.,Thrive Brokerage House Pvt. Ltd,57,265.0,15105.0,2025-07-15 13:37:25.672810
2025-07-15,34097,2025071504013502,AKPL,Siprabi Securities Pvt. Ltd.,Thrive Brokerage House Pvt. Ltd,43,265.0,11395.0,2025-07-15 13:37:30.796741
2025-07-15,34096,2025071504013503,AKPL,Siprabi Securities Pvt. Ltd.,Imperial Securities Company Pvt. Ltd.,10,265.0,2650.0,2025-07-15 13:37:30.797116
2025-07-15,34095,2025071504013504,AKPL,Siprabi Securities Pvt. Ltd.,Online Securities Pvt. Ltd.,47,265.0,12455.0,2025-07-15 13:37:30.797251
2025-07-15,34083,2025071504013512,AKPL,Kohinoor Investment & Securities Pvt. Ltd.,Online Securities Pvt. Ltd.,110,265.0,29150.0,2025-07-15 13:37:33.905360
2025-07-15,34014,2025071504013532,AKPL,Online Securities Pvt. Ltd.,Neev Securities Pvt. Ltd.,96,264.5,25392.0,2025-07-15 13:37:51.545933
2025-07-15,34013,2025071504013533,AKPL,Market Securities & Exchange (PVT) Ltd.,Neev Securities Pvt. Ltd.,200,264.2,52840.0,2025-07-15 13:37:51.546261
2025-07-15,33946,2025071504013551,AKPL,Aryatara Investment & Securities,Online Securities Pvt. Ltd.,43,264.1,11356.3,2025-07-15 13:38:09.960846
2025-07-15,33579,2025071504013700,AKPL,Aryatara Investment & Securities,Neev Securities Pvt. Ltd.,1404,264.2,370936.8,2025-07-15 13:39:26.869119
2025-07-15,33375,2025071504013774,AKPL,Machhapuchchhre Securities Limited,Sajilo Broker Limited,10,265.0,2650.0,2025-07-15 13:40:24.921675
2025-07-15,32785,2025071504013910,AKPL,Kalika Securities Pvt. Ltd.,Oxford Securities Pvt. Ltd.,50,264.9,13245.0,2025-07-15 13:42:19.603991
2025-07-15,32609,2025071504013949,AKPL,J.F. Securites (PVT) Ltd.,Oxford Securities Pvt. Ltd.,110,264.9,29139.0,2025-07-15 13:43:06.004576
2025-07-15,32564,2025071504013964,AKPL,Premier Securities Company Ltd.,Oxford Securities Pvt. Ltd.,40,264.9,10596.0,2025-07-15 13:43:20.970550
2025-07-15,32563,2025071504013965,AKPL,Premier Securities Company Ltd.,Naasa Securities Co. Ltd.,678,264.9,179602.2,2025-07-15 13:43:20.971222
2025-07-15,32562,2025071504013966,AKPL,Premier Securities Company Ltd.,Sajilo Broker Limited,282,265.0,74730.0,2025-07-15 13:43:20.971662
2025-07-15,32159,2025071504014059,AKPL,Kohinoor Investment & Securities Pvt. Ltd.,Online Securities Pvt. Ltd.,40,264.5,10580.0,2025-07-15 13:44:58.615738
2025-07-15,31977,2025071504014093,AKPL,Online Securities Pvt. Ltd.,Trishakti Securities Public Limited,100,264.9,26490.0,2025-07-15 13:45:33.984427
2025-07-15,31976,2025071504014094,AKPL,Online Securities Pvt. Ltd.,Secured Securities Ltd.,2090,264.9,553641.0,2025-07-15 13:45:33.984802
2025-07-15,31903,2025071504014111,AKPL,Linch Stock Market Ltd.,Secured Securities Ltd.,376,264.9,99602.4,2025-07-15 13:45:43.172828
2025-07-15,31869,2025071504014121,AKPL,Thrive Brokerage House Pvt. Ltd,Magnet Securities and Investment Company Private Limited,50,264.3,13215.0,2025-07-15 13:45:55.851566
2025-07-15,31492,2025071504014279,AKPL,Thrive Brokerage House Pvt. Ltd,Online Securities Pvt. Ltd.,45,264.3,11893.5,2025-07-15 13:47:22.949168
2025-07-15,31433,2025071504014300,AKPL,Machhapuchchhre Securities Limited,Secured Securities Ltd.,10,264.9,2649.0,2025-07-15 13:47:38.966502
2025-07-15,31157,2025071504014388,AKPL,Miyo Securities Pvt Ltd,Sweta Securities Private Limited,800,264.5,211600.0,2025-07-15 13:48:47.039289
2025-07-15,31156,2025071504014389,AKPL,Thrive Brokerage House Pvt. Ltd,Sweta Securities Private Limited,105,264.3,27751.5,2025-07-15 13:48:47.039730
2025-07-15,31155,2025071504014390,AKPL,Kohinoor Investment & Securities Pvt. Ltd.,Sweta Securities Private Limited,160,264.3,42288.0,2025-07-15 13:48:47.039878
2025-07-15,30941,2025071504014461,AKPL,Kohinoor Investment & Securities Pvt. Ltd.,Sweta Securities Private Limited,800,264.3,211440.0,2025-07-15 13:49:37.069624
2025-07-15,30883,2025071504014475,AKPL,Vision Securities Pvt. Ltd,Secured Securities Ltd.,10,264.9,2649.0,2025-07-15 13:49:49.901978
2025-07-15,30731,2025071504014516,AKPL,Aryatara Investment & Securities,Kohinoor Investment & Securities Pvt. Ltd.,596,264.2,157463.2,2025-07-15 13:50:19.546258
2025-07-15,30730,2025071504014517,AKPL,Aryatara Investment & Securities,Kohinoor Investment & Securities Pvt. Ltd.,104,264.1,27466.4,2025-07-15 13:50:19.547140
2025-07-15,30609,2025071504014552,AKPL,Machhapuchchhre Securities Limited,Sweta Securities Private Limited,10,264.2,2642.0,2025-07-15 13:50:51.447996
2025-07-15,30430,2025071504014602,AKPL,Aryatara Investment & Securities,Asian Securities Private Ltd.,293,264.1,77381.3,2025-07-15 13:51:40.711899
2025-07-15,30429,2025071504014603,AKPL,Kohinoor Investment & Securities Pvt. Ltd.,Asian Securities Private Ltd.,48,264.1,12676.8,2025-07-15 13:51:40.712328
2025-07-15,30391,2025071504014614,AKPL,Kohinoor Investment & Securities Pvt. Ltd.,Secured Securities Ltd.,352,264.1,92963.2,2025-07-15 13:51:51.776345
2025-07-15,30369,2025071504014620,AKPL,Thrive Brokerage House Pvt. Ltd,Kohinoor Investment & Securities Pvt. Ltd.,1498,264.0,395472.0,2025-07-15 13:52:00.048128
2025-07-15,30349,2025071504014626,AKPL,Thrive Brokerage House Pvt. Ltd,Deevyaa Securities & Stock House Pvt. Ltd,3502,264.0,924528.0,2025-07-15 13:52:14.061899
2025-07-15,30348,2025071504014627,AKPL,Sri Hari Securities Pvt. Ltd.,Deevyaa Securities & Stock House Pvt. Ltd,140,264.0,36960.0,2025-07-15 13:52:14.062267
2025-07-15,30347,2025071504014628,AKPL,South Asian Bulls Pvt. Ltd.,Deevyaa Securities & Stock House Pvt. Ltd,1358,264.0,358512.0,2025-07-15 13:52:14.062427
2025-07-15,30279,2025071504014634,AKPL,South Asian Bulls Pvt. Ltd.,Naasa Securities Co. Ltd.,465,264.0,122760.0,2025-07-15 13:52:21.572206
2025-07-15,30255,2025071504014640,AKPL,South Asian Bulls Pvt. Ltd.,Deevyaa Securities & Stock House Pvt. Ltd,177,264.0,46728.0,2025-07-15 13:52:29.119813
2025-07-15,30254,2025071504014641,AKPL,Online Securities Pvt. Ltd.,Deevyaa Securities & Stock House Pvt. Ltd,100,264.0,26400.0,2025-07-15 13:52:29.120179
2025-07-15,30253,2025071504014642,AKPL,Oxford Securities Pvt. Ltd.,Deevyaa Securities & Stock House Pvt. Ltd,151,264.0,39864.0,2025-07-15 13:52:29.120369
2025-07-15,30252,2025071504014643,AKPL,Sani Securities Company Ltd.,Deevyaa Securities & Stock House Pvt. Ltd,100,264.0,26400.0,2025-07-15 13:52:29.120516
2025-07-15,30025,2025071504014696,AKPL,Oxford Securities Pvt. Ltd.,Nepal Stock House (PVT) Ltd.,20,263.5,5270.0,2025-07-15 13:53:36.703020
2025-07-15,30024,2025071504014697,AKPL,Aryatara Investment & Securities,Nepal Stock House (PVT) Ltd.,280,263.5,73780.0,2025-07-15 13:53:36.703395
2025-07-15,29925,2025071504014725,AKPL,Aryatara Investment & Securities,Roadshow securities limited,20,263.5,5270.0,2025-07-15 13:54:01.805812
2025-07-15,29924,2025071504014726,AKPL,Premier Securities Company Ltd.,Roadshow securities limited,380,263.2,100016.0,2025-07-15 13:54:01.806188
2025-07-15,29923,2025071504014727,AKPL,Trademow Securities Private Limited,Roadshow securities limited,100,263.1,26310.0,2025-07-15 13:54:01.806347
2025-07-15,29845,2025071504014741,AKPL,Trademow Securities Private Limited,Bhrikuti Stock Broking Co. Pvt. Ltd.,452,263.1,118921.2,2025-07-15 13:54:23.019474
2025-07-15,29844,2025071504014742,AKPL,Sani Securities Company Ltd.,Bhrikuti Stock Broking Co. Pvt. Ltd.,294,263.0,77322.0,2025-07-15 13:54:23.020173
2025-07-15,29843,2025071504014743,AKPL,Ashutosh Brokerage & Securities (PVT) Ltd.,Bhrikuti Stock Broking Co. Pvt. Ltd.,150,263.0,39450.0,2025-07-15 13:54:23.020651
2025-07-15,29842,2025071504014744,AKPL,Cristal Kanchanjanga Securites Pvt. Ltd.,Bhrikuti Stock Broking Co. Pvt. Ltd.,20,263.0,5260.0,2025-07-15 13:54:23.021088
2025-07-15,29841,2025071504014745,AKPL,Trishakti Securities Public Limited,Bhrikuti Stock Broking Co. Pvt. Ltd.,200,263.0,52600.0,2025-07-15 13:54:23.021661
2025-07-15,29840,2025071504014746,AKPL,Online Securities Pvt. Ltd.,Bhrikuti Stock Broking Co. Pvt. Ltd.,300,263.0,78900.0,2025-07-15 13:54:23.022224
2025-07-15,29839,2025071504014747,AKPL,Nepal Investment And Securities Trading Private Limited,Bhrikuti Stock Broking Co. Pvt. Ltd.,30,263.0,7890.0,2025-07-15 13:54:23.022766
2025-07-15,29838,2025071504014748,AKPL,ABC Securities Private Limited,Bhrikuti Stock Broking Co. Pvt. Ltd.,500,263.0,131500.0,2025-07-15 13:54:23.023358
2025-07-15,29837,2025071504014749,AKPL,J.F. Securites (PVT) Ltd.,Bhrikuti Stock Broking Co. Pvt. Ltd.,54,263.0,14202.0,2025-07-15 13:54:23.023899
2025-07-15,29624,2025071504014827,AKPL,J.F. Securites (PVT) Ltd.,Miyo Securities Pvt Ltd,446,263.0,117298.0,2025-07-15 13:55:18.658463
2025-07-15,29623,2025071504014828,AKPL,Vision Securities Pvt. Ltd,Miyo Securities Pvt Ltd,114,263.0,29982.0,2025-07-15 13:55:18.659188
2025-07-15,29595,2025071504014837,AKPL,Vision Securities Pvt. Ltd,Vision Securities Pvt. Ltd,86,263.0,22618.0,2025-07-15 13:55:24.488648
2025-07-15,29593,2025071504014838,AKPL,Kohinoor Investment & Securities Pvt. Ltd.,Vision Securities Pvt. Ltd,450,263.0,118350.0,2025-07-15 13:55:26.077633
2025-07-15,29419,2025071504014885,AKPL,Sri Hari Securities Pvt. Ltd.,Vision Securities Pvt. Ltd,464,263.0,122032.0,2025-07-15 13:56:12.725040
2025-07-15,29418,2025071504014886,AKPL,Sri Hari Securities Pvt. Ltd.,Sweta Securities Private Limited,33,263.0,8679.0,2025-07-15 13:56:12.725385
2025-07-15,29163,2025071504014956,AKPL,Kohinoor Investment & Securities Pvt. Ltd.,Sri Hari Securities Pvt. Ltd.,61,262.1,15988.1,2025-07-15 13:57:16.263004
2025-07-15,29058,2025071504014984,AKPL,Kohinoor Investment & Securities Pvt. Ltd.,Sweta Securities Private Limited,515,262.1,134981.5,2025-07-15 13:57:39.824229
2025-07-15,29057,2025071504014985,AKPL,Sri Hari Securities Pvt. Ltd.,Sweta Securities Private Limited,500,262.1,131050.0,2025-07-15 13:57:39.824674
2025-07-15,28737,2025071504015105,AKPL,Naasa Securities Co. Ltd.,Property Wiard Limited,33,262.1,8649.3,2025-07-15 13:58:53.241373
2025-07-15,28266,2025071504015240,AKPL,Sweta Securities Private Limited,Sweta Securities Private Limited,200,262.2,52440.0,2025-07-15 14:00:39.838599
2025-07-15,28265,2025071504015241,AKPL,Naasa Securities Co. Ltd.,Sweta Securities Private Limited,737,262.1,193167.7,2025-07-15 14:00:39.839026
2025-07-15,27977,2025071504015291,AKPL,Imperial Securities Company Pvt. Ltd.,Cristal Kanchanjanga Securites Pvt. Ltd.,500,263.6,131800.0,2025-07-15 14:01:47.095666
2025-07-15,27687,2025071504015385,AKPL,J.F. Securites (PVT) Ltd.,Vision Securities Pvt. Ltd,20,263.0,5260.0,2025-07-15 14:02:48.629515
2025-07-15,27622,2025071504015413,AKPL,Creative Securities Pvt Ltd,Vision Securities Pvt. Ltd,500,263.0,131500.0,2025-07-15 14:03:01.712457
2025-07-15,27222,2025071504015555,AKPL,Sweta Securities Private Limited,Vision Securities Pvt. Ltd,13,262.5,3412.5,2025-07-15 14:04:35.368887
2025-07-15,27059,2025071504015600,AKPL,Naasa Securities Co. Ltd.,Vision Securities Pvt. Ltd,416,263.0,109408.0,2025-07-15 14:05:12.886156
2025-07-15,26906,2025071504015666,AKPL,Naasa Securities Co. Ltd.,Cristal Kanchanjanga Securites Pvt. Ltd.,84,263.0,22092.0,2025-07-15 14:05:53.496947
2025-07-15,26905,2025071504015667,AKPL,Sweta Securities Private Limited,Cristal Kanchanjanga Securites Pvt. Ltd.,16,262.5,4200.0,2025-07-15 14:05:53.497748
2025-07-15,26398,2025071504015803,AKPL,Sweta Securities Private Limited,Himalayan Securities Limited,16,262.6,4201.6,2025-07-15 14:07:55.757623
2025-07-15,26188,2025071504015876,AKPL,Sumeru Securities Pvt. Ltd.,Investment Management Nepal Pvt. Ltd.,100,263.5,26350.0,2025-07-15 14:08:46.611368
2025-07-15,26187,2025071504015877,AKPL,Sumeru Securities Pvt. Ltd.,Naasa Securities Co. Ltd.,100,263.5,26350.0,2025-07-15 14:08:46.611748
2025-07-15,26186,2025071504015878,AKPL,Sumeru Securities Pvt. Ltd.,Cristal Kanchanjanga Securites Pvt. Ltd.,100,263.6,26360.0,2025-07-15 14:08:46.611939
2025-07-15,26185,2025071504015879,AKPL,Sumeru Securities Pvt. Ltd.,KALASH STOCK MARKET PVT. LTD.,200,263.6,52720.0,2025-07-15 14:08:46.612113
2025-07-15,26108,2025071504015899,AKPL,Dipshikha Dhitopatra Karobar Co. Pvt Ltd.,Dynamic Money Managers Securities Pvt. Ltd.,500,263.0,131500.0,2025-07-15 14:09:05.590260
2025-07-15,26052,2025071504015918,AKPL,Sumeru Securities Pvt. Ltd.,KALASH STOCK MARKET PVT. LTD.,300,263.6,79080.0,2025-07-15 14:09:22.771071
2025-07-15,26051,2025071504015919,AKPL,Sumeru Securities Pvt. Ltd.,Linch Stock Market Ltd.,100,263.9,26390.0,2025-07-15 14:09:22.771885
2025-07-15,25904,2025071504015959,AKPL,Sipla Securities Private Limited,Aryatara Investment & Securities,168,264.0,44352.0,2025-07-15 14:09:51.502774
2025-07-15,25903,2025071504015960,AKPL,Sipla Securities Private Limited,Bhrikuti Stock Broking Co. Pvt. Ltd.,132,264.0,34848.0,2025-07-15 14:09:51.503156
2025-07-15,25652,2025071504016039,AKPL,Online Securities Pvt. Ltd.,Bhrikuti Stock Broking Co. Pvt. Ltd.,368,264.0,97152.0,2025-07-15 14:10:37.869511
2025-07-15,25587,2025071504016052,AKPL,Sweta Securities Private Limited,Secured Securities Ltd.,55,264.1,14525.5,2025-07-15 14:10:56.434368
2025-07-15,25559,2025071504016056,AKPL,Online Securities Pvt. Ltd.,Cristal Kanchanjanga Securites Pvt. Ltd.,100,264.0,26400.0,2025-07-15 14:11:00.593057
2025-07-15,25445,2025071504016082,AKPL,Online Securities Pvt. Ltd.,Naasa Securities Co. Ltd.,369,264.0,97416.0,2025-07-15 14:11:25.223961
2025-07-15,25444,2025071504016083,AKPL,Naasa Securities Co. Ltd.,Naasa Securities Co. Ltd.,231,264.0,60984.0,2025-07-15 14:11:25.224336
2025-07-15,25241,2025071504016137,AKPL,Naasa Securities Co. Ltd.,Trishakti Securities Public Limited,74,264.0,19536.0,2025-07-15 14:12:10.702511
2025-07-15,25098,2025071504016182,AKPL,Sumeru Securities Pvt. Ltd.,Primo Securities (PVT) Ltd.,259,263.9,68350.1,2025-07-15 14:12:33.712073
2025-07-15,24865,2025071504016215,AKPL,Sumeru Securities Pvt. Ltd.,Sumeru Securities Pvt. Ltd.,600,263.9,158340.0,2025-07-15 14:13:04.861409
2025-07-15,24861,2025071504016216,AKPL,Sani Securities Company Ltd.,Trishakti Securities Public Limited,2426,264.0,640464.0,2025-07-15 14:13:05.011248
2025-07-15,24717,2025071504016246,AKPL,Sani Securities Company Ltd.,Capital Max Securities Ltd,40,264.0,10560.0,2025-07-15 14:13:31.102368
2025-07-15,24703,2025071504016248,AKPL,Sumeru Securities Pvt. Ltd.,Secured Securities Ltd.,41,264.1,10828.1,2025-07-15 14:13:32.995112
2025-07-15,24382,2025071504016347,AKPL,Sani Securities Company Ltd.,Trishakti Securities Public Limited,41,264.0,10824.0,2025-07-15 14:14:26.831898
2025-07-15,24092,2025071504016434,AKPL,Sani Securities Company Ltd.,Kumari Securities Private Limited,68,264.0,17952.0,2025-07-15 14:15:12.754357
2025-07-15,24091,2025071504016435,AKPL,Online Securities Pvt. Ltd.,Kumari Securities Private Limited,32,264.0,8448.0,2025-07-15 14:15:12.754776
2025-07-15,24045,2025071504016446,AKPL,Online Securities Pvt. Ltd.,Sajilo Broker Limited,300,264.0,79200.0,2025-07-15 14:15:24.012110
2025-07-15,23942,2025071504016476,AKPL,Sani Securities Company Ltd.,Secured Securities Ltd.,66,264.1,17430.6,2025-07-15 14:15:45.254972
2025-07-15,23941,2025071504016477,AKPL,Sani Securities Company Ltd.,Naasa Securities Co. Ltd.,20,264.1,5282.0,2025-07-15 14:15:45.255404
2025-07-15,23364,2025071504016622,AKPL,Imperial Securities Company Pvt. Ltd.,Vision Securities Pvt. Ltd,50,264.8,13240.0,2025-07-15 14:17:34.630800
2025-07-15,23363,2025071504016623,AKPL,Imperial Securities Company Pvt. Ltd.,Deevyaa Securities & Stock House Pvt. Ltd,50,264.8,13240.0,2025-07-15 14:17:34.631278
2025-07-15,23326,2025071504016625,AKPL,Sweta Securities Private Limited,Pragyan Securities (PVT) Ltd.,250,264.1,66025.0,2025-07-15 14:17:39.820736
2025-07-15,23220,2025071504016641,AKPL,Vision Securities Pvt. Ltd,Deevyaa Securities & Stock House Pvt. Ltd,450,264.8,119160.0,2025-07-15 14:18:05.604043
2025-07-15,23107,2025071504016666,AKPL,Vision Securities Pvt. Ltd,Capital Max Securities Ltd,40,264.8,10592.0,2025-07-15 14:18:31.427955
2025-07-15,23005,2025071504016694,AKPL,Midas Stock Broking Company Private Limited,Cristal Kanchanjanga Securites Pvt. Ltd.,13,264.9,3443.7,2025-07-15 14:18:51.723578
2025-07-15,22498,2025071504016828,AKPL,Vision Securities Pvt. Ltd,Cristal Kanchanjanga Securites Pvt. Ltd.,60,264.8,15888.0,2025-07-15 14:20:37.125156
2025-07-15,22492,2025071504016830,AKPL,Aryatara Investment & Securities,Cristal Kanchanjanga Securites Pvt. Ltd.,100,264.8,26480.0,2025-07-15 14:20:38.237283
2025-07-15,22387,2025071504016844,AKPL,Dakshinkali Investment & Securities Pvt. Ltd.,NIMB Stock Markets Limited,100,264.2,26420.0,2025-07-15 14:20:56.834187
2025-07-15,22293,2025071504016869,AKPL,Magnet Securities and Investment Company Private Limited,Cristal Kanchanjanga Securites Pvt. Ltd.,140,264.8,37072.0,2025-07-15 14:21:16.129877
2025-07-15,22292,2025071504016870,AKPL,Magnet Securities and Investment Company Private Limited,Cristal Kanchanjanga Securites Pvt. Ltd.,360,264.9,95364.0,2025-07-15 14:21:16.130663
2025-07-15,22036,2025071504016936,AKPL,Vision Securities Pvt. Ltd,Cristal Kanchanjanga Securites Pvt. Ltd.,27,264.9,7152.3,2025-07-15 14:22:16.104961
2025-07-15,22035,2025071504016937,AKPL,Vision Securities Pvt. Ltd,Property Wiard Limited,10,264.9,2649.0,2025-07-15 14:22:16.105749
2025-07-15,22034,2025071504016938,AKPL,Vision Securities Pvt. Ltd,Oxford Securities Pvt. Ltd.,163,264.9,43178.7,2025-07-15 14:22:16.106257
2025-07-15,21993,2025071504016956,AKPL,Sweta Securities Private Limited,Dakshinkali Investment & Securities Pvt. Ltd.,250,264.3,66075.0,2025-07-15 14:22:22.440656
2025-07-15,21626,2025071504017058,AKPL,APPLE SECURITIES PRIVATE LIMITED,Dakshinkali Investment & Securities Pvt. Ltd.,120,264.3,31716.0,2025-07-15 14:23:29.745046
2025-07-15,21625,2025071504017059,AKPL,APPLE SECURITIES PRIVATE LIMITED,Oxford Securities Pvt. Ltd.,837,264.9,221721.3,2025-07-15 14:23:29.745894
2025-07-15,21624,2025071504017060,AKPL,APPLE SECURITIES PRIVATE LIMITED,Sajilo Broker Limited,288,265.0,76320.0,2025-07-15 14:23:29.746418
2025-07-15,21623,2025071504017061,AKPL,APPLE SECURITIES PRIVATE LIMITED,Imperial Securities Company Pvt. Ltd.,1420,265.0,376300.0,2025-07-15 14:23:29.746917
2025-07-15,21622,2025071504017062,AKPL,APPLE SECURITIES PRIVATE LIMITED,Online Securities Pvt. Ltd.,200,265.0,53000.0,2025-07-15 14:23:29.747460
2025-07-15,21621,2025071504017063,AKPL,APPLE SECURITIES PRIVATE LIMITED,Online Securities Pvt. Ltd.,18,265.0,4770.0,2025-07-15 14:23:29.747989
2025-07-15,21620,2025071504017064,AKPL,APPLE SECURITIES PRIVATE LIMITED,Trishakti Securities Public Limited,100,265.0,26500.0,2025-07-15 14:23:29.748536
2025-07-15,21619,2025071504017065,AKPL,APPLE SECURITIES PRIVATE LIMITED,Aryatara Investment & Securities,400,265.0,106000.0,2025-07-15 14:23:29.749063
2025-07-15,21618,2025071504017066,AKPL,APPLE SECURITIES PRIVATE LIMITED,Imperial Securities Company Pvt. Ltd.,500,265.0,132500.0,2025-07-15 14:23:29.749351
2025-07-15,21617,2025071504017067,AKPL,APPLE SECURITIES PRIVATE LIMITED,Imperial Securities Company Pvt. Ltd.,200,265.0,53000.0,2025-07-15 14:23:29.749525
2025-07-15,21616,2025071504017068,AKPL,APPLE SECURITIES PRIVATE LIMITED,Naasa Securities Co. Ltd.,100,265.0,26500.0,2025-07-15 14:23:29.749699
2025-07-15,21615,2025071504017069,AKPL,APPLE SECURITIES PRIVATE LIMITED,Investment Management Nepal Pvt. Ltd.,50,265.0,13250.0,2025-07-15 14:23:29.749864
2025-07-15,21614,2025071504017070,AKPL,APPLE SECURITIES PRIVATE LIMITED,Cristal Kanchanjanga Securites Pvt. Ltd.,500,265.0,132500.0,2025-07-15 14:23:29.750035
