Date,S.N.,Contract ID,Symbol,Buyer Broker,Seller Broker,volume,rate,amount,transaction_time
2025-07-15,74041,2025071501000002,HBL,Hatemalo Financial Services Private Limited,Nepal Stock House (PVT) Ltd.,10,233.1,2331.0,2025-07-15 10:46:00.018463
2025-07-15,73788,2025071501000104,HBL,Sri Hari Securities Pvt. Ltd.,Dipshikha Dhitopatra Karobar Co. Pvt Ltd.,10,231.0,2310.0,2025-07-15 11:02:11.727725
2025-07-15,73777,2025071501000109,HBL,Malla & Malla Stock Broking Company Pvt. Limited,Dipshikha Dhitopatra Karobar Co. Pvt Ltd.,180,231.0,41580.0,2025-07-15 11:02:21.926521
2025-07-15,73776,2025071501000110,HBL,Malla & Malla Stock Broking Company Pvt. Limited,Nepal Stock House (PVT) Ltd.,20,232.0,4640.0,2025-07-15 11:02:21.926573
2025-07-15,73580,2025071501000160,HBL,Nepal Stock House (PVT) Ltd.,Naasa Securities Co. Ltd.,10,228.5,2285.0,2025-07-15 11:03:40.281495
2025-07-15,73542,2025071501000179,HBL,Aryatara Investment & Securities,Naasa Securities Co. Ltd.,90,228.5,20565.0,2025-07-15 11:03:56.739478
2025-07-15,73340,2025071501000250,HBL,Aryatara Investment & Securities,Dipshikha Dhitopatra Karobar Co. Pvt Ltd.,10,229.0,2290.0,2025-07-15 11:05:04.784373
2025-07-15,73221,2025071501000270,HBL,Secured Securities Ltd.,Siprabi Securities Pvt. Ltd.,85,232.0,19720.0,2025-07-15 11:05:39.369685
2025-07-15,72617,2025071501000494,HBL,Neev Securities Pvt. Ltd.,Nepal Investment And Securities Trading Private Limited,40,228.0,9120.0,2025-07-15 11:08:44.108231
2025-07-15,72457,2025071501000538,HBL,Sri Hari Securities Pvt. Ltd.,Nepal Investment And Securities Trading Private Limited,10,227.5,2275.0,2025-07-15 11:09:30.567179
2025-07-15,69721,2025071501001487,HBL,Siprabi Securities Pvt. Ltd.,Dipshikha Dhitopatra Karobar Co. Pvt Ltd.,50,230.0,11500.0,2025-07-15 11:20:23.911549
2025-07-15,68296,2025071501001891,HBL,J.F. Securites (PVT) Ltd.,Thrive Brokerage House Pvt. Ltd,155,229.0,35495.0,2025-07-15 11:25:40.632447
2025-07-15,68295,2025071501001892,HBL,Aryatara Investment & Securities,Thrive Brokerage House Pvt. Ltd,500,229.0,114500.0,2025-07-15 11:25:40.632676
2025-07-15,67813,2025071501002048,HBL,Agrawal Securities (PVT) Ltd.,Thrive Brokerage House Pvt. Ltd,51,229.0,11679.0,2025-07-15 11:27:51.709643
2025-07-15,67573,2025071501002104,HBL,Oxford Securities Pvt. Ltd.,Thrive Brokerage House Pvt. Ltd,30,229.0,6870.0,2025-07-15 11:28:54.599154
2025-07-15,67099,2025071501002261,HBL,Kohinoor Investment & Securities Pvt. Ltd.,Thrive Brokerage House Pvt. Ltd,180,229.0,41220.0,2025-07-15 11:30:55.525441
2025-07-15,67086,2025071501002267,HBL,Sweta Securities Private Limited,Thrive Brokerage House Pvt. Ltd,20,229.0,4580.0,2025-07-15 11:31:03.007115
2025-07-15,66954,2025071501002312,HBL,Opal Securities Investment (PVT) Ltd.,Thrive Brokerage House Pvt. Ltd,64,229.0,14656.0,2025-07-15 11:31:41.753048
2025-07-15,66953,2025071501002313,HBL,Opal Securities Investment (PVT) Ltd.,Sri Hari Securities Pvt. Ltd.,236,229.0,54044.0,2025-07-15 11:31:41.753266
2025-07-15,66870,2025071501002338,HBL,Siprabi Securities Pvt. Ltd.,Sri Hari Securities Pvt. Ltd.,500,229.0,114500.0,2025-07-15 11:32:02.862543
2025-07-15,66125,2025071501002655,HBL,Dipshikha Dhitopatra Karobar Co. Pvt Ltd.,Creative Securities Pvt Ltd,42,228.0,9576.0,2025-07-15 11:35:16.067214
2025-07-15,66031,2025071501002686,HBL,Dipshikha Dhitopatra Karobar Co. Pvt Ltd.,Cristal Kanchanjanga Securites Pvt. Ltd.,43,228.0,9804.0,2025-07-15 11:35:39.038088
2025-07-15,65792,2025071501002792,HBL,Secured Securities Ltd.,Sri Hari Securities Pvt. Ltd.,80,229.0,18320.0,2025-07-15 11:36:28.685544
2025-07-15,65530,2025071501002918,HBL,Aryatara Investment & Securities,Sri Hari Securities Pvt. Ltd.,135,229.0,30915.0,2025-07-15 11:37:32.530083
2025-07-15,65410,2025071501002949,HBL,Dipshikha Dhitopatra Karobar Co. Pvt Ltd.,Sumeru Securities Pvt. Ltd.,80,228.0,18240.0,2025-07-15 11:38:09.325659
2025-07-15,65322,2025071501002996,HBL,Dipshikha Dhitopatra Karobar Co. Pvt Ltd.,Sri Hari Securities Pvt. Ltd.,49,229.0,11221.0,2025-07-15 11:38:23.863583
2025-07-15,65106,2025071501003068,HBL,Dipshikha Dhitopatra Karobar Co. Pvt Ltd.,S.P.S.A. Securities Limited,18,229.0,4122.0,2025-07-15 11:39:18.111061
2025-07-15,64188,2025071501003329,HBL,Dipshikha Dhitopatra Karobar Co. Pvt Ltd.,Trishakti Securities Public Limited,100,229.0,22900.0,2025-07-15 11:43:15.260942
2025-07-15,64119,2025071501003364,HBL,Dipshikha Dhitopatra Karobar Co. Pvt Ltd.,Naasa Securities Co. Ltd.,10,229.0,2290.0,2025-07-15 11:43:29.216247
2025-07-15,62711,2025071501003897,HBL,Dipshikha Dhitopatra Karobar Co. Pvt Ltd.,Imperial Securities Company Pvt. Ltd.,23,229.0,5267.0,2025-07-15 11:49:09.795581
2025-07-15,62512,2025071501003963,HBL,Agrawal Securities (PVT) Ltd.,Swarna Laxmi Securities Pvt. Ltd.,500,228.1,114050.0,2025-07-15 11:50:02.998518
2025-07-15,62134,2025071501004067,HBL,Imperial Securities Company Pvt. Ltd.,Sani Securities Company Ltd.,40,228.2,9128.0,2025-07-15 11:51:20.106061
2025-07-15,62133,2025071501004068,HBL,Dipshikha Dhitopatra Karobar Co. Pvt Ltd.,Sani Securities Company Ltd.,135,228.0,30780.0,2025-07-15 11:51:20.106255
2025-07-15,62132,2025071501004069,HBL,Primo Securities (PVT) Ltd.,Sani Securities Company Ltd.,20,228.0,4560.0,2025-07-15 11:51:20.106319
2025-07-15,62131,2025071501004070,HBL,Trishakti Securities Public Limited,Sani Securities Company Ltd.,920,227.9,209668.0,2025-07-15 11:51:20.106371
2025-07-15,60691,2025071501004492,HBL,Trishakti Securities Public Limited,Agrawal Securities (PVT) Ltd.,79,227.9,18004.1,2025-07-15 11:56:21.283285
2025-07-15,60526,2025071501004573,HBL,Kumari Securities Private Limited,Neev Securities Pvt. Ltd.,143,227.6,32546.8,2025-07-15 11:56:46.562311
2025-07-15,58801,2025071501005118,HBL,Agrawal Securities (PVT) Ltd.,Naasa Securities Co. Ltd.,30,227.8,6834.0,2025-07-15 12:02:45.189303
2025-07-15,58642,2025071501005190,HBL,Premier Securities Company Ltd.,INDEX SECURITIES LIMITED,30,227.7,6831.0,2025-07-15 12:03:21.612157
2025-07-15,58558,2025071501005233,HBL,Premier Securities Company Ltd.,Sharepro Securities Private Limited,970,227.7,220869.0,2025-07-15 12:03:46.853335
2025-07-15,58557,2025071501005234,HBL,Kumari Securities Private Limited,Sharepro Securities Private Limited,328,227.6,74652.8,2025-07-15 12:03:46.853470
2025-07-15,58556,2025071501005235,HBL,Sri Hari Securities Pvt. Ltd.,Sharepro Securities Private Limited,90,227.5,20475.0,2025-07-15 12:03:46.853532
2025-07-15,58555,2025071501005236,HBL,Vision Securities Pvt. Ltd,Sharepro Securities Private Limited,100,227.5,22750.0,2025-07-15 12:03:46.853589
2025-07-15,58554,2025071501005237,HBL,Shree Krishna Securities Ltd.,Sharepro Securities Private Limited,12,227.5,2730.0,2025-07-15 12:03:46.853637
2025-07-15,58356,2025071501005295,HBL,Trishakti Securities Public Limited,Dakshinkali Investment & Securities Pvt. Ltd.,11,227.5,2502.5,2025-07-15 12:04:40.867255
2025-07-15,58355,2025071501005296,HBL,Aryatara Investment & Securities,Dakshinkali Investment & Securities Pvt. Ltd.,225,227.4,51165.0,2025-07-15 12:04:40.867414
2025-07-15,58354,2025071501005297,HBL,Blue Chip Securities Ltd,Dakshinkali Investment & Securities Pvt. Ltd.,764,227.1,173504.4,2025-07-15 12:04:40.867498
2025-07-15,58320,2025071501005307,HBL,Blue Chip Securities Ltd,Sri Hari Securities Pvt. Ltd.,1200,227.1,272520.0,2025-07-15 12:04:55.799322
2025-07-15,57551,2025071501005540,HBL,Blue Chip Securities Ltd,Naasa Securities Co. Ltd.,36,227.1,8175.6,2025-07-15 12:07:55.777057
2025-07-15,57515,2025071501005551,HBL,Citizens Share Broker Limited,Naasa Securities Co. Ltd.,17,227.1,3860.7,2025-07-15 12:08:04.634114
2025-07-15,57186,2025071501005678,HBL,Agrawal Securities (PVT) Ltd.,Naasa Securities Co. Ltd.,150,227.0,34050.0,2025-07-15 12:09:27.571751
2025-07-15,57185,2025071501005679,HBL,Deevyaa Securities & Stock House Pvt. Ltd,Naasa Securities Co. Ltd.,60,226.4,13584.0,2025-07-15 12:09:27.572076
2025-07-15,56086,2025071501006060,HBL,Sri Hari Securities Pvt. Ltd.,Naasa Securities Co. Ltd.,10,227.1,2271.0,2025-07-15 12:14:24.378626
2025-07-15,55781,2025071501006154,HBL,Kohinoor Investment & Securities Pvt. Ltd.,Naasa Securities Co. Ltd.,90,227.1,20439.0,2025-07-15 12:15:39.743480
2025-07-15,55774,2025071501006158,HBL,Sundhara Securities Limited,Naasa Securities Co. Ltd.,251,227.1,57002.1,2025-07-15 12:15:41.723593
2025-07-15,55743,2025071501006169,HBL,Sri Hari Securities Pvt. Ltd.,Premier Securities Company Ltd.,10,228.0,2280.0,2025-07-15 12:15:50.261568
2025-07-15,55539,2025071501006248,HBL,Sundhara Securities Limited,Kohinoor Investment & Securities Pvt. Ltd.,29,227.1,6585.9,2025-07-15 12:16:30.147786
2025-07-15,55538,2025071501006249,HBL,Dipshikha Dhitopatra Karobar Co. Pvt Ltd.,Kohinoor Investment & Securities Pvt. Ltd.,95,226.5,21517.5,2025-07-15 12:16:30.147828
2025-07-15,55481,2025071501006270,HBL,Sri Hari Securities Pvt. Ltd.,Premier Securities Company Ltd.,10,228.0,2280.0,2025-07-15 12:16:43.926490
2025-07-15,54279,2025071501006568,HBL,Sundhara Securities Limited,Premier Securities Company Ltd.,155,228.0,35340.0,2025-07-15 12:21:08.930700
2025-07-15,53573,2025071501006781,HBL,Linch Stock Market Ltd.,Linch Stock Market Ltd.,176,227.0,39952.0,2025-07-15 12:24:09.175910
2025-07-15,53202,2025071501006966,HBL,Linch Stock Market Ltd.,Imperial Securities Company Pvt. Ltd.,80,227.0,18160.0,2025-07-15 12:25:25.424047
2025-07-15,53201,2025071501006967,HBL,Online Securities Pvt. Ltd.,Imperial Securities Company Pvt. Ltd.,230,226.6,52118.0,2025-07-15 12:25:25.424315
2025-07-15,53153,2025071501006985,HBL,Online Securities Pvt. Ltd.,Imperial Securities Company Pvt. Ltd.,100,226.6,22660.0,2025-07-15 12:25:36.527766
2025-07-15,52879,2025071501007036,HBL,Sri Hari Securities Pvt. Ltd.,Premier Securities Company Ltd.,10,228.0,2280.0,2025-07-15 12:26:22.054410
2025-07-15,52327,2025071501007194,HBL,Imperial Securities Company Pvt. Ltd.,Pragyan Securities (PVT) Ltd.,43,226.7,9748.1,2025-07-15 12:28:44.318478
2025-07-15,52204,2025071501007222,HBL,Sri Hari Securities Pvt. Ltd.,Premier Securities Company Ltd.,10,228.0,2280.0,2025-07-15 12:29:08.639308
2025-07-15,51930,2025071501007308,HBL,Imperial Securities Company Pvt. Ltd.,Online Securities Pvt. Ltd.,957,226.7,216951.9,2025-07-15 12:30:07.172759
2025-07-15,51813,2025071501007342,HBL,Secured Securities Ltd.,Online Securities Pvt. Ltd.,43,226.7,9748.1,2025-07-15 12:30:38.066584
2025-07-15,51439,2025071501007437,HBL,J.F. Securites (PVT) Ltd.,Trishakti Securities Public Limited,10,227.9,2279.0,2025-07-15 12:32:24.702980
2025-07-15,49503,2025071501007956,HBL,Bhrikuti Stock Broking Co. Pvt. Ltd.,Secured Securities Ltd.,100,227.1,22710.0,2025-07-15 12:40:43.129881
2025-07-15,49502,2025071501007957,HBL,Agrawal Securities (PVT) Ltd.,Secured Securities Ltd.,300,227.0,68100.0,2025-07-15 12:40:43.130105
2025-07-15,49279,2025071501008010,HBL,Nepal Investment And Securities Trading Private Limited,Trishakti Securities Public Limited,11,227.9,2506.9,2025-07-15 12:41:29.051842
2025-07-15,48339,2025071501008222,HBL,Agrawal Securities (PVT) Ltd.,Nepal Stock House (PVT) Ltd.,200,227.0,45400.0,2025-07-15 12:44:52.375928
2025-07-15,48338,2025071501008223,HBL,Linch Stock Market Ltd.,Nepal Stock House (PVT) Ltd.,430,227.0,97610.0,2025-07-15 12:44:52.376303
2025-07-15,48337,2025071501008224,HBL,Dipshikha Dhitopatra Karobar Co. Pvt Ltd.,Nepal Stock House (PVT) Ltd.,10,227.0,2270.0,2025-07-15 12:44:52.376542
2025-07-15,48336,2025071501008225,HBL,Sweta Securities Private Limited,Nepal Stock House (PVT) Ltd.,55,226.9,12479.5,2025-07-15 12:44:52.376730
2025-07-15,48335,2025071501008226,HBL,Secured Securities Ltd.,Nepal Stock House (PVT) Ltd.,163,226.7,36952.1,2025-07-15 12:44:52.376909
2025-07-15,48334,2025071501008227,HBL,Online Securities Pvt. Ltd.,Nepal Stock House (PVT) Ltd.,80,226.6,18128.0,2025-07-15 12:44:52.377111
2025-07-15,46321,2025071501008879,HBL,Kumari Securities Private Limited,Midas Stock Broking Company Private Limited,24,226.7,5440.8,2025-07-15 12:52:06.746440
2025-07-15,45437,2025071501009124,HBL,Vision Securities Pvt. Ltd,Sri Hari Securities Pvt. Ltd.,1000,227.7,227700.0,2025-07-15 12:55:19.518489
2025-07-15,44192,2025071501009619,HBL,ABC Securities Private Limited,Dipshikha Dhitopatra Karobar Co. Pvt Ltd.,200,227.0,45400.0,2025-07-15 12:59:49.528275
2025-07-15,44088,2025071501009654,HBL,Sri Hari Securities Pvt. Ltd.,Dipshikha Dhitopatra Karobar Co. Pvt Ltd.,10,227.5,2275.0,2025-07-15 13:00:19.487406
2025-07-15,43954,2025071501009690,HBL,Secured Securities Ltd.,Dipshikha Dhitopatra Karobar Co. Pvt Ltd.,40,227.5,9100.0,2025-07-15 13:00:48.031951
2025-07-15,43661,2025071501009820,HBL,Sri Hari Securities Pvt. Ltd.,Sri Hari Securities Pvt. Ltd.,10,227.7,2277.0,2025-07-15 13:01:41.195877
2025-07-15,43265,2025071501009926,HBL,Vision Securities Pvt. Ltd,Sri Hari Securities Pvt. Ltd.,236,227.7,53737.2,2025-07-15 13:03:21.165319
2025-07-15,43145,2025071501010010,HBL,Vision Securities Pvt. Ltd,Sri Hari Securities Pvt. Ltd.,754,227.7,171685.8,2025-07-15 13:03:35.373816
2025-07-15,43144,2025071501010011,HBL,Vision Securities Pvt. Ltd,Trishakti Securities Public Limited,29,227.9,6609.1,2025-07-15 13:03:35.373978
2025-07-15,43143,2025071501010012,HBL,Vision Securities Pvt. Ltd,Sri Hari Securities Pvt. Ltd.,217,227.9,49454.3,2025-07-15 13:03:35.374053
2025-07-15,42911,2025071501010087,HBL,Dynamic Money Managers Securities Pvt. Ltd.,Sri Hari Securities Pvt. Ltd.,100,227.9,22790.0,2025-07-15 13:04:30.649341
2025-07-15,42857,2025071501010115,HBL,Secured Securities Ltd.,Naasa Securities Co. Ltd.,60,227.5,13650.0,2025-07-15 13:04:42.926144
2025-07-15,42427,2025071501010242,HBL,Creative Securities Pvt Ltd,Naasa Securities Co. Ltd.,66,227.5,15015.0,2025-07-15 13:06:13.536528
2025-07-15,42426,2025071501010243,HBL,Creative Securities Pvt Ltd,Sri Hari Securities Pvt. Ltd.,683,227.9,155655.7,2025-07-15 13:06:13.536829
2025-07-15,42425,2025071501010244,HBL,Creative Securities Pvt Ltd,Premier Securities Company Ltd.,305,228.0,69540.0,2025-07-15 13:06:13.537045
2025-07-15,42424,2025071501010245,HBL,Creative Securities Pvt Ltd,SUN SECURITIES PVT LTD,50,228.0,11400.0,2025-07-15 13:06:13.537233
2025-07-15,42423,2025071501010246,HBL,Creative Securities Pvt Ltd,Miyo Securities Pvt Ltd,10,228.0,2280.0,2025-07-15 13:06:13.537414
2025-07-15,42335,2025071501010276,HBL,Sri Hari Securities Pvt. Ltd.,Vision Securities Pvt. Ltd,10,228.5,2285.0,2025-07-15 13:06:37.251005
2025-07-15,41010,2025071501010748,HBL,Creative Securities Pvt Ltd,Vision Securities Pvt. Ltd,90,228.5,20565.0,2025-07-15 13:10:53.331337
2025-07-15,41009,2025071501010749,HBL,Creative Securities Pvt Ltd,Sri Hari Securities Pvt. Ltd.,786,228.8,179836.8,2025-07-15 13:10:53.331503
2025-07-15,40890,2025071501010813,HBL,K.B.L. Securities Limited ,Sri Hari Securities Pvt. Ltd.,10,228.8,2288.0,2025-07-15 13:11:10.690684
2025-07-15,40743,2025071501010861,HBL,Sri Hari Securities Pvt. Ltd.,Sri Hari Securities Pvt. Ltd.,764,228.8,174803.2,2025-07-15 13:11:41.595784
2025-07-15,40677,2025071501010876,HBL,Naasa Securities Co. Ltd.,Swarna Laxmi Securities Pvt. Ltd.,300,228.9,68670.0,2025-07-15 13:11:57.292769
2025-07-15,40445,2025071501010957,HBL,Thrive Brokerage House Pvt. Ltd,Trisul Securities & Invt. Ltd.,200,228.0,45600.0,2025-07-15 13:12:48.605475
2025-07-15,40443,2025071501010958,HBL,Ashutosh Brokerage & Securities (PVT) Ltd.,Trisul Securities & Invt. Ltd.,100,228.0,22800.0,2025-07-15 13:12:49.065090
2025-07-15,40079,2025071501011080,HBL,Imperial Securities Company Pvt. Ltd.,Sri Hari Securities Pvt. Ltd.,1000,227.6,227600.0,2025-07-15 13:14:00.726766
2025-07-15,40064,2025071501011085,HBL,Ashutosh Brokerage & Securities (PVT) Ltd.,Trisul Securities & Invt. Ltd.,17,228.0,3876.0,2025-07-15 13:14:03.428693
2025-07-15,39979,2025071501011110,HBL,Online Securities Pvt. Ltd.,Trisul Securities & Invt. Ltd.,151,228.0,34428.0,2025-07-15 13:14:18.833202
2025-07-15,39845,2025071501011154,HBL,Sri Hari Securities Pvt. Ltd.,Sri Hari Securities Pvt. Ltd.,10,228.7,2287.0,2025-07-15 13:14:44.295814
2025-07-15,39424,2025071501011290,HBL,KALASH STOCK MARKET PVT. LTD.,Sri Hari Securities Pvt. Ltd.,270,228.7,61749.0,2025-07-15 13:16:03.130957
2025-07-15,39423,2025071501011291,HBL,KALASH STOCK MARKET PVT. LTD.,Dipshikha Dhitopatra Karobar Co. Pvt Ltd.,100,228.8,22880.0,2025-07-15 13:16:03.131133
2025-07-15,39422,2025071501011292,HBL,KALASH STOCK MARKET PVT. LTD.,Swarna Laxmi Securities Pvt. Ltd.,69,228.9,15794.1,2025-07-15 13:16:03.131228
2025-07-15,39421,2025071501011293,HBL,KALASH STOCK MARKET PVT. LTD.,Dipshikha Dhitopatra Karobar Co. Pvt Ltd.,23,228.9,5264.7,2025-07-15 13:16:03.131288
2025-07-15,39420,2025071501011294,HBL,KALASH STOCK MARKET PVT. LTD.,Imperial Securities Company Pvt. Ltd.,677,229.0,155033.0,2025-07-15 13:16:03.131351
2025-07-15,39419,2025071501011295,HBL,KALASH STOCK MARKET PVT. LTD.,Sri Hari Securities Pvt. Ltd.,861,229.0,197169.0,2025-07-15 13:16:03.131412
2025-07-15,38205,2025071501011748,HBL,Sri Hari Securities Pvt. Ltd.,Sri Hari Securities Pvt. Ltd.,10,228.9,2289.0,2025-07-15 13:20:35.726369
2025-07-15,38153,2025071501011756,HBL,Online Securities Pvt. Ltd.,J.F. Securites (PVT) Ltd.,10,228.0,2280.0,2025-07-15 13:20:49.458301
2025-07-15,37392,2025071501011974,HBL,Sri Hari Securities Pvt. Ltd.,Sri Hari Securities Pvt. Ltd.,10,229.0,2290.0,2025-07-15 13:24:05.569689
2025-07-15,36529,2025071501012307,HBL,Thrive Brokerage House Pvt. Ltd,Sri Hari Securities Pvt. Ltd.,129,229.0,29541.0,2025-07-15 13:27:49.434204
2025-07-15,36528,2025071501012308,HBL,Thrive Brokerage House Pvt. Ltd,Nepal Stock House (PVT) Ltd.,50,229.0,11450.0,2025-07-15 13:27:49.434381
2025-07-15,36527,2025071501012309,HBL,Thrive Brokerage House Pvt. Ltd,Naasa Securities Co. Ltd.,21,229.0,4809.0,2025-07-15 13:27:49.434454
2025-07-15,36137,2025071501012463,HBL,S.P.S.A. Securities Limited,Naasa Securities Co. Ltd.,100,229.0,22900.0,2025-07-15 13:29:31.854463
2025-07-15,35671,2025071501012602,HBL,N.M.B. SECURITIES LIMITED,Naasa Securities Co. Ltd.,799,229.0,182971.0,2025-07-15 13:31:18.144820
2025-07-15,35633,2025071501012621,HBL,Sri Hari Securities Pvt. Ltd.,Linch Stock Market Ltd.,10,229.8,2298.0,2025-07-15 13:31:29.381240
2025-07-15,35378,2025071501012681,HBL,J.F. Securites (PVT) Ltd.,Dipshikha Dhitopatra Karobar Co. Pvt Ltd.,500,229.9,114950.0,2025-07-15 13:32:47.702199
2025-07-15,34595,2025071501012956,HBL,S.P.S.A. Securities Limited,Dipshikha Dhitopatra Karobar Co. Pvt Ltd.,100,229.9,22990.0,2025-07-15 13:35:51.747707
2025-07-15,34580,2025071501012960,HBL,Dakshinkali Investment & Securities Pvt. Ltd.,Dynamic Money Managers Securities Pvt. Ltd.,199,229.0,45571.0,2025-07-15 13:35:56.895097
2025-07-15,34542,2025071501012974,HBL,S.P.S.A. Securities Limited,Dynamic Money Managers Securities Pvt. Ltd.,100,229.0,22900.0,2025-07-15 13:36:01.787753
2025-07-15,34392,2025071501013023,HBL,S.P.S.A. Securities Limited,Dynamic Money Managers Securities Pvt. Ltd.,100,229.0,22900.0,2025-07-15 13:36:29.865696
2025-07-15,34324,2025071501013047,HBL,Dipshikha Dhitopatra Karobar Co. Pvt Ltd.,Dynamic Money Managers Securities Pvt. Ltd.,601,229.0,137629.0,2025-07-15 13:36:48.418467
2025-07-15,34279,2025071501013064,HBL,Sri Hari Securities Pvt. Ltd.,Dipshikha Dhitopatra Karobar Co. Pvt Ltd.,10,229.9,2299.0,2025-07-15 13:36:58.854397
2025-07-15,33931,2025071501013207,HBL,J.F. Securites (PVT) Ltd.,Dipshikha Dhitopatra Karobar Co. Pvt Ltd.,500,229.9,114950.0,2025-07-15 13:38:11.805730
2025-07-15,33708,2025071501013283,HBL,Dipshikha Dhitopatra Karobar Co. Pvt Ltd.,Dipshikha Dhitopatra Karobar Co. Pvt Ltd.,220,229.9,50578.0,2025-07-15 13:39:04.578308
2025-07-15,33635,2025071501013307,HBL,Capital Max Securities Ltd,Dipshikha Dhitopatra Karobar Co. Pvt Ltd.,200,229.9,45980.0,2025-07-15 13:39:19.156847
2025-07-15,33328,2025071501013407,HBL,S.P.S.A. Securities Limited,Dipshikha Dhitopatra Karobar Co. Pvt Ltd.,35,229.9,8046.5,2025-07-15 13:40:37.467041
2025-07-15,33065,2025071501013516,HBL,Agrawal Securities (PVT) Ltd.,Dipshikha Dhitopatra Karobar Co. Pvt Ltd.,100,229.1,22910.0,2025-07-15 13:41:32.587155
2025-07-15,32948,2025071501013572,HBL,Dynamic Money Managers Securities Pvt. Ltd.,Dipshikha Dhitopatra Karobar Co. Pvt Ltd.,385,229.9,88511.5,2025-07-15 13:42:00.882793
2025-07-15,32775,2025071501013656,HBL,Sri Hari Securities Pvt. Ltd.,Sani Securities Company Ltd.,10,230.0,2300.0,2025-07-15 13:42:22.144615
2025-07-15,32766,2025071501013658,HBL,Dynamic Money Managers Securities Pvt. Ltd.,Sani Securities Company Ltd.,390,230.0,89700.0,2025-07-15 13:42:26.037490
2025-07-15,32765,2025071501013659,HBL,Dynamic Money Managers Securities Pvt. Ltd.,Thrive Brokerage House Pvt. Ltd,144,230.0,33120.0,2025-07-15 13:42:26.037754
2025-07-15,32764,2025071501013660,HBL,Dynamic Money Managers Securities Pvt. Ltd.,Aryatara Investment & Securities,100,230.0,23000.0,2025-07-15 13:42:26.037845
2025-07-15,32763,2025071501013661,HBL,Dynamic Money Managers Securities Pvt. Ltd.,Magnet Securities and Investment Company Private Limited,500,230.0,115000.0,2025-07-15 13:42:26.037913
2025-07-15,32762,2025071501013662,HBL,Dynamic Money Managers Securities Pvt. Ltd.,Neev Securities Pvt. Ltd.,93,230.0,21390.0,2025-07-15 13:42:26.037977
2025-07-15,32761,2025071501013663,HBL,Dynamic Money Managers Securities Pvt. Ltd.,Nagarik Stock Dealer ,500,230.0,115000.0,2025-07-15 13:42:26.038083
2025-07-15,32760,2025071501013664,HBL,Dynamic Money Managers Securities Pvt. Ltd.,Swarna Laxmi Securities Pvt. Ltd.,52,230.0,11960.0,2025-07-15 13:42:26.038189
2025-07-15,32759,2025071501013665,HBL,Dynamic Money Managers Securities Pvt. Ltd.,Oxford Securities Pvt. Ltd.,15,230.0,3450.0,2025-07-15 13:42:26.038278
2025-07-15,32721,2025071501013673,HBL,Sri Hari Securities Pvt. Ltd.,Sri Hari Securities Pvt. Ltd.,10,230.5,2305.0,2025-07-15 13:42:35.225069
2025-07-15,32685,2025071501013689,HBL,Dynamic Money Managers Securities Pvt. Ltd.,Sri Hari Securities Pvt. Ltd.,990,230.5,228195.0,2025-07-15 13:42:48.861698
2025-07-15,32633,2025071501013698,HBL,Sri Hari Securities Pvt. Ltd.,J.F. Securites (PVT) Ltd.,50,230.9,11545.0,2025-07-15 13:43:00.451879
2025-07-15,32632,2025071501013699,HBL,Sri Hari Securities Pvt. Ltd.,Sri Hari Securities Pvt. Ltd.,10,231.0,2310.0,2025-07-15 13:43:00.451989
2025-07-15,32567,2025071501013715,HBL,Dynamic Money Managers Securities Pvt. Ltd.,Sri Hari Securities Pvt. Ltd.,990,231.0,228690.0,2025-07-15 13:43:20.514105
2025-07-15,32566,2025071501013716,HBL,Dynamic Money Managers Securities Pvt. Ltd.,Aryatara Investment & Securities,263,231.0,60753.0,2025-07-15 13:43:20.514434
2025-07-15,32565,2025071501013717,HBL,Dynamic Money Managers Securities Pvt. Ltd.,Aakashbhairab Securities Ltd.,347,231.0,80157.0,2025-07-15 13:43:20.514674
2025-07-15,32533,2025071501013732,HBL,Sri Hari Securities Pvt. Ltd.,Naasa Securities Co. Ltd.,10,231.0,2310.0,2025-07-15 13:43:30.346892
2025-07-15,32532,2025071501013733,HBL,Sri Hari Securities Pvt. Ltd.,Sri Hari Securities Pvt. Ltd.,20,231.5,4630.0,2025-07-15 13:43:30.346993
2025-07-15,32531,2025071501013734,HBL,Sri Hari Securities Pvt. Ltd.,Primo Securities (PVT) Ltd.,15,231.5,3472.5,2025-07-15 13:43:30.347085
2025-07-15,32530,2025071501013735,HBL,Sri Hari Securities Pvt. Ltd.,Premier Securities Company Ltd.,15,232.0,3480.0,2025-07-15 13:43:30.347158
2025-07-15,31854,2025071501014035,HBL,KALASH STOCK MARKET PVT. LTD.,Ashutosh Brokerage & Securities (PVT) Ltd.,36,230.1,8283.6,2025-07-15 13:45:57.348668
2025-07-15,30582,2025071501014513,HBL,KALASH STOCK MARKET PVT. LTD.,Sri Hari Securities Pvt. Ltd.,50,230.1,11505.0,2025-07-15 13:51:00.598556
2025-07-15,30399,2025071501014586,HBL,S.P.S.A. Securities Limited,J.F. Securites (PVT) Ltd.,10,230.2,2302.0,2025-07-15 13:51:46.745869
2025-07-15,29979,2025071501014768,HBL,Sipla Securities Private Limited,Cristal Kanchanjanga Securites Pvt. Ltd.,88,231.5,20372.0,2025-07-15 13:53:50.719418
2025-07-15,29978,2025071501014769,HBL,Sipla Securities Private Limited,Arun Securities (PVT) Ltd.,200,231.9,46380.0,2025-07-15 13:53:50.719604
2025-07-15,29977,2025071501014770,HBL,Sipla Securities Private Limited,Premier Securities Company Ltd.,35,232.0,8120.0,2025-07-15 13:53:50.719675
2025-07-15,29976,2025071501014771,HBL,Sipla Securities Private Limited,Kumari Securities Private Limited,200,232.0,46400.0,2025-07-15 13:53:50.719744
2025-07-15,29975,2025071501014772,HBL,Sipla Securities Private Limited,Sani Securities Company Ltd.,150,232.0,34800.0,2025-07-15 13:53:50.719813
2025-07-15,29974,2025071501014773,HBL,Sipla Securities Private Limited,Secured Securities Ltd.,168,232.0,38976.0,2025-07-15 13:53:50.719883
2025-07-15,29973,2025071501014774,HBL,Sipla Securities Private Limited,Shree Krishna Securities Ltd.,100,232.0,23200.0,2025-07-15 13:53:50.719951
2025-07-15,29972,2025071501014775,HBL,Sipla Securities Private Limited,Sundhara Securities Limited,200,232.0,46400.0,2025-07-15 13:53:50.720032
2025-07-15,29971,2025071501014776,HBL,Sipla Securities Private Limited,Malla & Malla Stock Broking Company Pvt. Limited,100,232.0,23200.0,2025-07-15 13:53:50.720099
2025-07-15,29970,2025071501014777,HBL,Sipla Securities Private Limited,Aryatara Investment & Securities,600,232.0,139200.0,2025-07-15 13:53:50.720172
2025-07-15,29969,2025071501014778,HBL,Sipla Securities Private Limited,Imperial Securities Company Pvt. Ltd.,120,232.0,27840.0,2025-07-15 13:53:50.720239
2025-07-15,29968,2025071501014779,HBL,Sipla Securities Private Limited,Trishakti Securities Public Limited,1000,232.0,232000.0,2025-07-15 13:53:50.720304
2025-07-15,29967,2025071501014780,HBL,Sipla Securities Private Limited,Cristal Kanchanjanga Securites Pvt. Ltd.,350,232.0,81200.0,2025-07-15 13:53:50.720368
2025-07-15,29966,2025071501014781,HBL,Sipla Securities Private Limited,R.B.B. Securities Company Ltd,50,232.5,11625.0,2025-07-15 13:53:50.720439
2025-07-15,29965,2025071501014782,HBL,Sipla Securities Private Limited,Naasa Securities Co. Ltd.,53,232.5,12322.5,2025-07-15 13:53:50.720502
2025-07-15,29964,2025071501014783,HBL,Sipla Securities Private Limited,Trishakti Securities Public Limited,2000,232.5,465000.0,2025-07-15 13:53:50.720564
2025-07-15,29963,2025071501014784,HBL,Sipla Securities Private Limited,Imperial Securities Company Pvt. Ltd.,300,233.0,69900.0,2025-07-15 13:53:50.720629
2025-07-15,29962,2025071501014785,HBL,Sipla Securities Private Limited,Sundhara Securities Limited,152,233.0,35416.0,2025-07-15 13:53:50.720694
2025-07-15,29961,2025071501014786,HBL,Sipla Securities Private Limited,Creative Securities Pvt Ltd,150,233.0,34950.0,2025-07-15 13:53:50.720757
2025-07-15,29960,2025071501014787,HBL,Sipla Securities Private Limited,Online Securities Pvt. Ltd.,500,233.0,116500.0,2025-07-15 13:53:50.720816
2025-07-15,29959,2025071501014788,HBL,Sipla Securities Private Limited,Dipshikha Dhitopatra Karobar Co. Pvt Ltd.,483,233.0,112539.0,2025-07-15 13:53:50.720877
2025-07-15,29958,2025071501014789,HBL,Sipla Securities Private Limited,J.F. Securites (PVT) Ltd.,230,233.0,53590.0,2025-07-15 13:53:50.720938
2025-07-15,29957,2025071501014790,HBL,Sipla Securities Private Limited,Premier Securities Company Ltd.,500,233.0,116500.0,2025-07-15 13:53:50.721001
2025-07-15,29956,2025071501014791,HBL,Sipla Securities Private Limited,Sani Securities Company Ltd.,107,233.0,24931.0,2025-07-15 13:53:50.721074
2025-07-15,29955,2025071501014792,HBL,Sipla Securities Private Limited,Malla & Malla Stock Broking Company Pvt. Limited,100,233.0,23300.0,2025-07-15 13:53:50.721131
2025-07-15,29954,2025071501014793,HBL,Sipla Securities Private Limited,Vision Securities Pvt. Ltd,10,233.0,2330.0,2025-07-15 13:53:50.721194
2025-07-15,29910,2025071501014809,HBL,Sipla Securities Private Limited,Deevyaa Securities & Stock House Pvt. Ltd,11,233.1,2564.1,2025-07-15 13:54:05.759187
2025-07-15,29909,2025071501014810,HBL,Sipla Securities Private Limited,Sewa Securities Pvt. Ltd.,41,233.1,9557.1,2025-07-15 13:54:05.759361
2025-07-15,29908,2025071501014811,HBL,Sipla Securities Private Limited,Thrive Brokerage House Pvt. Ltd,200,233.1,46620.0,2025-07-15 13:54:05.759426
2025-07-15,29907,2025071501014812,HBL,Sipla Securities Private Limited,R.B.B. Securities Company Ltd,50,233.2,11660.0,2025-07-15 13:54:05.759490
2025-07-15,29906,2025071501014813,HBL,Sipla Securities Private Limited,J.F. Securites (PVT) Ltd.,50,233.2,11660.0,2025-07-15 13:54:05.759558
2025-07-15,29905,2025071501014814,HBL,Sipla Securities Private Limited,Thrive Brokerage House Pvt. Ltd,1000,233.2,233200.0,2025-07-15 13:54:05.759630
2025-07-15,29904,2025071501014815,HBL,Sipla Securities Private Limited,Nepal Stock House (PVT) Ltd.,500,233.4,116700.0,2025-07-15 13:54:05.759691
2025-07-15,29903,2025071501014816,HBL,Sipla Securities Private Limited,Market Securities & Exchange (PVT) Ltd.,30,233.5,7005.0,2025-07-15 13:54:05.759774
2025-07-15,29902,2025071501014817,HBL,Sipla Securities Private Limited,Nabil Stock Dealer Ltd.,100,233.5,23350.0,2025-07-15 13:54:05.759837
2025-07-15,29901,2025071501014818,HBL,Sipla Securities Private Limited,Online Securities Pvt. Ltd.,72,233.5,16812.0,2025-07-15 13:54:05.759898
2025-07-15,29791,2025071501014848,HBL,S.P.S.A. Securities Limited,Secured Securities Ltd.,425,230.2,97835.0,2025-07-15 13:54:32.716239
2025-07-15,29790,2025071501014849,HBL,KALASH STOCK MARKET PVT. LTD.,Secured Securities Ltd.,914,230.1,210311.4,2025-07-15 13:54:32.716453
2025-07-15,29789,2025071501014850,HBL,Online Securities Pvt. Ltd.,Secured Securities Ltd.,2000,230.1,460200.0,2025-07-15 13:54:32.716540
2025-07-15,29788,2025071501014851,HBL,Capital Max Securities Ltd,Secured Securities Ltd.,300,230.0,69000.0,2025-07-15 13:54:32.716601
2025-07-15,29787,2025071501014852,HBL,Sewa Securities Pvt. Ltd.,Secured Securities Ltd.,500,230.0,115000.0,2025-07-15 13:54:32.716659
2025-07-15,29786,2025071501014853,HBL,Aryatara Investment & Securities,Secured Securities Ltd.,500,230.0,115000.0,2025-07-15 13:54:32.716718
2025-07-15,29785,2025071501014854,HBL,Investment Management Nepal Pvt. Ltd.,Secured Securities Ltd.,1300,230.0,299000.0,2025-07-15 13:54:32.716777
2025-07-15,28758,2025071501015262,HBL,Trisul Securities & Invt. Ltd.,Swarna Laxmi Securities Pvt. Ltd.,1000,229.9,229900.0,2025-07-15 13:58:48.821314
2025-07-15,28648,2025071501015311,HBL,Shree Krishna Securities Ltd.,Secured Securities Ltd.,100,230.0,23000.0,2025-07-15 13:59:10.227235
2025-07-15,28387,2025071501015402,HBL,KALASH STOCK MARKET PVT. LTD.,Secured Securities Ltd.,500,230.0,115000.0,2025-07-15 14:00:08.674381
2025-07-15,27048,2025071501015947,HBL,Kohinoor Investment & Securities Pvt. Ltd.,Secured Securities Ltd.,156,230.0,35880.0,2025-07-15 14:05:17.733418
2025-07-15,26190,2025071501016245,HBL,Sewa Securities Pvt. Ltd.,Online Securities Pvt. Ltd.,210,229.3,48153.0,2025-07-15 14:08:46.459537
2025-07-15,26172,2025071501016247,HBL,J.F. Securites (PVT) Ltd.,Secured Securities Ltd.,500,230.0,115000.0,2025-07-15 14:08:53.198220
2025-07-15,25892,2025071501016349,HBL,S.P.S.A. Securities Limited,Secured Securities Ltd.,1000,230.0,230000.0,2025-07-15 14:09:55.815448
2025-07-15,25677,2025071501016440,HBL,Kohinoor Investment & Securities Pvt. Ltd.,Secured Securities Ltd.,500,230.0,115000.0,2025-07-15 14:10:30.528422
2025-07-15,25507,2025071501016498,HBL,S.P.S.A. Securities Limited,Secured Securities Ltd.,30,230.0,6900.0,2025-07-15 14:11:16.002911
2025-07-15,25379,2025071501016538,HBL,S.P.S.A. Securities Limited,Secured Securities Ltd.,50,230.0,11500.0,2025-07-15 14:11:39.060658
2025-07-15,24912,2025071501016769,HBL,Sundhara Securities Limited,Secured Securities Ltd.,25,230.0,5750.0,2025-07-15 14:12:56.033934
2025-07-15,24911,2025071501016770,HBL,Sundhara Securities Limited,Naasa Securities Co. Ltd.,52,230.0,11960.0,2025-07-15 14:12:56.034375
2025-07-15,23982,2025071501017197,HBL,Online Securities Pvt. Ltd.,SUN SECURITIES PVT LTD,10,230.4,2304.0,2025-07-15 14:15:38.001717
2025-07-15,23944,2025071501017215,HBL,Naasa Securities Co. Ltd.,R.B.B. Securities Company Ltd,100,231.0,23100.0,2025-07-15 14:15:44.434457
2025-07-15,23943,2025071501017216,HBL,Naasa Securities Co. Ltd.,Sri Hari Securities Pvt. Ltd.,900,231.0,207900.0,2025-07-15 14:15:44.434638
2025-07-15,23829,2025071501017251,HBL,Online Securities Pvt. Ltd.,Sri Hari Securities Pvt. Ltd.,100,231.0,23100.0,2025-07-15 14:16:04.354303
2025-07-15,23755,2025071501017270,HBL,Deevyaa Securities & Stock House Pvt. Ltd,Trisul Securities & Invt. Ltd.,128,232.0,29696.0,2025-07-15 14:16:17.887076
2025-07-15,23754,2025071501017271,HBL,Deevyaa Securities & Stock House Pvt. Ltd,Sri Hari Securities Pvt. Ltd.,1000,232.0,232000.0,2025-07-15 14:16:17.887274
2025-07-15,23753,2025071501017272,HBL,Deevyaa Securities & Stock House Pvt. Ltd,Trisul Securities & Invt. Ltd.,128,232.0,29696.0,2025-07-15 14:16:17.887343
2025-07-15,23752,2025071501017273,HBL,Deevyaa Securities & Stock House Pvt. Ltd,Nepal Investment And Securities Trading Private Limited,100,232.0,23200.0,2025-07-15 14:16:17.887433
2025-07-15,23751,2025071501017274,HBL,Deevyaa Securities & Stock House Pvt. Ltd,Nabil Stock Dealer Ltd.,20,232.0,4640.0,2025-07-15 14:16:17.887499
2025-07-15,23750,2025071501017275,HBL,Deevyaa Securities & Stock House Pvt. Ltd,Thrive Brokerage House Pvt. Ltd,190,232.9,44251.0,2025-07-15 14:16:17.887564
2025-07-15,23749,2025071501017276,HBL,Deevyaa Securities & Stock House Pvt. Ltd,ABC Securities Private Limited,30,233.0,6990.0,2025-07-15 14:16:17.887629
2025-07-15,23748,2025071501017277,HBL,Deevyaa Securities & Stock House Pvt. Ltd,R.B.B. Securities Company Ltd,100,233.0,23300.0,2025-07-15 14:16:17.887693
2025-07-15,23747,2025071501017278,HBL,Deevyaa Securities & Stock House Pvt. Ltd,Swarna Laxmi Securities Pvt. Ltd.,1000,233.0,233000.0,2025-07-15 14:16:17.887756
2025-07-15,23657,2025071501017303,HBL,S.P.S.A. Securities Limited,Online Securities Pvt. Ltd.,50,233.5,11675.0,2025-07-15 14:16:36.853344
2025-07-15,23557,2025071501017354,HBL,Deevyaa Securities & Stock House Pvt. Ltd,Online Securities Pvt. Ltd.,78,233.5,18213.0,2025-07-15 14:16:59.355193
2025-07-15,23556,2025071501017355,HBL,Deevyaa Securities & Stock House Pvt. Ltd,Agrawal Securities (PVT) Ltd.,100,233.5,23350.0,2025-07-15 14:16:59.355512
2025-07-15,23555,2025071501017356,HBL,Deevyaa Securities & Stock House Pvt. Ltd,Imperial Securities Company Pvt. Ltd.,30,233.5,7005.0,2025-07-15 14:16:59.355766
2025-07-15,23554,2025071501017357,HBL,Deevyaa Securities & Stock House Pvt. Ltd,Nagarik Stock Dealer ,500,233.5,116750.0,2025-07-15 14:16:59.356075
2025-07-15,23553,2025071501017358,HBL,Deevyaa Securities & Stock House Pvt. Ltd,Sweta Securities Private Limited,100,233.5,23350.0,2025-07-15 14:16:59.356326
2025-07-15,23552,2025071501017359,HBL,Deevyaa Securities & Stock House Pvt. Ltd,Asian Securities Private Ltd.,15,233.5,3502.5,2025-07-15 14:16:59.356597
2025-07-15,23551,2025071501017360,HBL,Deevyaa Securities & Stock House Pvt. Ltd,Sani Securities Company Ltd.,100,233.5,23350.0,2025-07-15 14:16:59.356870
2025-07-15,23550,2025071501017361,HBL,Deevyaa Securities & Stock House Pvt. Ltd,Midas Stock Broking Company Private Limited,100,234.0,23400.0,2025-07-15 14:16:59.357142
2025-07-15,23549,2025071501017362,HBL,Deevyaa Securities & Stock House Pvt. Ltd,J.F. Securites (PVT) Ltd.,50,234.0,11700.0,2025-07-15 14:16:59.357413
2025-07-15,23548,2025071501017363,HBL,Deevyaa Securities & Stock House Pvt. Ltd,Trisul Securities & Invt. Ltd.,300,234.0,70200.0,2025-07-15 14:16:59.357670
2025-07-15,23547,2025071501017364,HBL,Deevyaa Securities & Stock House Pvt. Ltd,Malla & Malla Stock Broking Company Pvt. Limited,100,234.0,23400.0,2025-07-15 14:16:59.357925
2025-07-15,23546,2025071501017365,HBL,Deevyaa Securities & Stock House Pvt. Ltd,Thrive Brokerage House Pvt. Ltd,527,234.0,123318.0,2025-07-15 14:16:59.358227
2025-07-15,23491,2025071501017392,HBL,Deevyaa Securities & Stock House Pvt. Ltd,Neev Securities Pvt. Ltd.,304,233.0,70832.0,2025-07-15 14:17:10.944380
2025-07-15,22816,2025071501017697,HBL,Nepal Investment And Securities Trading Private Limited,Neev Securities Pvt. Ltd.,500,233.0,116500.0,2025-07-15 14:19:29.539875
2025-07-15,22229,2025071501017940,HBL,Online Securities Pvt. Ltd.,Nepal Stock House (PVT) Ltd.,167,232.0,38744.0,2025-07-15 14:21:30.164751
2025-07-15,22103,2025071501017997,HBL,Naasa Securities Co. Ltd.,Prabhu Stock Market Limited,10,232.9,2329.0,2025-07-15 14:22:01.521661
2025-07-15,21862,2025071501018075,HBL,Sani Securities Company Ltd.,Prabhu Stock Market Limited,200,232.9,46580.0,2025-07-15 14:22:51.283826
2025-07-15,21320,2025071501018284,HBL,Online Securities Pvt. Ltd.,Prabhu Stock Market Limited,133,232.9,30975.7,2025-07-15 14:24:22.376672
2025-07-15,20793,2025071501018497,HBL,Sani Securities Company Ltd.,Prabhu Stock Market Limited,23,232.9,5356.7,2025-07-15 14:25:43.662003
2025-07-15,19307,2025071501019108,HBL,Capital Max Securities Ltd,Midas Stock Broking Company Private Limited,200,232.0,46400.0,2025-07-15 14:29:31.960211
2025-07-15,19306,2025071501019109,HBL,Capital Max Securities Ltd,Midas Stock Broking Company Private Limited,100,232.0,23200.0,2025-07-15 14:29:31.960428
2025-07-15,18674,2025071501019325,HBL,Nepal Stock House (PVT) Ltd.,Prabhu Stock Market Limited,134,232.9,31208.6,2025-07-15 14:31:14.050990
2025-07-15,18349,2025071501019462,HBL,Online Securities Pvt. Ltd.,Neev Securities Pvt. Ltd.,40,233.0,9320.0,2025-07-15 14:32:03.151903
2025-07-15,17129,2025071501019870,HBL,Cristal Kanchanjanga Securites Pvt. Ltd.,Neev Securities Pvt. Ltd.,56,233.0,13048.0,2025-07-15 14:34:56.886451
2025-07-15,17128,2025071501019871,HBL,Cristal Kanchanjanga Securites Pvt. Ltd.,Kumari Securities Private Limited,444,233.0,103452.0,2025-07-15 14:34:56.886663
2025-07-15,17071,2025071501019890,HBL,Nepal Stock House (PVT) Ltd.,Naasa Securities Co. Ltd.,63,232.9,14672.7,2025-07-15 14:35:06.551489
2025-07-15,17070,2025071501019891,HBL,Dipshikha Dhitopatra Karobar Co. Pvt Ltd.,Naasa Securities Co. Ltd.,37,232.9,8617.3,2025-07-15 14:35:06.551688
2025-07-15,16848,2025071501019972,HBL,Dipshikha Dhitopatra Karobar Co. Pvt Ltd.,Naasa Securities Co. Ltd.,10,232.9,2329.0,2025-07-15 14:35:50.212550
2025-07-15,16573,2025071501020046,HBL,Sundhara Securities Limited,Dipshikha Dhitopatra Karobar Co. Pvt Ltd.,500,232.1,116050.0,2025-07-15 14:36:18.301875
2025-07-15,16477,2025071501020062,HBL,Kohinoor Investment & Securities Pvt. Ltd.,Thrive Brokerage House Pvt. Ltd,200,232.0,46400.0,2025-07-15 14:36:25.723726
2025-07-15,16476,2025071501020063,HBL,Naasa Securities Co. Ltd.,Thrive Brokerage House Pvt. Ltd,200,232.0,46400.0,2025-07-15 14:36:25.723928
2025-07-15,16475,2025071501020064,HBL,Trishakti Securities Public Limited,Thrive Brokerage House Pvt. Ltd,500,231.7,115850.0,2025-07-15 14:36:25.724008
2025-07-15,16474,2025071501020065,HBL,Oxford Securities Pvt. Ltd.,Thrive Brokerage House Pvt. Ltd,200,231.7,46340.0,2025-07-15 14:36:25.724089
2025-07-15,16473,2025071501020066,HBL,Vision Securities Pvt. Ltd,Thrive Brokerage House Pvt. Ltd,300,231.5,69450.0,2025-07-15 14:36:25.724193
2025-07-15,16472,2025071501020067,HBL,Sewa Securities Pvt. Ltd.,Thrive Brokerage House Pvt. Ltd,290,231.5,67135.0,2025-07-15 14:36:25.724272
2025-07-15,16471,2025071501020068,HBL,Thrive Brokerage House Pvt. Ltd,Thrive Brokerage House Pvt. Ltd,1000,231.1,231100.0,2025-07-15 14:36:25.724350
2025-07-15,16470,2025071501020069,HBL,Online Securities Pvt. Ltd.,Thrive Brokerage House Pvt. Ltd,55,231.0,12705.0,2025-07-15 14:36:25.724430
2025-07-15,16469,2025071501020070,HBL,Capital Max Securities Ltd,Thrive Brokerage House Pvt. Ltd,200,231.0,46200.0,2025-07-15 14:36:25.724506
2025-07-15,16468,2025071501020071,HBL,Sani Securities Company Ltd.,Thrive Brokerage House Pvt. Ltd,200,231.0,46200.0,2025-07-15 14:36:25.724588
2025-07-15,16467,2025071501020072,HBL,Deevyaa Securities & Stock House Pvt. Ltd,Thrive Brokerage House Pvt. Ltd,2000,231.0,462000.0,2025-07-15 14:36:25.724658
2025-07-15,16466,2025071501020073,HBL,Bhrikuti Stock Broking Co. Pvt. Ltd.,Thrive Brokerage House Pvt. Ltd,20,231.0,4620.0,2025-07-15 14:36:25.724733
2025-07-15,16465,2025071501020074,HBL,Aryatara Investment & Securities,Thrive Brokerage House Pvt. Ltd,500,231.0,115500.0,2025-07-15 14:36:25.724807
2025-07-15,16464,2025071501020075,HBL,Dipshikha Dhitopatra Karobar Co. Pvt Ltd.,Thrive Brokerage House Pvt. Ltd,1000,231.0,231000.0,2025-07-15 14:36:25.724890
2025-07-15,16463,2025071501020076,HBL,Kumari Securities Private Limited,Thrive Brokerage House Pvt. Ltd,308,230.8,71086.4,2025-07-15 14:36:25.724962
2025-07-15,16297,2025071501020163,HBL,Capital Max Securities Ltd,R.B.B. Securities Company Ltd,200,231.6,46320.0,2025-07-15 14:36:52.581313
2025-07-15,16197,2025071501020221,HBL,Sumeru Securities Pvt. Ltd.,Premier Securities Company Ltd.,50,232.9,11645.0,2025-07-15 14:37:01.412220
2025-07-15,16116,2025071501020246,HBL,Kumari Securities Private Limited,Kumari Securities Private Limited,380,230.8,87704.0,2025-07-15 14:37:13.613438
2025-07-15,15937,2025071501020335,HBL,Kumari Securities Private Limited,Naasa Securities Co. Ltd.,312,230.8,72009.6,2025-07-15 14:37:41.711495
2025-07-15,15936,2025071501020336,HBL,Imperial Securities Company Pvt. Ltd.,Naasa Securities Co. Ltd.,98,230.8,22618.4,2025-07-15 14:37:41.711859
2025-07-15,15754,2025071501020404,HBL,Sanima Securities Limited,Dipshikha Dhitopatra Karobar Co. Pvt Ltd.,20,231.0,4620.0,2025-07-15 14:38:02.864551
2025-07-15,15753,2025071501020405,HBL,Sanima Securities Limited,Kumari Securities Private Limited,480,232.0,111360.0,2025-07-15 14:38:02.864769
2025-07-15,15670,2025071501020441,HBL,Capital Max Securities Ltd,Naasa Securities Co. Ltd.,300,230.7,69210.0,2025-07-15 14:38:14.451339
2025-07-15,15667,2025071501020443,HBL,Premier Securities Company Ltd.,Kumari Securities Private Limited,100,232.0,23200.0,2025-07-15 14:38:15.081112
2025-07-15,14905,2025071501020713,HBL,Dipshikha Dhitopatra Karobar Co. Pvt Ltd.,Kumari Securities Private Limited,20,232.0,4640.0,2025-07-15 14:40:15.063728
2025-07-15,14904,2025071501020714,HBL,Dipshikha Dhitopatra Karobar Co. Pvt Ltd.,Naasa Securities Co. Ltd.,280,232.0,64960.0,2025-07-15 14:40:15.063936
2025-07-15,14637,2025071501020826,HBL,Dipshikha Dhitopatra Karobar Co. Pvt Ltd.,Naasa Securities Co. Ltd.,70,232.0,16240.0,2025-07-15 14:40:54.800909
2025-07-15,14431,2025071501020888,HBL,Premier Securities Company Ltd.,Kumari Securities Private Limited,60,233.0,13980.0,2025-07-15 14:41:23.747539
2025-07-15,13994,2025071501021009,HBL,Dipshikha Dhitopatra Karobar Co. Pvt Ltd.,Online Securities Pvt. Ltd.,138,232.0,32016.0,2025-07-15 14:42:27.219925
2025-07-15,13993,2025071501021010,HBL,Sanima Securities Limited,Online Securities Pvt. Ltd.,120,232.0,27840.0,2025-07-15 14:42:27.220294
2025-07-15,13978,2025071501021016,HBL,Sanima Securities Limited,Sharepro Securities Private Limited,191,232.0,44312.0,2025-07-15 14:42:29.658636
2025-07-15,13905,2025071501021052,HBL,Dynamic Money Managers Securities Pvt. Ltd.,Kumari Securities Private Limited,20,233.0,4660.0,2025-07-15 14:42:40.399278
2025-07-15,13356,2025071501021235,HBL,Trisul Securities & Invt. Ltd.,Sani Securities Company Ltd.,50,232.9,11645.0,2025-07-15 14:43:54.994048
2025-07-15,13355,2025071501021236,HBL,Trisul Securities & Invt. Ltd.,Kumari Securities Private Limited,476,233.0,110908.0,2025-07-15 14:43:54.994286
2025-07-15,13354,2025071501021237,HBL,Trisul Securities & Invt. Ltd.,Kohinoor Investment & Securities Pvt. Ltd.,50,233.0,11650.0,2025-07-15 14:43:54.994361
2025-07-15,13353,2025071501021238,HBL,Trisul Securities & Invt. Ltd.,Asian Securities Private Ltd.,24,233.0,5592.0,2025-07-15 14:43:54.994435
2025-07-15,13227,2025071501021273,HBL,Sanima Securities Limited,Online Securities Pvt. Ltd.,189,232.0,43848.0,2025-07-15 14:44:18.495837
2025-07-15,12253,2025071501021619,HBL,Nepal Investment And Securities Trading Private Limited,Online Securities Pvt. Ltd.,111,231.3,25674.3,2025-07-15 14:45:43.729773
2025-07-15,11817,2025071501021790,HBL,Naasa Securities Co. Ltd.,Sundhara Securities Limited,10,232.0,2320.0,2025-07-15 14:46:35.366911
2025-07-15,11631,2025071501021876,HBL,Naasa Securities Co. Ltd.,Sundhara Securities Limited,21,232.0,4872.0,2025-07-15 14:46:54.158284
2025-07-15,11347,2025071501021944,HBL,Creative Securities Pvt Ltd,Sundhara Securities Limited,169,232.0,39208.0,2025-07-15 14:47:26.681536
2025-07-15,10414,2025071501022237,HBL,Dynamic Money Managers Securities Pvt. Ltd.,Linch Stock Market Ltd.,50,232.9,11645.0,2025-07-15 14:49:04.279606
2025-07-15,10413,2025071501022238,HBL,Dynamic Money Managers Securities Pvt. Ltd.,Asian Securities Private Ltd.,176,233.0,41008.0,2025-07-15 14:49:04.279846
2025-07-15,10412,2025071501022239,HBL,Dynamic Money Managers Securities Pvt. Ltd.,Premier Securities Company Ltd.,774,233.0,180342.0,2025-07-15 14:49:04.279925
2025-07-15,9883,2025071501022447,HBL,Midas Stock Broking Company Private Limited,Premier Securities Company Ltd.,21,233.0,4893.0,2025-07-15 14:50:00.632170
2025-07-15,8669,2025071501022815,HBL,South Asian Bulls Pvt. Ltd.,Naasa Securities Co. Ltd.,29,232.1,6730.9,2025-07-15 14:51:31.762268
2025-07-15,8345,2025071501022917,HBL,South Asian Bulls Pvt. Ltd.,J.F. Securites (PVT) Ltd.,571,232.5,132757.5,2025-07-15 14:52:04.607069
2025-07-15,7894,2025071501023059,HBL,Agrawal Securities (PVT) Ltd.,J.F. Securites (PVT) Ltd.,879,232.5,204367.5,2025-07-15 14:52:33.967040
2025-07-15,7893,2025071501023060,HBL,Agrawal Securities (PVT) Ltd.,Premier Securities Company Ltd.,3371,233.0,785443.0,2025-07-15 14:52:33.967229
2025-07-15,7377,2025071501023229,HBL,Aryatara Investment & Securities,Premier Securities Company Ltd.,784,233.0,182672.0,2025-07-15 14:53:15.302947
2025-07-15,7376,2025071501023230,HBL,Aryatara Investment & Securities,Naasa Securities Co. Ltd.,113,233.0,26329.0,2025-07-15 14:53:15.303184
2025-07-15,7375,2025071501023231,HBL,Aryatara Investment & Securities,Sundhara Securities Limited,100,233.0,23300.0,2025-07-15 14:53:15.303271
2025-07-15,7234,2025071501023278,HBL,Dipshikha Dhitopatra Karobar Co. Pvt Ltd.,Nepal Investment And Securities Trading Private Limited,63,233.0,14679.0,2025-07-15 14:53:27.292468
2025-07-15,7233,2025071501023279,HBL,Dipshikha Dhitopatra Karobar Co. Pvt Ltd.,Naasa Securities Co. Ltd.,200,233.0,46600.0,2025-07-15 14:53:27.292660
2025-07-15,7232,2025071501023280,HBL,Dipshikha Dhitopatra Karobar Co. Pvt Ltd.,Aryatara Investment & Securities,30,233.0,6990.0,2025-07-15 14:53:27.292741
2025-07-15,6723,2025071501023470,HBL,Sewa Securities Pvt. Ltd.,Online Securities Pvt. Ltd.,50,233.5,11675.0,2025-07-15 14:54:08.054561
2025-07-15,6495,2025071501023562,HBL,Dipshikha Dhitopatra Karobar Co. Pvt Ltd.,Vision Securities Pvt. Ltd,91,233.0,21203.0,2025-07-15 14:54:28.011082
2025-07-15,6078,2025071501023707,HBL,Creative Securities Pvt Ltd,Online Securities Pvt. Ltd.,100,233.5,23350.0,2025-07-15 14:55:01.076888
2025-07-15,5933,2025071501023751,HBL,Nepal Stock House (PVT) Ltd.,Oxford Securities Pvt. Ltd.,103,233.1,24009.3,2025-07-15 14:55:16.037833
2025-07-15,5932,2025071501023752,HBL,Dipshikha Dhitopatra Karobar Co. Pvt Ltd.,Oxford Securities Pvt. Ltd.,15,233.0,3495.0,2025-07-15 14:55:16.038209
2025-07-15,5853,2025071501023772,HBL,Capital Max Securities Ltd,Oxford Securities Pvt. Ltd.,200,233.0,46600.0,2025-07-15 14:55:19.343679
2025-07-15,5514,2025071501023860,HBL,Online Securities Pvt. Ltd.,Oxford Securities Pvt. Ltd.,20,233.0,4660.0,2025-07-15 14:55:45.664804
2025-07-15,3923,2025071501024393,HBL,Aryatara Investment & Securities,Online Securities Pvt. Ltd.,18,232.6,4186.8,2025-07-15 14:57:43.753624
2025-07-15,3729,2025071501024476,HBL,Aryatara Investment & Securities,Dynamic Money Managers Securities Pvt. Ltd.,482,232.6,112113.2,2025-07-15 14:57:51.395195
2025-07-15,3525,2025071501024542,HBL,Blue Chip Securities Ltd,Thrive Brokerage House Pvt. Ltd,111,232.5,25807.5,2025-07-15 14:58:00.348707
2025-07-15,3057,2025071501024698,HBL,Linch Stock Market Ltd.,Dynamic Money Managers Securities Pvt. Ltd.,518,232.6,120486.8,2025-07-15 14:58:27.658071
2025-07-15,2545,2025071501024875,HBL,Linch Stock Market Ltd.,Imperial Securities Company Pvt. Ltd.,20,232.6,4652.0,2025-07-15 14:58:47.251310
2025-07-15,1680,2025071501025210,HBL,Linch Stock Market Ltd.,Himalayan Brokerage Company Limited,200,232.6,46520.0,2025-07-15 14:59:20.411290
2025-07-15,1381,2025071501025356,HBL,Dipshikha Dhitopatra Karobar Co. Pvt Ltd.,Oxford Securities Pvt. Ltd.,146,233.0,34018.0,2025-07-15 14:59:26.458770
2025-07-15,889,2025071501025525,HBL,Linch Stock Market Ltd.,Vision Securities Pvt. Ltd,262,232.6,60941.2,2025-07-15 14:59:40.467709
2025-07-15,888,2025071501025526,HBL,KALASH STOCK MARKET PVT. LTD.,Vision Securities Pvt. Ltd,138,232.6,32098.8,2025-07-15 14:59:40.467894
2025-07-15,680,2025071501025629,HBL,Kohinoor Investment & Securities Pvt. Ltd.,Oxford Securities Pvt. Ltd.,528,233.0,123024.0,2025-07-15 14:59:44.112534
2025-07-15,679,2025071501025630,HBL,Kohinoor Investment & Securities Pvt. Ltd.,Swarna Laxmi Securities Pvt. Ltd.,1000,233.0,233000.0,2025-07-15 14:59:44.112575
2025-07-15,678,2025071501025631,HBL,Kohinoor Investment & Securities Pvt. Ltd.,Dipshikha Dhitopatra Karobar Co. Pvt Ltd.,10,233.0,2330.0,2025-07-15 14:59:44.112605
2025-07-15,677,2025071501025632,HBL,Kohinoor Investment & Securities Pvt. Ltd.,Sani Securities Company Ltd.,400,233.0,93200.0,2025-07-15 14:59:44.112639
2025-07-15,676,2025071501025633,HBL,Kohinoor Investment & Securities Pvt. Ltd.,Online Securities Pvt. Ltd.,98,233.5,22883.0,2025-07-15 14:59:44.112667
2025-07-15,675,2025071501025634,HBL,Kohinoor Investment & Securities Pvt. Ltd.,Sani Securities Company Ltd.,100,233.5,23350.0,2025-07-15 14:59:44.112694
2025-07-15,674,2025071501025635,HBL,Kohinoor Investment & Securities Pvt. Ltd.,Sumeru Securities Pvt. Ltd.,600,233.5,140100.0,2025-07-15 14:59:44.112715
2025-07-15,673,2025071501025636,HBL,Kohinoor Investment & Securities Pvt. Ltd.,South Asian Bulls Pvt. Ltd.,50,233.6,11680.0,2025-07-15 14:59:44.112739
2025-07-15,672,2025071501025637,HBL,Kohinoor Investment & Securities Pvt. Ltd.,Sani Securities Company Ltd.,100,233.8,23380.0,2025-07-15 14:59:44.112770
2025-07-15,671,2025071501025638,HBL,Kohinoor Investment & Securities Pvt. Ltd.,J.F. Securites (PVT) Ltd.,10,233.9,2339.0,2025-07-15 14:59:44.112803
2025-07-15,670,2025071501025639,HBL,Kohinoor Investment & Securities Pvt. Ltd.,Market Securities & Exchange (PVT) Ltd.,50,233.9,11695.0,2025-07-15 14:59:44.112832
2025-07-15,669,2025071501025640,HBL,Kohinoor Investment & Securities Pvt. Ltd.,BHOLE GANESH SECURITIES LTD,97,233.9,22688.3,2025-07-15 14:59:44.112857
2025-07-15,668,2025071501025641,HBL,Kohinoor Investment & Securities Pvt. Ltd.,R.B.B. Securities Company Ltd,100,234.0,23400.0,2025-07-15 14:59:44.112887
2025-07-15,667,2025071501025642,HBL,Kohinoor Investment & Securities Pvt. Ltd.,Sri Hari Securities Pvt. Ltd.,1000,234.0,234000.0,2025-07-15 14:59:44.112940
2025-07-15,666,2025071501025643,HBL,Kohinoor Investment & Securities Pvt. Ltd.,Kalika Securities Pvt. Ltd.,857,234.0,200538.0,2025-07-15 14:59:44.112969
