Date,S.N.,contract_id,symbol,buyer_broker,seller_broker,volume,price,amount,transaction_time
2025-07-15,73768,2025071504000108,HURJA,Deevyaa Securities & Stock House Pvt. Ltd,Primo Securities (PVT) Ltd.,10,252.0,2520.0,2025-07-15 11:02:26.394992
2025-07-15,72426,2025071504000517,HURJA,Naasa Securities Co. Ltd.,Primo Securities (PVT) Ltd.,100,252.0,25200.0,2025-07-15 11:09:40.117259
2025-07-15,71278,2025071504000919,HURJA,Nepal Investment And Securities Trading Private Limited,Agrawal Securities (PVT) Ltd.,50,251.9,12595.0,2025-07-15 11:14:47.123476
2025-07-15,71277,2025071504000920,HURJA,Nepal Investment And Securities Trading Private Limited,Primo Securities (PVT) Ltd.,140,252.0,35280.0,2025-07-15 11:14:47.123642
2025-07-15,71276,2025071504000921,HURJA,Nepal Investment And Securities Trading Private Limited,Cristal Kanchanjanga Securites Pvt. Ltd.,372,252.0,93744.0,2025-07-15 11:14:47.123705
2025-07-15,71271,2025071504000922,HURJA,Asian Securities Private Ltd.,Creative Securities Pvt Ltd,1000,250.0,250000.0,2025-07-15 11:14:48.016771
2025-07-15,69858,2025071504001415,HURJA,Online Securities Pvt. Ltd.,Naasa Securities Co. Ltd.,100,250.0,25000.0,2025-07-15 11:20:06.282326
2025-07-15,68216,2025071504002129,HURJA,Agrawal Securities (PVT) Ltd.,Asian Securities Private Ltd.,100,250.0,25000.0,2025-07-15 11:25:58.016650
2025-07-15,67795,2025071504002272,HURJA,Dakshinkali Investment & Securities Pvt. Ltd.,Linch Stock Market Ltd.,500,249.0,124500.0,2025-07-15 11:27:55.362055
2025-07-15,67794,2025071504002273,HURJA,Online Securities Pvt. Ltd.,Linch Stock Market Ltd.,500,249.0,124500.0,2025-07-15 11:27:55.362352
2025-07-15,67098,2025071504002512,HURJA,Online Securities Pvt. Ltd.,Vision Securities Pvt. Ltd,100,249.0,24900.0,2025-07-15 11:30:55.957063
2025-07-15,66587,2025071504002656,HURJA,Online Securities Pvt. Ltd.,Creative Securities Pvt Ltd,400,249.0,99600.0,2025-07-15 11:33:28.517308
2025-07-15,64917,2025071504003185,HURJA,Naasa Securities Co. Ltd.,Aryatara Investment & Securities,90,249.2,22428.0,2025-07-15 11:39:52.899048
2025-07-15,64916,2025071504003186,HURJA,Secured Securities Ltd.,Aryatara Investment & Securities,100,249.1,24910.0,2025-07-15 11:39:52.899388
2025-07-15,64915,2025071504003187,HURJA,Sani Securities Company Ltd.,Aryatara Investment & Securities,10,249.0,2490.0,2025-07-15 11:39:52.899592
2025-07-15,64450,2025071504003358,HURJA,Bhrikuti Stock Broking Co. Pvt. Ltd.,Oxford Securities Pvt. Ltd.,305,249.0,75945.0,2025-07-15 11:42:04.303996
2025-07-15,64214,2025071504003440,HURJA,Sri Hari Securities Pvt. Ltd.,Oxford Securities Pvt. Ltd.,10,249.0,2490.0,2025-07-15 11:43:07.240507
2025-07-15,63509,2025071504003594,HURJA,Online Securities Pvt. Ltd.,Nagarik Stock Dealer ,13,248.6,3231.8,2025-07-15 11:45:57.282402
2025-07-15,63496,2025071504003598,HURJA,Midas Stock Broking Company Private Limited,Nagarik Stock Dealer ,30,248.6,7458.0,2025-07-15 11:45:58.717158
2025-07-15,63295,2025071504003646,HURJA,Online Securities Pvt. Ltd.,Nagarik Stock Dealer ,10,248.3,2483.0,2025-07-15 11:46:45.504621
2025-07-15,63220,2025071504003663,HURJA,Sewa Securities Pvt. Ltd.,Nagarik Stock Dealer ,70,248.2,17374.0,2025-07-15 11:46:59.549273
2025-07-15,63172,2025071504003682,HURJA,Vision Securities Pvt. Ltd,Nagarik Stock Dealer ,377,248.1,93533.7,2025-07-15 11:47:15.602853
2025-07-15,62538,2025071504003883,HURJA,KALASH STOCK MARKET PVT. LTD.,South Asian Bulls Pvt. Ltd.,50,248.2,12410.0,2025-07-15 11:49:56.924076
2025-07-15,62537,2025071504003884,HURJA,Vision Securities Pvt. Ltd,South Asian Bulls Pvt. Ltd.,623,248.1,154566.3,2025-07-15 11:49:56.924415
2025-07-15,62536,2025071504003885,HURJA,Dipshikha Dhitopatra Karobar Co. Pvt Ltd.,South Asian Bulls Pvt. Ltd.,232,248.1,57559.2,2025-07-15 11:49:56.924635
2025-07-15,62535,2025071504003886,HURJA,Agrawal Securities (PVT) Ltd.,South Asian Bulls Pvt. Ltd.,30,248.0,7440.0,2025-07-15 11:49:56.924840
2025-07-15,61925,2025071504004064,HURJA,Dakshinkali Investment & Securities Pvt. Ltd.,Oxford Securities Pvt. Ltd.,85,249.0,21165.0,2025-07-15 11:52:14.063889
2025-07-15,61924,2025071504004065,HURJA,Dakshinkali Investment & Securities Pvt. Ltd.,Sri Hari Securities Pvt. Ltd.,300,249.0,74700.0,2025-07-15 11:52:14.064121
2025-07-15,61660,2025071504004168,HURJA,Online Securities Pvt. Ltd.,South Asian Bulls Pvt. Ltd.,65,248.9,16178.5,2025-07-15 11:53:18.342478
2025-07-15,61608,2025071504004185,HURJA,Dynamic Money Managers Securities Pvt. Ltd.,South Asian Bulls Pvt. Ltd.,2000,249.8,499600.0,2025-07-15 11:53:33.372467
2025-07-15,61492,2025071504004197,HURJA,Online Securities Pvt. Ltd.,Vision Securities Pvt. Ltd,35,248.1,8683.5,2025-07-15 11:54:01.788618
2025-07-15,61491,2025071504004198,HURJA,J.F. Securites (PVT) Ltd.,Vision Securities Pvt. Ltd,45,248.0,11160.0,2025-07-15 11:54:01.788813
2025-07-15,60798,2025071504004383,HURJA,J.F. Securites (PVT) Ltd.,Nepal Stock House (PVT) Ltd.,500,248.0,124000.0,2025-07-15 11:56:01.222475
2025-07-15,60747,2025071504004393,HURJA,J.F. Securites (PVT) Ltd.,South Asian Bulls Pvt. Ltd.,10,248.0,2480.0,2025-07-15 11:56:08.868708
2025-07-15,60662,2025071504004402,HURJA,Deevyaa Securities & Stock House Pvt. Ltd,Opal Securities Investment (PVT) Ltd.,40,248.1,9924.0,2025-07-15 11:56:25.044895
2025-07-15,59778,2025071504004628,HURJA,ABC Securities Private Limited,Sri Hari Securities Pvt. Ltd.,200,249.5,49900.0,2025-07-15 11:59:19.740682
2025-07-15,58892,2025071504004911,HURJA,Deevyaa Securities & Stock House Pvt. Ltd,Linch Stock Market Ltd.,960,248.1,238176.0,2025-07-15 12:02:23.530520
2025-07-15,58799,2025071504004956,HURJA,J.F. Securites (PVT) Ltd.,Linch Stock Market Ltd.,55,248.0,13640.0,2025-07-15 12:02:45.706551
2025-07-15,58798,2025071504004957,HURJA,J.F. Securites (PVT) Ltd.,Linch Stock Market Ltd.,50,248.0,12400.0,2025-07-15 12:02:45.706897
2025-07-15,58797,2025071504004958,HURJA,Sewa Securities Pvt. Ltd.,Linch Stock Market Ltd.,500,248.0,124000.0,2025-07-15 12:02:45.707135
2025-07-15,58796,2025071504004959,HURJA,Sumeru Securities Pvt. Ltd.,Linch Stock Market Ltd.,300,248.0,74400.0,2025-07-15 12:02:45.707371
2025-07-15,58576,2025071504005018,HURJA,KALASH STOCK MARKET PVT. LTD.,Linch Stock Market Ltd.,50,248.0,12400.0,2025-07-15 12:03:39.536957
2025-07-15,58575,2025071504005019,HURJA,ABC Securities Private Limited,Linch Stock Market Ltd.,85,248.0,21080.0,2025-07-15 12:03:39.616859
2025-07-15,57894,2025071504005221,HURJA,ABC Securities Private Limited,Creative Securities Pvt Ltd,15,248.0,3720.0,2025-07-15 12:06:34.841463
2025-07-15,57893,2025071504005222,HURJA,Aryatara Investment & Securities,Creative Securities Pvt Ltd,100,248.0,24800.0,2025-07-15 12:06:34.841523
2025-07-15,57892,2025071504005223,HURJA,Online Securities Pvt. Ltd.,Creative Securities Pvt Ltd,13,247.8,3221.4,2025-07-15 12:06:34.841558
2025-07-15,57891,2025071504005224,HURJA,Linch Stock Market Ltd.,Creative Securities Pvt Ltd,497,247.7,123106.9,2025-07-15 12:06:34.841582
2025-07-15,56135,2025071504005695,HURJA,Dynamic Money Managers Securities Pvt. Ltd.,Naasa Securities Co. Ltd.,100,247.7,24770.0,2025-07-15 12:14:09.871607
2025-07-15,55290,2025071504005963,HURJA,Imperial Securities Company Pvt. Ltd.,Capital Max Securities Ltd,300,248.0,74400.0,2025-07-15 12:17:29.559025
2025-07-15,55289,2025071504005964,HURJA,Premier Securities Company Ltd.,Capital Max Securities Ltd,500,247.8,123900.0,2025-07-15 12:17:29.559220
2025-07-15,55288,2025071504005965,HURJA,Dynamic Money Managers Securities Pvt. Ltd.,Capital Max Securities Ltd,900,247.7,222930.0,2025-07-15 12:17:29.559375
2025-07-15,55287,2025071504005966,HURJA,Online Securities Pvt. Ltd.,Capital Max Securities Ltd,10,247.6,2476.0,2025-07-15 12:17:29.559475
2025-07-15,55286,2025071504005967,HURJA,Cristal Kanchanjanga Securites Pvt. Ltd.,Capital Max Securities Ltd,20,247.6,4952.0,2025-07-15 12:17:29.559583
2025-07-15,55285,2025071504005968,HURJA,Vision Securities Pvt. Ltd,Capital Max Securities Ltd,200,247.5,49500.0,2025-07-15 12:17:29.559681
2025-07-15,55284,2025071504005969,HURJA,Market Securities & Exchange (PVT) Ltd.,Capital Max Securities Ltd,70,247.5,17325.0,2025-07-15 12:17:29.559780
2025-07-15,54340,2025071504006280,HURJA,Imperial Securities Company Pvt. Ltd.,Nagarik Stock Dealer ,160,248.0,39680.0,2025-07-15 12:20:50.742930
2025-07-15,53913,2025071504006453,HURJA,Sundhara Securities Limited,Asian Securities Private Ltd.,40,248.0,9920.0,2025-07-15 12:22:43.746006
2025-07-15,52896,2025071504006815,HURJA,ABC Securities Private Limited,Nagarik Stock Dealer ,100,249.0,24900.0,2025-07-15 12:26:18.714824
2025-07-15,52814,2025071504006846,HURJA,Sundhara Securities Limited,Nagarik Stock Dealer ,240,249.0,59760.0,2025-07-15 12:26:38.086310
2025-07-15,52489,2025071504006946,HURJA,Sundhara Securities Limited,Online Securities Pvt. Ltd.,20,249.0,4980.0,2025-07-15 12:28:07.195377
2025-07-15,52167,2025071504007025,HURJA,ABC Securities Private Limited,Online Securities Pvt. Ltd.,20,248.2,4964.0,2025-07-15 12:29:18.765473
2025-07-15,51810,2025071504007102,HURJA,ABC Securities Private Limited,Sumeru Securities Pvt. Ltd.,40,248.2,9928.0,2025-07-15 12:30:39.145760
2025-07-15,51054,2025071504007392,HURJA,Kohinoor Investment & Securities Pvt. Ltd.,Sani Securities Company Ltd.,500,248.3,124150.0,2025-07-15 12:34:00.773766
2025-07-15,50700,2025071504007488,HURJA,ABC Securities Private Limited,Creative Securities Pvt Ltd,190,248.2,47158.0,2025-07-15 12:35:47.782901
2025-07-15,50699,2025071504007489,HURJA,Linch Stock Market Ltd.,Creative Securities Pvt Ltd,100,248.2,24820.0,2025-07-15 12:35:47.783185
2025-07-15,49977,2025071504007811,HURJA,Online Securities Pvt. Ltd.,Dipshikha Dhitopatra Karobar Co. Pvt Ltd.,100,249.0,24900.0,2025-07-15 12:38:52.978689
2025-07-15,49525,2025071504008000,HURJA,Kohinoor Investment & Securities Pvt. Ltd.,Dipshikha Dhitopatra Karobar Co. Pvt Ltd.,10,249.0,2490.0,2025-07-15 12:40:36.085971
2025-07-15,48292,2025071504008575,HURJA,Trisul Securities & Invt. Ltd.,Hatemalo Financial Services Private Limited,100,248.2,24820.0,2025-07-15 12:44:58.130379
2025-07-15,48291,2025071504008576,HURJA,Oxford Securities Pvt. Ltd.,Hatemalo Financial Services Private Limited,300,248.1,74430.0,2025-07-15 12:44:58.130757
2025-07-15,48290,2025071504008577,HURJA,Linch Stock Market Ltd.,Hatemalo Financial Services Private Limited,240,248.0,59520.0,2025-07-15 12:44:58.131020
2025-07-15,47432,2025071504008884,HURJA,Linch Stock Market Ltd.,Malla & Malla Stock Broking Company Pvt. Limited,100,248.0,24800.0,2025-07-15 12:48:18.661002
2025-07-15,47108,2025071504008991,HURJA,Linch Stock Market Ltd.,Asian Securities Private Ltd.,45,248.0,11160.0,2025-07-15 12:49:08.919818
2025-07-15,47107,2025071504008992,HURJA,Siprabi Securities Pvt. Ltd.,Asian Securities Private Ltd.,455,248.0,112840.0,2025-07-15 12:49:08.920031
2025-07-15,45619,2025071504009600,HURJA,Vision Securities Pvt. Ltd,Sumeru Securities Pvt. Ltd.,100,248.5,24850.0,2025-07-15 12:54:34.206918
2025-07-15,45175,2025071504009794,HURJA,Kohinoor Investment & Securities Pvt. Ltd.,Sumeru Securities Pvt. Ltd.,100,248.5,24850.0,2025-07-15 12:56:31.017604
2025-07-15,45101,2025071504009820,HURJA,Kohinoor Investment & Securities Pvt. Ltd.,Asian Securities Private Ltd.,500,248.5,124250.0,2025-07-15 12:56:55.626568
2025-07-15,44761,2025071504009927,HURJA,Kohinoor Investment & Securities Pvt. Ltd.,Sumeru Securities Pvt. Ltd.,200,248.5,49700.0,2025-07-15 12:58:19.677151
2025-07-15,44025,2025071504010151,HURJA,Imperial Securities Company Pvt. Ltd.,Imperial Securities Company Pvt. Ltd.,700,248.9,174230.0,2025-07-15 13:00:35.433045
2025-07-15,43984,2025071504010171,HURJA,Sumeru Securities Pvt. Ltd.,Dipshikha Dhitopatra Karobar Co. Pvt Ltd.,190,249.0,47310.0,2025-07-15 13:00:42.208708
2025-07-15,43983,2025071504010172,HURJA,Sumeru Securities Pvt. Ltd.,Creative Securities Pvt Ltd,10,249.0,2490.0,2025-07-15 13:00:42.208747
2025-07-15,43879,2025071504010234,HURJA,Imperial Securities Company Pvt. Ltd.,Investment Management Nepal Pvt. Ltd.,300,248.9,74670.0,2025-07-15 13:01:06.402172
2025-07-15,43676,2025071504010280,HURJA,Kohinoor Investment & Securities Pvt. Ltd.,Investment Management Nepal Pvt. Ltd.,25,248.9,6222.5,2025-07-15 13:01:37.698943
2025-07-15,43458,2025071504010359,HURJA,Naasa Securities Co. Ltd.,Sani Securities Company Ltd.,359,248.6,89247.4,2025-07-15 13:02:36.231431
2025-07-15,43288,2025071504010451,HURJA,Sani Securities Company Ltd.,Sani Securities Company Ltd.,241,248.5,59888.5,2025-07-15 13:03:16.762790
2025-07-15,42908,2025071504010577,HURJA,Dakshinkali Investment & Securities Pvt. Ltd.,Investment Management Nepal Pvt. Ltd.,500,248.9,124450.0,2025-07-15 13:04:32.410395
2025-07-15,42587,2025071504010696,HURJA,Sani Securities Company Ltd.,Investment Management Nepal Pvt. Ltd.,150,248.9,37335.0,2025-07-15 13:05:37.531236
2025-07-15,42510,2025071504010730,HURJA,Sweta Securities Private Limited,Investment Management Nepal Pvt. Ltd.,20,248.9,4978.0,2025-07-15 13:05:46.117021
2025-07-15,42354,2025071504010785,HURJA,Sani Securities Company Ltd.,Creative Securities Pvt Ltd,20,249.0,4980.0,2025-07-15 13:06:33.186117
2025-07-15,42276,2025071504010808,HURJA,Nepal Stock House (PVT) Ltd.,Creative Securities Pvt Ltd,280,249.0,69720.0,2025-07-15 13:06:50.667794
2025-07-15,42275,2025071504010809,HURJA,Nepal Stock House (PVT) Ltd.,Nepal Stock House (PVT) Ltd.,100,249.0,24900.0,2025-07-15 13:06:50.668011
2025-07-15,42274,2025071504010810,HURJA,Nepal Stock House (PVT) Ltd.,Deevyaa Securities & Stock House Pvt. Ltd,20,249.0,4980.0,2025-07-15 13:06:50.668106
2025-07-15,42273,2025071504010811,HURJA,Nepal Stock House (PVT) Ltd.,Creative Securities Pvt Ltd,600,249.0,149400.0,2025-07-15 13:06:50.668197
2025-07-15,42165,2025071504010839,HURJA,Sani Securities Company Ltd.,Creative Securities Pvt Ltd,100,249.0,24900.0,2025-07-15 13:07:15.729250
2025-07-15,42039,2025071504010879,HURJA,Deevyaa Securities & Stock House Pvt. Ltd,Indira securities pvt. ltd,650,249.8,162370.0,2025-07-15 13:07:37.789396
2025-07-15,42038,2025071504010880,HURJA,Deevyaa Securities & Stock House Pvt. Ltd,Nagarik Stock Dealer ,200,249.9,49980.0,2025-07-15 13:07:37.789445
2025-07-15,42037,2025071504010881,HURJA,Deevyaa Securities & Stock House Pvt. Ltd,Creative Securities Pvt Ltd,150,249.9,37485.0,2025-07-15 13:07:37.789476
2025-07-15,41583,2025071504011042,HURJA,Sani Securities Company Ltd.,Infinity Securities Limited,459,249.0,114291.0,2025-07-15 13:09:08.057911
2025-07-15,41582,2025071504011043,HURJA,Midas Stock Broking Company Private Limited,Infinity Securities Limited,41,249.0,10209.0,2025-07-15 13:09:08.058382
2025-07-15,40819,2025071504011300,HURJA,Vision Securities Pvt. Ltd,Creative Securities Pvt Ltd,850,249.9,212415.0,2025-07-15 13:11:19.152751
2025-07-15,40818,2025071504011301,HURJA,Vision Securities Pvt. Ltd,Investment Management Nepal Pvt. Ltd.,150,249.9,37485.0,2025-07-15 13:11:19.153007
2025-07-15,40659,2025071504011370,HURJA,Dynamic Money Managers Securities Pvt. Ltd.,Investment Management Nepal Pvt. Ltd.,800,249.9,199920.0,2025-07-15 13:12:00.566494
2025-07-15,40654,2025071504011374,HURJA,Vision Securities Pvt. Ltd,Investment Management Nepal Pvt. Ltd.,50,249.9,12495.0,2025-07-15 13:12:01.532556
2025-07-15,40653,2025071504011375,HURJA,Vision Securities Pvt. Ltd,Asian Securities Private Ltd.,150,250.0,37500.0,2025-07-15 13:12:01.532950
2025-07-15,40493,2025071504011444,HURJA,Thrive Brokerage House Pvt. Ltd,Asian Securities Private Ltd.,200,250.0,50000.0,2025-07-15 13:12:35.393117
2025-07-15,40350,2025071504011501,HURJA,South Asian Bulls Pvt. Ltd.,Asian Securities Private Ltd.,200,250.0,50000.0,2025-07-15 13:13:03.530602
2025-07-15,40228,2025071504011539,HURJA,Premier Securities Company Ltd.,Nabil Stock Dealer Ltd.,2000,249.2,498400.0,2025-07-15 13:13:27.239755
2025-07-15,40219,2025071504011546,HURJA,Dynamic Money Managers Securities Pvt. Ltd.,Asian Securities Private Ltd.,1350,250.0,337500.0,2025-07-15 13:13:28.761197
2025-07-15,40218,2025071504011547,HURJA,Dynamic Money Managers Securities Pvt. Ltd.,Dipshikha Dhitopatra Karobar Co. Pvt Ltd.,30,250.0,7500.0,2025-07-15 13:13:28.761466
2025-07-15,40217,2025071504011548,HURJA,Dynamic Money Managers Securities Pvt. Ltd.,Secured Securities Ltd.,20,250.0,5000.0,2025-07-15 13:13:28.761610
2025-07-15,40216,2025071504011549,HURJA,Dynamic Money Managers Securities Pvt. Ltd.,Kalika Securities Pvt. Ltd.,450,250.0,112500.0,2025-07-15 13:13:28.761729
2025-07-15,40215,2025071504011550,HURJA,Dynamic Money Managers Securities Pvt. Ltd.,Dakshinkali Investment & Securities Pvt. Ltd.,30,250.0,7500.0,2025-07-15 13:13:28.761850
2025-07-15,40214,2025071504011551,HURJA,Dynamic Money Managers Securities Pvt. Ltd.,Trishakti Securities Public Limited,50,250.0,12500.0,2025-07-15 13:13:28.761983
2025-07-15,40213,2025071504011552,HURJA,Dynamic Money Managers Securities Pvt. Ltd.,Investment Management Nepal Pvt. Ltd.,70,250.0,17500.0,2025-07-15 13:13:28.762109
2025-07-15,39765,2025071504011734,HURJA,Agrawal Securities (PVT) Ltd.,KALASH STOCK MARKET PVT. LTD.,200,249.1,49820.0,2025-07-15 13:14:54.909167
2025-07-15,39528,2025071504011825,HURJA,Agrawal Securities (PVT) Ltd.,Capital Max Securities Ltd,100,249.1,24910.0,2025-07-15 13:15:41.349114
2025-07-15,39253,2025071504011928,HURJA,Agrawal Securities (PVT) Ltd.,Capital Max Securities Ltd,12,249.1,2989.2,2025-07-15 13:16:40.601892
2025-07-15,38839,2025071504012035,HURJA,Thrive Brokerage House Pvt. Ltd,Investment Management Nepal Pvt. Ltd.,430,250.0,107500.0,2025-07-15 13:17:48.718775
2025-07-15,38838,2025071504012036,HURJA,Thrive Brokerage House Pvt. Ltd,Opal Securities Investment (PVT) Ltd.,20,250.0,5000.0,2025-07-15 13:17:48.718842
2025-07-15,38837,2025071504012037,HURJA,Thrive Brokerage House Pvt. Ltd,Sumeru Securities Pvt. Ltd.,200,250.0,50000.0,2025-07-15 13:17:48.718871
2025-07-15,38836,2025071504012038,HURJA,Thrive Brokerage House Pvt. Ltd,Nepal Stock House (PVT) Ltd.,40,250.0,10000.0,2025-07-15 13:17:48.718900
2025-07-15,38835,2025071504012039,HURJA,Thrive Brokerage House Pvt. Ltd,Sundhara Securities Limited,500,250.0,125000.0,2025-07-15 13:17:48.718929
2025-07-15,38801,2025071504012053,HURJA,Trishakti Securities Public Limited,Nagarik Stock Dealer ,100,251.0,25100.0,2025-07-15 13:17:58.721099
2025-07-15,38800,2025071504012054,HURJA,Trishakti Securities Public Limited,Sumeru Securities Pvt. Ltd.,100,251.0,25100.0,2025-07-15 13:17:58.721349
2025-07-15,38799,2025071504012055,HURJA,Trishakti Securities Public Limited,Aryatara Investment & Securities,100,251.0,25100.0,2025-07-15 13:17:58.721449
2025-07-15,38798,2025071504012056,HURJA,Trishakti Securities Public Limited,Nepal Investment And Securities Trading Private Limited,500,251.0,125500.0,2025-07-15 13:17:58.721538
2025-07-15,38192,2025071504012255,HURJA,Trishakti Securities Public Limited,Citizens Share Broker Limited,200,250.0,50000.0,2025-07-15 13:20:38.947755
2025-07-15,38191,2025071504012256,HURJA,Nepal Investment And Securities Trading Private Limited,Citizens Share Broker Limited,50,250.0,12500.0,2025-07-15 13:20:38.948163
2025-07-15,37883,2025071504012366,HURJA,Shree Krishna Securities Ltd.,Kalika Securities Pvt. Ltd.,20,249.3,4986.0,2025-07-15 13:22:07.217867
2025-07-15,37643,2025071504012480,HURJA,Online Securities Pvt. Ltd.,Kohinoor Investment & Securities Pvt. Ltd.,10,249.4,2494.0,2025-07-15 13:22:59.113719
2025-07-15,35861,2025071504012988,HURJA,BHOLE GANESH SECURITIES LTD,Online Securities Pvt. Ltd.,200,250.0,50000.0,2025-07-15 13:30:34.943354
2025-07-15,35614,2025071504013065,HURJA,Trishakti Securities Public Limited,Dipshikha Dhitopatra Karobar Co. Pvt Ltd.,10,251.0,2510.0,2025-07-15 13:31:33.257456
2025-07-15,35613,2025071504013066,HURJA,Trishakti Securities Public Limited,Market Securities & Exchange (PVT) Ltd.,20,251.3,5026.0,2025-07-15 13:31:33.258067
2025-07-15,35612,2025071504013067,HURJA,Trishakti Securities Public Limited,Naasa Securities Co. Ltd.,750,251.4,188550.0,2025-07-15 13:31:33.258534
2025-07-15,35611,2025071504013068,HURJA,Trishakti Securities Public Limited,Asian Securities Private Ltd.,220,251.4,55308.0,2025-07-15 13:31:33.258961
2025-07-15,35061,2025071504013224,HURJA,Vision Securities Pvt. Ltd,Nagarik Stock Dealer ,100,251.3,25130.0,2025-07-15 13:34:03.613514
2025-07-15,35060,2025071504013225,HURJA,Vision Securities Pvt. Ltd,Asian Securities Private Ltd.,226,251.4,56816.4,2025-07-15 13:34:03.613770
2025-07-15,35059,2025071504013226,HURJA,Vision Securities Pvt. Ltd,Trishakti Securities Public Limited,500,251.5,125750.0,2025-07-15 13:34:03.613866
2025-07-15,35058,2025071504013227,HURJA,Vision Securities Pvt. Ltd,Oxford Securities Pvt. Ltd.,1474,251.7,371005.8,2025-07-15 13:34:03.613956
2025-07-15,34465,2025071504013375,HURJA,Imperial Securities Company Pvt. Ltd.,Aryatara Investment & Securities,60,251.0,15060.0,2025-07-15 13:36:16.077071
2025-07-15,34382,2025071504013403,HURJA,Imperial Securities Company Pvt. Ltd.,Citizens Share Broker Limited,140,251.0,35140.0,2025-07-15 13:36:33.342322
2025-07-15,34305,2025071504013434,HURJA,Kumari Securities Private Limited,Citizens Share Broker Limited,280,250.1,70028.0,2025-07-15 13:36:51.402256
2025-07-15,34024,2025071504013528,HURJA,J.F. Securites (PVT) Ltd.,Dipshikha Dhitopatra Karobar Co. Pvt Ltd.,50,250.0,12500.0,2025-07-15 13:37:46.921256
2025-07-15,34023,2025071504013529,HURJA,Aryatara Investment & Securities,Dipshikha Dhitopatra Karobar Co. Pvt Ltd.,100,250.0,25000.0,2025-07-15 13:37:46.921505
2025-07-15,34022,2025071504013530,HURJA,Sani Securities Company Ltd.,Dipshikha Dhitopatra Karobar Co. Pvt Ltd.,315,250.0,78750.0,2025-07-15 13:37:46.921612
2025-07-15,33781,2025071504013625,HURJA,Vision Securities Pvt. Ltd,Dipshikha Dhitopatra Karobar Co. Pvt Ltd.,500,250.0,125000.0,2025-07-15 13:38:41.277540
2025-07-15,33632,2025071504013675,HURJA,Vision Securities Pvt. Ltd,Dipshikha Dhitopatra Karobar Co. Pvt Ltd.,1000,250.0,250000.0,2025-07-15 13:39:22.751008
2025-07-15,33441,2025071504013753,HURJA,Trademow Securities Private Limited,Dipshikha Dhitopatra Karobar Co. Pvt Ltd.,35,250.0,8750.0,2025-07-15 13:40:00.491517
2025-07-15,33440,2025071504013754,HURJA,Trademow Securities Private Limited,Citizens Share Broker Limited,265,250.0,66250.0,2025-07-15 13:40:00.491965
2025-07-15,33391,2025071504013772,HURJA,Investment Management Nepal Pvt. Ltd.,Citizens Share Broker Limited,165,250.0,41250.0,2025-07-15 13:40:17.511777
2025-07-15,31812,2025071504014140,HURJA,Trishakti Securities Public Limited,Creative Securities Pvt Ltd,500,250.1,125050.0,2025-07-15 13:46:08.278784
2025-07-15,31750,2025071504014159,HURJA,Sundhara Securities Limited,Creative Securities Pvt Ltd,1000,250.1,250100.0,2025-07-15 13:46:24.360104
2025-07-15,31559,2025071504014244,HURJA,Vision Securities Pvt. Ltd,Capital Max Securities Ltd,250,251.0,62750.0,2025-07-15 13:47:07.234377
2025-07-15,31558,2025071504014245,HURJA,Vision Securities Pvt. Ltd,Oxford Securities Pvt. Ltd.,326,251.2,81891.2,2025-07-15 13:47:07.234629
2025-07-15,31557,2025071504014246,HURJA,Vision Securities Pvt. Ltd,Oxford Securities Pvt. Ltd.,200,251.3,50260.0,2025-07-15 13:47:07.234744
2025-07-15,31556,2025071504014247,HURJA,Vision Securities Pvt. Ltd,Property Wiard Limited,1290,251.4,324306.0,2025-07-15 13:47:07.234840
2025-07-15,31555,2025071504014248,HURJA,Vision Securities Pvt. Ltd,Primo Securities (PVT) Ltd.,300,251.5,75450.0,2025-07-15 13:47:07.234939
2025-07-15,31501,2025071504014276,HURJA,ABC Securities Private Limited,Trademow Securities Private Limited,1000,251.6,251600.0,2025-07-15 13:47:21.055499
2025-07-15,31383,2025071504014309,HURJA,Online Securities Pvt. Ltd.,Trademow Securities Private Limited,300,251.6,75480.0,2025-07-15 13:47:51.350900
2025-07-15,31359,2025071504014315,HURJA,Sri Hari Securities Pvt. Ltd.,Trademow Securities Private Limited,200,251.6,50320.0,2025-07-15 13:47:54.967849
2025-07-15,31358,2025071504014316,HURJA,Sri Hari Securities Pvt. Ltd.,Trademow Securities Private Limited,500,251.6,125800.0,2025-07-15 13:47:54.968295
2025-07-15,31307,2025071504014328,HURJA,Aryatara Investment & Securities,Primo Securities (PVT) Ltd.,200,251.8,50360.0,2025-07-15 13:48:11.717020
2025-07-15,31306,2025071504014329,HURJA,Aryatara Investment & Securities,Primo Securities (PVT) Ltd.,60,251.9,15114.0,2025-07-15 13:48:11.717168
2025-07-15,31305,2025071504014330,HURJA,Aryatara Investment & Securities,Primo Securities (PVT) Ltd.,500,251.9,125950.0,2025-07-15 13:48:11.717310
2025-07-15,31304,2025071504014331,HURJA,Aryatara Investment & Securities,Cristal Kanchanjanga Securites Pvt. Ltd.,628,252.0,158256.0,2025-07-15 13:48:11.717465
2025-07-15,31303,2025071504014332,HURJA,Aryatara Investment & Securities,Himalayan Brokerage Company Limited,1000,252.0,252000.0,2025-07-15 13:48:11.717576
2025-07-15,31302,2025071504014333,HURJA,Aryatara Investment & Securities,Sri Hari Securities Pvt. Ltd.,500,252.0,126000.0,2025-07-15 13:48:11.717698
2025-07-15,31301,2025071504014334,HURJA,Aryatara Investment & Securities,Kohinoor Investment & Securities Pvt. Ltd.,112,252.0,28224.0,2025-07-15 13:48:11.717794
2025-07-15,31182,2025071504014370,HURJA,Vision Securities Pvt. Ltd,Kohinoor Investment & Securities Pvt. Ltd.,888,252.0,223776.0,2025-07-15 13:48:40.014748
2025-07-15,31181,2025071504014371,HURJA,Vision Securities Pvt. Ltd,Linch Stock Market Ltd.,200,252.0,50400.0,2025-07-15 13:48:40.015039
2025-07-15,31180,2025071504014372,HURJA,Vision Securities Pvt. Ltd,Linch Stock Market Ltd.,200,252.0,50400.0,2025-07-15 13:48:40.015128
2025-07-15,31179,2025071504014373,HURJA,Vision Securities Pvt. Ltd,Aryatara Investment & Securities,20,252.0,5040.0,2025-07-15 13:48:40.015219
2025-07-15,31178,2025071504014374,HURJA,Vision Securities Pvt. Ltd,Sumeru Securities Pvt. Ltd.,100,252.0,25200.0,2025-07-15 13:48:40.015310
2025-07-15,31177,2025071504014375,HURJA,Vision Securities Pvt. Ltd,J.F. Securites (PVT) Ltd.,110,252.0,27720.0,2025-07-15 13:48:40.015421
2025-07-15,31176,2025071504014376,HURJA,Vision Securities Pvt. Ltd,Naasa Securities Co. Ltd.,120,252.0,30240.0,2025-07-15 13:48:40.015509
2025-07-15,31133,2025071504014397,HURJA,Vision Securities Pvt. Ltd,Sani Securities Company Ltd.,1000,252.0,252000.0,2025-07-15 13:48:52.333781
2025-07-15,31002,2025071504014431,HURJA,Vision Securities Pvt. Ltd,Sundhara Securities Limited,50,252.0,12600.0,2025-07-15 13:49:25.641735
2025-07-15,30975,2025071504014441,HURJA,Vision Securities Pvt. Ltd,Nepal Stock House (PVT) Ltd.,312,252.0,78624.0,2025-07-15 13:49:31.193414
2025-07-15,30821,2025071504014480,HURJA,Imperial Securities Company Pvt. Ltd.,BHOLE GANESH SECURITIES LTD,15,251.8,3777.0,2025-07-15 13:49:58.821583
2025-07-15,30820,2025071504014481,HURJA,Sweta Securities Private Limited,BHOLE GANESH SECURITIES LTD,200,251.7,50340.0,2025-07-15 13:49:58.821819
2025-07-15,30749,2025071504014507,HURJA,Sri Hari Securities Pvt. Ltd.,Sani Securities Company Ltd.,1000,251.6,251600.0,2025-07-15 13:50:15.717512
2025-07-15,30747,2025071504014509,HURJA,Sri Hari Securities Pvt. Ltd.,BHOLE GANESH SECURITIES LTD,300,251.6,75480.0,2025-07-15 13:50:15.878062
2025-07-15,30462,2025071504014587,HURJA,Online Securities Pvt. Ltd.,BHOLE GANESH SECURITIES LTD,200,250.2,50040.0,2025-07-15 13:51:31.058825
2025-07-15,30461,2025071504014588,HURJA,Agrawal Securities (PVT) Ltd.,BHOLE GANESH SECURITIES LTD,35,250.1,8753.5,2025-07-15 13:51:31.059301
2025-07-15,29389,2025071504014894,HURJA,Vision Securities Pvt. Ltd,Imperial Securities Company Pvt. Ltd.,20,252.0,5040.0,2025-07-15 13:56:21.036547
2025-07-15,29210,2025071504014935,HURJA,Naasa Securities Co. Ltd.,Imperial Securities Company Pvt. Ltd.,53,252.0,13356.0,2025-07-15 13:56:55.597876
2025-07-15,29050,2025071504014987,HURJA,Vision Securities Pvt. Ltd,Imperial Securities Company Pvt. Ltd.,427,252.0,107604.0,2025-07-15 13:57:40.881626
2025-07-15,29049,2025071504014988,HURJA,Vision Securities Pvt. Ltd,Naasa Securities Co. Ltd.,13,252.0,3276.0,2025-07-15 13:57:40.881860
2025-07-15,29048,2025071504014989,HURJA,Vision Securities Pvt. Ltd,Nepal Stock House (PVT) Ltd.,100,252.0,25200.0,2025-07-15 13:57:40.881959
2025-07-15,29047,2025071504014990,HURJA,Vision Securities Pvt. Ltd,Sani Securities Company Ltd.,1000,252.4,252400.0,2025-07-15 13:57:40.882057
2025-07-15,29046,2025071504014991,HURJA,Vision Securities Pvt. Ltd,Primo Securities (PVT) Ltd.,350,252.4,88340.0,2025-07-15 13:57:40.882149
2025-07-15,29045,2025071504014992,HURJA,Vision Securities Pvt. Ltd,Primo Securities (PVT) Ltd.,200,252.5,50500.0,2025-07-15 13:57:40.882245
2025-07-15,29044,2025071504014993,HURJA,Vision Securities Pvt. Ltd,Nepal Investment And Securities Trading Private Limited,610,252.5,154025.0,2025-07-15 13:57:40.882344
2025-07-15,27530,2025071504015427,HURJA,Vision Securities Pvt. Ltd,Dipshikha Dhitopatra Karobar Co. Pvt Ltd.,20,252.0,5040.0,2025-07-15 14:03:22.164012
2025-07-15,27529,2025071504015428,HURJA,Vision Securities Pvt. Ltd,Creative Securities Pvt Ltd,800,252.0,201600.0,2025-07-15 14:03:22.164333
2025-07-15,27528,2025071504015429,HURJA,Vision Securities Pvt. Ltd,Sumeru Securities Pvt. Ltd.,100,252.0,25200.0,2025-07-15 14:03:22.164432
2025-07-15,27527,2025071504015430,HURJA,Vision Securities Pvt. Ltd,Nepal Investment And Securities Trading Private Limited,390,252.5,98475.0,2025-07-15 14:03:22.164550
2025-07-15,27526,2025071504015431,HURJA,Vision Securities Pvt. Ltd,Sumeru Securities Pvt. Ltd.,100,252.5,25250.0,2025-07-15 14:03:22.164664
2025-07-15,27525,2025071504015432,HURJA,Vision Securities Pvt. Ltd,Sumeru Securities Pvt. Ltd.,100,252.5,25250.0,2025-07-15 14:03:22.164810
2025-07-15,27524,2025071504015433,HURJA,Vision Securities Pvt. Ltd,Sumeru Securities Pvt. Ltd.,100,252.5,25250.0,2025-07-15 14:03:22.164947
2025-07-15,27523,2025071504015434,HURJA,Vision Securities Pvt. Ltd,Primo Securities (PVT) Ltd.,100,252.5,25250.0,2025-07-15 14:03:22.165082
2025-07-15,27522,2025071504015435,HURJA,Vision Securities Pvt. Ltd,Naasa Securities Co. Ltd.,40,252.6,10104.0,2025-07-15 14:03:22.165220
2025-07-15,27521,2025071504015436,HURJA,Vision Securities Pvt. Ltd,Aryatara Investment & Securities,250,252.7,63175.0,2025-07-15 14:03:22.165364
2025-07-15,26777,2025071504015699,HURJA,Sani Securities Company Ltd.,Sani Securities Company Ltd.,360,252.8,91008.0,2025-07-15 14:06:28.484150
2025-07-15,26384,2025071504015807,HURJA,Nabil Stock Dealer Ltd.,Sani Securities Company Ltd.,640,252.8,161792.0,2025-07-15 14:07:59.323872
2025-07-15,26383,2025071504015808,HURJA,Nabil Stock Dealer Ltd.,Primo Securities (PVT) Ltd.,100,252.8,25280.0,2025-07-15 14:07:59.324367
2025-07-15,26382,2025071504015809,HURJA,Nabil Stock Dealer Ltd.,Primo Securities (PVT) Ltd.,300,252.9,75870.0,2025-07-15 14:07:59.324661
2025-07-15,26381,2025071504015810,HURJA,Nabil Stock Dealer Ltd.,Imperial Securities Company Pvt. Ltd.,30,253.0,7590.0,2025-07-15 14:07:59.324995
2025-07-15,26380,2025071504015811,HURJA,Nabil Stock Dealer Ltd.,Malla & Malla Stock Broking Company Pvt. Limited,100,253.0,25300.0,2025-07-15 14:07:59.325275
2025-07-15,26379,2025071504015812,HURJA,Nabil Stock Dealer Ltd.,Trishakti Securities Public Limited,1000,253.0,253000.0,2025-07-15 14:07:59.325549
2025-07-15,26378,2025071504015813,HURJA,Nabil Stock Dealer Ltd.,Dipshikha Dhitopatra Karobar Co. Pvt Ltd.,255,253.0,64515.0,2025-07-15 14:07:59.325883
2025-07-15,26377,2025071504015814,HURJA,Nabil Stock Dealer Ltd.,Siprabi Securities Pvt. Ltd.,40,253.0,10120.0,2025-07-15 14:07:59.326160
2025-07-15,26376,2025071504015815,HURJA,Nabil Stock Dealer Ltd.,Sumeru Securities Pvt. Ltd.,400,253.0,101200.0,2025-07-15 14:07:59.326474
2025-07-15,26215,2025071504015866,HURJA,Investment Management Nepal Pvt. Ltd.,Aryatara Investment & Securities,50,253.3,12665.0,2025-07-15 14:08:43.314063
2025-07-15,26067,2025071504015911,HURJA,Sewa Securities Pvt. Ltd.,Aryatara Investment & Securities,200,253.3,50660.0,2025-07-15 14:09:16.448537
2025-07-15,25889,2025071504015964,HURJA,Vision Securities Pvt. Ltd,Aryatara Investment & Securities,260,253.3,65858.0,2025-07-15 14:09:58.301614
2025-07-15,25888,2025071504015965,HURJA,Vision Securities Pvt. Ltd,Agrawal Securities (PVT) Ltd.,640,253.4,162176.0,2025-07-15 14:09:58.302140
2025-07-15,24466,2025071504016330,HURJA,South Asian Bulls Pvt. Ltd.,Magnet Securities and Investment Company Private Limited,40,252.0,10080.0,2025-07-15 14:14:13.829667
2025-07-15,23739,2025071504016539,HURJA,Vision Securities Pvt. Ltd,Online Securities Pvt. Ltd.,10,253.2,2532.0,2025-07-15 14:16:20.530401
2025-07-15,23173,2025071504016646,HURJA,Creative Securities Pvt Ltd,Sani Securities Company Ltd.,150,252.8,37920.0,2025-07-15 14:18:15.503437
2025-07-15,23172,2025071504016647,HURJA,Creative Securities Pvt Ltd,Himalayan Securities Limited,1650,252.9,417285.0,2025-07-15 14:18:15.503724
2025-07-15,23115,2025071504016660,HURJA,Creative Securities Pvt Ltd,Himalayan Securities Limited,1300,252.9,328770.0,2025-07-15 14:18:29.634867
2025-07-15,22978,2025071504016707,HURJA,Creative Securities Pvt Ltd,Miyo Securities Pvt Ltd,10,253.0,2530.0,2025-07-15 14:18:55.863302
2025-07-15,22254,2025071504016885,HURJA,Naasa Securities Co. Ltd.,Miyo Securities Pvt Ltd,40,253.0,10120.0,2025-07-15 14:21:23.221019
2025-07-15,21900,2025071504016998,HURJA,Sewa Securities Pvt. Ltd.,Sunrise Securities Limited,300,252.6,75780.0,2025-07-15 14:22:42.655480
2025-07-15,21899,2025071504016999,HURJA,Nabil Stock Dealer Ltd.,Sunrise Securities Limited,135,252.1,34033.5,2025-07-15 14:22:42.655990
2025-07-15,21898,2025071504017000,HURJA,Trisul Securities & Invt. Ltd.,Sunrise Securities Limited,65,252.1,16386.5,2025-07-15 14:22:42.656299
2025-07-15,21811,2025071504017025,HURJA,Trisul Securities & Invt. Ltd.,Sumeru Securities Pvt. Ltd.,435,252.1,109663.5,2025-07-15 14:23:03.652378
2025-07-15,21810,2025071504017026,HURJA,Imperial Securities Company Pvt. Ltd.,Sumeru Securities Pvt. Ltd.,500,252.1,126050.0,2025-07-15 14:23:03.652777
2025-07-15,21809,2025071504017027,HURJA,South Asian Bulls Pvt. Ltd.,Sumeru Securities Pvt. Ltd.,65,252.0,16380.0,2025-07-15 14:23:03.652960
2025-07-15,21271,2025071504017136,HURJA,South Asian Bulls Pvt. Ltd.,Sri Hari Securities Pvt. Ltd.,495,252.0,124740.0,2025-07-15 14:24:31.699423
2025-07-15,21270,2025071504017137,HURJA,South Asian Bulls Pvt. Ltd.,Sri Hari Securities Pvt. Ltd.,100,252.0,25200.0,2025-07-15 14:24:31.699788
2025-07-15,21269,2025071504017138,HURJA,Premier Securities Company Ltd.,Sri Hari Securities Pvt. Ltd.,75,252.0,18900.0,2025-07-15 14:24:31.699941
2025-07-15,21268,2025071504017139,HURJA,Sumeru Securities Pvt. Ltd.,Sri Hari Securities Pvt. Ltd.,330,252.0,83160.0,2025-07-15 14:24:31.700039
2025-07-15,20977,2025071504017203,HURJA,Sumeru Securities Pvt. Ltd.,Nepal Stock House (PVT) Ltd.,170,252.0,42840.0,2025-07-15 14:25:19.636580
2025-07-15,20787,2025071504017275,HURJA,Vision Securities Pvt. Ltd,Nepal Stock House (PVT) Ltd.,218,252.0,54936.0,2025-07-15 14:25:44.095054
2025-07-15,20388,2025071504017365,HURJA,Vision Securities Pvt. Ltd,Nagarik Stock Dealer ,50,252.0,12600.0,2025-07-15 14:26:44.356477
2025-07-15,20176,2025071504017402,HURJA,Kumari Securities Private Limited,Sundhara Securities Limited,500,252.8,126400.0,2025-07-15 14:27:09.837203
2025-07-15,20175,2025071504017403,HURJA,Kumari Securities Private Limited,Sri Hari Securities Pvt. Ltd.,290,252.9,73341.0,2025-07-15 14:27:09.837738
2025-07-15,20044,2025071504017435,HURJA,Agrawal Securities (PVT) Ltd.,Sri Hari Securities Pvt. Ltd.,75,252.9,18967.5,2025-07-15 14:27:25.514884
2025-07-15,19993,2025071504017456,HURJA,Vision Securities Pvt. Ltd,Nagarik Stock Dealer ,200,252.0,50400.0,2025-07-15 14:27:32.549810
2025-07-15,18634,2025071504017861,HURJA,Imperial Securities Company Pvt. Ltd.,Sumeru Securities Pvt. Ltd.,460,252.3,116058.0,2025-07-15 14:31:20.859615
2025-07-15,18633,2025071504017862,HURJA,Creative Securities Pvt Ltd,Sumeru Securities Pvt. Ltd.,540,252.3,136242.0,2025-07-15 14:31:20.859711
2025-07-15,18533,2025071504017901,HURJA,Creative Securities Pvt Ltd,Linch Stock Market Ltd.,1171,252.3,295443.3,2025-07-15 14:31:34.019687
2025-07-15,17409,2025071504018277,HURJA,Agrawal Securities (PVT) Ltd.,Agrawal Securities (PVT) Ltd.,100,252.3,25230.0,2025-07-15 14:34:14.397847
2025-07-15,17249,2025071504018323,HURJA,Agrawal Securities (PVT) Ltd.,Shree Krishna Securities Ltd.,165,252.3,41629.5,2025-07-15 14:34:37.670109
2025-07-15,17248,2025071504018324,HURJA,Imperial Securities Company Pvt. Ltd.,Shree Krishna Securities Ltd.,646,252.2,162921.2,2025-07-15 14:34:37.670198
2025-07-15,17247,2025071504018325,HURJA,Creative Securities Pvt Ltd,Shree Krishna Securities Ltd.,1500,252.2,378300.0,2025-07-15 14:34:37.670225
2025-07-15,17246,2025071504018326,HURJA,Imperial Securities Company Pvt. Ltd.,Shree Krishna Securities Ltd.,200,252.2,50440.0,2025-07-15 14:34:37.670250
2025-07-15,17245,2025071504018327,HURJA,Creative Securities Pvt Ltd,Shree Krishna Securities Ltd.,89,252.2,22445.8,2025-07-15 14:34:37.670277
2025-07-15,17244,2025071504018328,HURJA,Thrive Brokerage House Pvt. Ltd,Shree Krishna Securities Ltd.,1000,252.1,252100.0,2025-07-15 14:34:37.670302
2025-07-15,17243,2025071504018329,HURJA,Vision Securities Pvt. Ltd,Shree Krishna Securities Ltd.,32,252.0,8064.0,2025-07-15 14:34:37.670339
2025-07-15,17242,2025071504018330,HURJA,Aryatara Investment & Securities,Shree Krishna Securities Ltd.,1000,252.0,252000.0,2025-07-15 14:34:37.670366
2025-07-15,17241,2025071504018331,HURJA,Stoxkarts Securities Limited,Shree Krishna Securities Ltd.,200,251.7,50340.0,2025-07-15 14:34:37.670394
2025-07-15,17240,2025071504018332,HURJA,Creative Securities Pvt Ltd,Shree Krishna Securities Ltd.,1800,251.5,452700.0,2025-07-15 14:34:37.670440
2025-07-15,17239,2025071504018333,HURJA,Investment Management Nepal Pvt. Ltd.,Shree Krishna Securities Ltd.,500,251.4,125700.0,2025-07-15 14:34:37.670479
2025-07-15,17238,2025071504018334,HURJA,Online Securities Pvt. Ltd.,Shree Krishna Securities Ltd.,300,251.2,75360.0,2025-07-15 14:34:37.670524
2025-07-15,17237,2025071504018335,HURJA,Creative Securities Pvt Ltd,Shree Krishna Securities Ltd.,1800,251.2,452160.0,2025-07-15 14:34:37.670552
2025-07-15,17236,2025071504018336,HURJA,Secured Securities Ltd.,Shree Krishna Securities Ltd.,500,251.0,125500.0,2025-07-15 14:34:37.670578
2025-07-15,17235,2025071504018337,HURJA,Imperial Securities Company Pvt. Ltd.,Shree Krishna Securities Ltd.,140,251.0,35140.0,2025-07-15 14:34:37.670602
2025-07-15,17234,2025071504018338,HURJA,Nepal Investment And Securities Trading Private Limited,Shree Krishna Securities Ltd.,128,251.0,32128.0,2025-07-15 14:34:37.670631
2025-07-15,17213,2025071504018346,HURJA,Nepal Investment And Securities Trading Private Limited,Shree Krishna Securities Ltd.,372,251.0,93372.0,2025-07-15 14:34:43.700035
2025-07-15,17212,2025071504018347,HURJA,Secured Securities Ltd.,Shree Krishna Securities Ltd.,500,250.9,125450.0,2025-07-15 14:34:43.700100
2025-07-15,17211,2025071504018348,HURJA,Shree Krishna Securities Ltd.,Shree Krishna Securities Ltd.,300,250.5,75150.0,2025-07-15 14:34:43.700132
2025-07-15,17210,2025071504018349,HURJA,Sani Securities Company Ltd.,Shree Krishna Securities Ltd.,100,250.5,25050.0,2025-07-15 14:34:43.700159
2025-07-15,17209,2025071504018350,HURJA,Sri Hari Securities Pvt. Ltd.,Shree Krishna Securities Ltd.,2000,250.3,500600.0,2025-07-15 14:34:43.700185
2025-07-15,17208,2025071504018351,HURJA,Sani Securities Company Ltd.,Shree Krishna Securities Ltd.,1110,250.3,277833.0,2025-07-15 14:34:43.700208
2025-07-15,17207,2025071504018352,HURJA,Siprabi Securities Pvt. Ltd.,Shree Krishna Securities Ltd.,50,250.1,12505.0,2025-07-15 14:34:43.700234
2025-07-15,17206,2025071504018353,HURJA,Aryatara Investment & Securities,Shree Krishna Securities Ltd.,200,250.0,50000.0,2025-07-15 14:34:43.700259
2025-07-15,17205,2025071504018354,HURJA,Siprabi Securities Pvt. Ltd.,Shree Krishna Securities Ltd.,300,250.0,75000.0,2025-07-15 14:34:43.700287
2025-07-15,17204,2025071504018355,HURJA,Midas Stock Broking Company Private Limited,Shree Krishna Securities Ltd.,200,250.0,50000.0,2025-07-15 14:34:43.700326
2025-07-15,17203,2025071504018356,HURJA,Midas Stock Broking Company Private Limited,Shree Krishna Securities Ltd.,50,250.0,12500.0,2025-07-15 14:34:43.700350
2025-07-15,17202,2025071504018357,HURJA,Online Securities Pvt. Ltd.,Shree Krishna Securities Ltd.,60,250.0,15000.0,2025-07-15 14:34:43.700376
2025-07-15,17201,2025071504018358,HURJA,Siprabi Securities Pvt. Ltd.,Shree Krishna Securities Ltd.,401,250.0,100250.0,2025-07-15 14:34:43.700401
2025-07-15,17200,2025071504018359,HURJA,South Asian Bulls Pvt. Ltd.,Shree Krishna Securities Ltd.,400,250.0,100000.0,2025-07-15 14:34:43.700426
2025-07-15,17199,2025071504018360,HURJA,Secured Securities Ltd.,Shree Krishna Securities Ltd.,1000,249.5,249500.0,2025-07-15 14:34:43.700454
2025-07-15,17198,2025071504018361,HURJA,Online Securities Pvt. Ltd.,Shree Krishna Securities Ltd.,490,249.4,122206.0,2025-07-15 14:34:43.700480
2025-07-15,17197,2025071504018362,HURJA,Imperial Securities Company Pvt. Ltd.,Shree Krishna Securities Ltd.,20,249.4,4988.0,2025-07-15 14:34:43.700505
2025-07-15,17196,2025071504018363,HURJA,Shree Krishna Securities Ltd.,Shree Krishna Securities Ltd.,380,249.3,94734.0,2025-07-15 14:34:43.700541
2025-07-15,17195,2025071504018364,HURJA,Stoxkarts Securities Limited,Shree Krishna Securities Ltd.,250,249.3,62325.0,2025-07-15 14:34:43.700570
2025-07-15,17194,2025071504018365,HURJA,Agrawal Securities (PVT) Ltd.,Shree Krishna Securities Ltd.,88,249.1,21920.8,2025-07-15 14:34:43.700596
2025-07-15,17193,2025071504018366,HURJA,Vision Securities Pvt. Ltd,Shree Krishna Securities Ltd.,100,249.1,24910.0,2025-07-15 14:34:43.700621
2025-07-15,17192,2025071504018367,HURJA,Aryatara Investment & Securities,Shree Krishna Securities Ltd.,1000,249.0,249000.0,2025-07-15 14:34:43.700669
2025-07-15,17191,2025071504018368,HURJA,Capital Hub P. Ltd,Shree Krishna Securities Ltd.,240,249.0,59760.0,2025-07-15 14:34:43.700690
2025-07-15,17190,2025071504018369,HURJA,Dynamic Money Managers Securities Pvt. Ltd.,Shree Krishna Securities Ltd.,389,249.0,96861.0,2025-07-15 14:34:43.700713
2025-07-15,17060,2025071504018397,HURJA,Dynamic Money Managers Securities Pvt. Ltd.,Shree Krishna Securities Ltd.,111,249.0,27639.0,2025-07-15 14:35:08.806548
2025-07-15,17059,2025071504018398,HURJA,Midas Stock Broking Company Private Limited,Shree Krishna Securities Ltd.,200,249.0,49800.0,2025-07-15 14:35:08.806774
2025-07-15,17058,2025071504018399,HURJA,Linch Stock Market Ltd.,Shree Krishna Securities Ltd.,360,249.0,89640.0,2025-07-15 14:35:08.806864
2025-07-15,17057,2025071504018400,HURJA,Sundhara Securities Limited,Shree Krishna Securities Ltd.,500,248.6,124300.0,2025-07-15 14:35:08.806951
2025-07-15,17056,2025071504018401,HURJA,Midas Stock Broking Company Private Limited,Shree Krishna Securities Ltd.,1000,248.5,248500.0,2025-07-15 14:35:08.807037
2025-07-15,17055,2025071504018402,HURJA,Stoxkarts Securities Limited,Shree Krishna Securities Ltd.,250,248.5,62125.0,2025-07-15 14:35:08.807125
2025-07-15,17054,2025071504018403,HURJA,Vision Securities Pvt. Ltd,Shree Krishna Securities Ltd.,100,248.3,24830.0,2025-07-15 14:35:08.807210
2025-07-15,17053,2025071504018404,HURJA,Siprabi Securities Pvt. Ltd.,Shree Krishna Securities Ltd.,200,248.2,49640.0,2025-07-15 14:35:08.807292
2025-07-15,17052,2025071504018405,HURJA,Property Wiard Limited,Shree Krishna Securities Ltd.,800,248.1,198480.0,2025-07-15 14:35:08.807384
2025-07-15,17051,2025071504018406,HURJA,Nepal Stock House (PVT) Ltd.,Shree Krishna Securities Ltd.,500,248.1,124050.0,2025-07-15 14:35:08.807463
2025-07-15,17050,2025071504018407,HURJA,Ashutosh Brokerage & Securities (PVT) Ltd.,Shree Krishna Securities Ltd.,1000,248.1,248100.0,2025-07-15 14:35:08.807558
2025-07-15,17049,2025071504018408,HURJA,Sumeru Securities Pvt. Ltd.,Shree Krishna Securities Ltd.,200,248.0,49600.0,2025-07-15 14:35:08.807642
2025-07-15,17048,2025071504018409,HURJA,Oxford Securities Pvt. Ltd.,Shree Krishna Securities Ltd.,500,248.0,124000.0,2025-07-15 14:35:08.807727
2025-07-15,17047,2025071504018410,HURJA,Asian Securities Private Ltd.,Shree Krishna Securities Ltd.,1500,248.0,372000.0,2025-07-15 14:35:08.807811
2025-07-15,17046,2025071504018411,HURJA,Vision Securities Pvt. Ltd,Shree Krishna Securities Ltd.,100,248.0,24800.0,2025-07-15 14:35:08.807891
2025-07-15,17045,2025071504018412,HURJA,Imperial Securities Company Pvt. Ltd.,Shree Krishna Securities Ltd.,500,248.0,124000.0,2025-07-15 14:35:08.807970
2025-07-15,17044,2025071504018413,HURJA,K.B.L. Securities Limited ,Shree Krishna Securities Ltd.,300,248.0,74400.0,2025-07-15 14:35:08.808051
2025-07-15,17043,2025071504018414,HURJA,Kohinoor Investment & Securities Pvt. Ltd.,Shree Krishna Securities Ltd.,500,248.0,124000.0,2025-07-15 14:35:08.808135
2025-07-15,17042,2025071504018415,HURJA,Dynamic Money Managers Securities Pvt. Ltd.,Shree Krishna Securities Ltd.,1200,248.0,297600.0,2025-07-15 14:35:08.808216
2025-07-15,17041,2025071504018416,HURJA,Sweta Securities Private Limited,Shree Krishna Securities Ltd.,179,248.0,44392.0,2025-07-15 14:35:08.808299
2025-07-15,16784,2025071504018488,HURJA,Agrawal Securities (PVT) Ltd.,Secured Securities Ltd.,155,250.0,38750.0,2025-07-15 14:35:56.873922
2025-07-15,16123,2025071504018740,HURJA,Creative Securities Pvt Ltd,Aryatara Investment & Securities,10,252.0,2520.0,2025-07-15 14:37:12.837894
2025-07-15,15407,2025071504018947,HURJA,Sewa Securities Pvt. Ltd.,Dynamic Money Managers Securities Pvt. Ltd.,500,251.0,125500.0,2025-07-15 14:39:02.554333
2025-07-15,14237,2025071504019311,HURJA,Vision Securities Pvt. Ltd,Investment Management Nepal Pvt. Ltd.,40,250.1,10004.0,2025-07-15 14:41:53.353034
2025-07-15,13860,2025071504019417,HURJA,Naasa Securities Co. Ltd.,Miyo Securities Pvt Ltd,20,251.0,5020.0,2025-07-15 14:42:44.892428
2025-07-15,13818,2025071504019430,HURJA,Vision Securities Pvt. Ltd,Aakashbhairab Securities Ltd.,960,250.1,240096.0,2025-07-15 14:42:49.962292
2025-07-15,13817,2025071504019431,HURJA,Dipshikha Dhitopatra Karobar Co. Pvt Ltd.,Aakashbhairab Securities Ltd.,1000,250.0,250000.0,2025-07-15 14:42:49.962566
2025-07-15,13051,2025071504019676,HURJA,Sri Hari Securities Pvt. Ltd.,Premier Securities Company Ltd.,1000,250.1,250100.0,2025-07-15 14:44:35.301390
2025-07-15,12996,2025071504019690,HURJA,Online Securities Pvt. Ltd.,Nagarik Stock Dealer ,200,250.0,50000.0,2025-07-15 14:44:46.085718
2025-07-15,12645,2025071504019735,HURJA,Arun Securities (PVT) Ltd.,Dipshikha Dhitopatra Karobar Co. Pvt Ltd.,700,250.0,175000.0,2025-07-15 14:45:06.329428
2025-07-15,11891,2025071504019947,HURJA,Nepal Investment And Securities Trading Private Limited,Nagarik Stock Dealer ,500,250.1,125050.0,2025-07-15 14:46:24.491022
2025-07-15,11778,2025071504019970,HURJA,Creative Securities Pvt Ltd,Naasa Securities Co. Ltd.,500,250.2,125100.0,2025-07-15 14:46:38.105881
2025-07-15,11682,2025071504019995,HURJA,Bhrikuti Stock Broking Co. Pvt. Ltd.,Kohinoor Investment & Securities Pvt. Ltd.,1900,250.9,476710.0,2025-07-15 14:46:47.566575
2025-07-15,11402,2025071504020106,HURJA,Bhrikuti Stock Broking Co. Pvt. Ltd.,Miyo Securities Pvt Ltd,480,251.0,120480.0,2025-07-15 14:47:20.934498
2025-07-15,11401,2025071504020107,HURJA,Bhrikuti Stock Broking Co. Pvt. Ltd.,Nepal Investment And Securities Trading Private Limited,15,251.0,3765.0,2025-07-15 14:47:20.934955
2025-07-15,10903,2025071504020211,HURJA,Sumeru Securities Pvt. Ltd.,Market Securities & Exchange (PVT) Ltd.,200,250.5,50100.0,2025-07-15 14:48:11.831654
2025-07-15,10877,2025071504020217,HURJA,Bhrikuti Stock Broking Co. Pvt. Ltd.,ABC Securities Private Limited,1000,251.0,251000.0,2025-07-15 14:48:14.378745
2025-07-15,10596,2025071504020341,HURJA,Bhrikuti Stock Broking Co. Pvt. Ltd.,Deevyaa Securities & Stock House Pvt. Ltd,200,251.1,50220.0,2025-07-15 14:48:45.720530
2025-07-15,10595,2025071504020342,HURJA,Bhrikuti Stock Broking Co. Pvt. Ltd.,Online Securities Pvt. Ltd.,90,251.6,22644.0,2025-07-15 14:48:45.721005
2025-07-15,10594,2025071504020343,HURJA,Bhrikuti Stock Broking Co. Pvt. Ltd.,Aryatara Investment & Securities,90,252.0,22680.0,2025-07-15 14:48:45.721474
2025-07-15,10593,2025071504020344,HURJA,Bhrikuti Stock Broking Co. Pvt. Ltd.,Trishakti Securities Public Limited,100,252.0,25200.0,2025-07-15 14:48:45.721810
2025-07-15,10592,2025071504020345,HURJA,Bhrikuti Stock Broking Co. Pvt. Ltd.,Sumeru Securities Pvt. Ltd.,1000,252.0,252000.0,2025-07-15 14:48:45.722221
2025-07-15,10334,2025071504020428,HURJA,Bhrikuti Stock Broking Co. Pvt. Ltd.,Imperial Securities Company Pvt. Ltd.,20,252.0,5040.0,2025-07-15 14:49:14.143646
2025-07-15,9943,2025071504020495,HURJA,Sundhara Securities Limited,Imperial Securities Company Pvt. Ltd.,480,252.0,120960.0,2025-07-15 14:49:53.784494
2025-07-15,9679,2025071504020567,HURJA,Sundhara Securities Limited,Sundhara Securities Limited,1000,252.0,252000.0,2025-07-15 14:50:20.940229
2025-07-15,9531,2025071504020595,HURJA,Bhrikuti Stock Broking Co. Pvt. Ltd.,Siprabi Securities Pvt. Ltd.,110,252.3,27753.0,2025-07-15 14:50:30.914126
2025-07-15,9530,2025071504020596,HURJA,Bhrikuti Stock Broking Co. Pvt. Ltd.,Trishakti Securities Public Limited,100,252.5,25250.0,2025-07-15 14:50:30.914400
2025-07-15,9529,2025071504020597,HURJA,Bhrikuti Stock Broking Co. Pvt. Ltd.,Dipshikha Dhitopatra Karobar Co. Pvt Ltd.,40,252.7,10108.0,2025-07-15 14:50:30.914520
2025-07-15,9528,2025071504020598,HURJA,Bhrikuti Stock Broking Co. Pvt. Ltd.,Oxford Securities Pvt. Ltd.,150,252.8,37920.0,2025-07-15 14:50:30.914611
2025-07-15,9475,2025071504020610,HURJA,Bhrikuti Stock Broking Co. Pvt. Ltd.,Sani Securities Company Ltd.,100,252.8,25280.0,2025-07-15 14:50:37.393276
2025-07-15,8506,2025071504020846,HURJA,Online Securities Pvt. Ltd.,Online Securities Pvt. Ltd.,50,252.1,12605.0,2025-07-15 14:51:47.888264
2025-07-15,8505,2025071504020847,HURJA,Sundhara Securities Limited,Online Securities Pvt. Ltd.,20,252.0,5040.0,2025-07-15 14:51:47.888483
2025-07-15,8344,2025071504020910,HURJA,Creative Securities Pvt Ltd,Online Securities Pvt. Ltd.,580,252.0,146160.0,2025-07-15 14:52:04.720483
2025-07-15,6369,2025071504021478,HURJA,Creative Securities Pvt Ltd,Trisul Securities & Invt. Ltd.,500,252.0,126000.0,2025-07-15 14:54:34.909830
2025-07-15,6015,2025071504021590,HURJA,Sani Securities Company Ltd.,Opal Securities Investment (PVT) Ltd.,40,252.0,10080.0,2025-07-15 14:55:07.485738
2025-07-15,5279,2025071504021871,HURJA,Imperial Securities Company Pvt. Ltd.,Online Securities Pvt. Ltd.,500,252.4,126200.0,2025-07-15 14:56:03.990537
2025-07-15,4834,2025071504022044,HURJA,Sani Securities Company Ltd.,Nepal Investment And Securities Trading Private Limited,160,252.0,40320.0,2025-07-15 14:56:35.382474
2025-07-15,4833,2025071504022045,HURJA,Imperial Securities Company Pvt. Ltd.,Nepal Investment And Securities Trading Private Limited,50,252.0,12600.0,2025-07-15 14:56:35.382915
2025-07-15,4810,2025071504022053,HURJA,Nepal Stock House (PVT) Ltd.,Nepal Investment And Securities Trading Private Limited,200,252.0,50400.0,2025-07-15 14:56:38.155199
2025-07-15,4458,2025071504022161,HURJA,Creative Securities Pvt Ltd,Nepal Investment And Securities Trading Private Limited,90,252.0,22680.0,2025-07-15 14:57:08.040496
2025-07-15,4457,2025071504022162,HURJA,Creative Securities Pvt Ltd,Sundhara Securities Limited,150,252.0,37800.0,2025-07-15 14:57:08.040590
2025-07-15,4416,2025071504022179,HURJA,Linch Stock Market Ltd.,Nepal Investment And Securities Trading Private Limited,500,251.9,125950.0,2025-07-15 14:57:11.784975
2025-07-15,4070,2025071504022284,HURJA,Linch Stock Market Ltd.,Aryatara Investment & Securities,100,251.9,25190.0,2025-07-15 14:57:33.108107
2025-07-15,3974,2025071504022308,HURJA,Linch Stock Market Ltd.,Stoxkarts Securities Limited,400,251.9,100760.0,2025-07-15 14:57:40.249515
2025-07-15,3973,2025071504022309,HURJA,Secured Securities Ltd.,Stoxkarts Securities Limited,1000,251.5,251500.0,2025-07-15 14:57:40.249776
2025-07-15,3972,2025071504022310,HURJA,Sewa Securities Pvt. Ltd.,Stoxkarts Securities Limited,200,251.0,50200.0,2025-07-15 14:57:40.249863
2025-07-15,3971,2025071504022311,HURJA,Opal Securities Investment (PVT) Ltd.,Stoxkarts Securities Limited,400,251.0,100400.0,2025-07-15 14:57:40.249950
2025-07-15,3937,2025071504022316,HURJA,KALASH STOCK MARKET PVT. LTD.,Sewa Securities Pvt. Ltd.,10,252.4,2524.0,2025-07-15 14:57:42.382096
2025-07-15,3232,2025071504022540,HURJA,Arun Securities (PVT) Ltd.,Kalika Securities Pvt. Ltd.,10,251.5,2515.0,2025-07-15 14:58:16.985643
2025-07-15,3231,2025071504022541,HURJA,Sumeru Securities Pvt. Ltd.,Kalika Securities Pvt. Ltd.,10,251.1,2511.0,2025-07-15 14:58:16.985858
2025-07-15,3221,2025071504022547,HURJA,Creative Securities Pvt Ltd,Sani Securities Company Ltd.,900,252.0,226800.0,2025-07-15 14:58:17.836339
2025-07-15,3145,2025071504022573,HURJA,Dynamic Money Managers Securities Pvt. Ltd.,SUN SECURITIES PVT LTD,250,252.2,63050.0,2025-07-15 14:58:22.967845
2025-07-15,3023,2025071504022606,HURJA,Creative Securities Pvt Ltd,Capital Max Securities Ltd,100,252.0,25200.0,2025-07-15 14:58:29.508428
2025-07-15,2429,2025071504022741,HURJA,Bhrikuti Stock Broking Co. Pvt. Ltd.,Capital Max Securities Ltd,130,252.0,32760.0,2025-07-15 14:58:51.507164
2025-07-15,2414,2025071504022750,HURJA,Bhrikuti Stock Broking Co. Pvt. Ltd.,Malla & Malla Stock Broking Company Pvt. Limited,80,252.0,20160.0,2025-07-15 14:58:52.464663
2025-07-15,2044,2025071504022801,HURJA,Bhrikuti Stock Broking Co. Pvt. Ltd.,Dipshikha Dhitopatra Karobar Co. Pvt Ltd.,500,252.0,126000.0,2025-07-15 14:59:05.019487
2025-07-15,1841,2025071504022847,HURJA,Bhrikuti Stock Broking Co. Pvt. Ltd.,Kohinoor Investment & Securities Pvt. Ltd.,290,252.0,73080.0,2025-07-15 14:59:12.977063
2025-07-15,355,2025071504023251,HURJA,Sri Hari Securities Pvt. Ltd.,Kohinoor Investment & Securities Pvt. Ltd.,1000,252.0,252000.0,2025-07-15 14:59:54.378493
