Date,S.N.,Contract ID,Symbol,Buyer Broker,Seller Broker,volume,rate,amount,transaction_time
2025-07-15,73861,2025071504000077,JOSHI,Naasa Securities Co. Ltd.,Dipshikha Dhitopatra Karobar Co. Pvt Ltd.,100,347.0,34700.0,2025-07-15 11:01:31.384223
2025-07-15,72150,2025071504000622,JOSHI,Sani Securities Company Ltd.,Secured Securities Ltd.,40,348.5,13940.0,2025-07-15 11:10:58.940891
2025-07-15,72101,2025071504000644,JOSHI,Nepal Investment And Securities Trading Private Limited,Secured Securities Ltd.,100,348.5,34850.0,2025-07-15 11:11:10.527468
2025-07-15,71779,2025071504000728,JOSHI,Oxford Securities Pvt. Ltd.,Investment Management Nepal Pvt. Ltd.,30,348.5,10455.0,2025-07-15 11:12:53.143793
2025-07-15,71778,2025071504000729,JOSHI,Naasa Securities Co. Ltd.,Investment Management Nepal Pvt. Ltd.,10,348.5,3485.0,2025-07-15 11:12:53.143878
2025-07-15,71775,2025071504000730,JOSHI,Linch Stock Market Ltd.,Online Securities Pvt. Ltd.,100,349.0,34900.0,2025-07-15 11:12:53.639331
2025-07-15,71774,2025071504000731,JOSHI,Linch Stock Market Ltd.,Capital Max Securities Ltd,60,349.0,20940.0,2025-07-15 11:12:53.639423
2025-07-15,71685,2025071504000760,JOSHI,Naasa Securities Co. Ltd.,Thrive Brokerage House Pvt. Ltd,235,348.5,81897.5,2025-07-15 11:13:12.848971
2025-07-15,71684,2025071504000761,JOSHI,Sumeru Securities Pvt. Ltd.,Thrive Brokerage House Pvt. Ltd,50,348.0,17400.0,2025-07-15 11:13:12.849062
2025-07-15,71601,2025071504000785,JOSHI,Naasa Securities Co. Ltd.,Vision Securities Pvt. Ltd,20,345.0,6900.0,2025-07-15 11:13:33.329374
2025-07-15,71067,2025071504000996,JOSHI,Naasa Securities Co. Ltd.,Midas Stock Broking Company Private Limited,30,345.0,10350.0,2025-07-15 11:15:40.413135
2025-07-15,71066,2025071504000997,JOSHI,Sumeru Securities Pvt. Ltd.,Midas Stock Broking Company Private Limited,50,345.0,17250.0,2025-07-15 11:15:40.413299
2025-07-15,71010,2025071504001025,JOSHI,Midas Stock Broking Company Private Limited,Aryatara Investment & Securities,50,343.0,17150.0,2025-07-15 11:15:55.623595
2025-07-15,70885,2025071504001075,JOSHI,Kohinoor Investment & Securities Pvt. Ltd.,Vision Securities Pvt. Ltd,70,342.0,23940.0,2025-07-15 11:16:20.747822
2025-07-15,70620,2025071504001161,JOSHI,Capital Hub P. Ltd,Dakshinkali Investment & Securities Pvt. Ltd.,100,342.1,34210.0,2025-07-15 11:17:24.913234
2025-07-15,70619,2025071504001162,JOSHI,Kohinoor Investment & Securities Pvt. Ltd.,Dakshinkali Investment & Securities Pvt. Ltd.,244,342.0,83448.0,2025-07-15 11:17:24.913398
2025-07-15,70618,2025071504001163,JOSHI,Oxford Securities Pvt. Ltd.,Dakshinkali Investment & Securities Pvt. Ltd.,10,342.0,3420.0,2025-07-15 11:17:24.913439
2025-07-15,70453,2025071504001230,JOSHI,Sumeru Securities Pvt. Ltd.,Aryatara Investment & Securities,101,341.0,34441.0,2025-07-15 11:17:58.021950
2025-07-15,70452,2025071504001231,JOSHI,Online Securities Pvt. Ltd.,Aryatara Investment & Securities,10,341.0,3410.0,2025-07-15 11:17:58.022066
2025-07-15,70326,2025071504001272,JOSHI,Naasa Securities Co. Ltd.,Linch Stock Market Ltd.,41,340.1,13944.1,2025-07-15 11:18:25.305884
2025-07-15,70325,2025071504001273,JOSHI,Dynamic Money Managers Securities Pvt. Ltd.,Linch Stock Market Ltd.,19,340.1,6461.9,2025-07-15 11:18:25.305980
2025-07-15,70241,2025071504001293,JOSHI,Dynamic Money Managers Securities Pvt. Ltd.,Naasa Securities Co. Ltd.,81,340.1,27548.1,2025-07-15 11:18:45.956634
2025-07-15,70240,2025071504001294,JOSHI,Sewa Securities Pvt. Ltd.,Naasa Securities Co. Ltd.,30,340.1,10203.0,2025-07-15 11:18:45.956725
2025-07-15,70239,2025071504001295,JOSHI,Online Securities Pvt. Ltd.,Naasa Securities Co. Ltd.,50,340.1,17005.0,2025-07-15 11:18:45.956762
2025-07-15,70238,2025071504001296,JOSHI,Sweta Securities Private Limited,Naasa Securities Co. Ltd.,25,340.1,8502.5,2025-07-15 11:18:45.956795
2025-07-15,70237,2025071504001297,JOSHI,K.B.L. Securities Limited ,Naasa Securities Co. Ltd.,814,340.0,276760.0,2025-07-15 11:18:45.956831
2025-07-15,70123,2025071504001333,JOSHI,K.B.L. Securities Limited ,Aryatara Investment & Securities,186,340.0,63240.0,2025-07-15 11:19:09.118490
2025-07-15,70122,2025071504001334,JOSHI,Himalayan Brokerage Company Limited,Aryatara Investment & Securities,14,340.0,4760.0,2025-07-15 11:19:09.118581
2025-07-15,69954,2025071504001383,JOSHI,Trishakti Securities Public Limited,Dakshinkali Investment & Securities Pvt. Ltd.,100,341.0,34100.0,2025-07-15 11:19:52.491181
2025-07-15,69725,2025071504001464,JOSHI,Himalayan Brokerage Company Limited,Vision Securities Pvt. Ltd,100,340.0,34000.0,2025-07-15 11:20:23.331590
2025-07-15,69574,2025071504001539,JOSHI,Himalayan Brokerage Company Limited,Naasa Securities Co. Ltd.,186,340.0,63240.0,2025-07-15 11:20:49.594965
2025-07-15,69573,2025071504001540,JOSHI,Aryatara Investment & Securities,Naasa Securities Co. Ltd.,100,340.0,34000.0,2025-07-15 11:20:49.595081
2025-07-15,69572,2025071504001541,JOSHI,Naasa Securities Co. Ltd.,Naasa Securities Co. Ltd.,50,340.0,17000.0,2025-07-15 11:20:49.595122
2025-07-15,69571,2025071504001542,JOSHI,Sumeru Securities Pvt. Ltd.,Naasa Securities Co. Ltd.,10,340.0,3400.0,2025-07-15 11:20:49.595170
2025-07-15,69438,2025071504001594,JOSHI,Trishakti Securities Public Limited,Naasa Securities Co. Ltd.,24,339.5,8148.0,2025-07-15 11:21:22.821017
2025-07-15,68542,2025071504001994,JOSHI,Aryatara Investment & Securities,Vision Securities Pvt. Ltd,100,339.9,33990.0,2025-07-15 11:24:34.984906
2025-07-15,68044,2025071504002193,JOSHI,Kumari Securities Private Limited,Online Securities Pvt. Ltd.,100,339.8,33980.0,2025-07-15 11:26:43.497942
2025-07-15,67927,2025071504002219,JOSHI,J.F. Securites (PVT) Ltd.,Dakshinkali Investment & Securities Pvt. Ltd.,240,341.0,81840.0,2025-07-15 11:27:16.753942
2025-07-15,67926,2025071504002220,JOSHI,J.F. Securites (PVT) Ltd.,Vision Securities Pvt. Ltd,500,341.0,170500.0,2025-07-15 11:27:16.753985
2025-07-15,67925,2025071504002221,JOSHI,J.F. Securites (PVT) Ltd.,Dakshinkali Investment & Securities Pvt. Ltd.,346,342.0,118332.0,2025-07-15 11:27:16.754016
2025-07-15,67924,2025071504002222,JOSHI,J.F. Securites (PVT) Ltd.,Imperial Securities Company Pvt. Ltd.,614,342.0,209988.0,2025-07-15 11:27:16.754040
2025-07-15,67845,2025071504002255,JOSHI,Aryatara Investment & Securities,Imperial Securities Company Pvt. Ltd.,10,342.0,3420.0,2025-07-15 11:27:39.925962
2025-07-15,67340,2025071504002440,JOSHI,Kumari Securities Private Limited,Imperial Securities Company Pvt. Ltd.,20,342.0,6840.0,2025-07-15 11:29:55.275622
2025-07-15,66889,2025071504002577,JOSHI,Aryatara Investment & Securities,Imperial Securities Company Pvt. Ltd.,10,342.0,3420.0,2025-07-15 11:31:57.452090
2025-07-15,65563,2025071504002943,JOSHI,Naasa Securities Co. Ltd.,Imperial Securities Company Pvt. Ltd.,46,342.0,15732.0,2025-07-15 11:37:24.614380
2025-07-15,64841,2025071504003208,JOSHI,Kalika Securities Pvt. Ltd.,Premier Securities Company Ltd.,10,344.9,3449.0,2025-07-15 11:40:15.895458
2025-07-15,64840,2025071504003209,JOSHI,Kalika Securities Pvt. Ltd.,Naasa Securities Co. Ltd.,25,345.0,8625.0,2025-07-15 11:40:15.895695
2025-07-15,64839,2025071504003210,JOSHI,Kalika Securities Pvt. Ltd.,Imperial Securities Company Pvt. Ltd.,20,345.0,6900.0,2025-07-15 11:40:15.895852
2025-07-15,64838,2025071504003211,JOSHI,Kalika Securities Pvt. Ltd.,Sani Securities Company Ltd.,130,345.0,44850.0,2025-07-15 11:40:15.895982
2025-07-15,64632,2025071504003282,JOSHI,Kalika Securities Pvt. Ltd.,Thrive Brokerage House Pvt. Ltd,100,345.0,34500.0,2025-07-15 11:41:14.884555
2025-07-15,64595,2025071504003305,JOSHI,Investment Management Nepal Pvt. Ltd.,Bhrikuti Stock Broking Co. Pvt. Ltd.,40,345.0,13800.0,2025-07-15 11:41:21.807402
2025-07-15,64479,2025071504003346,JOSHI,Naasa Securities Co. Ltd.,Naasa Securities Co. Ltd.,30,342.0,10260.0,2025-07-15 11:42:00.410666
2025-07-15,63781,2025071504003544,JOSHI,Sundhara Securities Limited,Sewa Securities Pvt. Ltd.,100,343.0,34300.0,2025-07-15 11:44:45.091832
2025-07-15,63780,2025071504003545,JOSHI,Naasa Securities Co. Ltd.,Sewa Securities Pvt. Ltd.,24,342.0,8208.0,2025-07-15 11:44:45.092064
2025-07-15,63779,2025071504003546,JOSHI,ABC Securities Private Limited,Sewa Securities Pvt. Ltd.,276,341.0,94116.0,2025-07-15 11:44:45.092207
2025-07-15,62874,2025071504003792,JOSHI,Malla & Malla Stock Broking Company Pvt. Limited,Sri Hari Securities Pvt. Ltd.,10,342.0,3420.0,2025-07-15 11:48:36.829434
2025-07-15,61829,2025071504004107,JOSHI,Naasa Securities Co. Ltd.,Online Securities Pvt. Ltd.,200,342.1,68420.0,2025-07-15 11:52:43.085575
2025-07-15,61828,2025071504004108,JOSHI,Naasa Securities Co. Ltd.,Online Securities Pvt. Ltd.,50,342.1,17105.0,2025-07-15 11:52:43.085714
2025-07-15,61827,2025071504004109,JOSHI,Malla & Malla Stock Broking Company Pvt. Limited,Online Securities Pvt. Ltd.,750,342.0,256500.0,2025-07-15 11:52:43.085796
2025-07-15,61453,2025071504004205,JOSHI,Malla & Malla Stock Broking Company Pvt. Limited,Online Securities Pvt. Ltd.,190,342.0,64980.0,2025-07-15 11:54:11.729025
2025-07-15,60286,2025071504004473,JOSHI,Naasa Securities Co. Ltd.,Nepal Investment And Securities Trading Private Limited,50,342.2,17110.0,2025-07-15 11:57:35.480287
2025-07-15,59784,2025071504004625,JOSHI,Sani Securities Company Ltd.,Premier Securities Company Ltd.,10,342.4,3424.0,2025-07-15 11:59:17.581512
2025-07-15,59777,2025071504004629,JOSHI,Sagarmatha Securities Private Limited,Naasa Securities Co. Ltd.,10,342.5,3425.0,2025-07-15 11:59:20.173183
2025-07-15,59149,2025071504004815,JOSHI,Naasa Securities Co. Ltd.,Sumeru Securities Pvt. Ltd.,30,344.0,10320.0,2025-07-15 12:01:27.897949
2025-07-15,59148,2025071504004816,JOSHI,Naasa Securities Co. Ltd.,Naasa Securities Co. Ltd.,40,344.5,13780.0,2025-07-15 12:01:27.898161
2025-07-15,59147,2025071504004817,JOSHI,Naasa Securities Co. Ltd.,Trishakti Securities Public Limited,500,344.6,172300.0,2025-07-15 12:01:27.898225
2025-07-15,59146,2025071504004818,JOSHI,Naasa Securities Co. Ltd.,Agrawal Securities (PVT) Ltd.,10,344.8,3448.0,2025-07-15 12:01:27.898382
2025-07-15,59145,2025071504004819,JOSHI,Naasa Securities Co. Ltd.,Premier Securities Company Ltd.,10,344.9,3449.0,2025-07-15 12:01:27.898446
2025-07-15,59144,2025071504004820,JOSHI,Naasa Securities Co. Ltd.,Bhrikuti Stock Broking Co. Pvt. Ltd.,10,345.0,3450.0,2025-07-15 12:01:27.898499
2025-07-15,59070,2025071504004864,JOSHI,Naasa Securities Co. Ltd.,Bhrikuti Stock Broking Co. Pvt. Ltd.,50,345.0,17250.0,2025-07-15 12:01:46.786423
2025-07-15,59069,2025071504004865,JOSHI,Naasa Securities Co. Ltd.,Sani Securities Company Ltd.,500,345.0,172500.0,2025-07-15 12:01:46.786560
2025-07-15,59068,2025071504004866,JOSHI,Naasa Securities Co. Ltd.,Pragyan Securities (PVT) Ltd.,200,345.0,69000.0,2025-07-15 12:01:46.786647
2025-07-15,59067,2025071504004867,JOSHI,Naasa Securities Co. Ltd.,SUN SECURITIES PVT LTD,100,345.0,34500.0,2025-07-15 12:01:46.786717
2025-07-15,58945,2025071504004901,JOSHI,Naasa Securities Co. Ltd.,Nepal Investment And Securities Trading Private Limited,100,344.9,34490.0,2025-07-15 12:02:14.981310
2025-07-15,58828,2025071504004943,JOSHI,Sundhara Securities Limited,Imperial Securities Company Pvt. Ltd.,30,343.3,10299.0,2025-07-15 12:02:37.547123
2025-07-15,58827,2025071504004944,JOSHI,Naasa Securities Co. Ltd.,Imperial Securities Company Pvt. Ltd.,100,343.2,34320.0,2025-07-15 12:02:37.547327
2025-07-15,58826,2025071504004945,JOSHI,Sundhara Securities Limited,Imperial Securities Company Pvt. Ltd.,50,343.1,17155.0,2025-07-15 12:02:37.547429
2025-07-15,58825,2025071504004946,JOSHI,Sagarmatha Securities Private Limited,Imperial Securities Company Pvt. Ltd.,320,343.0,109760.0,2025-07-15 12:02:37.547492
2025-07-15,58057,2025071504005180,JOSHI,Sri Hari Securities Pvt. Ltd.,Sri Hari Securities Pvt. Ltd.,20,343.0,6860.0,2025-07-15 12:05:54.200627
2025-07-15,57920,2025071504005214,JOSHI,Kumari Securities Private Limited,Sani Securities Company Ltd.,50,345.0,17250.0,2025-07-15 12:06:26.622054
2025-07-15,57555,2025071504005308,JOSHI,Dipshikha Dhitopatra Karobar Co. Pvt Ltd.,Primo Securities (PVT) Ltd.,10,342.3,3423.0,2025-07-15 12:07:53.957676
2025-07-15,57554,2025071504005309,JOSHI,Trishakti Securities Public Limited,Primo Securities (PVT) Ltd.,38,342.2,13003.6,2025-07-15 12:07:53.957854
2025-07-15,56560,2025071504005544,JOSHI,Trishakti Securities Public Limited,Neev Securities Pvt. Ltd.,100,342.2,34220.0,2025-07-15 12:12:31.493924
2025-07-15,56450,2025071504005594,JOSHI,Trishakti Securities Public Limited,Premier Securities Company Ltd.,50,342.2,17110.0,2025-07-15 12:12:54.731272
2025-07-15,54829,2025071504006082,JOSHI,Sewa Securities Pvt. Ltd.,Aryatara Investment & Securities,39,343.9,13412.1,2025-07-15 12:19:08.846661
2025-07-15,54828,2025071504006083,JOSHI,Sewa Securities Pvt. Ltd.,Premier Securities Company Ltd.,50,343.9,17195.0,2025-07-15 12:19:08.846824
2025-07-15,54827,2025071504006084,JOSHI,Sewa Securities Pvt. Ltd.,Imperial Securities Company Pvt. Ltd.,450,344.0,154800.0,2025-07-15 12:19:08.846887
2025-07-15,54589,2025071504006148,JOSHI,Naasa Securities Co. Ltd.,Premier Securities Company Ltd.,50,344.8,17240.0,2025-07-15 12:20:06.696720
2025-07-15,54588,2025071504006149,JOSHI,Naasa Securities Co. Ltd.,Nepal Investment And Securities Trading Private Limited,50,344.9,17245.0,2025-07-15 12:20:06.696891
2025-07-15,54587,2025071504006150,JOSHI,Naasa Securities Co. Ltd.,Agrawal Securities (PVT) Ltd.,10,344.9,3449.0,2025-07-15 12:20:06.696948
2025-07-15,54586,2025071504006151,JOSHI,Naasa Securities Co. Ltd.,Sani Securities Company Ltd.,150,345.0,51750.0,2025-07-15 12:20:06.697002
2025-07-15,54585,2025071504006152,JOSHI,Naasa Securities Co. Ltd.,Online Securities Pvt. Ltd.,100,345.0,34500.0,2025-07-15 12:20:06.697055
2025-07-15,53491,2025071504006601,JOSHI,South Asian Bulls Pvt. Ltd.,Asian Securities Private Ltd.,20,345.0,6900.0,2025-07-15 12:24:27.809377
2025-07-15,52963,2025071504006754,JOSHI,South Asian Bulls Pvt. Ltd.,Bhrikuti Stock Broking Co. Pvt. Ltd.,26,345.0,8970.0,2025-07-15 12:26:12.260113
2025-07-15,52853,2025071504006826,JOSHI,South Asian Bulls Pvt. Ltd.,Bhrikuti Stock Broking Co. Pvt. Ltd.,24,345.0,8280.0,2025-07-15 12:26:27.313811
2025-07-15,52852,2025071504006827,JOSHI,Agrawal Securities (PVT) Ltd.,Bhrikuti Stock Broking Co. Pvt. Ltd.,11,345.0,3795.0,2025-07-15 12:26:27.313965
2025-07-15,52198,2025071504007018,JOSHI,Cristal Kanchanjanga Securites Pvt. Ltd.,Bhrikuti Stock Broking Co. Pvt. Ltd.,40,345.0,13800.0,2025-07-15 12:29:13.116042
2025-07-15,52197,2025071504007019,JOSHI,Kalika Securities Pvt. Ltd.,Bhrikuti Stock Broking Co. Pvt. Ltd.,5,345.0,1725.0,2025-07-15 12:29:13.116431
2025-07-15,51373,2025071504007253,JOSHI,Naasa Securities Co. Ltd.,Nepal Investment And Securities Trading Private Limited,100,345.5,34550.0,2025-07-15 12:32:41.263236
2025-07-15,51295,2025071504007286,JOSHI,Naasa Securities Co. Ltd.,Premier Securities Company Ltd.,10,345.8,3458.0,2025-07-15 12:32:55.384707
2025-07-15,51220,2025071504007320,JOSHI,Dipshikha Dhitopatra Karobar Co. Pvt Ltd.,Online Securities Pvt. Ltd.,90,345.0,31050.0,2025-07-15 12:33:17.800183
2025-07-15,50766,2025071504007465,JOSHI,Naasa Securities Co. Ltd.,Online Securities Pvt. Ltd.,100,345.5,34550.0,2025-07-15 12:35:19.788393
2025-07-15,50751,2025071504007469,JOSHI,Naasa Securities Co. Ltd.,Vision Securities Pvt. Ltd,80,345.5,27640.0,2025-07-15 12:35:24.366422
2025-07-15,50750,2025071504007470,JOSHI,Dipshikha Dhitopatra Karobar Co. Pvt Ltd.,Vision Securities Pvt. Ltd,80,345.0,27600.0,2025-07-15 12:35:24.366546
2025-07-15,50583,2025071504007532,JOSHI,Dipshikha Dhitopatra Karobar Co. Pvt Ltd.,Neev Securities Pvt. Ltd.,130,345.0,44850.0,2025-07-15 12:36:18.145409
2025-07-15,50582,2025071504007533,JOSHI,ABC Securities Private Limited,Neev Securities Pvt. Ltd.,20,345.0,6900.0,2025-07-15 12:36:18.145713
2025-07-15,50552,2025071504007547,JOSHI,ABC Securities Private Limited,Vision Securities Pvt. Ltd,100,345.0,34500.0,2025-07-15 12:36:28.963031
2025-07-15,49427,2025071504008052,JOSHI,ABC Securities Private Limited,Arun Securities (PVT) Ltd.,10,345.0,3450.0,2025-07-15 12:40:52.052336
2025-07-15,49426,2025071504008053,JOSHI,Sewa Securities Pvt. Ltd.,Arun Securities (PVT) Ltd.,461,344.0,158584.0,2025-07-15 12:40:52.052399
2025-07-15,49425,2025071504008054,JOSHI,Sani Securities Company Ltd.,Arun Securities (PVT) Ltd.,29,343.0,9947.0,2025-07-15 12:40:52.052439
2025-07-15,48245,2025071504008595,JOSHI,Naasa Securities Co. Ltd.,Premier Securities Company Ltd.,15,343.2,5148.0,2025-07-15 12:45:09.219808
2025-07-15,45924,2025071504009476,JOSHI,Pragyan Securities (PVT) Ltd.,Malla & Malla Stock Broking Company Pvt. Limited,100,343.1,34310.0,2025-07-15 12:53:26.975900
2025-07-15,45923,2025071504009477,JOSHI,Sani Securities Company Ltd.,Malla & Malla Stock Broking Company Pvt. Limited,20,343.0,6860.0,2025-07-15 12:53:26.976114
2025-07-15,45102,2025071504009819,JOSHI,Sani Securities Company Ltd.,Neev Securities Pvt. Ltd.,51,343.0,17493.0,2025-07-15 12:56:55.533644
2025-07-15,44200,2025071504010074,JOSHI,Naasa Securities Co. Ltd.,Neev Securities Pvt. Ltd.,12,343.0,4116.0,2025-07-15 12:59:48.293778
2025-07-15,43965,2025071504010178,JOSHI,Siprabi Securities Pvt. Ltd.,Neev Securities Pvt. Ltd.,57,343.0,19551.0,2025-07-15 13:00:46.605498
2025-07-15,43746,2025071504010277,JOSHI,Siprabi Securities Pvt. Ltd.,Vision Securities Pvt. Ltd,10,343.0,3430.0,2025-07-15 13:01:26.983169
2025-07-15,43619,2025071504010306,JOSHI,Siprabi Securities Pvt. Ltd.,Vision Securities Pvt. Ltd,10,343.0,3430.0,2025-07-15 13:01:50.260126
2025-07-15,43252,2025071504010464,JOSHI,Siprabi Securities Pvt. Ltd.,Neev Securities Pvt. Ltd.,23,343.0,7889.0,2025-07-15 13:03:25.364694
2025-07-15,43251,2025071504010465,JOSHI,Naasa Securities Co. Ltd.,Neev Securities Pvt. Ltd.,10,343.0,3430.0,2025-07-15 13:03:25.364893
2025-07-15,43250,2025071504010466,JOSHI,Trishakti Securities Public Limited,Neev Securities Pvt. Ltd.,12,342.2,4106.4,2025-07-15 13:03:25.364960
2025-07-15,42918,2025071504010572,JOSHI,Sani Securities Company Ltd.,Naasa Securities Co. Ltd.,146,342.1,49946.6,2025-07-15 13:04:28.340013
2025-07-15,42917,2025071504010573,JOSHI,Pragyan Securities (PVT) Ltd.,Naasa Securities Co. Ltd.,54,342.1,18473.4,2025-07-15 13:04:28.340297
2025-07-15,42662,2025071504010663,JOSHI,Pragyan Securities (PVT) Ltd.,Deevyaa Securities & Stock House Pvt. Ltd,45,342.1,15394.5,2025-07-15 13:05:19.210478
2025-07-15,42538,2025071504010717,JOSHI,Kumari Securities Private Limited,Premier Securities Company Ltd.,135,343.0,46305.0,2025-07-15 13:05:41.367907
2025-07-15,42521,2025071504010725,JOSHI,Agrawal Securities (PVT) Ltd.,Premier Securities Company Ltd.,300,343.0,102900.0,2025-07-15 13:05:43.419200
2025-07-15,42292,2025071504010801,JOSHI,Trishakti Securities Public Limited,Aryatara Investment & Securities,70,342.2,23954.0,2025-07-15 13:06:46.742810
2025-07-15,42291,2025071504010802,JOSHI,Malla & Malla Stock Broking Company Pvt. Limited,Aryatara Investment & Securities,50,342.0,17100.0,2025-07-15 13:06:46.743005
2025-07-15,42290,2025071504010803,JOSHI,Malla & Malla Stock Broking Company Pvt. Limited,Aryatara Investment & Securities,58,342.0,19836.0,2025-07-15 13:06:46.743066
2025-07-15,42289,2025071504010804,JOSHI,Imperial Securities Company Pvt. Ltd.,Aryatara Investment & Securities,50,342.0,17100.0,2025-07-15 13:06:46.743125
2025-07-15,41921,2025071504010901,JOSHI,Naasa Securities Co. Ltd.,Aryatara Investment & Securities,10,342.0,3420.0,2025-07-15 13:07:54.768327
2025-07-15,41585,2025071504011041,JOSHI,Cristal Kanchanjanga Securites Pvt. Ltd.,Aryatara Investment & Securities,200,342.0,68400.0,2025-07-15 13:09:07.481232
2025-07-15,41486,2025071504011086,JOSHI,Pragyan Securities (PVT) Ltd.,Aryatara Investment & Securities,100,342.0,34200.0,2025-07-15 13:09:27.397310
2025-07-15,41205,2025071504011172,JOSHI,Dipshikha Dhitopatra Karobar Co. Pvt Ltd.,Neev Securities Pvt. Ltd.,11,341.2,3753.2,2025-07-15 13:10:20.544989
2025-07-15,41078,2025071504011209,JOSHI,Imperial Securities Company Pvt. Ltd.,Aryatara Investment & Securities,15,342.0,5130.0,2025-07-15 13:10:40.794955
2025-07-15,40452,2025071504011452,JOSHI,Primo Securities (PVT) Ltd.,Aryatara Investment & Securities,100,342.0,34200.0,2025-07-15 13:12:46.025731
2025-07-15,40359,2025071504011499,JOSHI,Sundhara Securities Limited,Aryatara Investment & Securities,100,342.0,34200.0,2025-07-15 13:13:01.799917
2025-07-15,39837,2025071504011711,JOSHI,Sumeru Securities Pvt. Ltd.,Aryatara Investment & Securities,100,342.0,34200.0,2025-07-15 13:14:45.997673
2025-07-15,39696,2025071504011758,JOSHI,Linch Stock Market Ltd.,Aryatara Investment & Securities,500,342.0,171000.0,2025-07-15 13:15:09.688631
2025-07-15,39454,2025071504011861,JOSHI,Pragyan Securities (PVT) Ltd.,Aryatara Investment & Securities,21,342.0,7182.0,2025-07-15 13:15:53.362493
2025-07-15,39310,2025071504011910,JOSHI,Cristal Kanchanjanga Securites Pvt. Ltd.,Aryatara Investment & Securities,100,342.0,34200.0,2025-07-15 13:16:31.569400
2025-07-15,39138,2025071504011951,JOSHI,Pragyan Securities (PVT) Ltd.,Aryatara Investment & Securities,10,342.0,3420.0,2025-07-15 13:17:01.562639
2025-07-15,38818,2025071504012045,JOSHI,Sweta Securities Private Limited,Aryatara Investment & Securities,16,342.0,5472.0,2025-07-15 13:17:52.517163
2025-07-15,38313,2025071504012198,JOSHI,Shree Krishna Securities Ltd.,Agrawal Securities (PVT) Ltd.,10,342.9,3429.0,2025-07-15 13:20:01.299091
2025-07-15,38312,2025071504012199,JOSHI,Shree Krishna Securities Ltd.,Premier Securities Company Ltd.,135,343.0,46305.0,2025-07-15 13:20:01.299193
2025-07-15,38279,2025071504012213,JOSHI,Linch Stock Market Ltd.,Premier Securities Company Ltd.,500,343.0,171500.0,2025-07-15 13:20:11.558027
2025-07-15,37917,2025071504012360,JOSHI,Capital Max Securities Ltd,Premier Securities Company Ltd.,180,343.0,61740.0,2025-07-15 13:21:58.956123
2025-07-15,37744,2025071504012435,JOSHI,Sweta Securities Private Limited,Investment Management Nepal Pvt. Ltd.,84,342.0,28728.0,2025-07-15 13:22:37.322648
2025-07-15,37743,2025071504012436,JOSHI,Sri Hari Securities Pvt. Ltd.,Investment Management Nepal Pvt. Ltd.,30,342.0,10260.0,2025-07-15 13:22:37.322774
2025-07-15,37742,2025071504012437,JOSHI,Naasa Securities Co. Ltd.,Investment Management Nepal Pvt. Ltd.,50,342.0,17100.0,2025-07-15 13:22:37.322868
2025-07-15,37741,2025071504012438,JOSHI,Dipshikha Dhitopatra Karobar Co. Pvt Ltd.,Investment Management Nepal Pvt. Ltd.,200,341.5,68300.0,2025-07-15 13:22:37.322949
2025-07-15,37740,2025071504012439,JOSHI,Pragyan Securities (PVT) Ltd.,Investment Management Nepal Pvt. Ltd.,50,341.3,17065.0,2025-07-15 13:22:37.323029
2025-07-15,37739,2025071504012440,JOSHI,J.F. Securites (PVT) Ltd.,Investment Management Nepal Pvt. Ltd.,200,341.3,68260.0,2025-07-15 13:22:37.323106
2025-07-15,37738,2025071504012441,JOSHI,Ashutosh Brokerage & Securities (PVT) Ltd.,Investment Management Nepal Pvt. Ltd.,10,341.2,3412.0,2025-07-15 13:22:37.323207
2025-07-15,37737,2025071504012442,JOSHI,Agrawal Securities (PVT) Ltd.,Investment Management Nepal Pvt. Ltd.,200,341.2,68240.0,2025-07-15 13:22:37.323292
2025-07-15,37736,2025071504012443,JOSHI,Pragyan Securities (PVT) Ltd.,Investment Management Nepal Pvt. Ltd.,100,341.1,34110.0,2025-07-15 13:22:37.323399
2025-07-15,37735,2025071504012444,JOSHI,Neev Securities Pvt. Ltd.,Investment Management Nepal Pvt. Ltd.,100,341.1,34110.0,2025-07-15 13:22:37.323475
2025-07-15,37734,2025071504012445,JOSHI,ABC Securities Private Limited,Investment Management Nepal Pvt. Ltd.,144,341.0,49104.0,2025-07-15 13:22:37.323547
2025-07-15,37733,2025071504012446,JOSHI,Sumeru Securities Pvt. Ltd.,Investment Management Nepal Pvt. Ltd.,100,341.0,34100.0,2025-07-15 13:22:37.323622
2025-07-15,37732,2025071504012447,JOSHI,Sani Securities Company Ltd.,Investment Management Nepal Pvt. Ltd.,100,341.0,34100.0,2025-07-15 13:22:37.323738
2025-07-15,37731,2025071504012448,JOSHI,Linch Stock Market Ltd.,Investment Management Nepal Pvt. Ltd.,100,341.0,34100.0,2025-07-15 13:22:37.323865
2025-07-15,37730,2025071504012449,JOSHI,Dipshikha Dhitopatra Karobar Co. Pvt Ltd.,Investment Management Nepal Pvt. Ltd.,100,341.0,34100.0,2025-07-15 13:22:37.323941
2025-07-15,37729,2025071504012450,JOSHI,Aryatara Investment & Securities,Investment Management Nepal Pvt. Ltd.,300,341.0,102300.0,2025-07-15 13:22:37.324013
2025-07-15,37728,2025071504012451,JOSHI,Dynamic Money Managers Securities Pvt. Ltd.,Investment Management Nepal Pvt. Ltd.,252,341.0,85932.0,2025-07-15 13:22:37.324083
2025-07-15,36569,2025071504012809,JOSHI,Naasa Securities Co. Ltd.,Arun Securities (PVT) Ltd.,195,341.7,66631.5,2025-07-15 13:27:37.985440
2025-07-15,36568,2025071504012810,JOSHI,Linch Stock Market Ltd.,Arun Securities (PVT) Ltd.,100,341.6,34160.0,2025-07-15 13:27:37.985506
2025-07-15,36567,2025071504012811,JOSHI,Dynamic Money Managers Securities Pvt. Ltd.,Arun Securities (PVT) Ltd.,188,341.0,64108.0,2025-07-15 13:27:37.985534
2025-07-15,36566,2025071504012812,JOSHI,Neev Securities Pvt. Ltd.,Arun Securities (PVT) Ltd.,17,340.6,5790.2,2025-07-15 13:27:37.985562
2025-07-15,36551,2025071504012815,JOSHI,Nabil Stock Dealer Ltd.,Siprabi Securities Pvt. Ltd.,110,341.0,37510.0,2025-07-15 13:27:43.679303
2025-07-15,35492,2025071504013100,JOSHI,Imperial Securities Company Pvt. Ltd.,Naasa Securities Co. Ltd.,15,342.0,5130.0,2025-07-15 13:32:10.300911
2025-07-15,35038,2025071504013230,JOSHI,Naasa Securities Co. Ltd.,Agrawal Securities (PVT) Ltd.,12,342.9,4114.8,2025-07-15 13:34:11.004513
2025-07-15,35037,2025071504013231,JOSHI,Naasa Securities Co. Ltd.,Premier Securities Company Ltd.,38,343.0,13034.0,2025-07-15 13:34:11.004823
2025-07-15,34106,2025071504013501,JOSHI,J.F. Securites (PVT) Ltd.,Premier Securities Company Ltd.,20,343.0,6860.0,2025-07-15 13:37:28.600209
2025-07-15,33814,2025071504013618,JOSHI,Naasa Securities Co. Ltd.,Premier Securities Company Ltd.,15,343.0,5145.0,2025-07-15 13:38:32.928648
2025-07-15,33401,2025071504013769,JOSHI,Pragyan Securities (PVT) Ltd.,Sani Securities Company Ltd.,20,342.3,6846.0,2025-07-15 13:40:15.042824
2025-07-15,31636,2025071504014206,JOSHI,Pragyan Securities (PVT) Ltd.,Siprabi Securities Pvt. Ltd.,80,342.3,27384.0,2025-07-15 13:46:54.753731
2025-07-15,31206,2025071504014366,JOSHI,Vision Securities Pvt. Ltd,Premier Securities Company Ltd.,50,343.0,17150.0,2025-07-15 13:48:32.958092
2025-07-15,30894,2025071504014470,JOSHI,Sundhara Securities Limited,Premier Securities Company Ltd.,50,343.0,17150.0,2025-07-15 13:49:46.724748
2025-07-15,30709,2025071504014528,JOSHI,Premier Securities Company Ltd.,Arun Securities (PVT) Ltd.,200,342.5,68500.0,2025-07-15 13:50:24.833779
2025-07-15,30708,2025071504014529,JOSHI,Sundhara Securities Limited,Arun Securities (PVT) Ltd.,17,342.1,5815.7,2025-07-15 13:50:24.833882
2025-07-15,30707,2025071504014530,JOSHI,Property Wiard Limited,Arun Securities (PVT) Ltd.,283,342.1,96814.3,2025-07-15 13:50:24.833960
2025-07-15,30158,2025071504014677,JOSHI,Imperial Securities Company Pvt. Ltd.,South Asian Bulls Pvt. Ltd.,20,342.0,6840.0,2025-07-15 13:52:55.481462
2025-07-15,29815,2025071504014758,JOSHI,Nabil Stock Dealer Ltd.,Premier Securities Company Ltd.,287,343.0,98441.0,2025-07-15 13:54:26.952743
2025-07-15,29459,2025071504014871,JOSHI,Nabil Stock Dealer Ltd.,Sani Securities Company Ltd.,140,344.0,48160.0,2025-07-15 13:55:58.174656
2025-07-15,29234,2025071504014925,JOSHI,Nabil Stock Dealer Ltd.,Sani Securities Company Ltd.,100,344.0,34400.0,2025-07-15 13:56:52.032859
2025-07-15,29121,2025071504014967,JOSHI,Nabil Stock Dealer Ltd.,Premier Securities Company Ltd.,50,344.9,17245.0,2025-07-15 13:57:28.384605
2025-07-15,29120,2025071504014968,JOSHI,Nabil Stock Dealer Ltd.,Online Securities Pvt. Ltd.,138,344.9,47596.2,2025-07-15 13:57:28.384804
2025-07-15,28877,2025071504015057,JOSHI,Linch Stock Market Ltd.,Online Securities Pvt. Ltd.,155,344.9,53459.5,2025-07-15 13:58:17.265655
2025-07-15,28680,2025071504015129,JOSHI,Nabil Stock Dealer Ltd.,Online Securities Pvt. Ltd.,52,344.9,17934.8,2025-07-15 13:59:05.680338
2025-07-15,28312,2025071504015227,JOSHI,Imperial Securities Company Pvt. Ltd.,Online Securities Pvt. Ltd.,200,344.9,68980.0,2025-07-15 14:00:27.802276
2025-07-15,28229,2025071504015244,JOSHI,Dipshikha Dhitopatra Karobar Co. Pvt Ltd.,Imperial Securities Company Pvt. Ltd.,50,345.0,17250.0,2025-07-15 14:00:45.518660
2025-07-15,28228,2025071504015245,JOSHI,Dipshikha Dhitopatra Karobar Co. Pvt Ltd.,Bhrikuti Stock Broking Co. Pvt. Ltd.,150,345.0,51750.0,2025-07-15 14:00:45.518865
2025-07-15,28227,2025071504015246,JOSHI,Dipshikha Dhitopatra Karobar Co. Pvt Ltd.,Sumeru Securities Pvt. Ltd.,300,345.0,103500.0,2025-07-15 14:00:45.518945
2025-07-15,28056,2025071504015277,JOSHI,Sweta Securities Private Limited,Property Wiard Limited,20,342.6,6852.0,2025-07-15 14:01:23.686721
2025-07-15,28001,2025071504015287,JOSHI,Asian Securities Private Ltd.,Sumeru Securities Pvt. Ltd.,700,345.0,241500.0,2025-07-15 14:01:38.311898
2025-07-15,27390,2025071504015486,JOSHI,Market Securities & Exchange (PVT) Ltd.,Nepal Investment And Securities Trading Private Limited,50,345.9,17295.0,2025-07-15 14:03:55.038075
2025-07-15,27387,2025071504015487,JOSHI,Sri Hari Securities Pvt. Ltd.,Nepal Investment And Securities Trading Private Limited,50,345.9,17295.0,2025-07-15 14:03:55.929200
2025-07-15,27386,2025071504015488,JOSHI,Sri Hari Securities Pvt. Ltd.,Aryatara Investment & Securities,500,346.0,173000.0,2025-07-15 14:03:55.929591
2025-07-15,27385,2025071504015489,JOSHI,Sri Hari Securities Pvt. Ltd.,Sani Securities Company Ltd.,200,346.0,69200.0,2025-07-15 14:03:55.929809
2025-07-15,27384,2025071504015490,JOSHI,Sri Hari Securities Pvt. Ltd.,Sani Securities Company Ltd.,200,346.0,69200.0,2025-07-15 14:03:55.930068
2025-07-15,27383,2025071504015491,JOSHI,Sri Hari Securities Pvt. Ltd.,Nepal Investment And Securities Trading Private Limited,50,346.0,17300.0,2025-07-15 14:03:55.930273
2025-07-15,27353,2025071504015506,JOSHI,Premier Securities Company Ltd.,Nepal Investment And Securities Trading Private Limited,20,346.0,6920.0,2025-07-15 14:04:08.707754
2025-07-15,27309,2025071504015512,JOSHI,Asian Securities Private Ltd.,Nepal Investment And Securities Trading Private Limited,30,346.0,10380.0,2025-07-15 14:04:19.600055
2025-07-15,27308,2025071504015513,JOSHI,Asian Securities Private Ltd.,Deevyaa Securities & Stock House Pvt. Ltd,20,346.0,6920.0,2025-07-15 14:04:19.600277
2025-07-15,27307,2025071504015514,JOSHI,Asian Securities Private Ltd.,Primo Securities (PVT) Ltd.,35,347.0,12145.0,2025-07-15 14:04:19.600359
2025-07-15,27306,2025071504015515,JOSHI,Asian Securities Private Ltd.,Naasa Securities Co. Ltd.,10,347.0,3470.0,2025-07-15 14:04:19.600431
2025-07-15,27305,2025071504015516,JOSHI,Asian Securities Private Ltd.,Vision Securities Pvt. Ltd,70,347.0,24290.0,2025-07-15 14:04:19.600503
2025-07-15,27304,2025071504015517,JOSHI,Asian Securities Private Ltd.,Sani Securities Company Ltd.,100,347.0,34700.0,2025-07-15 14:04:19.600573
2025-07-15,27303,2025071504015518,JOSHI,Asian Securities Private Ltd.,Bhrikuti Stock Broking Co. Pvt. Ltd.,30,347.0,10410.0,2025-07-15 14:04:19.600643
2025-07-15,27182,2025071504015569,JOSHI,Nepal Investment And Securities Trading Private Limited,Deevyaa Securities & Stock House Pvt. Ltd,30,347.0,10410.0,2025-07-15 14:04:45.419847
2025-07-15,27181,2025071504015570,JOSHI,Nepal Investment And Securities Trading Private Limited,Trishakti Securities Public Limited,20,347.0,6940.0,2025-07-15 14:04:45.420057
2025-07-15,27141,2025071504015584,JOSHI,Kohinoor Investment & Securities Pvt. Ltd.,Trishakti Securities Public Limited,50,347.0,17350.0,2025-07-15 14:04:48.579773
2025-07-15,27140,2025071504015585,JOSHI,Kohinoor Investment & Securities Pvt. Ltd.,ABC Securities Private Limited,278,347.0,96466.0,2025-07-15 14:04:48.580119
2025-07-15,27139,2025071504015586,JOSHI,Kohinoor Investment & Securities Pvt. Ltd.,Thrive Brokerage House Pvt. Ltd,75,347.0,26025.0,2025-07-15 14:04:48.580458
2025-07-15,26994,2025071504015633,JOSHI,Bhrikuti Stock Broking Co. Pvt. Ltd.,ABC Securities Private Limited,10,348.8,3488.0,2025-07-15 14:05:31.413447
2025-07-15,26987,2025071504015639,JOSHI,Shree Krishna Securities Ltd.,ABC Securities Private Limited,20,348.8,6976.0,2025-07-15 14:05:34.151663
2025-07-15,26986,2025071504015640,JOSHI,Shree Krishna Securities Ltd.,Miyo Securities Pvt Ltd,50,348.8,17440.0,2025-07-15 14:05:34.151730
2025-07-15,26985,2025071504015641,JOSHI,Shree Krishna Securities Ltd.,Dakshinkali Investment & Securities Pvt. Ltd.,100,348.8,34880.0,2025-07-15 14:05:34.151776
2025-07-15,26984,2025071504015642,JOSHI,Shree Krishna Securities Ltd.,Sani Securities Company Ltd.,42,348.8,14649.6,2025-07-15 14:05:34.151805
2025-07-15,26983,2025071504015643,JOSHI,Shree Krishna Securities Ltd.,Capital Max Securities Ltd,88,349.0,30712.0,2025-07-15 14:05:34.151831
2025-07-15,26943,2025071504015654,JOSHI,Midas Stock Broking Company Private Limited,Capital Max Securities Ltd,50,349.0,17450.0,2025-07-15 14:05:42.909564
2025-07-15,26885,2025071504015675,JOSHI,Aryatara Investment & Securities,Capital Max Securities Ltd,100,349.0,34900.0,2025-07-15 14:06:01.669874
2025-07-15,26718,2025071504015706,JOSHI,Shree Krishna Securities Ltd.,Capital Max Securities Ltd,202,349.0,70498.0,2025-07-15 14:06:38.516402
2025-07-15,26717,2025071504015707,JOSHI,Shree Krishna Securities Ltd.,Shree Krishna Securities Ltd.,307,349.0,107143.0,2025-07-15 14:06:38.516610
2025-07-15,26716,2025071504015708,JOSHI,Shree Krishna Securities Ltd.,Bhrikuti Stock Broking Co. Pvt. Ltd.,191,349.0,66659.0,2025-07-15 14:06:38.516681
2025-07-15,26585,2025071504015747,JOSHI,Linch Stock Market Ltd.,Bhrikuti Stock Broking Co. Pvt. Ltd.,60,349.0,20940.0,2025-07-15 14:07:22.909432
2025-07-15,26550,2025071504015762,JOSHI,Sundhara Securities Limited,Bhrikuti Stock Broking Co. Pvt. Ltd.,349,349.0,121801.0,2025-07-15 14:07:30.408411
2025-07-15,26549,2025071504015763,JOSHI,Sundhara Securities Limited,Pragyan Securities (PVT) Ltd.,51,349.0,17799.0,2025-07-15 14:07:30.408611
2025-07-15,26393,2025071504015804,JOSHI,Premier Securities Company Ltd.,Pragyan Securities (PVT) Ltd.,49,349.0,17101.0,2025-07-15 14:07:56.120186
2025-07-15,26392,2025071504015805,JOSHI,Premier Securities Company Ltd.,Premier Securities Company Ltd.,40,349.0,13960.0,2025-07-15 14:07:56.120452
2025-07-15,26391,2025071504015806,JOSHI,Premier Securities Company Ltd.,Nepal Investment And Securities Trading Private Limited,11,349.0,3839.0,2025-07-15 14:07:56.120527
2025-07-15,26375,2025071504015816,JOSHI,ABC Securities Private Limited,Nepal Investment And Securities Trading Private Limited,39,349.0,13611.0,2025-07-15 14:08:00.974549
2025-07-15,26374,2025071504015817,JOSHI,ABC Securities Private Limited,Secured Securities Ltd.,407,349.0,142043.0,2025-07-15 14:08:00.974752
2025-07-15,26373,2025071504015818,JOSHI,ABC Securities Private Limited,Thrive Brokerage House Pvt. Ltd,180,349.0,62820.0,2025-07-15 14:08:00.974846
2025-07-15,26372,2025071504015819,JOSHI,ABC Securities Private Limited,Dipshikha Dhitopatra Karobar Co. Pvt Ltd.,94,349.0,32806.0,2025-07-15 14:08:00.974922
2025-07-15,26367,2025071504015820,JOSHI,Capital Max Securities Ltd,Arun Securities (PVT) Ltd.,20,348.0,6960.0,2025-07-15 14:08:02.923358
2025-07-15,26366,2025071504015821,JOSHI,Hatemalo Financial Services Private Limited,Arun Securities (PVT) Ltd.,480,348.0,167040.0,2025-07-15 14:08:02.923456
2025-07-15,26353,2025071504015824,JOSHI,Imperial Securities Company Pvt. Ltd.,Dipshikha Dhitopatra Karobar Co. Pvt Ltd.,100,349.0,34900.0,2025-07-15 14:08:04.811339
2025-07-15,26305,2025071504015838,JOSHI,Sweta Securities Private Limited,Dipshikha Dhitopatra Karobar Co. Pvt Ltd.,10,349.0,3490.0,2025-07-15 14:08:14.509844
2025-07-15,26289,2025071504015843,JOSHI,Imperial Securities Company Pvt. Ltd.,Dipshikha Dhitopatra Karobar Co. Pvt Ltd.,200,349.0,69800.0,2025-07-15 14:08:18.180890
2025-07-15,26275,2025071504015854,JOSHI,Trishakti Securities Public Limited,Dipshikha Dhitopatra Karobar Co. Pvt Ltd.,96,349.0,33504.0,2025-07-15 14:08:22.068113
2025-07-15,26257,2025071504015857,JOSHI,Aryatara Investment & Securities,Online Securities Pvt. Ltd.,50,349.8,17490.0,2025-07-15 14:08:28.314659
2025-07-15,26219,2025071504015865,JOSHI,Trishakti Securities Public Limited,Online Securities Pvt. Ltd.,54,349.8,18889.2,2025-07-15 14:08:42.183258
2025-07-15,26201,2025071504015870,JOSHI,ABC Securities Private Limited,Online Securities Pvt. Ltd.,261,349.8,91297.8,2025-07-15 14:08:45.376081
2025-07-15,26200,2025071504015871,JOSHI,ABC Securities Private Limited,Imperial Securities Company Pvt. Ltd.,100,349.8,34980.0,2025-07-15 14:08:45.376283
2025-07-15,26199,2025071504015872,JOSHI,ABC Securities Private Limited,Sani Securities Company Ltd.,100,349.8,34980.0,2025-07-15 14:08:45.376371
2025-07-15,26198,2025071504015873,JOSHI,ABC Securities Private Limited,Sani Securities Company Ltd.,229,349.8,80104.2,2025-07-15 14:08:45.376467
2025-07-15,26142,2025071504015895,JOSHI,Dipshikha Dhitopatra Karobar Co. Pvt Ltd.,Sani Securities Company Ltd.,271,349.8,94795.8,2025-07-15 14:09:01.073437
2025-07-15,26115,2025071504015897,JOSHI,Naasa Securities Co. Ltd.,ABC Securities Private Limited,20,350.0,7000.0,2025-07-15 14:09:04.743472
2025-07-15,26114,2025071504015898,JOSHI,Naasa Securities Co. Ltd.,Online Securities Pvt. Ltd.,30,350.0,10500.0,2025-07-15 14:09:04.743670
2025-07-15,26099,2025071504015903,JOSHI,Imperial Securities Company Pvt. Ltd.,Online Securities Pvt. Ltd.,38,350.0,13300.0,2025-07-15 14:09:09.134550
2025-07-15,25985,2025071504015935,JOSHI,Online Securities Pvt. Ltd.,Online Securities Pvt. Ltd.,132,350.0,46200.0,2025-07-15 14:09:37.217398
2025-07-15,25984,2025071504015936,JOSHI,Online Securities Pvt. Ltd.,Aryatara Investment & Securities,158,350.0,55300.0,2025-07-15 14:09:37.217728
2025-07-15,25943,2025071504015945,JOSHI,ABC Securities Private Limited,Aryatara Investment & Securities,20,350.0,7000.0,2025-07-15 14:09:42.855399
2025-07-15,25805,2025071504015997,JOSHI,Asian Securities Private Ltd.,Aryatara Investment & Securities,50,350.0,17500.0,2025-07-15 14:10:11.600079
2025-07-15,25783,2025071504015998,JOSHI,Shree Krishna Securities Ltd.,Aryatara Investment & Securities,72,350.0,25200.0,2025-07-15 14:10:13.345614
2025-07-15,25782,2025071504015999,JOSHI,Shree Krishna Securities Ltd.,Naasa Securities Co. Ltd.,28,350.0,9800.0,2025-07-15 14:10:13.345944
2025-07-15,25669,2025071504016033,JOSHI,Capital Max Securities Ltd,Naasa Securities Co. Ltd.,22,350.0,7700.0,2025-07-15 14:10:31.192377
2025-07-15,25494,2025071504016075,JOSHI,Sani Securities Company Ltd.,Sumeru Securities Pvt. Ltd.,209,350.9,73338.1,2025-07-15 14:11:19.421739
2025-07-15,25493,2025071504016076,JOSHI,Sani Securities Company Ltd.,Naasa Securities Co. Ltd.,11,350.9,3859.9,2025-07-15 14:11:19.422056
2025-07-15,25361,2025071504016108,JOSHI,Trisul Securities & Invt. Ltd.,Agrawal Securities (PVT) Ltd.,75,351.0,26325.0,2025-07-15 14:11:46.145175
2025-07-15,25360,2025071504016109,JOSHI,Trisul Securities & Invt. Ltd.,South Asian Bulls Pvt. Ltd.,120,351.0,42120.0,2025-07-15 14:11:46.145408
2025-07-15,25359,2025071504016110,JOSHI,Trisul Securities & Invt. Ltd.,Linch Stock Market Ltd.,305,351.0,107055.0,2025-07-15 14:11:46.145473
2025-07-15,25292,2025071504016120,JOSHI,Ashutosh Brokerage & Securities (PVT) Ltd.,Linch Stock Market Ltd.,50,351.0,17550.0,2025-07-15 14:12:01.099885
2025-07-15,25272,2025071504016124,JOSHI,Sumeru Securities Pvt. Ltd.,Linch Stock Market Ltd.,200,351.0,70200.0,2025-07-15 14:12:04.559880
2025-07-15,25126,2025071504016163,JOSHI,Naasa Securities Co. Ltd.,Linch Stock Market Ltd.,445,351.0,156195.0,2025-07-15 14:12:25.974446
2025-07-15,24922,2025071504016202,JOSHI,Capital Max Securities Ltd,Neev Securities Pvt. Ltd.,28,350.0,9800.0,2025-07-15 14:12:55.447198
2025-07-15,24921,2025071504016203,JOSHI,Capital Max Securities Ltd,Neev Securities Pvt. Ltd.,20,350.0,7000.0,2025-07-15 14:12:55.447426
2025-07-15,24886,2025071504016208,JOSHI,Naasa Securities Co. Ltd.,Agrawal Securities (PVT) Ltd.,75,351.5,26362.5,2025-07-15 14:12:59.299169
2025-07-15,24734,2025071504016240,JOSHI,Dynamic Money Managers Securities Pvt. Ltd.,Dipshikha Dhitopatra Karobar Co. Pvt Ltd.,10,351.8,3518.0,2025-07-15 14:13:28.253536
2025-07-15,24733,2025071504016241,JOSHI,Dynamic Money Managers Securities Pvt. Ltd.,Kohinoor Investment & Securities Pvt. Ltd.,22,351.9,7741.8,2025-07-15 14:13:28.253863
2025-07-15,24732,2025071504016242,JOSHI,Dynamic Money Managers Securities Pvt. Ltd.,Asian Securities Private Ltd.,20,351.9,7038.0,2025-07-15 14:13:28.254060
2025-07-15,24731,2025071504016243,JOSHI,Dynamic Money Managers Securities Pvt. Ltd.,Naasa Securities Co. Ltd.,100,351.9,35190.0,2025-07-15 14:13:28.254247
2025-07-15,24730,2025071504016244,JOSHI,Dynamic Money Managers Securities Pvt. Ltd.,Shree Krishna Securities Ltd.,648,351.9,228031.2,2025-07-15 14:13:28.254462
2025-07-15,24597,2025071504016277,JOSHI,J.F. Securites (PVT) Ltd.,Kohinoor Investment & Securities Pvt. Ltd.,23,351.5,8084.5,2025-07-15 14:13:53.882748
2025-07-15,24460,2025071504016333,JOSHI,Dynamic Money Managers Securities Pvt. Ltd.,Shree Krishna Securities Ltd.,180,351.9,63342.0,2025-07-15 14:14:14.827962
2025-07-15,24414,2025071504016344,JOSHI,J.F. Securites (PVT) Ltd.,Neev Securities Pvt. Ltd.,11,351.5,3866.5,2025-07-15 14:14:23.885801
2025-07-15,24261,2025071504016362,JOSHI,Naasa Securities Co. Ltd.,Shree Krishna Securities Ltd.,332,351.9,116830.8,2025-07-15 14:14:46.318290
2025-07-15,24148,2025071504016404,JOSHI,Linch Stock Market Ltd.,Shree Krishna Securities Ltd.,1000,351.9,351900.0,2025-07-15 14:15:09.491787
2025-07-15,24037,2025071504016450,JOSHI,J.F. Securites (PVT) Ltd.,Shree Krishna Securities Ltd.,55,351.9,19354.5,2025-07-15 14:15:26.637577
2025-07-15,24036,2025071504016451,JOSHI,J.F. Securites (PVT) Ltd.,Naasa Securities Co. Ltd.,175,352.0,61600.0,2025-07-15 14:15:26.637771
2025-07-15,24035,2025071504016452,JOSHI,J.F. Securites (PVT) Ltd.,Naasa Securities Co. Ltd.,100,352.0,35200.0,2025-07-15 14:15:26.637843
2025-07-15,24034,2025071504016453,JOSHI,J.F. Securites (PVT) Ltd.,Vision Securities Pvt. Ltd,100,352.0,35200.0,2025-07-15 14:15:26.637911
2025-07-15,24033,2025071504016454,JOSHI,J.F. Securites (PVT) Ltd.,Sani Securities Company Ltd.,70,352.0,24640.0,2025-07-15 14:15:26.637981
2025-07-15,24013,2025071504016461,JOSHI,Dipshikha Dhitopatra Karobar Co. Pvt Ltd.,Sani Securities Company Ltd.,200,352.0,70400.0,2025-07-15 14:15:31.120283
2025-07-15,23960,2025071504016472,JOSHI,Neev Securities Pvt. Ltd.,Sani Securities Company Ltd.,100,352.0,35200.0,2025-07-15 14:15:40.246474
2025-07-15,23936,2025071504016480,JOSHI,SHUBHAKAMANA SECURITIES PVT. LTD,Sani Securities Company Ltd.,565,352.0,198880.0,2025-07-15 14:15:48.520509
2025-07-15,23834,2025071504016509,JOSHI,Kohinoor Investment & Securities Pvt. Ltd.,Sani Securities Company Ltd.,65,352.0,22880.0,2025-07-15 14:16:02.759651
2025-07-15,23805,2025071504016516,JOSHI,Aryatara Investment & Securities,Premier Securities Company Ltd.,20,353.0,7060.0,2025-07-15 14:16:11.377487
2025-07-15,23804,2025071504016517,JOSHI,Aryatara Investment & Securities,Malla & Malla Stock Broking Company Pvt. Limited,500,353.0,176500.0,2025-07-15 14:16:11.377693
2025-07-15,23803,2025071504016518,JOSHI,Aryatara Investment & Securities,Bhrikuti Stock Broking Co. Pvt. Ltd.,100,353.0,35300.0,2025-07-15 14:16:11.377764
2025-07-15,23802,2025071504016519,JOSHI,Aryatara Investment & Securities,Imperial Securities Company Pvt. Ltd.,100,353.0,35300.0,2025-07-15 14:16:11.377831
2025-07-15,23801,2025071504016520,JOSHI,Aryatara Investment & Securities,Property Wiard Limited,80,353.0,28240.0,2025-07-15 14:16:11.377898
2025-07-15,23781,2025071504016521,JOSHI,Kohinoor Investment & Securities Pvt. Ltd.,Premier Securities Company Ltd.,25,352.0,8800.0,2025-07-15 14:16:12.340526
2025-07-15,23766,2025071504016525,JOSHI,J.F. Securites (PVT) Ltd.,Naasa Securities Co. Ltd.,16,351.5,5624.0,2025-07-15 14:16:16.223085
2025-07-15,23765,2025071504016526,JOSHI,Sumeru Securities Pvt. Ltd.,Naasa Securities Co. Ltd.,24,351.5,8436.0,2025-07-15 14:16:16.223281
2025-07-15,23488,2025071504016595,JOSHI,Dipshikha Dhitopatra Karobar Co. Pvt Ltd.,Investment Management Nepal Pvt. Ltd.,1000,352.5,352500.0,2025-07-15 14:17:12.985479
2025-07-15,23378,2025071504016619,JOSHI,Trishakti Securities Public Limited,Investment Management Nepal Pvt. Ltd.,50,352.5,17625.0,2025-07-15 14:17:32.234956
2025-07-15,23048,2025071504016681,JOSHI,Thrive Brokerage House Pvt. Ltd,Investment Management Nepal Pvt. Ltd.,100,352.5,35250.0,2025-07-15 14:18:45.354724
2025-07-15,22900,2025071504016720,JOSHI,Miyo Securities Pvt Ltd,Investment Management Nepal Pvt. Ltd.,1000,352.5,352500.0,2025-07-15 14:19:11.929501
2025-07-15,22874,2025071504016722,JOSHI,Sewa Securities Pvt. Ltd.,Investment Management Nepal Pvt. Ltd.,700,352.5,246750.0,2025-07-15 14:19:17.821703
2025-07-15,22873,2025071504016723,JOSHI,Sewa Securities Pvt. Ltd.,Ashutosh Brokerage & Securities (PVT) Ltd.,50,352.5,17625.0,2025-07-15 14:19:17.822053
2025-07-15,22779,2025071504016744,JOSHI,Sewa Securities Pvt. Ltd.,Linch Stock Market Ltd.,20,352.5,7050.0,2025-07-15 14:19:35.589710
2025-07-15,22607,2025071504016791,JOSHI,Aryatara Investment & Securities,Property Wiard Limited,10,353.0,3530.0,2025-07-15 14:20:11.898721
2025-07-15,22580,2025071504016794,JOSHI,ABC Securities Private Limited,Property Wiard Limited,10,353.0,3530.0,2025-07-15 14:20:20.938936
2025-07-15,22453,2025071504016835,JOSHI,Sewa Securities Pvt. Ltd.,Cristal Kanchanjanga Securites Pvt. Ltd.,300,352.6,105780.0,2025-07-15 14:20:46.162309
2025-07-15,22395,2025071504016841,JOSHI,Sewa Securities Pvt. Ltd.,Imperial Securities Company Pvt. Ltd.,360,352.5,126900.0,2025-07-15 14:20:53.485844
2025-07-15,22062,2025071504016931,JOSHI,Market Securities & Exchange (PVT) Ltd.,Aryatara Investment & Securities,50,352.1,17605.0,2025-07-15 14:22:09.297508
2025-07-15,21892,2025071504017002,JOSHI,Sewa Securities Pvt. Ltd.,Online Securities Pvt. Ltd.,20,352.0,7040.0,2025-07-15 14:22:43.338168
2025-07-15,21891,2025071504017003,JOSHI,Sumeru Securities Pvt. Ltd.,Online Securities Pvt. Ltd.,126,351.5,44289.0,2025-07-15 14:22:43.338427
2025-07-15,21890,2025071504017004,JOSHI,ABC Securities Private Limited,Online Securities Pvt. Ltd.,50,351.0,17550.0,2025-07-15 14:22:43.338508
2025-07-15,21889,2025071504017005,JOSHI,Hatemalo Financial Services Private Limited,Online Securities Pvt. Ltd.,5304,351.0,1861704.0,2025-07-15 14:22:43.338580
2025-07-15,21720,2025071504017044,JOSHI,Online Securities Pvt. Ltd.,Vision Securities Pvt. Ltd,200,352.0,70400.0,2025-07-15 14:23:20.843934
2025-07-15,21555,2025071504017078,JOSHI,Trishakti Securities Public Limited,Vision Securities Pvt. Ltd,30,352.0,10560.0,2025-07-15 14:23:36.056668
2025-07-15,21347,2025071504017119,JOSHI,Hatemalo Financial Services Private Limited,Shree Krishna Securities Ltd.,100,351.0,35100.0,2025-07-15 14:24:18.738489
2025-07-15,21277,2025071504017132,JOSHI,Aryatara Investment & Securities,Vision Securities Pvt. Ltd,30,352.0,10560.0,2025-07-15 14:24:30.030530
2025-07-15,21244,2025071504017141,JOSHI,Premier Securities Company Ltd.,Vision Securities Pvt. Ltd,100,352.0,35200.0,2025-07-15 14:24:34.575805
2025-07-15,21044,2025071504017186,JOSHI,Sumeru Securities Pvt. Ltd.,Linch Stock Market Ltd.,50,351.1,17555.0,2025-07-15 14:25:06.776860
2025-07-15,20933,2025071504017223,JOSHI,Dakshinkali Investment & Securities Pvt. Ltd.,Oxford Securities Pvt. Ltd.,50,352.0,17600.0,2025-07-15 14:25:31.715713
2025-07-15,20676,2025071504017314,JOSHI,Siprabi Securities Pvt. Ltd.,Oxford Securities Pvt. Ltd.,38,352.0,13376.0,2025-07-15 14:26:00.446775
2025-07-15,20675,2025071504017315,JOSHI,Siprabi Securities Pvt. Ltd.,Secured Securities Ltd.,50,352.0,17600.0,2025-07-15 14:26:00.446963
2025-07-15,20674,2025071504017316,JOSHI,Siprabi Securities Pvt. Ltd.,Ashutosh Brokerage & Securities (PVT) Ltd.,56,352.0,19712.0,2025-07-15 14:26:00.447033
2025-07-15,20658,2025071504017317,JOSHI,Sani Securities Company Ltd.,Deevyaa Securities & Stock House Pvt. Ltd,20,351.2,7024.0,2025-07-15 14:26:04.936644
2025-07-15,20637,2025071504017321,JOSHI,Neev Securities Pvt. Ltd.,Ashutosh Brokerage & Securities (PVT) Ltd.,44,352.0,15488.0,2025-07-15 14:26:08.003012
2025-07-15,20636,2025071504017322,JOSHI,Neev Securities Pvt. Ltd.,Cristal Kanchanjanga Securites Pvt. Ltd.,156,352.0,54912.0,2025-07-15 14:26:08.003234
2025-07-15,20602,2025071504017335,JOSHI,Linch Stock Market Ltd.,Cristal Kanchanjanga Securites Pvt. Ltd.,30,352.0,10560.0,2025-07-15 14:26:13.414545
2025-07-15,20038,2025071504017441,JOSHI,Nepal Investment And Securities Trading Private Limited,Cristal Kanchanjanga Securites Pvt. Ltd.,14,351.3,4918.2,2025-07-15 14:27:25.774207
2025-07-15,20037,2025071504017442,JOSHI,Nepal Investment And Securities Trading Private Limited,Online Securities Pvt. Ltd.,86,352.0,30272.0,2025-07-15 14:27:25.774442
2025-07-15,20000,2025071504017454,JOSHI,J.F. Securites (PVT) Ltd.,Aryatara Investment & Securities,110,351.1,38621.0,2025-07-15 14:27:32.126191
2025-07-15,19999,2025071504017455,JOSHI,Kohinoor Investment & Securities Pvt. Ltd.,Aryatara Investment & Securities,90,351.1,31599.0,2025-07-15 14:27:32.126403
2025-07-15,19490,2025071504017607,JOSHI,Kohinoor Investment & Securities Pvt. Ltd.,Siprabi Securities Pvt. Ltd.,50,351.1,17555.0,2025-07-15 14:29:06.633796
2025-07-15,19294,2025071504017664,JOSHI,Dipshikha Dhitopatra Karobar Co. Pvt Ltd.,Deevyaa Securities & Stock House Pvt. Ltd,30,351.8,10554.0,2025-07-15 14:29:36.136850
2025-07-15,19293,2025071504017665,JOSHI,Dipshikha Dhitopatra Karobar Co. Pvt Ltd.,Online Securities Pvt. Ltd.,170,352.0,59840.0,2025-07-15 14:29:36.137065
2025-07-15,19165,2025071504017682,JOSHI,Dipshikha Dhitopatra Karobar Co. Pvt Ltd.,Online Securities Pvt. Ltd.,179,352.0,63008.0,2025-07-15 14:29:49.259920
2025-07-15,18843,2025071504017782,JOSHI,Kohinoor Investment & Securities Pvt. Ltd.,ABC Securities Private Limited,10,351.1,3511.0,2025-07-15 14:30:45.519300
2025-07-15,18842,2025071504017783,JOSHI,Hatemalo Financial Services Private Limited,ABC Securities Private Limited,490,351.0,171990.0,2025-07-15 14:30:45.519705
2025-07-15,18738,2025071504017825,JOSHI,Kohinoor Investment & Securities Pvt. Ltd.,Aryatara Investment & Securities,144,351.2,50572.8,2025-07-15 14:31:03.656701
2025-07-15,18737,2025071504017826,JOSHI,Hatemalo Financial Services Private Limited,Aryatara Investment & Securities,356,351.0,124956.0,2025-07-15 14:31:03.656953
2025-07-15,18727,2025071504017827,JOSHI,Hatemalo Financial Services Private Limited,Linch Stock Market Ltd.,500,351.0,175500.0,2025-07-15 14:31:06.833442
2025-07-15,18705,2025071504017839,JOSHI,Vision Securities Pvt. Ltd,Premier Securities Company Ltd.,100,351.9,35190.0,2025-07-15 14:31:10.664835
2025-07-15,18047,2025071504018046,JOSHI,Trishakti Securities Public Limited,Secured Securities Ltd.,10,351.5,3515.0,2025-07-15 14:32:52.632046
2025-07-15,17919,2025071504018088,JOSHI,Oxford Securities Pvt. Ltd.,Secured Securities Ltd.,20,351.5,7030.0,2025-07-15 14:33:07.430456
2025-07-15,17804,2025071504018141,JOSHI,Investment Management Nepal Pvt. Ltd.,Secured Securities Ltd.,470,351.5,165205.0,2025-07-15 14:33:23.043033
2025-07-15,17803,2025071504018142,JOSHI,Investment Management Nepal Pvt. Ltd.,Premier Securities Company Ltd.,400,351.9,140760.0,2025-07-15 14:33:23.043266
2025-07-15,17802,2025071504018143,JOSHI,Investment Management Nepal Pvt. Ltd.,Online Securities Pvt. Ltd.,615,352.0,216480.0,2025-07-15 14:33:23.043348
2025-07-15,17801,2025071504018144,JOSHI,Investment Management Nepal Pvt. Ltd.,Ashutosh Brokerage & Securities (PVT) Ltd.,15,352.0,5280.0,2025-07-15 14:33:23.043421
2025-07-15,17625,2025071504018192,JOSHI,Agrawal Securities (PVT) Ltd.,Ashutosh Brokerage & Securities (PVT) Ltd.,85,352.0,29920.0,2025-07-15 14:33:43.896640
2025-07-15,17624,2025071504018193,JOSHI,Agrawal Securities (PVT) Ltd.,Shree Krishna Securities Ltd.,15,352.0,5280.0,2025-07-15 14:33:43.897020
2025-07-15,17523,2025071504018232,JOSHI,Investment Management Nepal Pvt. Ltd.,Sri Hari Securities Pvt. Ltd.,50,351.4,17570.0,2025-07-15 14:33:59.357487
2025-07-15,17522,2025071504018233,JOSHI,Investment Management Nepal Pvt. Ltd.,Shree Krishna Securities Ltd.,80,352.0,28160.0,2025-07-15 14:33:59.357811
2025-07-15,17521,2025071504018234,JOSHI,Investment Management Nepal Pvt. Ltd.,Naasa Securities Co. Ltd.,205,352.0,72160.0,2025-07-15 14:33:59.358018
2025-07-15,17520,2025071504018235,JOSHI,Investment Management Nepal Pvt. Ltd.,Aryatara Investment & Securities,1000,352.0,352000.0,2025-07-15 14:33:59.358219
2025-07-15,17519,2025071504018236,JOSHI,Investment Management Nepal Pvt. Ltd.,Imperial Securities Company Pvt. Ltd.,165,352.5,58162.5,2025-07-15 14:33:59.358428
2025-07-15,17292,2025071504018299,JOSHI,Naasa Securities Co. Ltd.,Naasa Securities Co. Ltd.,50,351.1,17555.0,2025-07-15 14:34:31.076321
2025-07-15,17031,2025071504018418,JOSHI,Naasa Securities Co. Ltd.,Siprabi Securities Pvt. Ltd.,500,351.1,175550.0,2025-07-15 14:35:12.269882
2025-07-15,17003,2025071504018422,JOSHI,Investment Management Nepal Pvt. Ltd.,Imperial Securities Company Pvt. Ltd.,75,352.5,26437.5,2025-07-15 14:35:16.903175
2025-07-15,17002,2025071504018423,JOSHI,Investment Management Nepal Pvt. Ltd.,Agrawal Securities (PVT) Ltd.,30,352.9,10587.0,2025-07-15 14:35:16.903436
2025-07-15,17001,2025071504018424,JOSHI,Investment Management Nepal Pvt. Ltd.,Property Wiard Limited,295,353.0,104135.0,2025-07-15 14:35:16.903513
2025-07-15,16981,2025071504018428,JOSHI,Naasa Securities Co. Ltd.,Vision Securities Pvt. Ltd,36,351.1,12639.6,2025-07-15 14:35:21.382206
2025-07-15,16980,2025071504018429,JOSHI,Premier Securities Company Ltd.,Vision Securities Pvt. Ltd,20,351.1,7022.0,2025-07-15 14:35:21.382484
2025-07-15,16940,2025071504018443,JOSHI,K.B.L. Securities Limited ,Vision Securities Pvt. Ltd,10,351.1,3511.0,2025-07-15 14:35:33.041326
2025-07-15,16227,2025071504018689,JOSHI,Sundhara Securities Limited,Naasa Securities Co. Ltd.,80,352.0,28160.0,2025-07-15 14:36:57.491457
2025-07-15,15693,2025071504018844,JOSHI,Trishakti Securities Public Limited,Naasa Securities Co. Ltd.,20,352.0,7040.0,2025-07-15 14:38:09.305601
2025-07-15,15692,2025071504018845,JOSHI,Trishakti Securities Public Limited,Vision Securities Pvt. Ltd,30,352.0,10560.0,2025-07-15 14:38:09.305966
2025-07-15,15688,2025071504018846,JOSHI,Agrawal Securities (PVT) Ltd.,Naasa Securities Co. Ltd.,30,352.0,10560.0,2025-07-15 14:38:11.423820
2025-07-15,15587,2025071504018889,JOSHI,Agrawal Securities (PVT) Ltd.,Dipshikha Dhitopatra Karobar Co. Pvt Ltd.,105,352.9,37054.5,2025-07-15 14:38:30.414842
2025-07-15,15497,2025071504018920,JOSHI,Agrawal Securities (PVT) Ltd.,Property Wiard Limited,65,353.0,22945.0,2025-07-15 14:38:47.590309
2025-07-15,14805,2025071504019144,JOSHI,Vision Securities Pvt. Ltd,Property Wiard Limited,20,353.0,7060.0,2025-07-15 14:40:30.280893
2025-07-15,14481,2025071504019239,JOSHI,ABC Securities Private Limited,Sri Hari Securities Pvt. Ltd.,10,352.0,3520.0,2025-07-15 14:41:15.133179
2025-07-15,14035,2025071504019377,JOSHI,Nepal Stock House (PVT) Ltd.,Premier Securities Company Ltd.,20,352.0,7040.0,2025-07-15 14:42:24.960781
2025-07-15,13979,2025071504019393,JOSHI,Siprabi Securities Pvt. Ltd.,Sri Hari Securities Pvt. Ltd.,190,352.1,66899.0,2025-07-15 14:42:29.376998
2025-07-15,13864,2025071504019415,JOSHI,Siprabi Securities Pvt. Ltd.,ABC Securities Private Limited,10,352.2,3522.0,2025-07-15 14:42:43.643267
2025-07-15,13351,2025071504019593,JOSHI,Sani Securities Company Ltd.,Neev Securities Pvt. Ltd.,200,352.0,70400.0,2025-07-15 14:43:56.207484
2025-07-15,13080,2025071504019667,JOSHI,Sani Securities Company Ltd.,ABC Securities Private Limited,20,352.0,7040.0,2025-07-15 14:44:31.779674
2025-07-15,12850,2025071504019694,JOSHI,Sani Securities Company Ltd.,Kohinoor Investment & Securities Pvt. Ltd.,200,352.0,70400.0,2025-07-15 14:44:52.217877
2025-07-15,12542,2025071504019756,JOSHI,Sani Securities Company Ltd.,Agrawal Securities (PVT) Ltd.,500,352.0,176000.0,2025-07-15 14:45:17.455721
2025-07-15,12353,2025071504019813,JOSHI,Sani Securities Company Ltd.,Trisul Securities & Invt. Ltd.,50,352.0,17600.0,2025-07-15 14:45:32.167148
2025-07-15,12104,2025071504019883,JOSHI,Sweta Securities Private Limited,Market Securities & Exchange (PVT) Ltd.,180,351.5,63270.0,2025-07-15 14:45:57.006179
2025-07-15,11920,2025071504019936,JOSHI,Sewa Securities Pvt. Ltd.,Market Securities & Exchange (PVT) Ltd.,220,351.5,77330.0,2025-07-15 14:46:20.027130
2025-07-15,11919,2025071504019937,JOSHI,Sewa Securities Pvt. Ltd.,Aryatara Investment & Securities,30,351.5,10545.0,2025-07-15 14:46:20.027384
2025-07-15,11757,2025071504019975,JOSHI,Neev Securities Pvt. Ltd.,Trisul Securities & Invt. Ltd.,100,351.1,35110.0,2025-07-15 14:46:39.559688
2025-07-15,11650,2025071504020004,JOSHI,Sani Securities Company Ltd.,Neev Securities Pvt. Ltd.,70,351.0,24570.0,2025-07-15 14:46:51.776704
2025-07-15,11649,2025071504020005,JOSHI,Sani Securities Company Ltd.,Neev Securities Pvt. Ltd.,100,351.0,35100.0,2025-07-15 14:46:51.777082
2025-07-15,11588,2025071504020025,JOSHI,Creative Securities Pvt Ltd,Ashutosh Brokerage & Securities (PVT) Ltd.,40,350.1,14004.0,2025-07-15 14:47:00.433161
2025-07-15,11587,2025071504020026,JOSHI,Premier Securities Company Ltd.,Ashutosh Brokerage & Securities (PVT) Ltd.,42,350.0,14700.0,2025-07-15 14:47:00.433381
2025-07-15,11586,2025071504020027,JOSHI,Opal Securities Investment (PVT) Ltd.,Ashutosh Brokerage & Securities (PVT) Ltd.,18,350.0,6300.0,2025-07-15 14:47:00.433462
2025-07-15,11577,2025071504020031,JOSHI,Opal Securities Investment (PVT) Ltd.,Bhrikuti Stock Broking Co. Pvt. Ltd.,50,350.0,17500.0,2025-07-15 14:47:01.704672
2025-07-15,11576,2025071504020032,JOSHI,Thrive Brokerage House Pvt. Ltd,Bhrikuti Stock Broking Co. Pvt. Ltd.,285,350.0,99750.0,2025-07-15 14:47:01.704879
2025-07-15,11575,2025071504020033,JOSHI,Sani Securities Company Ltd.,Bhrikuti Stock Broking Co. Pvt. Ltd.,172,350.0,60200.0,2025-07-15 14:47:01.704985
2025-07-15,11574,2025071504020034,JOSHI,Thrive Brokerage House Pvt. Ltd,Bhrikuti Stock Broking Co. Pvt. Ltd.,285,350.0,99750.0,2025-07-15 14:47:01.705056
2025-07-15,11573,2025071504020035,JOSHI,Siprabi Securities Pvt. Ltd.,Bhrikuti Stock Broking Co. Pvt. Ltd.,50,350.0,17500.0,2025-07-15 14:47:01.705132
2025-07-15,11572,2025071504020036,JOSHI,Sumeru Securities Pvt. Ltd.,Bhrikuti Stock Broking Co. Pvt. Ltd.,100,350.0,35000.0,2025-07-15 14:47:01.705203
2025-07-15,11571,2025071504020037,JOSHI,Ashutosh Brokerage & Securities (PVT) Ltd.,Bhrikuti Stock Broking Co. Pvt. Ltd.,500,350.0,175000.0,2025-07-15 14:47:01.705274
2025-07-15,11570,2025071504020038,JOSHI,K.B.L. Securities Limited ,Bhrikuti Stock Broking Co. Pvt. Ltd.,58,350.0,20300.0,2025-07-15 14:47:01.705352
2025-07-15,11551,2025071504020039,JOSHI,K.B.L. Securities Limited ,Imperial Securities Company Pvt. Ltd.,292,350.0,102200.0,2025-07-15 14:47:03.670778
2025-07-15,11509,2025071504020055,JOSHI,Asian Securities Private Ltd.,Naasa Securities Co. Ltd.,10,349.0,3490.0,2025-07-15 14:47:08.068711
2025-07-15,11508,2025071504020056,JOSHI,Aryatara Investment & Securities,Naasa Securities Co. Ltd.,10,349.0,3490.0,2025-07-15 14:47:08.068810
2025-07-15,11507,2025071504020057,JOSHI,Vision Securities Pvt. Ltd,Naasa Securities Co. Ltd.,55,349.0,19195.0,2025-07-15 14:47:08.068896
2025-07-15,11506,2025071504020058,JOSHI,Kohinoor Investment & Securities Pvt. Ltd.,Naasa Securities Co. Ltd.,97,347.0,33659.0,2025-07-15 14:47:08.068966
2025-07-15,11505,2025071504020059,JOSHI,Naasa Securities Co. Ltd.,Naasa Securities Co. Ltd.,10,347.0,3470.0,2025-07-15 14:47:08.069052
2025-07-15,11504,2025071504020060,JOSHI,Sagarmatha Securities Private Limited,Naasa Securities Co. Ltd.,268,347.0,92996.0,2025-07-15 14:47:08.069147
2025-07-15,11277,2025071504020128,JOSHI,Sagarmatha Securities Private Limited,Sani Securities Company Ltd.,232,347.0,80504.0,2025-07-15 14:47:30.309569
2025-07-15,11276,2025071504020129,JOSHI,Blue Chip Securities Ltd,Sani Securities Company Ltd.,100,346.0,34600.0,2025-07-15 14:47:30.309651
2025-07-15,11275,2025071504020130,JOSHI,Dipshikha Dhitopatra Karobar Co. Pvt Ltd.,Sani Securities Company Ltd.,70,346.0,24220.0,2025-07-15 14:47:30.309698
2025-07-15,11274,2025071504020131,JOSHI,Dynamic Money Managers Securities Pvt. Ltd.,Sani Securities Company Ltd.,100,346.0,34600.0,2025-07-15 14:47:30.309720
2025-07-15,11273,2025071504020132,JOSHI,Kumari Securities Private Limited,Sani Securities Company Ltd.,10,346.0,3460.0,2025-07-15 14:47:30.309771
2025-07-15,11272,2025071504020133,JOSHI,Naasa Securities Co. Ltd.,Sani Securities Company Ltd.,30,346.0,10380.0,2025-07-15 14:47:30.309801
2025-07-15,11271,2025071504020134,JOSHI,Sani Securities Company Ltd.,Sani Securities Company Ltd.,500,345.9,172950.0,2025-07-15 14:47:30.309867
2025-07-15,11270,2025071504020135,JOSHI,J.F. Securites (PVT) Ltd.,Sani Securities Company Ltd.,10,345.2,3452.0,2025-07-15 14:47:30.309896
2025-07-15,11269,2025071504020136,JOSHI,Linch Stock Market Ltd.,Sani Securities Company Ltd.,500,345.2,172600.0,2025-07-15 14:47:30.309920
2025-07-15,11268,2025071504020137,JOSHI,Naasa Securities Co. Ltd.,Sani Securities Company Ltd.,43,345.0,14835.0,2025-07-15 14:47:30.309946
2025-07-15,10695,2025071504020290,JOSHI,Naasa Securities Co. Ltd.,Vision Securities Pvt. Ltd,97,345.0,33465.0,2025-07-15 14:48:35.962866
2025-07-15,10694,2025071504020291,JOSHI,Naasa Securities Co. Ltd.,Vision Securities Pvt. Ltd,15,345.0,5175.0,2025-07-15 14:48:35.962966
2025-07-15,10693,2025071504020292,JOSHI,Vision Securities Pvt. Ltd,Vision Securities Pvt. Ltd,138,345.0,47610.0,2025-07-15 14:48:35.963043
2025-07-15,10682,2025071504020298,JOSHI,Vision Securities Pvt. Ltd,Imperial Securities Company Pvt. Ltd.,362,345.0,124890.0,2025-07-15 14:48:37.264514
2025-07-15,10681,2025071504020299,JOSHI,Market Securities & Exchange (PVT) Ltd.,Imperial Securities Company Pvt. Ltd.,100,345.0,34500.0,2025-07-15 14:48:37.264861
2025-07-15,10680,2025071504020300,JOSHI,Sani Securities Company Ltd.,Imperial Securities Company Pvt. Ltd.,100,345.0,34500.0,2025-07-15 14:48:37.265061
2025-07-15,10430,2025071504020409,JOSHI,Siprabi Securities Pvt. Ltd.,Secured Securities Ltd.,58,344.5,19981.0,2025-07-15 14:49:01.869160
2025-07-15,10429,2025071504020410,JOSHI,Sani Securities Company Ltd.,Secured Securities Ltd.,290,344.1,99789.0,2025-07-15 14:49:01.869362
2025-07-15,10428,2025071504020411,JOSHI,Nepal Stock House (PVT) Ltd.,Secured Securities Ltd.,68,344.0,23392.0,2025-07-15 14:49:01.869441
2025-07-15,10427,2025071504020412,JOSHI,Dipshikha Dhitopatra Karobar Co. Pvt Ltd.,Secured Securities Ltd.,84,344.0,28896.0,2025-07-15 14:49:01.869513
2025-07-15,10258,2025071504020440,JOSHI,Dipshikha Dhitopatra Karobar Co. Pvt Ltd.,Naasa Securities Co. Ltd.,16,344.0,5504.0,2025-07-15 14:49:21.619911
2025-07-15,10055,2025071504020480,JOSHI,Ashutosh Brokerage & Securities (PVT) Ltd.,Naasa Securities Co. Ltd.,20,344.0,6880.0,2025-07-15 14:49:43.916650
2025-07-15,9314,2025071504020659,JOSHI,Stoxkarts Securities Limited,Naasa Securities Co. Ltd.,64,344.0,22016.0,2025-07-15 14:50:47.946052
2025-07-15,9313,2025071504020660,JOSHI,Stoxkarts Securities Limited,Nabil Stock Dealer Ltd.,16,344.0,5504.0,2025-07-15 14:50:47.946437
2025-07-15,9312,2025071504020661,JOSHI,Stoxkarts Securities Limited,Global IME Securities Limited,120,344.0,41280.0,2025-07-15 14:50:47.946656
2025-07-15,9282,2025071504020665,JOSHI,Kohinoor Investment & Securities Pvt. Ltd.,Global IME Securities Limited,80,344.0,27520.0,2025-07-15 14:50:49.179454
2025-07-15,8970,2025071504020758,JOSHI,Kohinoor Investment & Securities Pvt. Ltd.,Imperial Securities Company Pvt. Ltd.,120,345.0,41400.0,2025-07-15 14:51:11.335861
2025-07-15,8680,2025071504020793,JOSHI,Neev Securities Pvt. Ltd.,Imperial Securities Company Pvt. Ltd.,20,345.0,6900.0,2025-07-15 14:51:30.880528
2025-07-15,7341,2025071504021180,JOSHI,Cristal Kanchanjanga Securites Pvt. Ltd.,Infinity Securities Limited,200,346.0,69200.0,2025-07-15 14:53:18.686718
2025-07-15,6897,2025071504021281,JOSHI,Neev Securities Pvt. Ltd.,Infinity Securities Limited,60,346.0,20760.0,2025-07-15 14:53:52.135482
2025-07-15,6828,2025071504021318,JOSHI,Imperial Securities Company Pvt. Ltd.,Infinity Securities Limited,50,346.0,17300.0,2025-07-15 14:53:59.389917
2025-07-15,6639,2025071504021369,JOSHI,Nepal Investment And Securities Trading Private Limited,Secured Securities Ltd.,15,345.0,5175.0,2025-07-15 14:54:15.464791
2025-07-15,6624,2025071504021372,JOSHI,Imperial Securities Company Pvt. Ltd.,Infinity Securities Limited,14,346.0,4844.0,2025-07-15 14:54:16.830585
2025-07-15,5969,2025071504021619,JOSHI,Neev Securities Pvt. Ltd.,Infinity Securities Limited,20,346.0,6920.0,2025-07-15 14:55:12.881955
2025-07-15,5289,2025071504021869,JOSHI,Nepal Investment And Securities Trading Private Limited,Infinity Securities Limited,35,345.0,12075.0,2025-07-15 14:56:03.803864
2025-07-15,5288,2025071504021870,JOSHI,Agrawal Securities (PVT) Ltd.,Infinity Securities Limited,421,345.0,145245.0,2025-07-15 14:56:03.804060
2025-07-15,5119,2025071504021947,JOSHI,Agrawal Securities (PVT) Ltd.,Dipshikha Dhitopatra Karobar Co. Pvt Ltd.,79,345.0,27255.0,2025-07-15 14:56:16.748598
2025-07-15,5118,2025071504021948,JOSHI,Dipshikha Dhitopatra Karobar Co. Pvt Ltd.,Dipshikha Dhitopatra Karobar Co. Pvt Ltd.,351,345.0,121095.0,2025-07-15 14:56:16.748813
2025-07-15,4540,2025071504022133,JOSHI,Naasa Securities Co. Ltd.,Investment Management Nepal Pvt. Ltd.,10,346.0,3460.0,2025-07-15 14:56:57.698808
2025-07-15,4232,2025071504022234,JOSHI,ABC Securities Private Limited,Investment Management Nepal Pvt. Ltd.,15,346.0,5190.0,2025-07-15 14:57:21.548067
2025-07-15,4231,2025071504022235,JOSHI,Dipshikha Dhitopatra Karobar Co. Pvt Ltd.,Primo Securities (PVT) Ltd.,29,345.0,10005.0,2025-07-15 14:57:21.643740
2025-07-15,4230,2025071504022236,JOSHI,Dipshikha Dhitopatra Karobar Co. Pvt Ltd.,Primo Securities (PVT) Ltd.,10,345.0,3450.0,2025-07-15 14:57:21.644095
2025-07-15,4229,2025071504022237,JOSHI,Secured Securities Ltd.,Primo Securities (PVT) Ltd.,305,345.0,105225.0,2025-07-15 14:57:21.644416
2025-07-15,4182,2025071504022251,JOSHI,Sewa Securities Pvt. Ltd.,South Asian Bulls Pvt. Ltd.,100,344.0,34400.0,2025-07-15 14:57:24.939163
2025-07-15,4098,2025071504022280,JOSHI,Shree Krishna Securities Ltd.,South Asian Bulls Pvt. Ltd.,50,344.0,17200.0,2025-07-15 14:57:30.775324
2025-07-15,3545,2025071504022441,JOSHI,Creative Securities Pvt Ltd,Online Securities Pvt. Ltd.,30,343.1,10293.0,2025-07-15 14:57:58.965964
2025-07-15,3544,2025071504022442,JOSHI,Secured Securities Ltd.,Online Securities Pvt. Ltd.,150,343.1,51465.0,2025-07-15 14:57:58.966363
2025-07-15,3543,2025071504022443,JOSHI,Property Wiard Limited,Online Securities Pvt. Ltd.,158,343.0,54194.0,2025-07-15 14:57:58.966616
2025-07-15,3542,2025071504022444,JOSHI,Primo Securities (PVT) Ltd.,Online Securities Pvt. Ltd.,667,343.0,228781.0,2025-07-15 14:57:58.966840
2025-07-15,1887,2025071504022833,JOSHI,Midas Stock Broking Company Private Limited,South Asian Bulls Pvt. Ltd.,35,344.0,12040.0,2025-07-15 14:59:10.593254
2025-07-15,1865,2025071504022838,JOSHI,Market Securities & Exchange (PVT) Ltd.,South Asian Bulls Pvt. Ltd.,15,344.0,5160.0,2025-07-15 14:59:11.165496
2025-07-15,1864,2025071504022839,JOSHI,Market Securities & Exchange (PVT) Ltd.,Primo Securities (PVT) Ltd.,156,345.0,53820.0,2025-07-15 14:59:11.165679
2025-07-15,1212,2025071504023021,JOSHI,Sani Securities Company Ltd.,Deevyaa Securities & Stock House Pvt. Ltd,25,346.1,8652.5,2025-07-15 14:59:31.261025
2025-07-15,1211,2025071504023022,JOSHI,Sani Securities Company Ltd.,Agrawal Securities (PVT) Ltd.,14,346.9,4856.6,2025-07-15 14:59:31.261099
2025-07-15,1210,2025071504023023,JOSHI,Sani Securities Company Ltd.,Sweta Securities Private Limited,100,346.9,34690.0,2025-07-15 14:59:31.261134
2025-07-15,1209,2025071504023024,JOSHI,Sani Securities Company Ltd.,Deevyaa Securities & Stock House Pvt. Ltd,11,347.0,3817.0,2025-07-15 14:59:31.261162
