Date,S.N.,contract_id,symbol,buyer_broker,seller_broker,volume,price,amount,transaction_time
2025-07-15,73318,2025071503000130,KSBBL,Sagarmatha Securities Private Limited,Sri Hari Securities Pvt. Ltd.,251,481.5,120856.5,2025-07-15 11:05:08.848538
2025-07-15,73093,2025071503000203,KSBBL,Sanima Securities Limited,Himalayan Securities Limited,50,485.0,24250.0,2025-07-15 11:06:18.150980
2025-07-15,73092,2025071503000204,KSBBL,Sanima Securities Limited,Trisul Securities & Invt. Ltd.,16,485.0,7760.0,2025-07-15 11:06:18.151064
2025-07-15,73066,2025071503000213,KSBBL,Sanima Securities Limited,Aryatara Investment & Securities,2000,485.4,970800.0,2025-07-15 11:06:29.195265
2025-07-15,72983,2025071503000226,KSBBL,Sanima Securities Limited,Nepal Stock House (PVT) Ltd.,50,489.0,24450.0,2025-07-15 11:06:54.273006
2025-07-15,72982,2025071503000227,KSBBL,Sanima Securities Limited,South Asian Bulls Pvt. Ltd.,100,489.9,48990.0,2025-07-15 11:06:54.273109
2025-07-15,72981,2025071503000228,KSBBL,Sanima Securities Limited,Linch Stock Market Ltd.,300,490.0,147000.0,2025-07-15 11:06:54.273161
2025-07-15,72980,2025071503000229,KSBBL,Sanima Securities Limited,Dipshikha Dhitopatra Karobar Co. Pvt Ltd.,50,490.0,24500.0,2025-07-15 11:06:54.273182
2025-07-15,72979,2025071503000230,KSBBL,Sanima Securities Limited,Vision Securities Pvt. Ltd,1118,490.0,547820.0,2025-07-15 11:06:54.273204
2025-07-15,72978,2025071503000231,KSBBL,Sanima Securities Limited,Sweta Securities Private Limited,250,490.3,122575.0,2025-07-15 11:06:54.273226
2025-07-15,72977,2025071503000232,KSBBL,Sanima Securities Limited,Aryatara Investment & Securities,446,490.3,218673.8,2025-07-15 11:06:54.273250
2025-07-15,72976,2025071503000233,KSBBL,Sanima Securities Limited,Sundhara Securities Limited,186,490.3,91195.8,2025-07-15 11:06:54.273274
2025-07-15,72794,2025071503000262,KSBBL,Capital Max Securities Ltd,Imperial Securities Company Pvt. Ltd.,200,490.0,98000.0,2025-07-15 11:07:55.950374
2025-07-15,72793,2025071503000263,KSBBL,Capital Max Securities Ltd,Dakshinkali Investment & Securities Pvt. Ltd.,272,490.0,133280.0,2025-07-15 11:07:55.950434
2025-07-15,72792,2025071503000264,KSBBL,Capital Max Securities Ltd,Aryatara Investment & Securities,528,490.1,258772.8,2025-07-15 11:07:55.950473
2025-07-15,72218,2025071503000345,KSBBL,Sanima Securities Limited,Naasa Securities Co. Ltd.,190,489.0,92910.0,2025-07-15 11:10:43.925405
2025-07-15,72217,2025071503000346,KSBBL,Sanima Securities Limited,Aryatara Investment & Securities,200,489.0,97800.0,2025-07-15 11:10:43.925455
2025-07-15,72216,2025071503000347,KSBBL,Sanima Securities Limited,Sani Securities Company Ltd.,31,489.0,15159.0,2025-07-15 11:10:43.925489
2025-07-15,72215,2025071503000348,KSBBL,Sanima Securities Limited,SUN SECURITIES PVT LTD,109,489.8,53388.2,2025-07-15 11:10:43.925511
2025-07-15,72214,2025071503000349,KSBBL,Sanima Securities Limited,Agrawal Securities (PVT) Ltd.,10,489.9,4899.0,2025-07-15 11:10:43.925532
2025-07-15,72213,2025071503000350,KSBBL,Sanima Securities Limited,Naasa Securities Co. Ltd.,1200,490.0,588000.0,2025-07-15 11:10:43.925556
2025-07-15,72212,2025071503000351,KSBBL,Sanima Securities Limited,Premier Securities Company Ltd.,200,490.0,98000.0,2025-07-15 11:10:43.925588
2025-07-15,72211,2025071503000352,KSBBL,Sanima Securities Limited,Dipshikha Dhitopatra Karobar Co. Pvt Ltd.,235,490.0,115150.0,2025-07-15 11:10:43.925612
2025-07-15,72210,2025071503000353,KSBBL,Sanima Securities Limited,Imperial Securities Company Pvt. Ltd.,11,490.1,5391.1,2025-07-15 11:10:43.925634
2025-07-15,72209,2025071503000354,KSBBL,Sanima Securities Limited,Aryatara Investment & Securities,1314,490.2,644122.8,2025-07-15 11:10:43.925664
2025-07-15,72139,2025071503000372,KSBBL,Trishakti Securities Public Limited,Trishakti Securities Public Limited,100,489.9,48990.0,2025-07-15 11:11:01.738261
2025-07-15,72063,2025071503000406,KSBBL,Trishakti Securities Public Limited,Online Securities Pvt. Ltd.,500,490.0,245000.0,2025-07-15 11:11:17.452530
2025-07-15,72062,2025071503000407,KSBBL,Sanima Securities Limited,Online Securities Pvt. Ltd.,1000,490.0,490000.0,2025-07-15 11:11:18.060579
2025-07-15,72021,2025071503000411,KSBBL,Sanima Securities Limited,Online Securities Pvt. Ltd.,3500,490.0,1715000.0,2025-07-15 11:11:34.112532
2025-07-15,71842,2025071503000436,KSBBL,J.F. Securites (PVT) Ltd.,Aryatara Investment & Securities,407,490.2,199511.4,2025-07-15 11:12:36.362587
2025-07-15,71608,2025071503000476,KSBBL,Trisul Securities & Invt. Ltd.,Sipla Securities Private Limited,100,485.0,48500.0,2025-07-15 11:13:31.445963
2025-07-15,70605,2025071503000634,KSBBL,Trisul Securities & Invt. Ltd.,Sumeru Securities Pvt. Ltd.,150,488.9,73335.0,2025-07-15 11:17:29.433367
2025-07-15,70604,2025071503000635,KSBBL,Trisul Securities & Invt. Ltd.,SHUBHAKAMANA SECURITIES PVT. LTD,268,489.0,131052.0,2025-07-15 11:17:29.433478
2025-07-15,70603,2025071503000636,KSBBL,Trisul Securities & Invt. Ltd.,Vision Securities Pvt. Ltd,82,489.0,40098.0,2025-07-15 11:17:29.433569
2025-07-15,70596,2025071503000638,KSBBL,Dipshikha Dhitopatra Karobar Co. Pvt Ltd.,Secured Securities Ltd.,33,485.8,16031.4,2025-07-15 11:17:31.591073
2025-07-15,70514,2025071503000649,KSBBL,Indira securities pvt. ltd,Investment Management Nepal Pvt. Ltd.,20,488.9,9778.0,2025-07-15 11:17:44.670211
2025-07-15,70513,2025071503000650,KSBBL,Naasa Securities Co. Ltd.,Investment Management Nepal Pvt. Ltd.,80,485.9,38872.0,2025-07-15 11:17:44.670495
2025-07-15,70484,2025071503000655,KSBBL,Naasa Securities Co. Ltd.,Miyo Securities Pvt Ltd,420,485.9,204078.0,2025-07-15 11:17:53.322522
2025-07-15,70483,2025071503000656,KSBBL,Dipshikha Dhitopatra Karobar Co. Pvt Ltd.,Miyo Securities Pvt Ltd,580,485.8,281764.0,2025-07-15 11:17:53.322566
2025-07-15,70180,2025071503000700,KSBBL,Elite Stock House Limited,Secured Securities Ltd.,820,486.0,398520.0,2025-07-15 11:19:00.144042
2025-07-15,70179,2025071503000701,KSBBL,Dipshikha Dhitopatra Karobar Co. Pvt Ltd.,Secured Securities Ltd.,180,485.8,87444.0,2025-07-15 11:19:00.144154
2025-07-15,69799,2025071503000758,KSBBL,Market Securities & Exchange (PVT) Ltd.,Vision Securities Pvt. Ltd,10,489.0,4890.0,2025-07-15 11:20:11.564744
2025-07-15,69447,2025071503000816,KSBBL,Market Securities & Exchange (PVT) Ltd.,Aryatara Investment & Securities,50,489.7,24485.0,2025-07-15 11:21:20.819764
2025-07-15,69234,2025071503000843,KSBBL,Market Securities & Exchange (PVT) Ltd.,SHUBHAKAMANA SECURITIES PVT. LTD,200,489.7,97940.0,2025-07-15 11:22:07.465967
2025-07-15,68718,2025071503000919,KSBBL,Sanima Securities Limited,Kumari Securities Private Limited,400,486.5,194600.0,2025-07-15 11:23:57.281325
2025-07-15,68328,2025071503000977,KSBBL,Shree Krishna Securities Ltd.,Online Securities Pvt. Ltd.,10,489.0,4890.0,2025-07-15 11:25:30.980839
2025-07-15,68246,2025071503000992,KSBBL,Linch Stock Market Ltd.,Online Securities Pvt. Ltd.,40,489.0,19560.0,2025-07-15 11:25:51.443329
2025-07-15,68245,2025071503000993,KSBBL,Linch Stock Market Ltd.,Naasa Securities Co. Ltd.,25,489.0,12225.0,2025-07-15 11:25:51.443586
2025-07-15,68081,2025071503001006,KSBBL,Linch Stock Market Ltd.,Bhrikuti Stock Broking Co. Pvt. Ltd.,435,489.0,212715.0,2025-07-15 11:26:36.899950
2025-07-15,68080,2025071503001007,KSBBL,Secured Securities Ltd.,Bhrikuti Stock Broking Co. Pvt. Ltd.,65,489.0,31785.0,2025-07-15 11:26:36.900211
2025-07-15,68051,2025071503001011,KSBBL,Sanima Securities Limited,Sumeru Securities Pvt. Ltd.,150,489.5,73425.0,2025-07-15 11:26:42.772151
2025-07-15,68050,2025071503001012,KSBBL,Sanima Securities Limited,Sundhara Securities Limited,100,489.6,48960.0,2025-07-15 11:26:42.772355
2025-07-15,68049,2025071503001013,KSBBL,Sanima Securities Limited,SHUBHAKAMANA SECURITIES PVT. LTD,300,489.7,146910.0,2025-07-15 11:26:42.772418
2025-07-15,68048,2025071503001014,KSBBL,Sanima Securities Limited,Nepal Stock House (PVT) Ltd.,50,489.9,24495.0,2025-07-15 11:26:42.772497
2025-07-15,67976,2025071503001032,KSBBL,Secured Securities Ltd.,Nepal Stock House (PVT) Ltd.,400,489.0,195600.0,2025-07-15 11:27:02.511779
2025-07-15,67970,2025071503001033,KSBBL,Sanima Securities Limited,Nepal Stock House (PVT) Ltd.,450,489.9,220455.0,2025-07-15 11:27:05.838650
2025-07-15,67969,2025071503001034,KSBBL,Sanima Securities Limited,Siprabi Securities Pvt. Ltd.,500,489.9,244950.0,2025-07-15 11:27:05.838722
2025-07-15,67968,2025071503001035,KSBBL,Sanima Securities Limited,Nepal Investment And Securities Trading Private Limited,100,490.0,49000.0,2025-07-15 11:27:05.838751
2025-07-15,67967,2025071503001036,KSBBL,Sanima Securities Limited,Vision Securities Pvt. Ltd,950,490.0,465500.0,2025-07-15 11:27:05.838779
2025-07-15,67949,2025071503001037,KSBBL,Secured Securities Ltd.,Nepal Stock House (PVT) Ltd.,435,489.9,213106.5,2025-07-15 11:27:09.550419
2025-07-15,67892,2025071503001045,KSBBL,Secured Securities Ltd.,Cristal Kanchanjanga Securites Pvt. Ltd.,65,489.9,31843.5,2025-07-15 11:27:28.515843
2025-07-15,67881,2025071503001048,KSBBL,Dipshikha Dhitopatra Karobar Co. Pvt Ltd.,Cristal Kanchanjanga Securites Pvt. Ltd.,50,489.5,24475.0,2025-07-15 11:27:30.472911
2025-07-15,67844,2025071503001057,KSBBL,Secured Securities Ltd.,Cristal Kanchanjanga Securites Pvt. Ltd.,285,489.5,139507.5,2025-07-15 11:27:40.572594
2025-07-15,67843,2025071503001058,KSBBL,Secured Securities Ltd.,Vision Securities Pvt. Ltd,50,490.0,24500.0,2025-07-15 11:27:40.572860
2025-07-15,67842,2025071503001059,KSBBL,Secured Securities Ltd.,Himalayan Securities Limited,25,490.0,12250.0,2025-07-15 11:27:40.573046
2025-07-15,67841,2025071503001060,KSBBL,Secured Securities Ltd.,Pragyan Securities (PVT) Ltd.,140,490.0,68600.0,2025-07-15 11:27:40.573209
2025-07-15,67833,2025071503001061,KSBBL,Secured Securities Ltd.,South Asian Bulls Pvt. Ltd.,35,489.0,17115.0,2025-07-15 11:27:44.527239
2025-07-15,67764,2025071503001077,KSBBL,Secured Securities Ltd.,South Asian Bulls Pvt. Ltd.,40,489.4,19576.0,2025-07-15 11:28:05.959799
2025-07-15,67763,2025071503001078,KSBBL,Secured Securities Ltd.,Siprabi Securities Pvt. Ltd.,340,489.5,166430.0,2025-07-15 11:28:05.960070
2025-07-15,67680,2025071503001089,KSBBL,Secured Securities Ltd.,Sweta Securities Private Limited,31,489.5,15174.5,2025-07-15 11:28:24.067155
2025-07-15,67639,2025071503001094,KSBBL,Secured Securities Ltd.,South Asian Bulls Pvt. Ltd.,30,489.5,14685.0,2025-07-15 11:28:34.706750
2025-07-15,67574,2025071503001113,KSBBL,Sumeru Securities Pvt. Ltd.,Pragyan Securities (PVT) Ltd.,15,490.0,7350.0,2025-07-15 11:28:54.457969
2025-07-15,67494,2025071503001122,KSBBL,Online Securities Pvt. Ltd.,Pragyan Securities (PVT) Ltd.,48,490.0,23520.0,2025-07-15 11:29:09.276488
2025-07-15,67382,2025071503001132,KSBBL,Secured Securities Ltd.,Asian Securities Private Ltd.,59,489.5,28880.5,2025-07-15 11:29:41.981166
2025-07-15,67353,2025071503001134,KSBBL,South Asian Bulls Pvt. Ltd.,Miyo Securities Pvt Ltd,275,486.0,133650.0,2025-07-15 11:29:51.491636
2025-07-15,67352,2025071503001135,KSBBL,Trisul Securities & Invt. Ltd.,Miyo Securities Pvt Ltd,500,486.0,243000.0,2025-07-15 11:29:51.491735
2025-07-15,67351,2025071503001136,KSBBL,Dipshikha Dhitopatra Karobar Co. Pvt Ltd.,Miyo Securities Pvt Ltd,57,485.8,27690.6,2025-07-15 11:29:51.491813
2025-07-15,67350,2025071503001137,KSBBL,Deevyaa Securities & Stock House Pvt. Ltd,Miyo Securities Pvt Ltd,1768,485.1,857656.8,2025-07-15 11:29:51.491887
2025-07-15,66728,2025071503001222,KSBBL,Sagarmatha Securities Private Limited,Vision Securities Pvt. Ltd,200,486.1,97220.0,2025-07-15 11:32:43.719282
2025-07-15,66387,2025071503001272,KSBBL,Sagarmatha Securities Private Limited,Sipla Securities Private Limited,50,486.2,24310.0,2025-07-15 11:34:15.730089
2025-07-15,66386,2025071503001273,KSBBL,Dipshikha Dhitopatra Karobar Co. Pvt Ltd.,Sipla Securities Private Limited,50,486.1,24305.0,2025-07-15 11:34:15.730237
2025-07-15,66078,2025071503001319,KSBBL,Sharepro Securities Private Limited,Kumari Securities Private Limited,105,486.2,51051.0,2025-07-15 11:35:29.111564
2025-07-15,66024,2025071503001331,KSBBL,Sharepro Securities Private Limited,Miyo Securities Pvt Ltd,95,486.2,46189.0,2025-07-15 11:35:40.434604
2025-07-15,66023,2025071503001332,KSBBL,Dipshikha Dhitopatra Karobar Co. Pvt Ltd.,Miyo Securities Pvt Ltd,550,486.1,267355.0,2025-07-15 11:35:40.434714
2025-07-15,66022,2025071503001333,KSBBL,Linch Stock Market Ltd.,Miyo Securities Pvt Ltd,105,486.0,51030.0,2025-07-15 11:35:40.434814
2025-07-15,66021,2025071503001334,KSBBL,Trisul Securities & Invt. Ltd.,Miyo Securities Pvt Ltd,700,486.0,340200.0,2025-07-15 11:35:40.434894
2025-07-15,66020,2025071503001335,KSBBL,Deevyaa Securities & Stock House Pvt. Ltd,Miyo Securities Pvt Ltd,832,485.1,403603.2,2025-07-15 11:35:40.434967
2025-07-15,66019,2025071503001336,KSBBL,Naasa Securities Co. Ltd.,Miyo Securities Pvt Ltd,8718,485.1,4229101.8,2025-07-15 11:35:40.435057
2025-07-15,65952,2025071503001353,KSBBL,Shree Krishna Securities Ltd.,Deevyaa Securities & Stock House Pvt. Ltd,10,489.8,4898.0,2025-07-15 11:35:55.242926
2025-07-15,65911,2025071503001355,KSBBL,Naasa Securities Co. Ltd.,Miyo Securities Pvt Ltd,1282,485.1,621898.2,2025-07-15 11:35:59.487272
2025-07-15,65910,2025071503001356,KSBBL,Arun Securities (PVT) Ltd.,Miyo Securities Pvt Ltd,200,484.0,96800.0,2025-07-15 11:35:59.487374
2025-07-15,65909,2025071503001357,KSBBL,Sharepro Securities Private Limited,Miyo Securities Pvt Ltd,200,483.0,96600.0,2025-07-15 11:35:59.487443
2025-07-15,65908,2025071503001358,KSBBL,Vision Securities Pvt. Ltd,Miyo Securities Pvt Ltd,200,483.0,96600.0,2025-07-15 11:35:59.487527
2025-07-15,65907,2025071503001359,KSBBL,Sri Hari Securities Pvt. Ltd.,Miyo Securities Pvt Ltd,100,482.0,48200.0,2025-07-15 11:35:59.487591
2025-07-15,65906,2025071503001360,KSBBL,Sri Hari Securities Pvt. Ltd.,Miyo Securities Pvt Ltd,1000,481.5,481500.0,2025-07-15 11:35:59.487655
2025-07-15,65905,2025071503001361,KSBBL,Vision Securities Pvt. Ltd,Miyo Securities Pvt Ltd,18,481.2,8661.6,2025-07-15 11:35:59.487718
2025-07-15,65890,2025071503001363,KSBBL,Vision Securities Pvt. Ltd,Vision Securities Pvt. Ltd,282,481.2,135698.4,2025-07-15 11:36:02.014906
2025-07-15,65889,2025071503001364,KSBBL,Capital Max Securities Ltd,Vision Securities Pvt. Ltd,1000,481.1,481100.0,2025-07-15 11:36:02.014968
2025-07-15,65813,2025071503001379,KSBBL,Shree Krishna Securities Ltd.,Aryatara Investment & Securities,10,489.8,4898.0,2025-07-15 11:36:24.331180
2025-07-15,64820,2025071503001513,KSBBL,Sri Hari Securities Pvt. Ltd.,Kumari Securities Private Limited,30,489.0,14670.0,2025-07-15 11:40:21.765596
2025-07-15,64819,2025071503001514,KSBBL,Sri Hari Securities Pvt. Ltd.,Linch Stock Market Ltd.,200,489.0,97800.0,2025-07-15 11:40:21.765873
2025-07-15,64818,2025071503001515,KSBBL,Sri Hari Securities Pvt. Ltd.,Kohinoor Investment & Securities Pvt. Ltd.,400,489.7,195880.0,2025-07-15 11:40:21.766074
2025-07-15,64817,2025071503001516,KSBBL,Sri Hari Securities Pvt. Ltd.,Imperial Securities Company Pvt. Ltd.,11,489.7,5386.7,2025-07-15 11:40:21.766256
2025-07-15,64816,2025071503001517,KSBBL,Sri Hari Securities Pvt. Ltd.,Aryatara Investment & Securities,40,489.8,19592.0,2025-07-15 11:40:21.766442
2025-07-15,64815,2025071503001518,KSBBL,Sri Hari Securities Pvt. Ltd.,Asian Securities Private Ltd.,41,489.8,20081.8,2025-07-15 11:40:21.766613
2025-07-15,64814,2025071503001519,KSBBL,Sri Hari Securities Pvt. Ltd.,Dynamic Money Managers Securities Pvt. Ltd.,100,489.8,48980.0,2025-07-15 11:40:21.766775
2025-07-15,64813,2025071503001520,KSBBL,Sri Hari Securities Pvt. Ltd.,Naasa Securities Co. Ltd.,56,489.8,27428.8,2025-07-15 11:40:21.766941
2025-07-15,64812,2025071503001521,KSBBL,Sri Hari Securities Pvt. Ltd.,Sundhara Securities Limited,122,489.8,59755.6,2025-07-15 11:40:21.767121
2025-07-15,63858,2025071503001670,KSBBL,Vision Securities Pvt. Ltd,Oxford Securities Pvt. Ltd.,30,489.0,14670.0,2025-07-15 11:44:29.271665
2025-07-15,63857,2025071503001671,KSBBL,Vision Securities Pvt. Ltd,Malla & Malla Stock Broking Company Pvt. Limited,470,489.0,229830.0,2025-07-15 11:44:29.271863
2025-07-15,63349,2025071503001780,KSBBL,Capital Max Securities Ltd,Capital Max Securities Ltd,1500,488.0,732000.0,2025-07-15 11:46:33.132185
2025-07-15,62033,2025071503001950,KSBBL,Aryatara Investment & Securities,Sani Securities Company Ltd.,10,488.0,4880.0,2025-07-15 11:51:41.008361
2025-07-15,62032,2025071503001951,KSBBL,Aryatara Investment & Securities,Hatemalo Financial Services Private Limited,10,488.8,4888.0,2025-07-15 11:51:41.008555
2025-07-15,61263,2025071503002074,KSBBL,Sumeru Securities Pvt. Ltd.,Hatemalo Financial Services Private Limited,100,486.3,48630.0,2025-07-15 11:54:43.528271
2025-07-15,61262,2025071503002075,KSBBL,Dipshikha Dhitopatra Karobar Co. Pvt Ltd.,Hatemalo Financial Services Private Limited,105,486.0,51030.0,2025-07-15 11:54:43.528548
2025-07-15,61261,2025071503002076,KSBBL,Siprabi Securities Pvt. Ltd.,Hatemalo Financial Services Private Limited,80,485.0,38800.0,2025-07-15 11:54:43.528643
2025-07-15,61260,2025071503002077,KSBBL,Siprabi Securities Pvt. Ltd.,Hatemalo Financial Services Private Limited,50,485.0,24250.0,2025-07-15 11:54:43.528710
2025-07-15,61259,2025071503002078,KSBBL,Oxford Securities Pvt. Ltd.,Hatemalo Financial Services Private Limited,100,485.0,48500.0,2025-07-15 11:54:43.528774
2025-07-15,61258,2025071503002079,KSBBL,Creative Securities Pvt Ltd,Hatemalo Financial Services Private Limited,55,485.0,26675.0,2025-07-15 11:54:43.528838
2025-07-15,59850,2025071503002399,KSBBL,Siprabi Securities Pvt. Ltd.,Neev Securities Pvt. Ltd.,500,485.0,242500.0,2025-07-15 11:58:58.278946
2025-07-15,58966,2025071503002593,KSBBL,Sanima Securities Limited,Market Securities & Exchange (PVT) Ltd.,200,486.9,97380.0,2025-07-15 12:02:09.939283
2025-07-15,58965,2025071503002594,KSBBL,Sanima Securities Limited,Kohinoor Investment & Securities Pvt. Ltd.,360,487.0,175320.0,2025-07-15 12:02:09.939333
2025-07-15,58964,2025071503002595,KSBBL,Sanima Securities Limited,SHUBHAKAMANA SECURITIES PVT. LTD,3240,487.0,1577880.0,2025-07-15 12:02:09.939359
2025-07-15,58374,2025071503002702,KSBBL,Creative Securities Pvt Ltd,Opal Securities Investment (PVT) Ltd.,95,484.0,45980.0,2025-07-15 12:04:31.314772
2025-07-15,58230,2025071503002725,KSBBL,Bhrikuti Stock Broking Co. Pvt. Ltd.,Vision Securities Pvt. Ltd,500,483.3,241650.0,2025-07-15 12:05:11.036479
2025-07-15,58229,2025071503002726,KSBBL,Vision Securities Pvt. Ltd,Vision Securities Pvt. Ltd,300,483.3,144990.0,2025-07-15 12:05:11.036707
2025-07-15,58228,2025071503002727,KSBBL,Sri Hari Securities Pvt. Ltd.,Vision Securities Pvt. Ltd,500,483.2,241600.0,2025-07-15 12:05:11.036780
2025-07-15,58227,2025071503002728,KSBBL,Midas Stock Broking Company Private Limited,Vision Securities Pvt. Ltd,1000,483.2,483200.0,2025-07-15 12:05:11.036846
2025-07-15,58226,2025071503002729,KSBBL,Sri Hari Securities Pvt. Ltd.,Vision Securities Pvt. Ltd,700,483.1,338170.0,2025-07-15 12:05:11.036913
2025-07-15,57329,2025071503002940,KSBBL,Dipshikha Dhitopatra Karobar Co. Pvt Ltd.,Thrive Brokerage House Pvt. Ltd,25,485.0,12125.0,2025-07-15 12:08:53.102837
2025-07-15,56620,2025071503003125,KSBBL,Sagarmatha Securities Private Limited,Pragyan Securities (PVT) Ltd.,100,483.2,48320.0,2025-07-15 12:12:22.997619
2025-07-15,56619,2025071503003126,KSBBL,Sagarmatha Securities Private Limited,Pragyan Securities (PVT) Ltd.,100,483.2,48320.0,2025-07-15 12:12:22.997858
2025-07-15,56618,2025071503003127,KSBBL,Sri Hari Securities Pvt. Ltd.,Pragyan Securities (PVT) Ltd.,800,483.1,386480.0,2025-07-15 12:12:22.997934
2025-07-15,56525,2025071503003140,KSBBL,Sri Hari Securities Pvt. Ltd.,Pragyan Securities (PVT) Ltd.,500,483.1,241550.0,2025-07-15 12:12:38.814860
2025-07-15,56441,2025071503003145,KSBBL,Oxford Securities Pvt. Ltd.,Thrive Brokerage House Pvt. Ltd,129,485.0,62565.0,2025-07-15 12:12:58.010305
2025-07-15,56413,2025071503003150,KSBBL,Oxford Securities Pvt. Ltd.,Pragyan Securities (PVT) Ltd.,21,485.0,10185.0,2025-07-15 12:13:05.807000
2025-07-15,56412,2025071503003151,KSBBL,Sani Securities Company Ltd.,Pragyan Securities (PVT) Ltd.,500,483.1,241550.0,2025-07-15 12:13:05.807166
2025-07-15,56411,2025071503003152,KSBBL,Miyo Securities Pvt Ltd,Pragyan Securities (PVT) Ltd.,276,483.0,133308.0,2025-07-15 12:13:05.807240
2025-07-15,55002,2025071503003461,KSBBL,Siprabi Securities Pvt. Ltd.,Arun Securities (PVT) Ltd.,39,485.0,18915.0,2025-07-15 12:18:35.923210
2025-07-15,54665,2025071503003548,KSBBL,Siprabi Securities Pvt. Ltd.,Miyo Securities Pvt Ltd,121,485.0,58685.0,2025-07-15 12:19:44.051120
2025-07-15,54556,2025071503003579,KSBBL,Aryatara Investment & Securities,Miyo Securities Pvt Ltd,100,483.2,48320.0,2025-07-15 12:20:12.125336
2025-07-15,54555,2025071503003580,KSBBL,Imperial Securities Company Pvt. Ltd.,Miyo Securities Pvt Ltd,72,483.1,34783.2,2025-07-15 12:20:12.125532
2025-07-15,54554,2025071503003581,KSBBL,Miyo Securities Pvt Ltd,Miyo Securities Pvt Ltd,9724,483.0,4696692.0,2025-07-15 12:20:12.125605
2025-07-15,54553,2025071503003582,KSBBL,Cristal Kanchanjanga Securites Pvt. Ltd.,Miyo Securities Pvt Ltd,100,483.0,48300.0,2025-07-15 12:20:12.125681
2025-07-15,54490,2025071503003595,KSBBL,Naasa Securities Co. Ltd.,Miyo Securities Pvt Ltd,100,485.0,48500.0,2025-07-15 12:20:28.177918
2025-07-15,54440,2025071503003606,KSBBL,Malla & Malla Stock Broking Company Pvt. Limited,Miyo Securities Pvt Ltd,50,485.0,24250.0,2025-07-15 12:20:31.620484
2025-07-15,54107,2025071503003656,KSBBL,Sani Securities Company Ltd.,Miyo Securities Pvt Ltd,229,485.0,111065.0,2025-07-15 12:21:51.924369
2025-07-15,54106,2025071503003657,KSBBL,Sani Securities Company Ltd.,Neev Securities Pvt. Ltd.,440,486.8,214192.0,2025-07-15 12:21:51.924708
2025-07-15,54105,2025071503003658,KSBBL,Sani Securities Company Ltd.,Sundhara Securities Limited,354,486.8,172327.2,2025-07-15 12:21:51.924913
2025-07-15,54104,2025071503003659,KSBBL,Sani Securities Company Ltd.,Miyo Securities Pvt Ltd,477,486.8,232203.6,2025-07-15 12:21:51.925134
2025-07-15,52539,2025071503003975,KSBBL,Naasa Securities Co. Ltd.,Capital Max Securities Ltd,200,485.0,97000.0,2025-07-15 12:27:54.803709
2025-07-15,52538,2025071503003976,KSBBL,Naasa Securities Co. Ltd.,Capital Max Securities Ltd,13,485.0,6305.0,2025-07-15 12:27:54.803900
2025-07-15,52092,2025071503004086,KSBBL,Asian Securities Private Ltd.,Capital Max Securities Ltd,575,485.0,278875.0,2025-07-15 12:29:32.415075
2025-07-15,51532,2025071503004259,KSBBL,INDEX SECURITIES LIMITED,Miyo Securities Pvt Ltd,23,486.8,11196.4,2025-07-15 12:31:56.982342
2025-07-15,51531,2025071503004260,KSBBL,INDEX SECURITIES LIMITED,Deevyaa Securities & Stock House Pvt. Ltd,13,486.9,6329.7,2025-07-15 12:31:56.982606
2025-07-15,51530,2025071503004261,KSBBL,INDEX SECURITIES LIMITED,Nepal Stock House (PVT) Ltd.,500,486.9,243450.0,2025-07-15 12:31:56.982726
2025-07-15,51529,2025071503004262,KSBBL,INDEX SECURITIES LIMITED,SHUBHAKAMANA SECURITIES PVT. LTD,1596,487.0,777252.0,2025-07-15 12:31:56.982799
2025-07-15,51528,2025071503004263,KSBBL,INDEX SECURITIES LIMITED,Nepal Stock House (PVT) Ltd.,200,487.0,97400.0,2025-07-15 12:31:56.982871
2025-07-15,51527,2025071503004264,KSBBL,INDEX SECURITIES LIMITED,Sundhara Securities Limited,168,487.0,81816.0,2025-07-15 12:31:56.982940
2025-07-15,51401,2025071503004306,KSBBL,Thrive Brokerage House Pvt. Ltd,Oxford Securities Pvt. Ltd.,155,485.5,75252.5,2025-07-15 12:32:32.066690
2025-07-15,51400,2025071503004307,KSBBL,Asian Securities Private Ltd.,Oxford Securities Pvt. Ltd.,180,485.0,87300.0,2025-07-15 12:32:32.066865
2025-07-15,51090,2025071503004386,KSBBL,Asian Securities Private Ltd.,Miyo Securities Pvt Ltd,45,485.0,21825.0,2025-07-15 12:33:48.379183
2025-07-15,51089,2025071503004387,KSBBL,Sani Securities Company Ltd.,Miyo Securities Pvt Ltd,1000,485.0,485000.0,2025-07-15 12:33:48.379299
2025-07-15,50854,2025071503004451,KSBBL,Shree Krishna Securities Ltd.,Sani Securities Company Ltd.,10,485.0,4850.0,2025-07-15 12:34:55.325694
2025-07-15,50853,2025071503004452,KSBBL,Shree Krishna Securities Ltd.,Sundhara Securities Limited,10,487.0,4870.0,2025-07-15 12:34:55.325795
2025-07-15,49997,2025071503004606,KSBBL,Dipshikha Dhitopatra Karobar Co. Pvt Ltd.,Dynamic Money Managers Securities Pvt. Ltd.,300,485.1,145530.0,2025-07-15 12:38:45.927360
2025-07-15,49996,2025071503004607,KSBBL,Vision Securities Pvt. Ltd,Dynamic Money Managers Securities Pvt. Ltd.,500,485.0,242500.0,2025-07-15 12:38:45.927604
2025-07-15,49706,2025071503004663,KSBBL,Kumari Securities Private Limited,Opal Securities Investment (PVT) Ltd.,500,484.1,242050.0,2025-07-15 12:39:54.721243
2025-07-15,49221,2025071503004749,KSBBL,Capital Max Securities Ltd,Dynamic Money Managers Securities Pvt. Ltd.,200,485.0,97000.0,2025-07-15 12:41:42.773088
2025-07-15,49037,2025071503004766,KSBBL,Nepal Stock House (PVT) Ltd.,BHOLE GANESH SECURITIES LTD,535,484.0,258940.0,2025-07-15 12:42:13.573105
2025-07-15,47305,2025071503005068,KSBBL,Sharepro Securities Private Limited,Thrive Brokerage House Pvt. Ltd,50,486.5,24325.0,2025-07-15 12:48:34.502490
2025-07-15,47304,2025071503005069,KSBBL,Sharepro Securities Private Limited,Thrive Brokerage House Pvt. Ltd,14,486.9,6816.6,2025-07-15 12:48:34.502570
2025-07-15,47303,2025071503005070,KSBBL,Sharepro Securities Private Limited,Swarna Laxmi Securities Pvt. Ltd.,13,486.9,6329.7,2025-07-15 12:48:34.502598
2025-07-15,47302,2025071503005071,KSBBL,Sharepro Securities Private Limited,Sundhara Securities Limited,23,487.0,11201.0,2025-07-15 12:48:34.502624
2025-07-15,45728,2025071503005336,KSBBL,Kohinoor Investment & Securities Pvt. Ltd.,Thrive Brokerage House Pvt. Ltd,10,486.9,4869.0,2025-07-15 12:54:13.380581
2025-07-15,45601,2025071503005353,KSBBL,Kohinoor Investment & Securities Pvt. Ltd.,Sundhara Securities Limited,10,487.0,4870.0,2025-07-15 12:54:37.512224
2025-07-15,45542,2025071503005381,KSBBL,Kohinoor Investment & Securities Pvt. Ltd.,Naasa Securities Co. Ltd.,10,485.0,4850.0,2025-07-15 12:54:51.884185
2025-07-15,45541,2025071503005382,KSBBL,Cristal Kanchanjanga Securites Pvt. Ltd.,Naasa Securities Co. Ltd.,990,485.0,480150.0,2025-07-15 12:54:51.884392
2025-07-15,44413,2025071503005530,KSBBL,Shree Krishna Securities Ltd.,Thrive Brokerage House Pvt. Ltd,16,486.9,7790.4,2025-07-15 12:59:03.339776
2025-07-15,44412,2025071503005531,KSBBL,Shree Krishna Securities Ltd.,Sundhara Securities Limited,89,487.0,43343.0,2025-07-15 12:59:03.340036
2025-07-15,44411,2025071503005532,KSBBL,Shree Krishna Securities Ltd.,Imperial Securities Company Pvt. Ltd.,55,487.0,26785.0,2025-07-15 12:59:03.340125
2025-07-15,44410,2025071503005533,KSBBL,Shree Krishna Securities Ltd.,Market Securities & Exchange (PVT) Ltd.,300,487.0,146100.0,2025-07-15 12:59:03.340216
2025-07-15,44409,2025071503005534,KSBBL,Shree Krishna Securities Ltd.,Naasa Securities Co. Ltd.,140,487.0,68180.0,2025-07-15 12:59:03.340296
2025-07-15,44171,2025071503005579,KSBBL,Cristal Kanchanjanga Securites Pvt. Ltd.,Naasa Securities Co. Ltd.,10,485.0,4850.0,2025-07-15 12:59:53.188418
2025-07-15,44170,2025071503005580,KSBBL,Bhrikuti Stock Broking Co. Pvt. Ltd.,Naasa Securities Co. Ltd.,40,485.0,19400.0,2025-07-15 12:59:53.188657
2025-07-15,43605,2025071503005645,KSBBL,Dipshikha Dhitopatra Karobar Co. Pvt Ltd.,Sweta Securities Private Limited,50,486.0,24300.0,2025-07-15 13:01:55.650785
2025-07-15,43263,2025071503005684,KSBBL,Bhrikuti Stock Broking Co. Pvt. Ltd.,Sri Hari Securities Pvt. Ltd.,25,485.0,12125.0,2025-07-15 13:03:21.891319
2025-07-15,43061,2025071503005704,KSBBL,Sani Securities Company Ltd.,Kumari Securities Private Limited,40,486.0,19440.0,2025-07-15 13:03:56.164183
2025-07-15,42398,2025071503005813,KSBBL,Dipshikha Dhitopatra Karobar Co. Pvt Ltd.,Kumari Securities Private Limited,10,486.0,4860.0,2025-07-15 13:06:20.459931
2025-07-15,42397,2025071503005814,KSBBL,Dipshikha Dhitopatra Karobar Co. Pvt Ltd.,Naasa Securities Co. Ltd.,860,487.0,418820.0,2025-07-15 13:06:20.460378
2025-07-15,42396,2025071503005815,KSBBL,Dipshikha Dhitopatra Karobar Co. Pvt Ltd.,Naasa Securities Co. Ltd.,1000,487.0,487000.0,2025-07-15 13:06:20.460627
2025-07-15,41388,2025071503005981,KSBBL,Bhrikuti Stock Broking Co. Pvt. Ltd.,Himalayan Securities Limited,120,485.0,58200.0,2025-07-15 13:09:40.677112
2025-07-15,41387,2025071503005982,KSBBL,Siprabi Securities Pvt. Ltd.,Himalayan Securities Limited,221,485.0,107185.0,2025-07-15 13:09:40.677338
2025-07-15,41386,2025071503005983,KSBBL,Dipshikha Dhitopatra Karobar Co. Pvt Ltd.,Himalayan Securities Limited,1000,484.2,484200.0,2025-07-15 13:09:40.677438
2025-07-15,41385,2025071503005984,KSBBL,Opal Securities Investment (PVT) Ltd.,Himalayan Securities Limited,125,484.1,60512.5,2025-07-15 13:09:40.677517
2025-07-15,41384,2025071503005985,KSBBL,Capital Max Securities Ltd,Himalayan Securities Limited,250,484.1,121025.0,2025-07-15 13:09:40.677595
2025-07-15,41383,2025071503005986,KSBBL,Sri Hari Securities Pvt. Ltd.,Himalayan Securities Limited,50,484.1,24205.0,2025-07-15 13:09:40.677673
2025-07-15,41382,2025071503005987,KSBBL,Nepal Stock House (PVT) Ltd.,Himalayan Securities Limited,234,484.0,113256.0,2025-07-15 13:09:40.677777
2025-07-15,40522,2025071503006138,KSBBL,Neev Securities Pvt. Ltd.,Dipshikha Dhitopatra Karobar Co. Pvt Ltd.,200,485.0,97000.0,2025-07-15 13:12:28.303477
2025-07-15,40521,2025071503006139,KSBBL,Neev Securities Pvt. Ltd.,Dipshikha Dhitopatra Karobar Co. Pvt Ltd.,10,485.0,4850.0,2025-07-15 13:12:28.303838
2025-07-15,39113,2025071503006332,KSBBL,Sri Hari Securities Pvt. Ltd.,Thrive Brokerage House Pvt. Ltd,11,487.1,5358.1,2025-07-15 13:17:04.829189
2025-07-15,38126,2025071503006475,KSBBL,J.F. Securites (PVT) Ltd.,Investment Management Nepal Pvt. Ltd.,30,487.5,14625.0,2025-07-15 13:20:58.523159
2025-07-15,38125,2025071503006476,KSBBL,J.F. Securites (PVT) Ltd.,Cristal Kanchanjanga Securites Pvt. Ltd.,100,487.5,48750.0,2025-07-15 13:20:58.523553
2025-07-15,38124,2025071503006477,KSBBL,J.F. Securites (PVT) Ltd.,Kalika Securities Pvt. Ltd.,220,487.5,107250.0,2025-07-15 13:20:58.523913
2025-07-15,37197,2025071503006610,KSBBL,J.F. Securites (PVT) Ltd.,Premier Securities Company Ltd.,250,487.0,121750.0,2025-07-15 13:24:54.108981
2025-07-15,35923,2025071503006863,KSBBL,Sani Securities Company Ltd.,Thrive Brokerage House Pvt. Ltd,19,486.9,9251.1,2025-07-15 13:30:18.665401
2025-07-15,35922,2025071503006864,KSBBL,Sani Securities Company Ltd.,Premier Securities Company Ltd.,181,487.0,88147.0,2025-07-15 13:30:18.665846
2025-07-15,35757,2025071503006911,KSBBL,Agrawal Securities (PVT) Ltd.,Sharepro Securities Private Limited,1000,484.5,484500.0,2025-07-15 13:31:02.814647
2025-07-15,35756,2025071503006912,KSBBL,Shree Krishna Securities Ltd.,Sharepro Securities Private Limited,200,484.5,96900.0,2025-07-15 13:31:02.815164
2025-07-15,35755,2025071503006913,KSBBL,Premier Securities Company Ltd.,Sharepro Securities Private Limited,200,484.5,96900.0,2025-07-15 13:31:02.815532
2025-07-15,34992,2025071503007035,KSBBL,Bhrikuti Stock Broking Co. Pvt. Ltd.,Premier Securities Company Ltd.,69,487.0,33603.0,2025-07-15 13:34:20.532597
2025-07-15,34991,2025071503007036,KSBBL,Bhrikuti Stock Broking Co. Pvt. Ltd.,Kumari Securities Private Limited,31,487.0,15097.0,2025-07-15 13:34:20.533005
2025-07-15,34623,2025071503007130,KSBBL,Blue Chip Securities Ltd,Cristal Kanchanjanga Securites Pvt. Ltd.,200,486.9,97380.0,2025-07-15 13:35:43.787763
2025-07-15,34622,2025071503007131,KSBBL,Blue Chip Securities Ltd,Kumari Securities Private Limited,19,487.0,9253.0,2025-07-15 13:35:43.787975
2025-07-15,34621,2025071503007132,KSBBL,Blue Chip Securities Ltd,Investment Management Nepal Pvt. Ltd.,10,487.0,4870.0,2025-07-15 13:35:43.788086
2025-07-15,34620,2025071503007133,KSBBL,Blue Chip Securities Ltd,Kumari Securities Private Limited,50,487.0,24350.0,2025-07-15 13:35:43.788172
2025-07-15,34619,2025071503007134,KSBBL,Blue Chip Securities Ltd,Shree Krishna Securities Ltd.,29,487.0,14123.0,2025-07-15 13:35:43.788254
2025-07-15,34618,2025071503007135,KSBBL,Blue Chip Securities Ltd,Premier Securities Company Ltd.,13,487.5,6337.5,2025-07-15 13:35:43.788341
2025-07-15,34617,2025071503007136,KSBBL,Blue Chip Securities Ltd,Swarna Laxmi Securities Pvt. Ltd.,10,487.9,4879.0,2025-07-15 13:35:43.788428
2025-07-15,34616,2025071503007137,KSBBL,Blue Chip Securities Ltd,Online Securities Pvt. Ltd.,100,488.0,48800.0,2025-07-15 13:35:43.788512
2025-07-15,34615,2025071503007138,KSBBL,Blue Chip Securities Ltd,Nepal Stock House (PVT) Ltd.,200,488.0,97600.0,2025-07-15 13:35:43.788601
2025-07-15,34614,2025071503007139,KSBBL,Blue Chip Securities Ltd,Naasa Securities Co. Ltd.,1000,488.0,488000.0,2025-07-15 13:35:43.788686
2025-07-15,32281,2025071503007476,KSBBL,Blue Chip Securities Ltd,Vision Securities Pvt. Ltd,100,488.3,48830.0,2025-07-15 13:44:28.143176
2025-07-15,32280,2025071503007477,KSBBL,Blue Chip Securities Ltd,Thrive Brokerage House Pvt. Ltd,10,488.4,4884.0,2025-07-15 13:44:28.143412
2025-07-15,32279,2025071503007478,KSBBL,Blue Chip Securities Ltd,Kumari Securities Private Limited,100,488.5,48850.0,2025-07-15 13:44:28.143501
2025-07-15,32278,2025071503007479,KSBBL,Blue Chip Securities Ltd,Shree Krishna Securities Ltd.,500,488.5,244250.0,2025-07-15 13:44:28.143587
2025-07-15,32277,2025071503007480,KSBBL,Blue Chip Securities Ltd,Swarna Laxmi Securities Pvt. Ltd.,10,488.5,4885.0,2025-07-15 13:44:28.143669
2025-07-15,32276,2025071503007481,KSBBL,Blue Chip Securities Ltd,Cristal Kanchanjanga Securites Pvt. Ltd.,200,488.6,97720.0,2025-07-15 13:44:28.143755
2025-07-15,32275,2025071503007482,KSBBL,Blue Chip Securities Ltd,Agrawal Securities (PVT) Ltd.,214,488.8,104603.2,2025-07-15 13:44:28.143840
2025-07-15,32274,2025071503007483,KSBBL,Blue Chip Securities Ltd,Sani Securities Company Ltd.,100,488.9,48890.0,2025-07-15 13:44:28.143935
2025-07-15,32273,2025071503007484,KSBBL,Blue Chip Securities Ltd,Swarna Laxmi Securities Pvt. Ltd.,10,488.9,4889.0,2025-07-15 13:44:28.144063
2025-07-15,32272,2025071503007485,KSBBL,Blue Chip Securities Ltd,Malla & Malla Stock Broking Company Pvt. Limited,530,489.0,259170.0,2025-07-15 13:44:28.144152
2025-07-15,32271,2025071503007486,KSBBL,Blue Chip Securities Ltd,Kumari Securities Private Limited,50,489.0,24450.0,2025-07-15 13:44:28.144235
2025-07-15,32270,2025071503007487,KSBBL,Blue Chip Securities Ltd,Online Securities Pvt. Ltd.,100,489.0,48900.0,2025-07-15 13:44:28.144320
2025-07-15,32269,2025071503007488,KSBBL,Blue Chip Securities Ltd,Dynamic Money Managers Securities Pvt. Ltd.,226,489.0,110514.0,2025-07-15 13:44:28.144414
2025-07-15,32268,2025071503007489,KSBBL,Blue Chip Securities Ltd,Trishakti Securities Public Limited,67,489.0,32763.0,2025-07-15 13:44:28.144502
2025-07-15,32267,2025071503007490,KSBBL,Blue Chip Securities Ltd,Naasa Securities Co. Ltd.,100,489.0,48900.0,2025-07-15 13:44:28.144585
2025-07-15,32266,2025071503007491,KSBBL,Blue Chip Securities Ltd,Aryatara Investment & Securities,100,489.0,48900.0,2025-07-15 13:44:28.144664
2025-07-15,32265,2025071503007492,KSBBL,Blue Chip Securities Ltd,Kumari Securities Private Limited,50,489.0,24450.0,2025-07-15 13:44:28.144749
2025-07-15,32264,2025071503007493,KSBBL,Blue Chip Securities Ltd,Naasa Securities Co. Ltd.,150,489.0,73350.0,2025-07-15 13:44:28.144862
2025-07-15,32263,2025071503007494,KSBBL,Blue Chip Securities Ltd,Kumari Securities Private Limited,100,489.0,48900.0,2025-07-15 13:44:28.144945
2025-07-15,32262,2025071503007495,KSBBL,Blue Chip Securities Ltd,Bhrikuti Stock Broking Co. Pvt. Ltd.,100,489.0,48900.0,2025-07-15 13:44:28.145038
2025-07-15,32182,2025071503007511,KSBBL,Blue Chip Securities Ltd,Cristal Kanchanjanga Securites Pvt. Ltd.,18,489.0,8802.0,2025-07-15 13:44:53.565300
2025-07-15,31872,2025071503007558,KSBBL,Blue Chip Securities Ltd,Shree Krishna Securities Ltd.,400,489.0,195600.0,2025-07-15 13:45:55.047757
2025-07-15,31776,2025071503007573,KSBBL,Blue Chip Securities Ltd,SUN SECURITIES PVT LTD,100,489.0,48900.0,2025-07-15 13:46:17.880301
2025-07-15,31660,2025071503007584,KSBBL,Blue Chip Securities Ltd,Imperial Securities Company Pvt. Ltd.,20,489.0,9780.0,2025-07-15 13:46:48.470135
2025-07-15,31432,2025071503007596,KSBBL,Blue Chip Securities Ltd,Oxford Securities Pvt. Ltd.,14,489.0,6846.0,2025-07-15 13:47:39.944623
2025-07-15,29158,2025071503007901,KSBBL,Infinity Securities Limited,Thrive Brokerage House Pvt. Ltd,10,488.9,4889.0,2025-07-15 13:57:18.665886
2025-07-15,29157,2025071503007902,KSBBL,Infinity Securities Limited,Swarna Laxmi Securities Pvt. Ltd.,10,488.9,4889.0,2025-07-15 13:57:18.666142
2025-07-15,29156,2025071503007903,KSBBL,Infinity Securities Limited,Oxford Securities Pvt. Ltd.,186,489.0,90954.0,2025-07-15 13:57:18.666231
2025-07-15,29155,2025071503007904,KSBBL,Infinity Securities Limited,Premier Securities Company Ltd.,50,489.0,24450.0,2025-07-15 13:57:18.666317
2025-07-15,29154,2025071503007905,KSBBL,Infinity Securities Limited,Nepal Stock House (PVT) Ltd.,200,489.0,97800.0,2025-07-15 13:57:18.666399
2025-07-15,28874,2025071503007931,KSBBL,Online Securities Pvt. Ltd.,Nepal Stock House (PVT) Ltd.,50,488.0,24400.0,2025-07-15 13:58:20.592322
2025-07-15,28873,2025071503007932,KSBBL,Online Securities Pvt. Ltd.,Thrive Brokerage House Pvt. Ltd,10,489.4,4894.0,2025-07-15 13:58:20.592561
2025-07-15,28872,2025071503007933,KSBBL,Online Securities Pvt. Ltd.,Thrive Brokerage House Pvt. Ltd,10,489.5,4895.0,2025-07-15 13:58:20.592652
2025-07-15,28871,2025071503007934,KSBBL,Online Securities Pvt. Ltd.,Creative Securities Pvt Ltd,1930,489.5,944735.0,2025-07-15 13:58:20.592740
2025-07-15,28457,2025071503007991,KSBBL,Linch Stock Market Ltd.,Aryatara Investment & Securities,50,489.3,24465.0,2025-07-15 13:59:51.228272
2025-07-15,28456,2025071503007992,KSBBL,Linch Stock Market Ltd.,Imperial Securities Company Pvt. Ltd.,34,489.4,16639.6,2025-07-15 13:59:51.228554
2025-07-15,28455,2025071503007993,KSBBL,Linch Stock Market Ltd.,Creative Securities Pvt Ltd,70,489.5,34265.0,2025-07-15 13:59:51.228641
2025-07-15,28454,2025071503007994,KSBBL,Linch Stock Market Ltd.,Swarna Laxmi Securities Pvt. Ltd.,10,489.5,4895.0,2025-07-15 13:59:51.228724
2025-07-15,28453,2025071503007995,KSBBL,Linch Stock Market Ltd.,Capital Max Securities Ltd,336,489.5,164472.0,2025-07-15 13:59:51.228807
2025-07-15,28210,2025071503008028,KSBBL,ABC Securities Private Limited,Sweta Securities Private Limited,500,486.2,243100.0,2025-07-15 14:00:49.886677
2025-07-15,27477,2025071503008116,KSBBL,Infinity Securities Limited,Sweta Securities Private Limited,44,488.9,21511.6,2025-07-15 14:03:34.689062
2025-07-15,27408,2025071503008125,KSBBL,Deevyaa Securities & Stock House Pvt. Ltd,Sweta Securities Private Limited,406,488.9,198493.4,2025-07-15 14:03:51.906572
2025-07-15,27407,2025071503008126,KSBBL,Deevyaa Securities & Stock House Pvt. Ltd,Vision Securities Pvt. Ltd,100,489.0,48900.0,2025-07-15 14:03:51.906866
2025-07-15,27406,2025071503008127,KSBBL,Deevyaa Securities & Stock House Pvt. Ltd,Capital Max Securities Ltd,494,489.5,241813.0,2025-07-15 14:03:51.906973
2025-07-15,26904,2025071503008182,KSBBL,Kalika Securities Pvt. Ltd.,Vision Securities Pvt. Ltd,180,489.0,88020.0,2025-07-15 14:05:53.611821
2025-07-15,26601,2025071503008238,KSBBL,Vision Securities Pvt. Ltd,J.F. Securites (PVT) Ltd.,7,480.0,3360.0,2025-07-15 14:07:15.067808
2025-07-15,26432,2025071503008263,KSBBL,Sri Hari Securities Pvt. Ltd.,Dynamic Money Managers Securities Pvt. Ltd.,100,486.4,48640.0,2025-07-15 14:07:48.537157
2025-07-15,26431,2025071503008264,KSBBL,Nepal Stock House (PVT) Ltd.,Dynamic Money Managers Securities Pvt. Ltd.,200,486.3,97260.0,2025-07-15 14:07:48.537434
2025-07-15,26430,2025071503008265,KSBBL,Nepal Stock House (PVT) Ltd.,Dynamic Money Managers Securities Pvt. Ltd.,100,486.3,48630.0,2025-07-15 14:07:48.537524
2025-07-15,26429,2025071503008266,KSBBL,Capital Max Securities Ltd,Dynamic Money Managers Securities Pvt. Ltd.,100,486.2,48620.0,2025-07-15 14:07:48.537617
2025-07-15,26428,2025071503008267,KSBBL,Vision Securities Pvt. Ltd,Dynamic Money Managers Securities Pvt. Ltd.,1500,486.2,729300.0,2025-07-15 14:07:48.537703
2025-07-15,26244,2025071503008295,KSBBL,Vision Securities Pvt. Ltd,Sharepro Securities Private Limited,500,486.2,243100.0,2025-07-15 14:08:31.974335
2025-07-15,26243,2025071503008296,KSBBL,Online Securities Pvt. Ltd.,Sharepro Securities Private Limited,500,486.1,243050.0,2025-07-15 14:08:31.974369
2025-07-15,26242,2025071503008297,KSBBL,Miyo Securities Pvt Ltd,Sharepro Securities Private Limited,3000,486.1,1458300.0,2025-07-15 14:08:31.974391
2025-07-15,25406,2025071503008423,KSBBL,Sani Securities Company Ltd.,Vision Securities Pvt. Ltd,10,486.1,4861.0,2025-07-15 14:11:35.303738
2025-07-15,25405,2025071503008424,KSBBL,ABC Securities Private Limited,Vision Securities Pvt. Ltd,200,486.1,97220.0,2025-07-15 14:11:35.303837
2025-07-15,25404,2025071503008425,KSBBL,Neev Securities Pvt. Ltd.,Vision Securities Pvt. Ltd,100,486.0,48600.0,2025-07-15 14:11:35.303913
2025-07-15,25403,2025071503008426,KSBBL,Nagarik Stock Dealer ,Vision Securities Pvt. Ltd,170,486.0,82620.0,2025-07-15 14:11:35.303986
2025-07-15,25402,2025071503008427,KSBBL,Nepal Stock House (PVT) Ltd.,Vision Securities Pvt. Ltd,200,485.2,97040.0,2025-07-15 14:11:35.304088
2025-07-15,25401,2025071503008428,KSBBL,Premier Securities Company Ltd.,Vision Securities Pvt. Ltd,10,485.0,4850.0,2025-07-15 14:11:35.304166
2025-07-15,25400,2025071503008429,KSBBL,Nagarik Stock Dealer ,Vision Securities Pvt. Ltd,1200,485.0,582000.0,2025-07-15 14:11:35.304240
2025-07-15,25399,2025071503008430,KSBBL,Midas Stock Broking Company Private Limited,Vision Securities Pvt. Ltd,50,485.0,24250.0,2025-07-15 14:11:35.304313
2025-07-15,25398,2025071503008431,KSBBL,Sani Securities Company Ltd.,Vision Securities Pvt. Ltd,40,484.3,19372.0,2025-07-15 14:11:35.304385
2025-07-15,25397,2025071503008432,KSBBL,Online Securities Pvt. Ltd.,Vision Securities Pvt. Ltd,20,484.3,9686.0,2025-07-15 14:11:35.304455
2025-07-15,24503,2025071503008573,KSBBL,Naasa Securities Co. Ltd.,Kohinoor Investment & Securities Pvt. Ltd.,10,487.0,4870.0,2025-07-15 14:14:04.374227
2025-07-15,22510,2025071503008899,KSBBL,Thrive Brokerage House Pvt. Ltd,Nepal Stock House (PVT) Ltd.,50,486.0,24300.0,2025-07-15 14:20:32.623854
2025-07-15,22509,2025071503008900,KSBBL,Thrive Brokerage House Pvt. Ltd,Nepal Stock House (PVT) Ltd.,79,485.1,38322.9,2025-07-15 14:20:32.624107
2025-07-15,22171,2025071503008946,KSBBL,Thrive Brokerage House Pvt. Ltd,Nepal Stock House (PVT) Ltd.,21,485.1,10187.1,2025-07-15 14:21:46.521349
2025-07-15,22170,2025071503008947,KSBBL,Sani Securities Company Ltd.,Nepal Stock House (PVT) Ltd.,157,485.0,76145.0,2025-07-15 14:21:46.521634
2025-07-15,21279,2025071503009172,KSBBL,Property Wiard Limited,Kumari Securities Private Limited,50,486.0,24300.0,2025-07-15 14:24:28.907182
2025-07-15,21062,2025071503009221,KSBBL,Property Wiard Limited,Kumari Securities Private Limited,36,486.0,17496.0,2025-07-15 14:25:04.005087
2025-07-15,21061,2025071503009222,KSBBL,Property Wiard Limited,Malla & Malla Stock Broking Company Pvt. Limited,64,486.0,31104.0,2025-07-15 14:25:04.005311
2025-07-15,20673,2025071503009270,KSBBL,Naasa Securities Co. Ltd.,Malla & Malla Stock Broking Company Pvt. Limited,200,486.0,97200.0,2025-07-15 14:26:00.730947
2025-07-15,19790,2025071503009460,KSBBL,Primo Securities (PVT) Ltd.,Naasa Securities Co. Ltd.,12,486.0,5832.0,2025-07-15 14:28:11.889338
2025-07-15,18707,2025071503009689,KSBBL,Vision Securities Pvt. Ltd,Naasa Securities Co. Ltd.,38,486.0,18468.0,2025-07-15 14:31:10.660579
2025-07-15,18706,2025071503009690,KSBBL,Vision Securities Pvt. Ltd,Malla & Malla Stock Broking Company Pvt. Limited,962,486.0,467532.0,2025-07-15 14:31:10.660805
2025-07-15,18326,2025071503009753,KSBBL,Vision Securities Pvt. Ltd,Vision Securities Pvt. Ltd,179,485.1,86832.9,2025-07-15 14:32:06.348414
2025-07-15,18325,2025071503009754,KSBBL,Siprabi Securities Pvt. Ltd.,Vision Securities Pvt. Ltd,100,485.0,48500.0,2025-07-15 14:32:06.348641
2025-07-15,18324,2025071503009755,KSBBL,Vision Securities Pvt. Ltd,Vision Securities Pvt. Ltd,50,485.0,24250.0,2025-07-15 14:32:06.348743
2025-07-15,18323,2025071503009756,KSBBL,Sumeru Securities Pvt. Ltd.,Vision Securities Pvt. Ltd,500,485.0,242500.0,2025-07-15 14:32:06.348827
2025-07-15,18322,2025071503009757,KSBBL,Sumeru Securities Pvt. Ltd.,Vision Securities Pvt. Ltd,191,485.0,92635.0,2025-07-15 14:32:06.348915
2025-07-15,16814,2025071503010015,KSBBL,Nepal Investment And Securities Trading Private Limited,Malla & Malla Stock Broking Company Pvt. Limited,50,486.0,24300.0,2025-07-15 14:35:54.943142
2025-07-15,16596,2025071503010068,KSBBL,Siprabi Securities Pvt. Ltd.,Vision Securities Pvt. Ltd,20,485.0,9700.0,2025-07-15 14:36:16.237483
2025-07-15,16406,2025071503010085,KSBBL,Siprabi Securities Pvt. Ltd.,Dakshinkali Investment & Securities Pvt. Ltd.,285,485.0,138225.0,2025-07-15 14:36:30.276719
2025-07-15,16405,2025071503010086,KSBBL,Siprabi Securities Pvt. Ltd.,Dakshinkali Investment & Securities Pvt. Ltd.,100,485.0,48500.0,2025-07-15 14:36:30.276948
2025-07-15,16404,2025071503010087,KSBBL,Miyo Securities Pvt Ltd,Dakshinkali Investment & Securities Pvt. Ltd.,354,485.0,171690.0,2025-07-15 14:36:30.277325
2025-07-15,16354,2025071503010093,KSBBL,Bhrikuti Stock Broking Co. Pvt. Ltd.,Thrive Brokerage House Pvt. Ltd,50,484.8,24240.0,2025-07-15 14:36:41.795065
2025-07-15,16234,2025071503010113,KSBBL,Deevyaa Securities & Stock House Pvt. Ltd,Dakshinkali Investment & Securities Pvt. Ltd.,761,485.0,369085.0,2025-07-15 14:36:56.767190
2025-07-15,16176,2025071503010121,KSBBL,Sani Securities Company Ltd.,Nepal Investment And Securities Trading Private Limited,50,484.6,24230.0,2025-07-15 14:37:03.434929
2025-07-15,16175,2025071503010122,KSBBL,Sri Hari Securities Pvt. Ltd.,Nepal Investment And Securities Trading Private Limited,50,484.6,24230.0,2025-07-15 14:37:03.435011
2025-07-15,16174,2025071503010123,KSBBL,Sundhara Securities Limited,Nepal Investment And Securities Trading Private Limited,400,484.6,193840.0,2025-07-15 14:37:03.435105
2025-07-15,15966,2025071503010153,KSBBL,Ashutosh Brokerage & Securities (PVT) Ltd.,Thrive Brokerage House Pvt. Ltd,20,485.0,9700.0,2025-07-15 14:37:36.057286
2025-07-15,15421,2025071503010232,KSBBL,Miyo Securities Pvt Ltd,Malla & Malla Stock Broking Company Pvt. Limited,354,486.0,172044.0,2025-07-15 14:39:00.764330
2025-07-15,14830,2025071503010333,KSBBL,J.F. Securites (PVT) Ltd.,Kohinoor Investment & Securities Pvt. Ltd.,102,487.0,49674.0,2025-07-15 14:40:25.762262
2025-07-15,13171,2025071503010673,KSBBL,Vision Securities Pvt. Ltd,Online Securities Pvt. Ltd.,130,486.9,63297.0,2025-07-15 14:44:25.386289
2025-07-15,13170,2025071503010674,KSBBL,Vision Securities Pvt. Ltd,Kohinoor Investment & Securities Pvt. Ltd.,188,487.0,91556.0,2025-07-15 14:44:25.386409
2025-07-15,13169,2025071503010675,KSBBL,Vision Securities Pvt. Ltd,Siprabi Securities Pvt. Ltd.,12,487.0,5844.0,2025-07-15 14:44:25.386508
2025-07-15,13168,2025071503010676,KSBBL,Vision Securities Pvt. Ltd,Dipshikha Dhitopatra Karobar Co. Pvt Ltd.,264,487.0,128568.0,2025-07-15 14:44:25.386597
2025-07-15,13167,2025071503010677,KSBBL,Vision Securities Pvt. Ltd,Imperial Securities Company Pvt. Ltd.,50,487.5,24375.0,2025-07-15 14:44:25.386693
2025-07-15,13166,2025071503010678,KSBBL,Vision Securities Pvt. Ltd,Sani Securities Company Ltd.,126,488.5,61551.0,2025-07-15 14:44:25.386773
2025-07-15,13165,2025071503010679,KSBBL,Vision Securities Pvt. Ltd,Nepal Stock House (PVT) Ltd.,89,488.5,43476.5,2025-07-15 14:44:25.386907
2025-07-15,13164,2025071503010680,KSBBL,Vision Securities Pvt. Ltd,Trisul Securities & Invt. Ltd.,141,488.7,68906.7,2025-07-15 14:44:25.387002
2025-07-15,12382,2025071503010851,KSBBL,Sani Securities Company Ltd.,Miyo Securities Pvt Ltd,130,486.9,63297.0,2025-07-15 14:45:30.416939
2025-07-15,12381,2025071503010852,KSBBL,Nepal Stock House (PVT) Ltd.,Miyo Securities Pvt Ltd,200,485.3,97060.0,2025-07-15 14:45:30.416997
2025-07-15,12380,2025071503010853,KSBBL,Opal Securities Investment (PVT) Ltd.,Miyo Securities Pvt Ltd,200,485.3,97060.0,2025-07-15 14:45:30.417033
2025-07-15,12379,2025071503010854,KSBBL,Sri Hari Securities Pvt. Ltd.,Miyo Securities Pvt Ltd,200,485.2,97040.0,2025-07-15 14:45:30.417059
2025-07-15,12378,2025071503010855,KSBBL,Thrive Brokerage House Pvt. Ltd,Miyo Securities Pvt Ltd,150,485.1,72765.0,2025-07-15 14:45:30.417083
2025-07-15,12377,2025071503010856,KSBBL,Ashutosh Brokerage & Securities (PVT) Ltd.,Miyo Securities Pvt Ltd,480,485.0,232800.0,2025-07-15 14:45:30.417111
2025-07-15,12376,2025071503010857,KSBBL,Siprabi Securities Pvt. Ltd.,Miyo Securities Pvt Ltd,80,485.0,38800.0,2025-07-15 14:45:30.417135
2025-07-15,12375,2025071503010858,KSBBL,Sumeru Securities Pvt. Ltd.,Miyo Securities Pvt Ltd,500,485.0,242500.0,2025-07-15 14:45:30.417161
2025-07-15,12374,2025071503010859,KSBBL,Aryatara Investment & Securities,Miyo Securities Pvt Ltd,1150,484.9,557635.0,2025-07-15 14:45:30.417185
2025-07-15,12373,2025071503010860,KSBBL,Cristal Kanchanjanga Securites Pvt. Ltd.,Miyo Securities Pvt Ltd,2500,484.8,1212000.0,2025-07-15 14:45:30.417209
2025-07-15,12372,2025071503010861,KSBBL,Sumeru Securities Pvt. Ltd.,Miyo Securities Pvt Ltd,200,484.6,96920.0,2025-07-15 14:45:30.417233
2025-07-15,12371,2025071503010862,KSBBL,Vision Securities Pvt. Ltd,Miyo Securities Pvt Ltd,10,484.6,4846.0,2025-07-15 14:45:30.417254
2025-07-15,12326,2025071503010866,KSBBL,Vision Securities Pvt. Ltd,Miyo Securities Pvt Ltd,2990,484.6,1448954.0,2025-07-15 14:45:38.448728
2025-07-15,12325,2025071503010867,KSBBL,Agrawal Securities (PVT) Ltd.,Miyo Securities Pvt Ltd,10,484.5,4845.0,2025-07-15 14:45:38.448809
2025-07-15,11974,2025071503010955,KSBBL,Vision Securities Pvt. Ltd,Trisul Securities & Invt. Ltd.,359,488.7,175443.3,2025-07-15 14:46:14.009878
2025-07-15,11973,2025071503010956,KSBBL,Vision Securities Pvt. Ltd,Vision Securities Pvt. Ltd,97,488.8,47413.6,2025-07-15 14:46:14.010001
2025-07-15,11972,2025071503010957,KSBBL,Vision Securities Pvt. Ltd,Dynamic Money Managers Securities Pvt. Ltd.,2000,488.8,977600.0,2025-07-15 14:46:14.010106
2025-07-15,11971,2025071503010958,KSBBL,Vision Securities Pvt. Ltd,Nepal Stock House (PVT) Ltd.,244,489.0,119316.0,2025-07-15 14:46:14.010166
2025-07-15,11970,2025071503010959,KSBBL,Vision Securities Pvt. Ltd,Malla & Malla Stock Broking Company Pvt. Limited,300,489.0,146700.0,2025-07-15 14:46:14.010236
2025-07-15,10975,2025071503011134,KSBBL,Vision Securities Pvt. Ltd,Malla & Malla Stock Broking Company Pvt. Limited,200,489.0,97800.0,2025-07-15 14:48:01.505723
2025-07-15,10974,2025071503011135,KSBBL,Vision Securities Pvt. Ltd,Sumeru Securities Pvt. Ltd.,30,489.0,14670.0,2025-07-15 14:48:01.505840
2025-07-15,10973,2025071503011136,KSBBL,Vision Securities Pvt. Ltd,Swarna Laxmi Securities Pvt. Ltd.,10,489.0,4890.0,2025-07-15 14:48:01.505916
2025-07-15,10972,2025071503011137,KSBBL,Vision Securities Pvt. Ltd,Primo Securities (PVT) Ltd.,83,489.0,40587.0,2025-07-15 14:48:01.505986
2025-07-15,10971,2025071503011138,KSBBL,Vision Securities Pvt. Ltd,Oxford Securities Pvt. Ltd.,500,489.0,244500.0,2025-07-15 14:48:01.506084
2025-07-15,10970,2025071503011139,KSBBL,Vision Securities Pvt. Ltd,Kumari Securities Private Limited,1000,489.0,489000.0,2025-07-15 14:48:01.506148
2025-07-15,10969,2025071503011140,KSBBL,Vision Securities Pvt. Ltd,Naasa Securities Co. Ltd.,214,489.4,104731.6,2025-07-15 14:48:01.506241
2025-07-15,10968,2025071503011141,KSBBL,Vision Securities Pvt. Ltd,SUN SECURITIES PVT LTD,100,489.4,48940.0,2025-07-15 14:48:01.506312
2025-07-15,10967,2025071503011142,KSBBL,Vision Securities Pvt. Ltd,Capital Max Securities Ltd,170,489.5,83215.0,2025-07-15 14:48:01.506388
2025-07-15,10966,2025071503011143,KSBBL,Vision Securities Pvt. Ltd,Vision Securities Pvt. Ltd,693,489.5,339223.5,2025-07-15 14:48:01.506460
2025-07-15,10087,2025071503011306,KSBBL,Vision Securities Pvt. Ltd,Vision Securities Pvt. Ltd,1307,489.5,639776.5,2025-07-15 14:49:41.950904
2025-07-15,10086,2025071503011307,KSBBL,Vision Securities Pvt. Ltd,South Asian Bulls Pvt. Ltd.,100,489.6,48960.0,2025-07-15 14:49:41.951012
2025-07-15,10085,2025071503011308,KSBBL,Vision Securities Pvt. Ltd,Nepal Stock House (PVT) Ltd.,500,489.7,244850.0,2025-07-15 14:49:41.951051
2025-07-15,10084,2025071503011309,KSBBL,Vision Securities Pvt. Ltd,Siprabi Securities Pvt. Ltd.,93,489.7,45542.1,2025-07-15 14:49:41.951077
2025-07-15,9223,2025071503011473,KSBBL,Secured Securities Ltd.,Malla & Malla Stock Broking Company Pvt. Limited,500,489.0,244500.0,2025-07-15 14:50:54.689363
2025-07-15,9124,2025071503011503,KSBBL,Vision Securities Pvt. Ltd,Bhrikuti Stock Broking Co. Pvt. Ltd.,100,489.9,48990.0,2025-07-15 14:51:04.120912
2025-07-15,9123,2025071503011504,KSBBL,Vision Securities Pvt. Ltd,Property Wiard Limited,100,489.9,48990.0,2025-07-15 14:51:04.120971
2025-07-15,9122,2025071503011505,KSBBL,Vision Securities Pvt. Ltd,Premier Securities Company Ltd.,75,489.9,36742.5,2025-07-15 14:51:04.121012
2025-07-15,9121,2025071503011506,KSBBL,Vision Securities Pvt. Ltd,Bhrikuti Stock Broking Co. Pvt. Ltd.,50,490.0,24500.0,2025-07-15 14:51:04.121042
2025-07-15,9120,2025071503011507,KSBBL,Vision Securities Pvt. Ltd,Vision Securities Pvt. Ltd,20,490.0,9800.0,2025-07-15 14:51:04.121079
2025-07-15,9119,2025071503011508,KSBBL,Vision Securities Pvt. Ltd,Kumari Securities Private Limited,110,490.0,53900.0,2025-07-15 14:51:04.121101
2025-07-15,9118,2025071503011509,KSBBL,Vision Securities Pvt. Ltd,Sri Hari Securities Pvt. Ltd.,50,490.0,24500.0,2025-07-15 14:51:04.121122
2025-07-15,9117,2025071503011510,KSBBL,Vision Securities Pvt. Ltd,Asian Securities Private Ltd.,100,490.0,49000.0,2025-07-15 14:51:04.121145
2025-07-15,9116,2025071503011511,KSBBL,Vision Securities Pvt. Ltd,Imperial Securities Company Pvt. Ltd.,100,490.0,49000.0,2025-07-15 14:51:04.121176
2025-07-15,9115,2025071503011512,KSBBL,Vision Securities Pvt. Ltd,J.F. Securites (PVT) Ltd.,214,490.0,104860.0,2025-07-15 14:51:04.121199
2025-07-15,9114,2025071503011513,KSBBL,Vision Securities Pvt. Ltd,Sani Securities Company Ltd.,156,490.0,76440.0,2025-07-15 14:51:04.121223
2025-07-15,9113,2025071503011514,KSBBL,Vision Securities Pvt. Ltd,Imperial Securities Company Pvt. Ltd.,50,490.0,24500.0,2025-07-15 14:51:04.121243
2025-07-15,9112,2025071503011515,KSBBL,Vision Securities Pvt. Ltd,Dipshikha Dhitopatra Karobar Co. Pvt Ltd.,223,490.0,109270.0,2025-07-15 14:51:04.121264
2025-07-15,9111,2025071503011516,KSBBL,Vision Securities Pvt. Ltd,Dipshikha Dhitopatra Karobar Co. Pvt Ltd.,400,490.0,196000.0,2025-07-15 14:51:04.121286
2025-07-15,9110,2025071503011517,KSBBL,Vision Securities Pvt. Ltd,Himalayan Securities Limited,25,490.0,12250.0,2025-07-15 14:51:04.121310
2025-07-15,9109,2025071503011518,KSBBL,Vision Securities Pvt. Ltd,Swarna Laxmi Securities Pvt. Ltd.,200,490.0,98000.0,2025-07-15 14:51:04.121335
2025-07-15,9108,2025071503011519,KSBBL,Vision Securities Pvt. Ltd,ABC Securities Private Limited,100,490.0,49000.0,2025-07-15 14:51:04.121357
2025-07-15,9107,2025071503011520,KSBBL,Vision Securities Pvt. Ltd,Nepal Stock House (PVT) Ltd.,10,490.0,4900.0,2025-07-15 14:51:04.121380
2025-07-15,9106,2025071503011521,KSBBL,Vision Securities Pvt. Ltd,ABC Securities Private Limited,224,490.0,109760.0,2025-07-15 14:51:04.121402
2025-07-15,9105,2025071503011522,KSBBL,Vision Securities Pvt. Ltd,Naasa Securities Co. Ltd.,535,490.0,262150.0,2025-07-15 14:51:04.121424
2025-07-15,9104,2025071503011523,KSBBL,Vision Securities Pvt. Ltd,Sri Hari Securities Pvt. Ltd.,210,490.0,102900.0,2025-07-15 14:51:04.121446
2025-07-15,9103,2025071503011524,KSBBL,Vision Securities Pvt. Ltd,Vision Securities Pvt. Ltd,200,490.0,98000.0,2025-07-15 14:51:04.121467
2025-07-15,9102,2025071503011525,KSBBL,Vision Securities Pvt. Ltd,Opal Securities Investment (PVT) Ltd.,50,490.0,24500.0,2025-07-15 14:51:04.121490
2025-07-15,9101,2025071503011526,KSBBL,Vision Securities Pvt. Ltd,Oxford Securities Pvt. Ltd.,98,490.0,48020.0,2025-07-15 14:51:04.121511
2025-07-15,9100,2025071503011527,KSBBL,Vision Securities Pvt. Ltd,Sani Securities Company Ltd.,300,490.0,147000.0,2025-07-15 14:51:04.121533
2025-07-15,9099,2025071503011528,KSBBL,Vision Securities Pvt. Ltd,Siprabi Securities Pvt. Ltd.,39,490.0,19110.0,2025-07-15 14:51:04.121566
2025-07-15,9098,2025071503011529,KSBBL,Vision Securities Pvt. Ltd,Kumari Securities Private Limited,300,490.0,147000.0,2025-07-15 14:51:04.121589
2025-07-15,9097,2025071503011530,KSBBL,Vision Securities Pvt. Ltd,Midas Stock Broking Company Private Limited,21,490.0,10290.0,2025-07-15 14:51:04.121610
2025-07-15,9096,2025071503011531,KSBBL,Vision Securities Pvt. Ltd,Naasa Securities Co. Ltd.,20,490.0,9800.0,2025-07-15 14:51:04.121630
2025-07-15,9095,2025071503011532,KSBBL,Vision Securities Pvt. Ltd,Online Securities Pvt. Ltd.,60,490.0,29400.0,2025-07-15 14:51:04.121652
2025-07-15,9094,2025071503011533,KSBBL,Vision Securities Pvt. Ltd,Imperial Securities Company Pvt. Ltd.,500,490.0,245000.0,2025-07-15 14:51:04.121671
2025-07-15,9093,2025071503011534,KSBBL,Vision Securities Pvt. Ltd,Online Securities Pvt. Ltd.,200,490.0,98000.0,2025-07-15 14:51:04.121691
2025-07-15,9092,2025071503011535,KSBBL,Vision Securities Pvt. Ltd,Imperial Securities Company Pvt. Ltd.,11,490.1,5391.1,2025-07-15 14:51:04.121734
2025-07-15,9091,2025071503011536,KSBBL,Vision Securities Pvt. Ltd,Aryatara Investment & Securities,149,490.2,73039.8,2025-07-15 14:51:04.121762
2025-07-15,8298,2025071503011770,KSBBL,Vision Securities Pvt. Ltd,Vision Securities Pvt. Ltd,50,486.0,24300.0,2025-07-15 14:52:07.053250
2025-07-15,7988,2025071503011887,KSBBL,Sani Securities Company Ltd.,Shree Krishna Securities Ltd.,10,487.7,4877.0,2025-07-15 14:52:24.993804
2025-07-15,7338,2025071503012030,KSBBL,Online Securities Pvt. Ltd.,Vision Securities Pvt. Ltd,100,488.0,48800.0,2025-07-15 14:53:18.984460
2025-07-15,7337,2025071503012031,KSBBL,Sani Securities Company Ltd.,Vision Securities Pvt. Ltd,395,487.7,192641.5,2025-07-15 14:53:18.984645
2025-07-15,7297,2025071503012037,KSBBL,Shree Krishna Securities Ltd.,Sewa Securities Pvt. Ltd.,107,490.0,52430.0,2025-07-15 14:53:21.334248
2025-07-15,7296,2025071503012038,KSBBL,Shree Krishna Securities Ltd.,Swarna Laxmi Securities Pvt. Ltd.,10,490.0,4900.0,2025-07-15 14:53:21.334289
2025-07-15,7295,2025071503012039,KSBBL,Shree Krishna Securities Ltd.,ABC Securities Private Limited,20,490.0,9800.0,2025-07-15 14:53:21.334335
2025-07-15,7294,2025071503012040,KSBBL,Shree Krishna Securities Ltd.,Sani Securities Company Ltd.,10,490.1,4901.0,2025-07-15 14:53:21.334384
2025-07-15,7111,2025071503012087,KSBBL,Creative Securities Pvt Ltd,Sani Securities Company Ltd.,22,490.1,10782.2,2025-07-15 14:53:37.374727
2025-07-15,7110,2025071503012088,KSBBL,Creative Securities Pvt Ltd,Aryatara Investment & Securities,130,490.2,63726.0,2025-07-15 14:53:37.375157
2025-07-15,7109,2025071503012089,KSBBL,Creative Securities Pvt Ltd,Siprabi Securities Pvt. Ltd.,10,490.2,4902.0,2025-07-15 14:53:37.375377
2025-07-15,7108,2025071503012090,KSBBL,Creative Securities Pvt Ltd,Sundhara Securities Limited,14,490.3,6864.2,2025-07-15 14:53:37.375578
2025-07-15,7107,2025071503012091,KSBBL,Creative Securities Pvt Ltd,Trisul Securities & Invt. Ltd.,324,490.3,158857.2,2025-07-15 14:53:37.375805
2025-07-15,6416,2025071503012218,KSBBL,Kalika Securities Pvt. Ltd.,SUN SECURITIES PVT LTD,100,490.0,49000.0,2025-07-15 14:54:34.085388
2025-07-15,6146,2025071503012243,KSBBL,Sundhara Securities Limited,Trisul Securities & Invt. Ltd.,47,490.3,23044.1,2025-07-15 14:54:56.364649
2025-07-15,6145,2025071503012244,KSBBL,Sundhara Securities Limited,Neev Securities Pvt. Ltd.,200,490.3,98060.0,2025-07-15 14:54:56.364856
2025-07-15,6117,2025071503012254,KSBBL,Pragyan Securities (PVT) Ltd.,SUN SECURITIES PVT LTD,100,490.0,49000.0,2025-07-15 14:54:58.188299
2025-07-15,5701,2025071503012339,KSBBL,Capital Max Securities Ltd,Malla & Malla Stock Broking Company Pvt. Limited,200,490.3,98060.0,2025-07-15 14:55:30.415399
2025-07-15,5383,2025071503012392,KSBBL,Secured Securities Ltd.,Imperial Securities Company Pvt. Ltd.,20,490.0,9800.0,2025-07-15 14:55:57.885435
2025-07-15,5382,2025071503012393,KSBBL,Capital Max Securities Ltd,Imperial Securities Company Pvt. Ltd.,100,487.0,48700.0,2025-07-15 14:55:57.885652
2025-07-15,5381,2025071503012394,KSBBL,Vision Securities Pvt. Ltd,Imperial Securities Company Pvt. Ltd.,80,486.0,38880.0,2025-07-15 14:55:57.885725
2025-07-15,4788,2025071503012483,KSBBL,Vision Securities Pvt. Ltd,Sumeru Securities Pvt. Ltd.,50,486.0,24300.0,2025-07-15 14:56:40.776129
2025-07-15,3811,2025071503012679,KSBBL,Nepal Stock House (PVT) Ltd.,Sumeru Securities Pvt. Ltd.,12,490.0,5880.0,2025-07-15 14:57:47.481661
2025-07-15,75,2025071503013544,KSBBL,Imperial Securities Company Pvt. Ltd.,Kohinoor Investment & Securities Pvt. Ltd.,20,489.9,9798.0,2025-07-15 14:59:59.118156
2025-07-15,71,2025071503013547,KSBBL,Vision Securities Pvt. Ltd,Kohinoor Investment & Securities Pvt. Ltd.,280,489.9,137172.0,2025-07-15 14:59:59.174458
2025-07-15,70,2025071503013548,KSBBL,Vision Securities Pvt. Ltd,Sumeru Securities Pvt. Ltd.,188,490.0,92120.0,2025-07-15 14:59:59.174493
2025-07-15,69,2025071503013549,KSBBL,Vision Securities Pvt. Ltd,Midas Stock Broking Company Private Limited,50,490.0,24500.0,2025-07-15 14:59:59.174519
2025-07-15,68,2025071503013550,KSBBL,Vision Securities Pvt. Ltd,Secured Securities Ltd.,200,490.0,98000.0,2025-07-15 14:59:59.174546
2025-07-15,67,2025071503013551,KSBBL,Vision Securities Pvt. Ltd,Kohinoor Investment & Securities Pvt. Ltd.,300,490.0,147000.0,2025-07-15 14:59:59.174567
2025-07-15,66,2025071503013552,KSBBL,Vision Securities Pvt. Ltd,Sani Securities Company Ltd.,50,490.0,24500.0,2025-07-15 14:59:59.174590
2025-07-15,65,2025071503013553,KSBBL,Vision Securities Pvt. Ltd,Aakashbhairab Securities Ltd.,50,490.0,24500.0,2025-07-15 14:59:59.174613
2025-07-15,64,2025071503013554,KSBBL,Vision Securities Pvt. Ltd,Malla & Malla Stock Broking Company Pvt. Limited,800,490.3,392240.0,2025-07-15 14:59:59.174637
2025-07-15,63,2025071503013555,KSBBL,Vision Securities Pvt. Ltd,Capital Hub P. Ltd,82,490.5,40221.0,2025-07-15 14:59:59.174664
