Date,S.N.,contract_id,symbol,buyer_broker,seller_broker,volume,price,amount,transaction_time
2025-07-15,72550,2025071504000484,MEN,Opal Securities Investment (PVT) Ltd.,Imperial Securities Company Pvt. Ltd.,30,614.7,18441.0,2025-07-15 11:09:03.378689
2025-07-15,72144,2025071504000626,MEN,Swarna Laxmi Securities Pvt. Ltd.,Deevyaa Securities & Stock House Pvt. Ltd,200,614.0,122800.0,2025-07-15 11:11:00.390478
2025-07-15,71178,2025071504000965,MEN,Vision Securities Pvt. Ltd,Citizens Share Broker Limited,40,609.0,24360.0,2025-07-15 11:15:07.629298
2025-07-15,71177,2025071504000966,MEN,Naasa Securities Co. Ltd.,Citizens Share Broker Limited,10,609.0,6090.0,2025-07-15 11:15:07.629552
2025-07-15,69659,2025071504001493,MEN,South Asian Bulls Pvt. Ltd.,Citizens Share Broker Limited,40,610.0,24400.0,2025-07-15 11:20:34.883539
2025-07-15,69505,2025071504001566,MEN,Market Securities & Exchange (PVT) Ltd.,ABC Securities Private Limited,100,609.1,60910.0,2025-07-15 11:21:08.460635
2025-07-15,69504,2025071504001567,MEN,Opal Securities Investment (PVT) Ltd.,ABC Securities Private Limited,900,609.0,548100.0,2025-07-15 11:21:08.460807
2025-07-15,69481,2025071504001576,MEN,Market Securities & Exchange (PVT) Ltd.,Citizens Share Broker Limited,10,610.0,6100.0,2025-07-15 11:21:13.787648
2025-07-15,69248,2025071504001715,MEN,Aryatara Investment & Securities,Nagarik Stock Dealer ,100,612.9,61290.0,2025-07-15 11:22:02.034294
2025-07-15,68177,2025071504002142,MEN,Primo Securities (PVT) Ltd.,ABC Securities Private Limited,1000,609.1,609100.0,2025-07-15 11:26:10.477004
2025-07-15,68029,2025071504002201,MEN,Vision Securities Pvt. Ltd,Dipshikha Dhitopatra Karobar Co. Pvt Ltd.,100,611.5,61150.0,2025-07-15 11:26:48.131149
2025-07-15,67276,2025071504002469,MEN,Primo Securities (PVT) Ltd.,Aryatara Investment & Securities,500,610.5,305250.0,2025-07-15 11:30:06.601765
2025-07-15,66876,2025071504002582,MEN,Malla & Malla Stock Broking Company Pvt. Limited,Bhrikuti Stock Broking Co. Pvt. Ltd.,550,609.5,335225.0,2025-07-15 11:32:00.982510
2025-07-15,66875,2025071504002583,MEN,Bhrikuti Stock Broking Co. Pvt. Ltd.,Bhrikuti Stock Broking Co. Pvt. Ltd.,500,609.3,304650.0,2025-07-15 11:32:00.982616
2025-07-15,66874,2025071504002584,MEN,Primo Securities (PVT) Ltd.,Bhrikuti Stock Broking Co. Pvt. Ltd.,950,609.2,578740.0,2025-07-15 11:32:00.982729
2025-07-15,66788,2025071504002594,MEN,Linch Stock Market Ltd.,Property Wiard Limited,240,611.0,146640.0,2025-07-15 11:32:26.966648
2025-07-15,66780,2025071504002599,MEN,Primo Securities (PVT) Ltd.,Sipla Securities Private Limited,53,611.0,32383.0,2025-07-15 11:32:32.870060
2025-07-15,66691,2025071504002630,MEN,Primo Securities (PVT) Ltd.,Investment Management Nepal Pvt. Ltd.,190,611.0,116090.0,2025-07-15 11:32:55.960469
2025-07-15,66575,2025071504002663,MEN,Primo Securities (PVT) Ltd.,Siprabi Securities Pvt. Ltd.,55,611.0,33605.0,2025-07-15 11:33:31.385316
2025-07-15,66190,2025071504002777,MEN,Sundhara Securities Limited,ABC Securities Private Limited,500,611.4,305700.0,2025-07-15 11:34:58.507021
2025-07-15,65898,2025071504002863,MEN,Primo Securities (PVT) Ltd.,Citizens Share Broker Limited,200,610.1,122020.0,2025-07-15 11:36:00.814412
2025-07-15,65565,2025071504002942,MEN,Primo Securities (PVT) Ltd.,Property Wiard Limited,200,610.1,122020.0,2025-07-15 11:37:23.450996
2025-07-15,65511,2025071504002951,MEN,Primo Securities (PVT) Ltd.,Property Wiard Limited,50,609.2,30460.0,2025-07-15 11:37:41.495751
2025-07-15,65510,2025071504002952,MEN,Swarna Laxmi Securities Pvt. Ltd.,Property Wiard Limited,55,609.2,33506.0,2025-07-15 11:37:41.495916
2025-07-15,65509,2025071504002953,MEN,Primo Securities (PVT) Ltd.,Property Wiard Limited,295,609.1,179684.5,2025-07-15 11:37:41.495988
2025-07-15,65290,2025071504003013,MEN,Primo Securities (PVT) Ltd.,Naasa Securities Co. Ltd.,10,609.1,6091.0,2025-07-15 11:38:35.154454
2025-07-15,65172,2025071504003053,MEN,Primo Securities (PVT) Ltd.,ABC Securities Private Limited,200,609.2,121840.0,2025-07-15 11:39:04.658222
2025-07-15,65171,2025071504003054,MEN,Primo Securities (PVT) Ltd.,ABC Securities Private Limited,195,609.1,118774.5,2025-07-15 11:39:04.658422
2025-07-15,65170,2025071504003055,MEN,Opal Securities Investment (PVT) Ltd.,ABC Securities Private Limited,100,609.0,60900.0,2025-07-15 11:39:04.658485
2025-07-15,65169,2025071504003056,MEN,Swarna Laxmi Securities Pvt. Ltd.,ABC Securities Private Limited,100,609.0,60900.0,2025-07-15 11:39:04.658549
2025-07-15,65168,2025071504003057,MEN,Swarna Laxmi Securities Pvt. Ltd.,ABC Securities Private Limited,300,609.0,182700.0,2025-07-15 11:39:04.658611
2025-07-15,65167,2025071504003058,MEN,Siprabi Securities Pvt. Ltd.,ABC Securities Private Limited,10,609.0,6090.0,2025-07-15 11:39:04.658670
2025-07-15,64931,2025071504003173,MEN,Primo Securities (PVT) Ltd.,ABC Securities Private Limited,95,609.0,57855.0,2025-07-15 11:39:50.395634
2025-07-15,64596,2025071504003304,MEN,Primo Securities (PVT) Ltd.,SUN SECURITIES PVT LTD,2300,609.0,1400700.0,2025-07-15 11:41:21.764970
2025-07-15,64497,2025071504003338,MEN,Primo Securities (PVT) Ltd.,Dipshikha Dhitopatra Karobar Co. Pvt Ltd.,500,609.0,304500.0,2025-07-15 11:41:54.108616
2025-07-15,63448,2025071504003611,MEN,Capital Max Securities Ltd,Miyo Securities Pvt Ltd,48,609.3,29246.4,2025-07-15 11:46:06.127712
2025-07-15,63447,2025071504003612,MEN,Primo Securities (PVT) Ltd.,Miyo Securities Pvt Ltd,200,609.0,121800.0,2025-07-15 11:46:06.128053
2025-07-15,63446,2025071504003613,MEN,Primo Securities (PVT) Ltd.,Miyo Securities Pvt Ltd,952,609.0,579768.0,2025-07-15 11:46:06.128254
2025-07-15,63355,2025071504003633,MEN,Primo Securities (PVT) Ltd.,Opal Securities Investment (PVT) Ltd.,48,609.0,29232.0,2025-07-15 11:46:30.649837
2025-07-15,63354,2025071504003634,MEN,Linch Stock Market Ltd.,Opal Securities Investment (PVT) Ltd.,10,609.0,6090.0,2025-07-15 11:46:30.650172
2025-07-15,63208,2025071504003666,MEN,Primo Securities (PVT) Ltd.,Opal Securities Investment (PVT) Ltd.,357,609.0,217413.0,2025-07-15 11:47:03.227204
2025-07-15,63173,2025071504003681,MEN,Primo Securities (PVT) Ltd.,Miyo Securities Pvt Ltd,1500,609.0,913500.0,2025-07-15 11:47:15.324632
2025-07-15,63066,2025071504003714,MEN,Primo Securities (PVT) Ltd.,Dynamic Money Managers Securities Pvt. Ltd.,140,609.0,85260.0,2025-07-15 11:47:47.300079
2025-07-15,63043,2025071504003724,MEN,Primo Securities (PVT) Ltd.,Agrawal Securities (PVT) Ltd.,13,608.4,7909.2,2025-07-15 11:47:53.648220
2025-07-15,62828,2025071504003806,MEN,Dipshikha Dhitopatra Karobar Co. Pvt Ltd.,Thrive Brokerage House Pvt. Ltd,400,609.0,243600.0,2025-07-15 11:48:45.369228
2025-07-15,62661,2025071504003842,MEN,Linch Stock Market Ltd.,Dynamic Money Managers Securities Pvt. Ltd.,10,610.0,6100.0,2025-07-15 11:49:24.599846
2025-07-15,62170,2025071504004001,MEN,Sri Hari Securities Pvt. Ltd.,Dynamic Money Managers Securities Pvt. Ltd.,29,610.0,17690.0,2025-07-15 11:51:06.821277
2025-07-15,62169,2025071504004002,MEN,Sri Hari Securities Pvt. Ltd.,Vision Securities Pvt. Ltd,13,610.0,7930.0,2025-07-15 11:51:06.821434
2025-07-15,61850,2025071504004094,MEN,Trishakti Securities Public Limited,Trishakti Securities Public Limited,100,611.0,61100.0,2025-07-15 11:52:34.550626
2025-07-15,61849,2025071504004095,MEN,Trishakti Securities Public Limited,N.M.B. SECURITIES LIMITED,50,611.0,30550.0,2025-07-15 11:52:34.550732
2025-07-15,61848,2025071504004096,MEN,Trishakti Securities Public Limited,Sweta Securities Private Limited,100,611.4,61140.0,2025-07-15 11:52:34.550824
2025-07-15,61847,2025071504004097,MEN,Trishakti Securities Public Limited,Citizens Share Broker Limited,200,611.5,122300.0,2025-07-15 11:52:34.550896
2025-07-15,61846,2025071504004098,MEN,Trishakti Securities Public Limited,ABC Securities Private Limited,1000,611.6,611600.0,2025-07-15 11:52:34.550975
2025-07-15,61845,2025071504004099,MEN,Trishakti Securities Public Limited,Linch Stock Market Ltd.,50,611.9,30595.0,2025-07-15 11:52:34.551050
2025-07-15,61646,2025071504004173,MEN,Oxford Securities Pvt. Ltd.,Linch Stock Market Ltd.,125,611.9,76487.5,2025-07-15 11:53:20.170365
2025-07-15,61478,2025071504004199,MEN,Primo Securities (PVT) Ltd.,Miyo Securities Pvt Ltd,200,609.1,121820.0,2025-07-15 11:54:04.726474
2025-07-15,61477,2025071504004200,MEN,ABC Securities Private Limited,Miyo Securities Pvt Ltd,9800,609.1,5969180.0,2025-07-15 11:54:04.726708
2025-07-15,61389,2025071504004237,MEN,ABC Securities Private Limited,Miyo Securities Pvt Ltd,200,609.1,121820.0,2025-07-15 11:54:25.782422
2025-07-15,61388,2025071504004238,MEN,ABC Securities Private Limited,Miyo Securities Pvt Ltd,2300,609.1,1400930.0,2025-07-15 11:54:25.782616
2025-07-15,61152,2025071504004286,MEN,Deevyaa Securities & Stock House Pvt. Ltd,Nagarik Stock Dealer ,200,612.9,122580.0,2025-07-15 11:54:56.599239
2025-07-15,61151,2025071504004287,MEN,Deevyaa Securities & Stock House Pvt. Ltd,Trishakti Securities Public Limited,100,613.0,61300.0,2025-07-15 11:54:56.599464
2025-07-15,61094,2025071504004311,MEN,Deevyaa Securities & Stock House Pvt. Ltd,ABC Securities Private Limited,200,613.0,122600.0,2025-07-15 11:55:03.947577
2025-07-15,59860,2025071504004608,MEN,Trishakti Securities Public Limited,Nagarik Stock Dealer ,100,612.9,61290.0,2025-07-15 11:58:57.556987
2025-07-15,59776,2025071504004630,MEN,Kumari Securities Private Limited,Nagarik Stock Dealer ,200,612.9,122580.0,2025-07-15 11:59:20.844107
2025-07-15,59561,2025071504004689,MEN,Online Securities Pvt. Ltd.,ABC Securities Private Limited,120,611.5,73380.0,2025-07-15 12:00:09.168470
2025-07-15,59560,2025071504004690,MEN,Vision Securities Pvt. Ltd,ABC Securities Private Limited,200,611.1,122220.0,2025-07-15 12:00:09.168822
2025-07-15,59559,2025071504004691,MEN,Deevyaa Securities & Stock House Pvt. Ltd,ABC Securities Private Limited,500,611.0,305500.0,2025-07-15 12:00:09.169033
2025-07-15,59558,2025071504004692,MEN,Sri Hari Securities Pvt. Ltd.,ABC Securities Private Limited,48,610.2,29289.6,2025-07-15 12:00:09.169258
2025-07-15,59557,2025071504004693,MEN,Swarna Laxmi Securities Pvt. Ltd.,ABC Securities Private Limited,100,610.2,61020.0,2025-07-15 12:00:09.169507
2025-07-15,59556,2025071504004694,MEN,Trishakti Securities Public Limited,ABC Securities Private Limited,32,610.1,19523.2,2025-07-15 12:00:09.169820
2025-07-15,59441,2025071504004713,MEN,Trishakti Securities Public Limited,Shree Krishna Securities Ltd.,468,610.1,285526.8,2025-07-15 12:00:35.131964
2025-07-15,59440,2025071504004714,MEN,Thrive Brokerage House Pvt. Ltd,Shree Krishna Securities Ltd.,100,610.0,61000.0,2025-07-15 12:00:35.132168
2025-07-15,59439,2025071504004715,MEN,Opal Securities Investment (PVT) Ltd.,Shree Krishna Securities Ltd.,970,610.0,591700.0,2025-07-15 12:00:35.132263
2025-07-15,59438,2025071504004716,MEN,Secured Securities Ltd.,Shree Krishna Securities Ltd.,50,610.0,30500.0,2025-07-15 12:00:35.132344
2025-07-15,59437,2025071504004717,MEN,Vision Securities Pvt. Ltd,Shree Krishna Securities Ltd.,500,610.0,305000.0,2025-07-15 12:00:35.132424
2025-07-15,59436,2025071504004718,MEN,Premier Securities Company Ltd.,Shree Krishna Securities Ltd.,500,609.6,304800.0,2025-07-15 12:00:35.132509
2025-07-15,59435,2025071504004719,MEN,Primo Securities (PVT) Ltd.,Shree Krishna Securities Ltd.,200,609.5,121900.0,2025-07-15 12:00:35.132589
2025-07-15,59434,2025071504004720,MEN,Online Securities Pvt. Ltd.,Shree Krishna Securities Ltd.,500,609.5,304750.0,2025-07-15 12:00:35.132684
2025-07-15,59433,2025071504004721,MEN,Midas Stock Broking Company Private Limited,Shree Krishna Securities Ltd.,30,609.5,18285.0,2025-07-15 12:00:35.132754
2025-07-15,59432,2025071504004722,MEN,SUN SECURITIES PVT LTD,Shree Krishna Securities Ltd.,682,609.4,415610.8,2025-07-15 12:00:35.132821
2025-07-15,59380,2025071504004741,MEN,Kumari Securities Private Limited,Citizens Share Broker Limited,200,612.9,122580.0,2025-07-15 12:00:46.025467
2025-07-15,59302,2025071504004757,MEN,Primo Securities (PVT) Ltd.,Himalayan Securities Limited,500,609.5,304750.0,2025-07-15 12:01:01.686260
2025-07-15,59118,2025071504004832,MEN,South Asian Bulls Pvt. Ltd.,ABC Securities Private Limited,800,613.0,490400.0,2025-07-15 12:01:37.939743
2025-07-15,59117,2025071504004833,MEN,South Asian Bulls Pvt. Ltd.,Sri Hari Securities Pvt. Ltd.,100,613.0,61300.0,2025-07-15 12:01:37.939926
2025-07-15,59031,2025071504004874,MEN,Dipshikha Dhitopatra Karobar Co. Pvt Ltd.,Nagarik Stock Dealer ,100,613.0,61300.0,2025-07-15 12:01:56.776595
2025-07-15,58832,2025071504004942,MEN,Sani Securities Company Ltd.,Shree Krishna Securities Ltd.,150,612.9,91935.0,2025-07-15 12:02:35.832944
2025-07-15,58824,2025071504004947,MEN,Investment Management Nepal Pvt. Ltd.,Shree Krishna Securities Ltd.,350,612.9,214515.0,2025-07-15 12:02:37.723936
2025-07-15,58823,2025071504004948,MEN,Investment Management Nepal Pvt. Ltd.,Nagarik Stock Dealer ,20,613.0,12260.0,2025-07-15 12:02:37.724114
2025-07-15,58809,2025071504004952,MEN,Sani Securities Company Ltd.,Nagarik Stock Dealer ,180,613.0,110340.0,2025-07-15 12:02:43.893105
2025-07-15,58808,2025071504004953,MEN,Sani Securities Company Ltd.,Vision Securities Pvt. Ltd,100,613.0,61300.0,2025-07-15 12:02:43.893232
2025-07-15,58807,2025071504004954,MEN,Sani Securities Company Ltd.,ABC Securities Private Limited,200,613.4,122680.0,2025-07-15 12:02:43.893277
2025-07-15,58806,2025071504004955,MEN,Sani Securities Company Ltd.,Agrawal Securities (PVT) Ltd.,20,613.5,12270.0,2025-07-15 12:02:43.893299
2025-07-15,58692,2025071504004979,MEN,Online Securities Pvt. Ltd.,Online Securities Pvt. Ltd.,6,609.0,3654.0,2025-07-15 12:03:14.086559
2025-07-15,57816,2025071504005251,MEN,Sundhara Securities Limited,Bhrikuti Stock Broking Co. Pvt. Ltd.,177,610.1,107987.7,2025-07-15 12:06:48.478429
2025-07-15,57815,2025071504005252,MEN,Kumari Securities Private Limited,Bhrikuti Stock Broking Co. Pvt. Ltd.,500,610.0,305000.0,2025-07-15 12:06:48.478496
2025-07-15,57814,2025071504005253,MEN,Imperial Securities Company Pvt. Ltd.,Bhrikuti Stock Broking Co. Pvt. Ltd.,300,610.0,183000.0,2025-07-15 12:06:48.478523
2025-07-15,57813,2025071504005254,MEN,Aryatara Investment & Securities,Bhrikuti Stock Broking Co. Pvt. Ltd.,20,609.9,12198.0,2025-07-15 12:06:48.478546
2025-07-15,56913,2025071504005455,MEN,South Asian Bulls Pvt. Ltd.,ABC Securities Private Limited,100,612.9,61290.0,2025-07-15 12:11:03.688623
2025-07-15,56912,2025071504005456,MEN,South Asian Bulls Pvt. Ltd.,Trishakti Securities Public Limited,100,613.0,61300.0,2025-07-15 12:11:03.688832
2025-07-15,56911,2025071504005457,MEN,South Asian Bulls Pvt. Ltd.,Nagarik Stock Dealer ,300,613.0,183900.0,2025-07-15 12:11:03.688912
2025-07-15,56877,2025071504005472,MEN,Trishakti Securities Public Limited,Agrawal Securities (PVT) Ltd.,10,613.5,6135.0,2025-07-15 12:11:08.357551
2025-07-15,56787,2025071504005491,MEN,Cristal Kanchanjanga Securites Pvt. Ltd.,Bhrikuti Stock Broking Co. Pvt. Ltd.,1000,611.0,611000.0,2025-07-15 12:11:35.195772
2025-07-15,56188,2025071504005682,MEN,Kohinoor Investment & Securities Pvt. Ltd.,Nepal Stock House (PVT) Ltd.,100,613.0,61300.0,2025-07-15 12:13:55.321025
2025-07-15,56053,2025071504005721,MEN,Linch Stock Market Ltd.,Nepal Stock House (PVT) Ltd.,50,613.0,30650.0,2025-07-15 12:14:38.810140
2025-07-15,55814,2025071504005798,MEN,Sumeru Securities Pvt. Ltd.,Nepal Stock House (PVT) Ltd.,1850,613.0,1134050.0,2025-07-15 12:15:33.520928
2025-07-15,55813,2025071504005799,MEN,Sumeru Securities Pvt. Ltd.,Nagarik Stock Dealer ,150,613.0,91950.0,2025-07-15 12:15:33.521197
2025-07-15,55694,2025071504005843,MEN,Primo Securities (PVT) Ltd.,Nagarik Stock Dealer ,150,613.0,91950.0,2025-07-15 12:16:02.036356
2025-07-15,55548,2025071504005897,MEN,Linch Stock Market Ltd.,Agrawal Securities (PVT) Ltd.,700,613.5,429450.0,2025-07-15 12:16:28.078130
2025-07-15,55522,2025071504005909,MEN,Naasa Securities Co. Ltd.,Agrawal Securities (PVT) Ltd.,150,613.5,92025.0,2025-07-15 12:16:35.639283
2025-07-15,55433,2025071504005927,MEN,Swarna Laxmi Securities Pvt. Ltd.,Agrawal Securities (PVT) Ltd.,100,613.5,61350.0,2025-07-15 12:16:57.181105
2025-07-15,55176,2025071504005992,MEN,Primo Securities (PVT) Ltd.,ABC Securities Private Limited,1000,612.0,612000.0,2025-07-15 12:17:53.986579
2025-07-15,55148,2025071504006008,MEN,Swarna Laxmi Securities Pvt. Ltd.,ABC Securities Private Limited,300,613.0,183900.0,2025-07-15 12:18:02.431211
2025-07-15,54959,2025071504006050,MEN,Dakshinkali Investment & Securities Pvt. Ltd.,ABC Securities Private Limited,700,613.0,429100.0,2025-07-15 12:18:44.068650
2025-07-15,54119,2025071504006375,MEN,Agrawal Securities (PVT) Ltd.,Agrawal Securities (PVT) Ltd.,20,613.5,12270.0,2025-07-15 12:21:48.948390
2025-07-15,53938,2025071504006437,MEN,Cristal Kanchanjanga Securites Pvt. Ltd.,Bhrikuti Stock Broking Co. Pvt. Ltd.,500,613.9,306950.0,2025-07-15 12:22:39.677227
2025-07-15,53937,2025071504006438,MEN,Cristal Kanchanjanga Securites Pvt. Ltd.,Bhrikuti Stock Broking Co. Pvt. Ltd.,500,613.9,306950.0,2025-07-15 12:22:39.677470
2025-07-15,53936,2025071504006439,MEN,Cristal Kanchanjanga Securites Pvt. Ltd.,Cristal Kanchanjanga Securites Pvt. Ltd.,25,614.0,15350.0,2025-07-15 12:22:39.677547
2025-07-15,53935,2025071504006440,MEN,Cristal Kanchanjanga Securites Pvt. Ltd.,Sumeru Securities Pvt. Ltd.,200,614.0,122800.0,2025-07-15 12:22:39.677624
2025-07-15,53934,2025071504006441,MEN,Cristal Kanchanjanga Securites Pvt. Ltd.,Arun Securities (PVT) Ltd.,700,614.0,429800.0,2025-07-15 12:22:39.677700
2025-07-15,53933,2025071504006442,MEN,Cristal Kanchanjanga Securites Pvt. Ltd.,Kumari Securities Private Limited,75,614.0,46050.0,2025-07-15 12:22:39.677775
2025-07-15,53932,2025071504006443,MEN,Cristal Kanchanjanga Securites Pvt. Ltd.,Dynamic Money Managers Securities Pvt. Ltd.,140,615.0,86100.0,2025-07-15 12:22:39.677881
2025-07-15,53931,2025071504006444,MEN,Cristal Kanchanjanga Securites Pvt. Ltd.,K.B.L. Securities Limited ,100,615.0,61500.0,2025-07-15 12:22:39.677961
2025-07-15,53930,2025071504006445,MEN,Cristal Kanchanjanga Securites Pvt. Ltd.,Bhrikuti Stock Broking Co. Pvt. Ltd.,13,615.0,7995.0,2025-07-15 12:22:39.678044
2025-07-15,53929,2025071504006446,MEN,Cristal Kanchanjanga Securites Pvt. Ltd.,Shree Krishna Securities Ltd.,210,615.0,129150.0,2025-07-15 12:22:39.678120
2025-07-15,53928,2025071504006447,MEN,Cristal Kanchanjanga Securites Pvt. Ltd.,Aryatara Investment & Securities,200,615.0,123000.0,2025-07-15 12:22:39.678195
2025-07-15,53927,2025071504006448,MEN,Cristal Kanchanjanga Securites Pvt. Ltd.,Online Securities Pvt. Ltd.,100,615.0,61500.0,2025-07-15 12:22:39.678276
2025-07-15,53926,2025071504006449,MEN,Cristal Kanchanjanga Securites Pvt. Ltd.,Linch Stock Market Ltd.,13,615.0,7995.0,2025-07-15 12:22:39.678368
2025-07-15,53925,2025071504006450,MEN,Cristal Kanchanjanga Securites Pvt. Ltd.,Vision Securities Pvt. Ltd,171,615.0,105165.0,2025-07-15 12:22:39.678503
2025-07-15,53603,2025071504006563,MEN,Cristal Kanchanjanga Securites Pvt. Ltd.,Shree Krishna Securities Ltd.,1000,615.0,615000.0,2025-07-15 12:23:59.380039
2025-07-15,53597,2025071504006568,MEN,Trishakti Securities Public Limited,Primo Securities (PVT) Ltd.,10,615.5,6155.0,2025-07-15 12:24:02.709514
2025-07-15,53331,2025071504006619,MEN,Cristal Kanchanjanga Securites Pvt. Ltd.,ABC Securities Private Limited,53,615.0,32595.0,2025-07-15 12:24:42.702611
2025-07-15,52794,2025071504006858,MEN,Dakshinkali Investment & Securities Pvt. Ltd.,ABC Securities Private Limited,800,615.0,492000.0,2025-07-15 12:26:44.082597
2025-07-15,52357,2025071504006968,MEN,Trademow Securities Private Limited,ABC Securities Private Limited,147,615.0,90405.0,2025-07-15 12:28:37.991414
2025-07-15,52335,2025071504006972,MEN,Kohinoor Investment & Securities Pvt. Ltd.,Trisul Securities & Invt. Ltd.,100,615.0,61500.0,2025-07-15 12:28:42.475232
2025-07-15,51513,2025071504007207,MEN,J.F. Securites (PVT) Ltd.,Trisul Securities & Invt. Ltd.,140,615.0,86100.0,2025-07-15 12:32:00.553391
2025-07-15,51512,2025071504007208,MEN,J.F. Securites (PVT) Ltd.,Citizens Share Broker Limited,36,615.0,22140.0,2025-07-15 12:32:00.553600
2025-07-15,51511,2025071504007209,MEN,J.F. Securites (PVT) Ltd.,BHOLE GANESH SECURITIES LTD,121,615.0,74415.0,2025-07-15 12:32:00.553681
2025-07-15,51117,2025071504007360,MEN,J.F. Securites (PVT) Ltd.,Primo Securities (PVT) Ltd.,40,615.5,24620.0,2025-07-15 12:33:39.085209
2025-07-15,51116,2025071504007361,MEN,J.F. Securites (PVT) Ltd.,N.M.B. SECURITIES LIMITED,50,615.5,30775.0,2025-07-15 12:33:39.085633
2025-07-15,50631,2025071504007509,MEN,Opal Securities Investment (PVT) Ltd.,Malla & Malla Stock Broking Company Pvt. Limited,40,616.0,24640.0,2025-07-15 12:36:01.709150
2025-07-15,50630,2025071504007510,MEN,Opal Securities Investment (PVT) Ltd.,Aryatara Investment & Securities,10,616.0,6160.0,2025-07-15 12:36:01.709378
2025-07-15,50501,2025071504007558,MEN,Online Securities Pvt. Ltd.,Infinity Securities Limited,200,615.0,123000.0,2025-07-15 12:36:44.964178
2025-07-15,49889,2025071504007872,MEN,Online Securities Pvt. Ltd.,ABC Securities Private Limited,90,615.5,55395.0,2025-07-15 12:39:05.603068
2025-07-15,49888,2025071504007873,MEN,Opal Securities Investment (PVT) Ltd.,ABC Securities Private Limited,15,615.0,9225.0,2025-07-15 12:39:05.603328
2025-07-15,49887,2025071504007874,MEN,Online Securities Pvt. Ltd.,ABC Securities Private Limited,550,615.0,338250.0,2025-07-15 12:39:05.603420
2025-07-15,49886,2025071504007875,MEN,Dipshikha Dhitopatra Karobar Co. Pvt Ltd.,ABC Securities Private Limited,10,615.0,6150.0,2025-07-15 12:39:05.603521
2025-07-15,49835,2025071504007899,MEN,Dakshinkali Investment & Securities Pvt. Ltd.,ABC Securities Private Limited,335,615.0,206025.0,2025-07-15 12:39:20.812090
2025-07-15,48966,2025071504008287,MEN,Linch Stock Market Ltd.,Property Wiard Limited,200,615.0,123000.0,2025-07-15 12:42:30.081251
2025-07-15,48965,2025071504008288,MEN,Linch Stock Market Ltd.,Trishakti Securities Public Limited,100,615.0,61500.0,2025-07-15 12:42:30.081495
2025-07-15,48901,2025071504008316,MEN,Trisul Securities & Invt. Ltd.,ABC Securities Private Limited,200,614.1,122820.0,2025-07-15 12:42:42.852371
2025-07-15,48900,2025071504008317,MEN,Kohinoor Investment & Securities Pvt. Ltd.,ABC Securities Private Limited,200,614.0,122800.0,2025-07-15 12:42:42.852646
2025-07-15,48899,2025071504008318,MEN,Aryatara Investment & Securities,ABC Securities Private Limited,50,613.4,30670.0,2025-07-15 12:42:42.852779
2025-07-15,48898,2025071504008319,MEN,Aryatara Investment & Securities,ABC Securities Private Limited,50,613.2,30660.0,2025-07-15 12:42:42.852897
2025-07-15,48897,2025071504008320,MEN,Imperial Securities Company Pvt. Ltd.,ABC Securities Private Limited,200,613.1,122620.0,2025-07-15 12:42:42.853028
2025-07-15,48896,2025071504008321,MEN,Sani Securities Company Ltd.,ABC Securities Private Limited,100,613.1,61310.0,2025-07-15 12:42:42.853163
2025-07-15,48895,2025071504008322,MEN,Trisul Securities & Invt. Ltd.,ABC Securities Private Limited,200,613.0,122600.0,2025-07-15 12:42:42.853276
2025-07-15,48230,2025071504008603,MEN,Linch Stock Market Ltd.,Naasa Securities Co. Ltd.,10,614.1,6141.0,2025-07-15 12:45:14.524527
2025-07-15,48194,2025071504008611,MEN,Linch Stock Market Ltd.,Kohinoor Investment & Securities Pvt. Ltd.,50,614.1,30705.0,2025-07-15 12:45:20.421565
2025-07-15,48186,2025071504008612,MEN,Midas Stock Broking Company Private Limited,Citizens Share Broker Limited,100,615.9,61590.0,2025-07-15 12:45:23.118952
2025-07-15,48185,2025071504008613,MEN,Midas Stock Broking Company Private Limited,Thrive Brokerage House Pvt. Ltd,30,616.0,18480.0,2025-07-15 12:45:23.119218
2025-07-15,47713,2025071504008799,MEN,Investment Management Nepal Pvt. Ltd.,Dipshikha Dhitopatra Karobar Co. Pvt Ltd.,30,615.5,18465.0,2025-07-15 12:47:19.419694
2025-07-15,47712,2025071504008800,MEN,Investment Management Nepal Pvt. Ltd.,Thrive Brokerage House Pvt. Ltd,70,616.0,43120.0,2025-07-15 12:47:19.420016
2025-07-15,47033,2025071504009034,MEN,Trishakti Securities Public Limited,Thrive Brokerage House Pvt. Ltd,160,616.0,98560.0,2025-07-15 12:49:22.236939
2025-07-15,47032,2025071504009035,MEN,Trishakti Securities Public Limited,Citizens Share Broker Limited,100,616.8,61680.0,2025-07-15 12:49:22.237194
2025-07-15,46951,2025071504009065,MEN,Sundhara Securities Limited,Linch Stock Market Ltd.,200,617.5,123500.0,2025-07-15 12:49:47.646177
2025-07-15,46950,2025071504009066,MEN,Sundhara Securities Limited,Imperial Securities Company Pvt. Ltd.,50,617.8,30890.0,2025-07-15 12:49:47.646488
2025-07-15,46949,2025071504009067,MEN,Sundhara Securities Limited,Infinity Securities Limited,50,617.8,30890.0,2025-07-15 12:49:47.646608
2025-07-15,46948,2025071504009068,MEN,Sundhara Securities Limited,Cristal Kanchanjanga Securites Pvt. Ltd.,100,617.9,61790.0,2025-07-15 12:49:47.646695
2025-07-15,46831,2025071504009113,MEN,Linch Stock Market Ltd.,Naasa Securities Co. Ltd.,100,618.0,61800.0,2025-07-15 12:50:17.397260
2025-07-15,46830,2025071504009114,MEN,Linch Stock Market Ltd.,Dipshikha Dhitopatra Karobar Co. Pvt Ltd.,50,618.0,30900.0,2025-07-15 12:50:17.397708
2025-07-15,46829,2025071504009115,MEN,Linch Stock Market Ltd.,Premier Securities Company Ltd.,970,618.5,599945.0,2025-07-15 12:50:17.397967
2025-07-15,46828,2025071504009116,MEN,Linch Stock Market Ltd.,ABC Securities Private Limited,20,618.7,12374.0,2025-07-15 12:50:17.398218
2025-07-15,46610,2025071504009195,MEN,Trishakti Securities Public Limited,Sani Securities Company Ltd.,25,618.5,15462.5,2025-07-15 12:51:07.015809
2025-07-15,46609,2025071504009196,MEN,Trishakti Securities Public Limited,ABC Securities Private Limited,80,618.7,49496.0,2025-07-15 12:51:07.016067
2025-07-15,46608,2025071504009197,MEN,Trishakti Securities Public Limited,Primo Securities (PVT) Ltd.,225,618.8,139230.0,2025-07-15 12:51:07.016198
2025-07-15,46607,2025071504009198,MEN,Trishakti Securities Public Limited,Trishakti Securities Public Limited,100,619.0,61900.0,2025-07-15 12:51:07.016283
2025-07-15,46588,2025071504009207,MEN,Trishakti Securities Public Limited,Cristal Kanchanjanga Securites Pvt. Ltd.,99,619.0,61281.0,2025-07-15 12:51:11.752999
2025-07-15,46489,2025071504009272,MEN,Linch Stock Market Ltd.,ABC Securities Private Limited,50,619.9,30995.0,2025-07-15 12:51:25.868760
2025-07-15,46488,2025071504009273,MEN,Linch Stock Market Ltd.,Vision Securities Pvt. Ltd,500,619.9,309950.0,2025-07-15 12:51:25.869195
2025-07-15,46487,2025071504009274,MEN,Linch Stock Market Ltd.,Sri Hari Securities Pvt. Ltd.,45,620.0,27900.0,2025-07-15 12:51:25.869485
2025-07-15,46486,2025071504009275,MEN,Linch Stock Market Ltd.,ABC Securities Private Limited,13,620.0,8060.0,2025-07-15 12:51:25.869755
2025-07-15,46485,2025071504009276,MEN,Linch Stock Market Ltd.,KALASH STOCK MARKET PVT. LTD.,500,620.0,310000.0,2025-07-15 12:51:25.870002
2025-07-15,46484,2025071504009277,MEN,Linch Stock Market Ltd.,Imperial Securities Company Pvt. Ltd.,30,620.0,18600.0,2025-07-15 12:51:25.870247
2025-07-15,46483,2025071504009278,MEN,Linch Stock Market Ltd.,Online Securities Pvt. Ltd.,35,620.0,21700.0,2025-07-15 12:51:25.870506
2025-07-15,46482,2025071504009279,MEN,Linch Stock Market Ltd.,Naasa Securities Co. Ltd.,20,620.0,12400.0,2025-07-15 12:51:25.870746
2025-07-15,46481,2025071504009280,MEN,Linch Stock Market Ltd.,Premier Securities Company Ltd.,40,620.0,24800.0,2025-07-15 12:51:25.870990
2025-07-15,46480,2025071504009281,MEN,Linch Stock Market Ltd.,J.F. Securites (PVT) Ltd.,50,620.0,31000.0,2025-07-15 12:51:25.871230
2025-07-15,46479,2025071504009282,MEN,Linch Stock Market Ltd.,Property Wiard Limited,100,620.0,62000.0,2025-07-15 12:51:25.871483
2025-07-15,46478,2025071504009283,MEN,Linch Stock Market Ltd.,Online Securities Pvt. Ltd.,100,620.0,62000.0,2025-07-15 12:51:25.871767
2025-07-15,46477,2025071504009284,MEN,Linch Stock Market Ltd.,Dipshikha Dhitopatra Karobar Co. Pvt Ltd.,550,620.0,341000.0,2025-07-15 12:51:25.872045
2025-07-15,46476,2025071504009285,MEN,Linch Stock Market Ltd.,Primo Securities (PVT) Ltd.,250,620.0,155000.0,2025-07-15 12:51:25.872329
2025-07-15,46475,2025071504009286,MEN,Linch Stock Market Ltd.,Imperial Securities Company Pvt. Ltd.,1000,620.0,620000.0,2025-07-15 12:51:25.872643
2025-07-15,46474,2025071504009287,MEN,Linch Stock Market Ltd.,Primo Securities (PVT) Ltd.,10,620.0,6200.0,2025-07-15 12:51:25.872922
2025-07-15,46473,2025071504009288,MEN,Linch Stock Market Ltd.,Sundhara Securities Limited,100,620.0,62000.0,2025-07-15 12:51:25.873206
2025-07-15,46472,2025071504009289,MEN,Linch Stock Market Ltd.,KALASH STOCK MARKET PVT. LTD.,100,620.0,62000.0,2025-07-15 12:51:25.873475
2025-07-15,46471,2025071504009290,MEN,Linch Stock Market Ltd.,Creative Securities Pvt Ltd,210,620.0,130200.0,2025-07-15 12:51:25.873758
2025-07-15,46470,2025071504009291,MEN,Linch Stock Market Ltd.,ABC Securities Private Limited,150,620.0,93000.0,2025-07-15 12:51:25.874031
2025-07-15,46431,2025071504009297,MEN,Dipshikha Dhitopatra Karobar Co. Pvt Ltd.,Naasa Securities Co. Ltd.,151,620.09,93633.59,2025-07-15 12:51:42.132758
2025-07-15,46393,2025071504009307,MEN,Trishakti Securities Public Limited,Naasa Securities Co. Ltd.,276,620.09,171144.84,2025-07-15 12:51:48.521478
2025-07-15,46380,2025071504009313,MEN,Trishakti Securities Public Limited,Cristal Kanchanjanga Securites Pvt. Ltd.,147,620.1,91154.7,2025-07-15 12:51:49.873079
2025-07-15,46296,2025071504009349,MEN,Trishakti Securities Public Limited,Oxford Securities Pvt. Ltd.,10,620.5,6205.0,2025-07-15 12:52:15.732677
2025-07-15,46295,2025071504009350,MEN,Trishakti Securities Public Limited,Online Securities Pvt. Ltd.,13,621.0,8073.0,2025-07-15 12:52:15.732876
2025-07-15,46294,2025071504009351,MEN,Trishakti Securities Public Limited,Imperial Securities Company Pvt. Ltd.,13,621.0,8073.0,2025-07-15 12:52:15.732958
2025-07-15,46293,2025071504009352,MEN,Trishakti Securities Public Limited,Naasa Securities Co. Ltd.,10,621.0,6210.0,2025-07-15 12:52:15.733035
2025-07-15,46292,2025071504009353,MEN,Trishakti Securities Public Limited,Sani Securities Company Ltd.,20,621.0,12420.0,2025-07-15 12:52:15.733111
2025-07-15,46291,2025071504009354,MEN,Trishakti Securities Public Limited,Premier Securities Company Ltd.,100,621.0,62100.0,2025-07-15 12:52:15.733188
2025-07-15,46290,2025071504009355,MEN,Trishakti Securities Public Limited,Secured Securities Ltd.,45,621.0,27945.0,2025-07-15 12:52:15.733264
2025-07-15,46257,2025071504009368,MEN,Swarna Laxmi Securities Pvt. Ltd.,Secured Securities Ltd.,55,621.0,34155.0,2025-07-15 12:52:24.198559
2025-07-15,46256,2025071504009369,MEN,Swarna Laxmi Securities Pvt. Ltd.,Nepal Stock House (PVT) Ltd.,13,622.0,8086.0,2025-07-15 12:52:24.198658
2025-07-15,46255,2025071504009370,MEN,Swarna Laxmi Securities Pvt. Ltd.,Infinity Securities Limited,867,622.0,539274.0,2025-07-15 12:52:24.198745
2025-07-15,46254,2025071504009371,MEN,Swarna Laxmi Securities Pvt. Ltd.,Malla & Malla Stock Broking Company Pvt. Limited,40,622.0,24880.0,2025-07-15 12:52:24.198809
2025-07-15,46253,2025071504009372,MEN,Swarna Laxmi Securities Pvt. Ltd.,Midas Stock Broking Company Private Limited,625,622.0,388750.0,2025-07-15 12:52:24.198876
2025-07-15,46246,2025071504009373,MEN,Trishakti Securities Public Limited,Cristal Kanchanjanga Securites Pvt. Ltd.,300,620.1,186030.0,2025-07-15 12:52:25.003451
2025-07-15,46166,2025071504009409,MEN,Sani Securities Company Ltd.,Midas Stock Broking Company Private Limited,98,622.0,60956.0,2025-07-15 12:52:39.040145
2025-07-15,46162,2025071504009411,MEN,Primo Securities (PVT) Ltd.,Midas Stock Broking Company Private Limited,427,622.0,265594.0,2025-07-15 12:52:41.079081
2025-07-15,46161,2025071504009412,MEN,Primo Securities (PVT) Ltd.,Nepal Stock House (PVT) Ltd.,52,622.0,32344.0,2025-07-15 12:52:41.079270
2025-07-15,46160,2025071504009413,MEN,Primo Securities (PVT) Ltd.,Kumari Securities Private Limited,371,622.0,230762.0,2025-07-15 12:52:41.079364
2025-07-15,46091,2025071504009430,MEN,Investment Management Nepal Pvt. Ltd.,Kumari Securities Private Limited,20,622.0,12440.0,2025-07-15 12:52:52.941481
2025-07-15,45942,2025071504009469,MEN,Naasa Securities Co. Ltd.,Kumari Securities Private Limited,100,622.0,62200.0,2025-07-15 12:53:19.892646
2025-07-15,45690,2025071504009560,MEN,Premier Securities Company Ltd.,Cristal Kanchanjanga Securites Pvt. Ltd.,150,621.9,93285.0,2025-07-15 12:54:17.899012
2025-07-15,45689,2025071504009561,MEN,Premier Securities Company Ltd.,Kumari Securities Private Limited,173,622.0,107606.0,2025-07-15 12:54:17.899289
2025-07-15,45548,2025071504009615,MEN,Imperial Securities Company Pvt. Ltd.,BHOLE GANESH SECURITIES LTD,130,620.2,80626.0,2025-07-15 12:54:49.577391
2025-07-15,45547,2025071504009616,MEN,Trishakti Securities Public Limited,BHOLE GANESH SECURITIES LTD,170,620.1,105417.0,2025-07-15 12:54:49.577627
2025-07-15,45436,2025071504009660,MEN,Trishakti Securities Public Limited,Citizens Share Broker Limited,107,620.1,66350.7,2025-07-15 12:55:20.056816
2025-07-15,45435,2025071504009661,MEN,Linch Stock Market Ltd.,Citizens Share Broker Limited,93,620.0,57660.0,2025-07-15 12:55:20.057022
2025-07-15,44935,2025071504009867,MEN,Linch Stock Market Ltd.,Cristal Kanchanjanga Securites Pvt. Ltd.,50,620.0,31000.0,2025-07-15 12:57:43.078456
2025-07-15,43585,2025071504010314,MEN,Sumeru Securities Pvt. Ltd.,Dynamic Money Managers Securities Pvt. Ltd.,500,618.5,309250.0,2025-07-15 13:02:00.720602
2025-07-15,43481,2025071504010352,MEN,Sumeru Securities Pvt. Ltd.,Sani Securities Company Ltd.,500,618.5,309250.0,2025-07-15 13:02:27.133682
2025-07-15,43326,2025071504010434,MEN,Nepal Stock House (PVT) Ltd.,Opal Securities Investment (PVT) Ltd.,30,621.4,18642.0,2025-07-15 13:03:06.821452
2025-07-15,43224,2025071504010475,MEN,Nepal Stock House (PVT) Ltd.,Sani Securities Company Ltd.,20,621.4,12428.0,2025-07-15 13:03:29.861769
2025-07-15,42711,2025071504010649,MEN,Kohinoor Investment & Securities Pvt. Ltd.,SUN SECURITIES PVT LTD,100,619.0,61900.0,2025-07-15 13:05:04.687507
2025-07-15,42710,2025071504010650,MEN,Imperial Securities Company Pvt. Ltd.,SUN SECURITIES PVT LTD,500,619.0,309500.0,2025-07-15 13:05:04.687935
2025-07-15,42709,2025071504010651,MEN,Siprabi Securities Pvt. Ltd.,SUN SECURITIES PVT LTD,10,618.4,6184.0,2025-07-15 13:05:04.688236
2025-07-15,42708,2025071504010652,MEN,Sani Securities Company Ltd.,SUN SECURITIES PVT LTD,500,618.4,309200.0,2025-07-15 13:05:04.688551
2025-07-15,42707,2025071504010653,MEN,SUN SECURITIES PVT LTD,SUN SECURITIES PVT LTD,40,618.3,24732.0,2025-07-15 13:05:04.688816
2025-07-15,42248,2025071504010818,MEN,Linch Stock Market Ltd.,Naasa Securities Co. Ltd.,75,620.0,46500.0,2025-07-15 13:06:59.212497
2025-07-15,42247,2025071504010819,MEN,Linch Stock Market Ltd.,Agrawal Securities (PVT) Ltd.,10,621.4,6214.0,2025-07-15 13:06:59.212762
2025-07-15,41178,2025071504011177,MEN,SHUBHAKAMANA SECURITIES PVT. LTD,Infinity Securities Limited,100,621.0,62100.0,2025-07-15 13:10:26.091489
2025-07-15,41177,2025071504011178,MEN,SHUBHAKAMANA SECURITIES PVT. LTD,Swarna Laxmi Securities Pvt. Ltd.,40,621.0,24840.0,2025-07-15 13:10:26.091745
2025-07-15,41038,2025071504011225,MEN,Linch Stock Market Ltd.,Sumeru Securities Pvt. Ltd.,150,618.9,92835.0,2025-07-15 13:10:47.925602
2025-07-15,40129,2025071504011572,MEN,Siprabi Securities Pvt. Ltd.,Agrawal Securities (PVT) Ltd.,19,621.0,11799.0,2025-07-15 13:13:46.646923
2025-07-15,39749,2025071504011738,MEN,Trishakti Securities Public Limited,Primo Securities (PVT) Ltd.,380,619.3,235334.0,2025-07-15 13:14:58.523393
2025-07-15,39748,2025071504011739,MEN,Kohinoor Investment & Securities Pvt. Ltd.,Primo Securities (PVT) Ltd.,100,619.1,61910.0,2025-07-15 13:14:58.523860
2025-07-15,39747,2025071504011740,MEN,Imperial Securities Company Pvt. Ltd.,Primo Securities (PVT) Ltd.,120,619.0,74280.0,2025-07-15 13:14:58.524157
2025-07-15,39177,2025071504011946,MEN,Naasa Securities Co. Ltd.,Agrawal Securities (PVT) Ltd.,21,620.0,13020.0,2025-07-15 13:16:56.452376
2025-07-15,38827,2025071504012040,MEN,Aryatara Investment & Securities,Cristal Kanchanjanga Securites Pvt. Ltd.,115,620.8,71392.0,2025-07-15 13:17:50.912720
2025-07-15,38826,2025071504012041,MEN,Aryatara Investment & Securities,Secured Securities Ltd.,50,621.0,31050.0,2025-07-15 13:17:50.913105
2025-07-15,38825,2025071504012042,MEN,Aryatara Investment & Securities,Agrawal Securities (PVT) Ltd.,50,621.0,31050.0,2025-07-15 13:17:50.913222
2025-07-15,38824,2025071504012043,MEN,Aryatara Investment & Securities,Online Securities Pvt. Ltd.,200,621.0,124200.0,2025-07-15 13:17:50.913343
2025-07-15,38794,2025071504012057,MEN,Aryatara Investment & Securities,Ashutosh Brokerage & Securities (PVT) Ltd.,89,621.0,55269.0,2025-07-15 13:17:59.688657
2025-07-15,38793,2025071504012058,MEN,SHUBHAKAMANA SECURITIES PVT. LTD,Ashutosh Brokerage & Securities (PVT) Ltd.,25,619.1,15477.5,2025-07-15 13:17:59.688700
2025-07-15,38792,2025071504012059,MEN,Imperial Securities Company Pvt. Ltd.,Ashutosh Brokerage & Securities (PVT) Ltd.,380,619.0,235220.0,2025-07-15 13:17:59.688727
2025-07-15,38791,2025071504012060,MEN,Primo Securities (PVT) Ltd.,Ashutosh Brokerage & Securities (PVT) Ltd.,1000,619.0,619000.0,2025-07-15 13:17:59.688754
2025-07-15,38790,2025071504012061,MEN,Linch Stock Market Ltd.,Ashutosh Brokerage & Securities (PVT) Ltd.,263,618.9,162770.7,2025-07-15 13:17:59.688788
2025-07-15,38789,2025071504012062,MEN,Dakshinkali Investment & Securities Pvt. Ltd.,Ashutosh Brokerage & Securities (PVT) Ltd.,243,618.6,150319.8,2025-07-15 13:17:59.688811
2025-07-15,38537,2025071504012137,MEN,Himalayan Brokerage Company Limited,Oxford Securities Pvt. Ltd.,200,620.0,124000.0,2025-07-15 13:18:57.069959
2025-07-15,38323,2025071504012197,MEN,Himalayan Brokerage Company Limited,Dynamic Money Managers Securities Pvt. Ltd.,140,620.0,86800.0,2025-07-15 13:19:57.840233
2025-07-15,38290,2025071504012206,MEN,Himalayan Brokerage Company Limited,Sani Securities Company Ltd.,160,620.0,99200.0,2025-07-15 13:20:06.143074
2025-07-15,38261,2025071504012218,MEN,Primo Securities (PVT) Ltd.,Linch Stock Market Ltd.,500,619.0,309500.0,2025-07-15 13:20:18.606443
2025-07-15,36990,2025071504012670,MEN,Neev Securities Pvt. Ltd.,Asian Securities Private Ltd.,20,619.9,12398.0,2025-07-15 13:25:41.828638
2025-07-15,36974,2025071504012675,MEN,Imperial Securities Company Pvt. Ltd.,Cristal Kanchanjanga Securites Pvt. Ltd.,50,619.1,30955.0,2025-07-15 13:25:47.579451
2025-07-15,36961,2025071504012678,MEN,Imperial Securities Company Pvt. Ltd.,Oxford Securities Pvt. Ltd.,35,619.1,21668.5,2025-07-15 13:25:53.046459
2025-07-15,36610,2025071504012802,MEN,Kohinoor Investment & Securities Pvt. Ltd.,Opal Securities Investment (PVT) Ltd.,50,619.2,30960.0,2025-07-15 13:27:27.137399
2025-07-15,36440,2025071504012836,MEN,Kohinoor Investment & Securities Pvt. Ltd.,Neev Securities Pvt. Ltd.,50,619.2,30960.0,2025-07-15 13:28:15.671917
2025-07-15,36295,2025071504012874,MEN,Naasa Securities Co. Ltd.,Neev Securities Pvt. Ltd.,30,619.2,18576.0,2025-07-15 13:28:57.129127
2025-07-15,36294,2025071504012875,MEN,Naasa Securities Co. Ltd.,Asian Securities Private Ltd.,30,619.9,18597.0,2025-07-15 13:28:57.129415
2025-07-15,36293,2025071504012876,MEN,Naasa Securities Co. Ltd.,Sani Securities Company Ltd.,140,620.0,86800.0,2025-07-15 13:28:57.129517
2025-07-15,36292,2025071504012877,MEN,Naasa Securities Co. Ltd.,Online Securities Pvt. Ltd.,30,620.0,18600.0,2025-07-15 13:28:57.129614
2025-07-15,36291,2025071504012878,MEN,Naasa Securities Co. Ltd.,J.F. Securites (PVT) Ltd.,30,620.0,18600.0,2025-07-15 13:28:57.129709
2025-07-15,36186,2025071504012903,MEN,Naasa Securities Co. Ltd.,Thrive Brokerage House Pvt. Ltd,13,620.0,8060.0,2025-07-15 13:29:21.806536
2025-07-15,36168,2025071504012907,MEN,SUN SECURITIES PVT LTD,Dynamic Money Managers Securities Pvt. Ltd.,60,620.8,37248.0,2025-07-15 13:29:23.381250
2025-07-15,36167,2025071504012908,MEN,SUN SECURITIES PVT LTD,Primo Securities (PVT) Ltd.,440,620.9,273196.0,2025-07-15 13:29:23.381520
2025-07-15,35824,2025071504013000,MEN,Opal Securities Investment (PVT) Ltd.,Primo Securities (PVT) Ltd.,10,620.9,6209.0,2025-07-15 13:30:47.063575
2025-07-15,35274,2025071504013182,MEN,R.B.B. Securities Company Ltd,Kumari Securities Private Limited,100,621.0,62100.0,2025-07-15 13:33:13.253386
2025-07-15,35128,2025071504013214,MEN,Sewa Securities Pvt. Ltd.,Kumari Securities Private Limited,24,621.0,14904.0,2025-07-15 13:33:43.475897
2025-07-15,35127,2025071504013215,MEN,Sewa Securities Pvt. Ltd.,Online Securities Pvt. Ltd.,300,621.0,186300.0,2025-07-15 13:33:43.475954
2025-07-15,35126,2025071504013216,MEN,Sewa Securities Pvt. Ltd.,Opal Securities Investment (PVT) Ltd.,50,621.4,31070.0,2025-07-15 13:33:43.476003
2025-07-15,35125,2025071504013217,MEN,Sewa Securities Pvt. Ltd.,Citizens Share Broker Limited,80,621.4,49712.0,2025-07-15 13:33:43.476033
2025-07-15,35124,2025071504013218,MEN,Sewa Securities Pvt. Ltd.,Midas Stock Broking Company Private Limited,20,621.5,12430.0,2025-07-15 13:33:43.476068
2025-07-15,35123,2025071504013219,MEN,Sewa Securities Pvt. Ltd.,Pragyan Securities (PVT) Ltd.,226,621.5,140459.0,2025-07-15 13:33:43.476097
2025-07-15,34540,2025071504013351,MEN,Primo Securities (PVT) Ltd.,Pragyan Securities (PVT) Ltd.,274,621.5,170291.0,2025-07-15 13:36:03.079500
2025-07-15,34539,2025071504013352,MEN,Primo Securities (PVT) Ltd.,Nepal Stock House (PVT) Ltd.,200,621.9,124380.0,2025-07-15 13:36:03.079991
2025-07-15,34538,2025071504013353,MEN,Primo Securities (PVT) Ltd.,Kumari Securities Private Limited,36,622.0,22392.0,2025-07-15 13:36:03.080292
2025-07-15,34537,2025071504013354,MEN,Primo Securities (PVT) Ltd.,Dipshikha Dhitopatra Karobar Co. Pvt Ltd.,24,622.0,14928.0,2025-07-15 13:36:03.080611
2025-07-15,34536,2025071504013355,MEN,Primo Securities (PVT) Ltd.,Cristal Kanchanjanga Securites Pvt. Ltd.,100,622.0,62200.0,2025-07-15 13:36:03.080904
2025-07-15,34535,2025071504013356,MEN,Primo Securities (PVT) Ltd.,Pragyan Securities (PVT) Ltd.,100,622.0,62200.0,2025-07-15 13:36:03.081193
2025-07-15,34534,2025071504013357,MEN,Primo Securities (PVT) Ltd.,APPLE SECURITIES PRIVATE LIMITED,2000,622.0,1244000.0,2025-07-15 13:36:03.081485
2025-07-15,34533,2025071504013358,MEN,Primo Securities (PVT) Ltd.,Creative Securities Pvt Ltd,45,622.0,27990.0,2025-07-15 13:36:03.081769
2025-07-15,34532,2025071504013359,MEN,Primo Securities (PVT) Ltd.,Vision Securities Pvt. Ltd,200,622.0,124400.0,2025-07-15 13:36:03.082056
2025-07-15,34531,2025071504013360,MEN,Primo Securities (PVT) Ltd.,Kohinoor Investment & Securities Pvt. Ltd.,50,622.0,31100.0,2025-07-15 13:36:03.082345
2025-07-15,34530,2025071504013361,MEN,Primo Securities (PVT) Ltd.,Creative Securities Pvt Ltd,225,622.0,139950.0,2025-07-15 13:36:03.082642
2025-07-15,34529,2025071504013362,MEN,Primo Securities (PVT) Ltd.,ABC Securities Private Limited,50,622.0,31100.0,2025-07-15 13:36:03.082918
2025-07-15,34528,2025071504013363,MEN,Primo Securities (PVT) Ltd.,Property Wiard Limited,100,622.0,62200.0,2025-07-15 13:36:03.083190
2025-07-15,34527,2025071504013364,MEN,Primo Securities (PVT) Ltd.,Imperial Securities Company Pvt. Ltd.,500,622.0,311000.0,2025-07-15 13:36:03.083478
2025-07-15,33709,2025071504013651,MEN,Opal Securities Investment (PVT) Ltd.,Opal Securities Investment (PVT) Ltd.,100,622.9,62290.0,2025-07-15 13:39:04.568635
2025-07-15,32950,2025071504013879,MEN,Naasa Securities Co. Ltd.,Nepal Investment And Securities Trading Private Limited,50,623.0,31150.0,2025-07-15 13:41:57.184513
2025-07-15,32805,2025071504013902,MEN,Sewa Securities Pvt. Ltd.,Nepal Investment And Securities Trading Private Limited,50,623.0,31150.0,2025-07-15 13:42:14.238479
2025-07-15,32804,2025071504013903,MEN,Sewa Securities Pvt. Ltd.,Dipshikha Dhitopatra Karobar Co. Pvt Ltd.,18,623.0,11214.0,2025-07-15 13:42:14.238766
2025-07-15,32803,2025071504013904,MEN,Sewa Securities Pvt. Ltd.,Shree Krishna Securities Ltd.,100,623.0,62300.0,2025-07-15 13:42:14.238888
2025-07-15,32802,2025071504013905,MEN,Sewa Securities Pvt. Ltd.,ABC Securities Private Limited,30,623.0,18690.0,2025-07-15 13:42:14.238993
2025-07-15,32801,2025071504013906,MEN,Sewa Securities Pvt. Ltd.,Cristal Kanchanjanga Securites Pvt. Ltd.,102,623.5,63597.0,2025-07-15 13:42:14.239111
2025-07-15,32519,2025071504013969,MEN,Trademow Securities Private Limited,Sani Securities Company Ltd.,22,623.0,13706.0,2025-07-15 13:43:30.970739
2025-07-15,32518,2025071504013970,MEN,Trademow Securities Private Limited,Cristal Kanchanjanga Securites Pvt. Ltd.,178,623.5,110983.0,2025-07-15 13:43:30.971214
2025-07-15,32377,2025071504014010,MEN,Trademow Securities Private Limited,Agrawal Securities (PVT) Ltd.,100,623.0,62300.0,2025-07-15 13:44:04.045097
2025-07-15,31476,2025071504014284,MEN,Investment Management Nepal Pvt. Ltd.,Secured Securities Ltd.,50,622.9,31145.0,2025-07-15 13:47:26.936784
2025-07-15,30060,2025071504014692,MEN,Sani Securities Company Ltd.,Neev Securities Pvt. Ltd.,300,622.5,186750.0,2025-07-15 13:53:27.220842
2025-07-15,29677,2025071504014796,MEN,Sani Securities Company Ltd.,Naasa Securities Co. Ltd.,13,622.0,8086.0,2025-07-15 13:54:58.564183
2025-07-15,29676,2025071504014797,MEN,Sani Securities Company Ltd.,KALASH STOCK MARKET PVT. LTD.,100,622.6,62260.0,2025-07-15 13:54:58.564463
2025-07-15,29675,2025071504014798,MEN,Sani Securities Company Ltd.,Property Wiard Limited,487,622.7,303254.9,2025-07-15 13:54:58.564570
2025-07-15,29592,2025071504014839,MEN,SHUBHAKAMANA SECURITIES PVT. LTD,Premier Securities Company Ltd.,50,621.9,31095.0,2025-07-15 13:55:26.253830
2025-07-15,29299,2025071504014916,MEN,Sani Securities Company Ltd.,Secured Securities Ltd.,150,622.0,93300.0,2025-07-15 13:56:37.014411
2025-07-15,29146,2025071504014957,MEN,Capital Max Securities Ltd,Ashutosh Brokerage & Securities (PVT) Ltd.,500,622.5,311250.0,2025-07-15 13:57:20.405744
2025-07-15,29099,2025071504014973,MEN,Imperial Securities Company Pvt. Ltd.,Ashutosh Brokerage & Securities (PVT) Ltd.,500,622.5,311250.0,2025-07-15 13:57:36.757270
2025-07-15,28955,2025071504015014,MEN,Imperial Securities Company Pvt. Ltd.,S.P.S.A. Securities Limited,200,622.5,124500.0,2025-07-15 13:58:00.081624
2025-07-15,28730,2025071504015107,MEN,Imperial Securities Company Pvt. Ltd.,Deevyaa Securities & Stock House Pvt. Ltd,15,622.5,9337.5,2025-07-15 13:58:56.360490
2025-07-15,28424,2025071504015198,MEN,Dynamic Money Managers Securities Pvt. Ltd.,Vision Securities Pvt. Ltd,50,622.5,31125.0,2025-07-15 13:59:54.380686
2025-07-15,27817,2025071504015343,MEN,Sani Securities Company Ltd.,Property Wiard Limited,13,622.0,8086.0,2025-07-15 14:02:18.838915
2025-07-15,27764,2025071504015359,MEN,Sani Securities Company Ltd.,Dipshikha Dhitopatra Karobar Co. Pvt Ltd.,50,622.0,31100.0,2025-07-15 14:02:32.089598
2025-07-15,27674,2025071504015392,MEN,Vision Securities Pvt. Ltd,ABC Securities Private Limited,50,622.4,31120.0,2025-07-15 14:02:52.982404
2025-07-15,27673,2025071504015393,MEN,Vision Securities Pvt. Ltd,Sani Securities Company Ltd.,100,622.4,62240.0,2025-07-15 14:02:52.982963
2025-07-15,27672,2025071504015394,MEN,Vision Securities Pvt. Ltd,Vision Securities Pvt. Ltd,10,622.5,6225.0,2025-07-15 14:02:52.983483
2025-07-15,27671,2025071504015395,MEN,Vision Securities Pvt. Ltd,Sundhara Securities Limited,100,622.5,62250.0,2025-07-15 14:02:52.983945
2025-07-15,27670,2025071504015396,MEN,Vision Securities Pvt. Ltd,Aryatara Investment & Securities,13,622.5,8092.5,2025-07-15 14:02:52.984439
2025-07-15,27669,2025071504015397,MEN,Vision Securities Pvt. Ltd,Nepal Stock House (PVT) Ltd.,25,622.6,15565.0,2025-07-15 14:02:52.984942
2025-07-15,27668,2025071504015398,MEN,Vision Securities Pvt. Ltd,Property Wiard Limited,13,622.7,8095.1,2025-07-15 14:02:52.985430
2025-07-15,27667,2025071504015399,MEN,Vision Securities Pvt. Ltd,Sundhara Securities Limited,100,622.8,62280.0,2025-07-15 14:02:52.985776
2025-07-15,27666,2025071504015400,MEN,Vision Securities Pvt. Ltd,Agrawal Securities (PVT) Ltd.,900,623.0,560700.0,2025-07-15 14:02:52.986250
2025-07-15,27665,2025071504015401,MEN,Vision Securities Pvt. Ltd,Shree Krishna Securities Ltd.,10,623.0,6230.0,2025-07-15 14:02:52.986716
2025-07-15,27628,2025071504015408,MEN,Vision Securities Pvt. Ltd,Cristal Kanchanjanga Securites Pvt. Ltd.,20,623.5,12470.0,2025-07-15 14:03:00.043285
2025-07-15,27627,2025071504015409,MEN,Vision Securities Pvt. Ltd,Sumeru Securities Pvt. Ltd.,10,623.5,6235.0,2025-07-15 14:03:00.043631
2025-07-15,27626,2025071504015410,MEN,Vision Securities Pvt. Ltd,Beni Securities Pvt.Ltd.,10,623.5,6235.0,2025-07-15 14:03:00.043739
2025-07-15,27625,2025071504015411,MEN,Vision Securities Pvt. Ltd,ABC Securities Private Limited,200,624.0,124800.0,2025-07-15 14:03:00.043846
2025-07-15,27624,2025071504015412,MEN,Vision Securities Pvt. Ltd,Market Securities & Exchange (PVT) Ltd.,439,624.0,273936.0,2025-07-15 14:03:00.043947
2025-07-15,27565,2025071504015421,MEN,Sani Securities Company Ltd.,Sweta Securities Private Limited,187,622.0,116314.0,2025-07-15 14:03:14.770626
2025-07-15,27425,2025071504015474,MEN,Imperial Securities Company Pvt. Ltd.,Sweta Securities Private Limited,63,622.0,39186.0,2025-07-15 14:03:47.355745
2025-07-15,27138,2025071504015587,MEN,Imperial Securities Company Pvt. Ltd.,Pragyan Securities (PVT) Ltd.,247,622.0,153634.0,2025-07-15 14:04:48.796024
2025-07-15,27137,2025071504015588,MEN,Imperial Securities Company Pvt. Ltd.,Pragyan Securities (PVT) Ltd.,253,622.0,157366.0,2025-07-15 14:04:48.796326
2025-07-15,26272,2025071504015855,MEN,Sri Hari Securities Pvt. Ltd.,Agrawal Securities (PVT) Ltd.,25,622.5,15562.5,2025-07-15 14:08:25.705755
2025-07-15,25999,2025071504015933,MEN,Sri Hari Securities Pvt. Ltd.,Neev Securities Pvt. Ltd.,10,622.5,6225.0,2025-07-15 14:09:36.037870
2025-07-15,25624,2025071504016045,MEN,Malla & Malla Stock Broking Company Pvt. Limited,Trisul Securities & Invt. Ltd.,20,623.0,12460.0,2025-07-15 14:10:47.837526
2025-07-15,23429,2025071504016603,MEN,Sri Hari Securities Pvt. Ltd.,Deevyaa Securities & Stock House Pvt. Ltd,260,622.5,161850.0,2025-07-15 14:17:22.467203
2025-07-15,23419,2025071504016607,MEN,Sri Hari Securities Pvt. Ltd.,Siprabi Securities Pvt. Ltd.,50,622.5,31125.0,2025-07-15 14:17:25.671393
2025-07-15,23218,2025071504016642,MEN,Sri Hari Securities Pvt. Ltd.,Trisul Securities & Invt. Ltd.,50,622.5,31125.0,2025-07-15 14:18:06.268537
2025-07-15,22769,2025071504016747,MEN,Sri Hari Securities Pvt. Ltd.,Investment Management Nepal Pvt. Ltd.,13,622.5,8092.5,2025-07-15 14:19:36.475072
2025-07-15,22012,2025071504016944,MEN,Sumeru Securities Pvt. Ltd.,Arun Securities (PVT) Ltd.,400,622.8,249120.0,2025-07-15 14:22:18.379424
2025-07-15,22011,2025071504016945,MEN,Sumeru Securities Pvt. Ltd.,Agrawal Securities (PVT) Ltd.,50,622.9,31145.0,2025-07-15 14:22:18.379716
2025-07-15,22010,2025071504016946,MEN,Sumeru Securities Pvt. Ltd.,Sumeru Securities Pvt. Ltd.,50,622.9,31145.0,2025-07-15 14:22:18.379827
2025-07-15,22009,2025071504016947,MEN,Sumeru Securities Pvt. Ltd.,Asian Securities Private Ltd.,400,622.9,249160.0,2025-07-15 14:22:18.379932
2025-07-15,22008,2025071504016948,MEN,Sumeru Securities Pvt. Ltd.,Trisul Securities & Invt. Ltd.,80,623.0,49840.0,2025-07-15 14:22:18.380042
2025-07-15,22007,2025071504016949,MEN,Sumeru Securities Pvt. Ltd.,J.F. Securites (PVT) Ltd.,20,623.0,12460.0,2025-07-15 14:22:18.380191
2025-07-15,21925,2025071504016987,MEN,Sri Hari Securities Pvt. Ltd.,Property Wiard Limited,25,622.5,15562.5,2025-07-15 14:22:35.587507
2025-07-15,21480,2025071504017100,MEN,Kohinoor Investment & Securities Pvt. Ltd.,J.F. Securites (PVT) Ltd.,50,623.0,31150.0,2025-07-15 14:23:48.843806
2025-07-15,21238,2025071504017143,MEN,Premier Securities Company Ltd.,J.F. Securites (PVT) Ltd.,30,623.0,18690.0,2025-07-15 14:24:36.588937
2025-07-15,21237,2025071504017144,MEN,Premier Securities Company Ltd.,Sundhara Securities Limited,100,623.0,62300.0,2025-07-15 14:24:36.589250
2025-07-15,21236,2025071504017145,MEN,Premier Securities Company Ltd.,Sajilo Broker Limited,50,623.0,31150.0,2025-07-15 14:24:36.589366
2025-07-15,21191,2025071504017147,MEN,Premier Securities Company Ltd.,Miyo Securities Pvt Ltd,11,623.0,6853.0,2025-07-15 14:24:38.911797
2025-07-15,19728,2025071504017525,MEN,Trishakti Securities Public Limited,ABC Securities Private Limited,100,623.3,62330.0,2025-07-15 14:28:24.096659
2025-07-15,19727,2025071504017526,MEN,Trishakti Securities Public Limited,Property Wiard Limited,25,623.4,15585.0,2025-07-15 14:28:24.096721
2025-07-15,19726,2025071504017527,MEN,Trishakti Securities Public Limited,Sweta Securities Private Limited,250,623.4,155850.0,2025-07-15 14:28:24.096757
2025-07-15,19704,2025071504017538,MEN,Investment Management Nepal Pvt. Ltd.,Sweta Securities Private Limited,300,623.4,187020.0,2025-07-15 14:28:30.089887
2025-07-15,19343,2025071504017652,MEN,Opal Securities Investment (PVT) Ltd.,Sweta Securities Private Limited,10,623.4,6234.0,2025-07-15 14:29:24.161542
2025-07-15,18999,2025071504017732,MEN,Imperial Securities Company Pvt. Ltd.,Market Securities & Exchange (PVT) Ltd.,47,624.0,29328.0,2025-07-15 14:30:15.167937
2025-07-15,18123,2025071504018028,MEN,Investment Management Nepal Pvt. Ltd.,Dipshikha Dhitopatra Karobar Co. Pvt Ltd.,50,623.0,31150.0,2025-07-15 14:32:40.841496
2025-07-15,18053,2025071504018043,MEN,South Asian Bulls Pvt. Ltd.,Premier Securities Company Ltd.,200,623.9,124780.0,2025-07-15 14:32:50.726041
2025-07-15,17870,2025071504018104,MEN,South Asian Bulls Pvt. Ltd.,Cristal Kanchanjanga Securites Pvt. Ltd.,100,623.9,62390.0,2025-07-15 14:33:13.482466
2025-07-15,17634,2025071504018186,MEN,Investment Management Nepal Pvt. Ltd.,Imperial Securities Company Pvt. Ltd.,250,623.0,155750.0,2025-07-15 14:33:42.409814
2025-07-15,17633,2025071504018187,MEN,South Asian Bulls Pvt. Ltd.,Imperial Securities Company Pvt. Ltd.,90,623.0,56070.0,2025-07-15 14:33:42.410150
2025-07-15,17607,2025071504018203,MEN,South Asian Bulls Pvt. Ltd.,Market Securities & Exchange (PVT) Ltd.,110,623.0,68530.0,2025-07-15 14:33:45.160158
2025-07-15,17228,2025071504018341,MEN,Cristal Kanchanjanga Securites Pvt. Ltd.,Naasa Securities Co. Ltd.,200,622.8,124560.0,2025-07-15 14:34:40.007095
2025-07-15,16891,2025071504018451,MEN,Aryatara Investment & Securities,Online Securities Pvt. Ltd.,135,622.8,84078.0,2025-07-15 14:35:40.866655
2025-07-15,16824,2025071504018481,MEN,Opal Securities Investment (PVT) Ltd.,Online Securities Pvt. Ltd.,15,622.8,9342.0,2025-07-15 14:35:53.468236
2025-07-15,16764,2025071504018492,MEN,Sri Hari Securities Pvt. Ltd.,Naasa Securities Co. Ltd.,13,622.7,8095.1,2025-07-15 14:35:59.304541
2025-07-15,16733,2025071504018509,MEN,Sundhara Securities Limited,Market Securities & Exchange (PVT) Ltd.,340,623.0,211820.0,2025-07-15 14:36:01.174526
2025-07-15,16536,2025071504018600,MEN,Opal Securities Investment (PVT) Ltd.,Primo Securities (PVT) Ltd.,500,623.9,311950.0,2025-07-15 14:36:20.626656
2025-07-15,16535,2025071504018601,MEN,Opal Securities Investment (PVT) Ltd.,Market Securities & Exchange (PVT) Ltd.,14,624.0,8736.0,2025-07-15 14:36:20.626958
2025-07-15,16534,2025071504018602,MEN,Opal Securities Investment (PVT) Ltd.,Sweta Securities Private Limited,20,624.0,12480.0,2025-07-15 14:36:20.627070
2025-07-15,16533,2025071504018603,MEN,Opal Securities Investment (PVT) Ltd.,Dakshinkali Investment & Securities Pvt. Ltd.,285,624.0,177840.0,2025-07-15 14:36:20.627211
2025-07-15,16226,2025071504018690,MEN,Opal Securities Investment (PVT) Ltd.,Market Securities & Exchange (PVT) Ltd.,50,623.9,31195.0,2025-07-15 14:36:57.892414
2025-07-15,14687,2025071504019171,MEN,Sundhara Securities Limited,Naasa Securities Co. Ltd.,80,623.0,49840.0,2025-07-15 14:40:47.324278
2025-07-15,14527,2025071504019213,MEN,Online Securities Pvt. Ltd.,Primo Securities (PVT) Ltd.,50,623.9,31195.0,2025-07-15 14:41:07.874700
2025-07-15,14293,2025071504019286,MEN,Capital Max Securities Ltd,Naasa Securities Co. Ltd.,23,623.5,14340.5,2025-07-15 14:41:41.279571
2025-07-15,14292,2025071504019287,MEN,Sundhara Securities Limited,Naasa Securities Co. Ltd.,150,623.0,93450.0,2025-07-15 14:41:41.279877
2025-07-15,14291,2025071504019288,MEN,South Asian Bulls Pvt. Ltd.,Naasa Securities Co. Ltd.,200,623.0,124600.0,2025-07-15 14:41:41.279990
2025-07-15,14290,2025071504019289,MEN,Opal Securities Investment (PVT) Ltd.,Naasa Securities Co. Ltd.,50,623.0,31150.0,2025-07-15 14:41:41.280099
2025-07-15,14289,2025071504019290,MEN,Siprabi Securities Pvt. Ltd.,Naasa Securities Co. Ltd.,10,623.0,6230.0,2025-07-15 14:41:41.280216
2025-07-15,13484,2025071504019554,MEN,Sri Hari Securities Pvt. Ltd.,Online Securities Pvt. Ltd.,487,622.7,303254.9,2025-07-15 14:43:35.925383
2025-07-15,13483,2025071504019555,MEN,Naasa Securities Co. Ltd.,Online Securities Pvt. Ltd.,400,622.7,249080.0,2025-07-15 14:43:35.925923
2025-07-15,13455,2025071504019560,MEN,Naasa Securities Co. Ltd.,Online Securities Pvt. Ltd.,113,622.7,70365.1,2025-07-15 14:43:40.809289
2025-07-15,13454,2025071504019561,MEN,Naasa Securities Co. Ltd.,Naasa Securities Co. Ltd.,387,623.0,241101.0,2025-07-15 14:43:40.809610
2025-07-15,13447,2025071504019567,MEN,Primo Securities (PVT) Ltd.,Naasa Securities Co. Ltd.,180,623.0,112140.0,2025-07-15 14:43:41.467215
2025-07-15,12675,2025071504019731,MEN,Primo Securities (PVT) Ltd.,Dipshikha Dhitopatra Karobar Co. Pvt Ltd.,10,623.0,6230.0,2025-07-15 14:45:02.253477
2025-07-15,12520,2025071504019759,MEN,Primo Securities (PVT) Ltd.,Imperial Securities Company Pvt. Ltd.,13,623.0,8099.0,2025-07-15 14:45:19.944627
2025-07-15,12324,2025071504019825,MEN,Primo Securities (PVT) Ltd.,Sri Hari Securities Pvt. Ltd.,45,623.0,28035.0,2025-07-15 14:45:38.545604
2025-07-15,12236,2025071504019837,MEN,Primo Securities (PVT) Ltd.,Aryatara Investment & Securities,200,623.0,124600.0,2025-07-15 14:45:44.854939
2025-07-15,12178,2025071504019855,MEN,Primo Securities (PVT) Ltd.,Opal Securities Investment (PVT) Ltd.,10,623.0,6230.0,2025-07-15 14:45:53.257868
2025-07-15,12070,2025071504019887,MEN,Primo Securities (PVT) Ltd.,Vision Securities Pvt. Ltd,250,623.7,155925.0,2025-07-15 14:46:02.239828
2025-07-15,12069,2025071504019888,MEN,Primo Securities (PVT) Ltd.,Primo Securities (PVT) Ltd.,450,623.7,280665.0,2025-07-15 14:46:02.240460
2025-07-15,12068,2025071504019889,MEN,Primo Securities (PVT) Ltd.,Sundhara Securities Limited,200,623.8,124760.0,2025-07-15 14:46:02.240874
2025-07-15,12067,2025071504019890,MEN,Primo Securities (PVT) Ltd.,Cristal Kanchanjanga Securites Pvt. Ltd.,1000,623.8,623800.0,2025-07-15 14:46:02.241290
2025-07-15,12066,2025071504019891,MEN,Primo Securities (PVT) Ltd.,Sani Securities Company Ltd.,170,623.9,106063.0,2025-07-15 14:46:02.242005
2025-07-15,12065,2025071504019892,MEN,Primo Securities (PVT) Ltd.,Dakshinkali Investment & Securities Pvt. Ltd.,215,624.0,134160.0,2025-07-15 14:46:02.242365
2025-07-15,12064,2025071504019893,MEN,Primo Securities (PVT) Ltd.,Dipshikha Dhitopatra Karobar Co. Pvt Ltd.,200,624.0,124800.0,2025-07-15 14:46:02.242735
2025-07-15,12063,2025071504019894,MEN,Primo Securities (PVT) Ltd.,Kohinoor Investment & Securities Pvt. Ltd.,50,624.0,31200.0,2025-07-15 14:46:02.243056
2025-07-15,12062,2025071504019895,MEN,Primo Securities (PVT) Ltd.,Malla & Malla Stock Broking Company Pvt. Limited,35,624.0,21840.0,2025-07-15 14:46:02.243393
2025-07-15,12061,2025071504019896,MEN,Primo Securities (PVT) Ltd.,Nagarik Stock Dealer ,314,624.0,195936.0,2025-07-15 14:46:02.243709
2025-07-15,12060,2025071504019897,MEN,Primo Securities (PVT) Ltd.,Premier Securities Company Ltd.,10,624.0,6240.0,2025-07-15 14:46:02.244031
2025-07-15,12059,2025071504019898,MEN,Primo Securities (PVT) Ltd.,Dipshikha Dhitopatra Karobar Co. Pvt Ltd.,100,624.0,62400.0,2025-07-15 14:46:02.244389
2025-07-15,12058,2025071504019899,MEN,Primo Securities (PVT) Ltd.,J.F. Securites (PVT) Ltd.,135,624.0,84240.0,2025-07-15 14:46:02.244702
2025-07-15,12057,2025071504019900,MEN,Primo Securities (PVT) Ltd.,Imperial Securities Company Pvt. Ltd.,500,624.0,312000.0,2025-07-15 14:46:02.245020
2025-07-15,11998,2025071504019916,MEN,Primo Securities (PVT) Ltd.,Nagarik Stock Dealer ,371,624.0,231504.0,2025-07-15 14:46:09.437463
2025-07-15,11997,2025071504019917,MEN,Primo Securities (PVT) Ltd.,Nagarik Stock Dealer ,638,623.0,397474.0,2025-07-15 14:46:09.437782
2025-07-15,11996,2025071504019918,MEN,Oxford Securities Pvt. Ltd.,Nagarik Stock Dealer ,300,623.0,186900.0,2025-07-15 14:46:09.437904
2025-07-15,11995,2025071504019919,MEN,Sumeru Securities Pvt. Ltd.,Nagarik Stock Dealer ,191,622.6,118916.6,2025-07-15 14:46:09.438042
2025-07-15,11003,2025071504020178,MEN,Sumeru Securities Pvt. Ltd.,Market Securities & Exchange (PVT) Ltd.,300,622.6,186780.0,2025-07-15 14:47:57.756824
2025-07-15,10854,2025071504020225,MEN,Naasa Securities Co. Ltd.,Online Securities Pvt. Ltd.,100,624.0,62400.0,2025-07-15 14:48:17.521486
2025-07-15,10853,2025071504020226,MEN,Naasa Securities Co. Ltd.,Sweta Securities Private Limited,500,624.0,312000.0,2025-07-15 14:48:17.521769
2025-07-15,10852,2025071504020227,MEN,Naasa Securities Co. Ltd.,Neev Securities Pvt. Ltd.,200,624.5,124900.0,2025-07-15 14:48:17.521885
2025-07-15,10851,2025071504020228,MEN,Naasa Securities Co. Ltd.,Kalika Securities Pvt. Ltd.,234,624.9,146226.6,2025-07-15 14:48:17.522041
2025-07-15,10850,2025071504020229,MEN,Naasa Securities Co. Ltd.,Primo Securities (PVT) Ltd.,500,624.9,312450.0,2025-07-15 14:48:17.522224
2025-07-15,10849,2025071504020230,MEN,Naasa Securities Co. Ltd.,Dipshikha Dhitopatra Karobar Co. Pvt Ltd.,100,625.0,62500.0,2025-07-15 14:48:17.522400
2025-07-15,10848,2025071504020231,MEN,Naasa Securities Co. Ltd.,Linch Stock Market Ltd.,13,625.0,8125.0,2025-07-15 14:48:17.522580
2025-07-15,10847,2025071504020232,MEN,Naasa Securities Co. Ltd.,Opal Securities Investment (PVT) Ltd.,10,625.0,6250.0,2025-07-15 14:48:17.522717
2025-07-15,10846,2025071504020233,MEN,Naasa Securities Co. Ltd.,Capital Max Securities Ltd,1000,625.0,625000.0,2025-07-15 14:48:17.522893
2025-07-15,10845,2025071504020234,MEN,Naasa Securities Co. Ltd.,South Asian Bulls Pvt. Ltd.,100,625.0,62500.0,2025-07-15 14:48:17.523045
2025-07-15,10844,2025071504020235,MEN,Naasa Securities Co. Ltd.,Aryatara Investment & Securities,795,625.0,496875.0,2025-07-15 14:48:17.523169
2025-07-15,10843,2025071504020236,MEN,Naasa Securities Co. Ltd.,Vision Securities Pvt. Ltd,120,625.0,75000.0,2025-07-15 14:48:17.523339
2025-07-15,10842,2025071504020237,MEN,Naasa Securities Co. Ltd.,Naasa Securities Co. Ltd.,150,625.0,93750.0,2025-07-15 14:48:17.523513
2025-07-15,10841,2025071504020238,MEN,Naasa Securities Co. Ltd.,Vision Securities Pvt. Ltd,154,625.0,96250.0,2025-07-15 14:48:17.523639
2025-07-15,10840,2025071504020239,MEN,Naasa Securities Co. Ltd.,Aryatara Investment & Securities,2500,625.0,1562500.0,2025-07-15 14:48:17.523771
2025-07-15,10839,2025071504020240,MEN,Naasa Securities Co. Ltd.,Ashutosh Brokerage & Securities (PVT) Ltd.,1500,625.0,937500.0,2025-07-15 14:48:17.523929
2025-07-15,10838,2025071504020241,MEN,Naasa Securities Co. Ltd.,Online Securities Pvt. Ltd.,582,625.0,363750.0,2025-07-15 14:48:17.524089
2025-07-15,10837,2025071504020242,MEN,Naasa Securities Co. Ltd.,Ashutosh Brokerage & Securities (PVT) Ltd.,100,625.0,62500.0,2025-07-15 14:48:17.524216
2025-07-15,10836,2025071504020243,MEN,Naasa Securities Co. Ltd.,Naasa Securities Co. Ltd.,20,625.0,12500.0,2025-07-15 14:48:17.524352
2025-07-15,10835,2025071504020244,MEN,Naasa Securities Co. Ltd.,Siprabi Securities Pvt. Ltd.,20,625.0,12500.0,2025-07-15 14:48:17.524499
2025-07-15,10834,2025071504020245,MEN,Naasa Securities Co. Ltd.,Bhrikuti Stock Broking Co. Pvt. Ltd.,50,625.0,31250.0,2025-07-15 14:48:17.524649
2025-07-15,10833,2025071504020246,MEN,Naasa Securities Co. Ltd.,Market Securities & Exchange (PVT) Ltd.,500,625.0,312500.0,2025-07-15 14:48:17.524800
2025-07-15,10832,2025071504020247,MEN,Naasa Securities Co. Ltd.,Kohinoor Investment & Securities Pvt. Ltd.,10,625.0,6250.0,2025-07-15 14:48:17.524960
2025-07-15,10831,2025071504020248,MEN,Naasa Securities Co. Ltd.,Sagarmatha Securities Private Limited,100,625.0,62500.0,2025-07-15 14:48:17.525121
2025-07-15,10830,2025071504020249,MEN,Naasa Securities Co. Ltd.,Opal Securities Investment (PVT) Ltd.,50,625.0,31250.0,2025-07-15 14:48:17.525278
2025-07-15,10829,2025071504020250,MEN,Naasa Securities Co. Ltd.,Cristal Kanchanjanga Securites Pvt. Ltd.,55,625.0,34375.0,2025-07-15 14:48:17.525417
2025-07-15,10828,2025071504020251,MEN,Naasa Securities Co. Ltd.,Sri Hari Securities Pvt. Ltd.,100,625.0,62500.0,2025-07-15 14:48:17.525525
2025-07-15,10646,2025071504020317,MEN,Naasa Securities Co. Ltd.,Cristal Kanchanjanga Securites Pvt. Ltd.,200,625.0,125000.0,2025-07-15 14:48:41.013814
2025-07-15,10547,2025071504020377,MEN,Aryatara Investment & Securities,Kohinoor Investment & Securities Pvt. Ltd.,50,626.0,31300.0,2025-07-15 14:48:49.264773
2025-07-15,10546,2025071504020378,MEN,Aryatara Investment & Securities,Sumeru Securities Pvt. Ltd.,15,626.0,9390.0,2025-07-15 14:48:49.265292
2025-07-15,10545,2025071504020379,MEN,Aryatara Investment & Securities,Hatemalo Financial Services Private Limited,435,626.0,272310.0,2025-07-15 14:48:49.265640
2025-07-15,10245,2025071504020442,MEN,Naasa Securities Co. Ltd.,Siprabi Securities Pvt. Ltd.,237,625.0,148125.0,2025-07-15 14:49:25.134162
2025-07-15,8645,2025071504020799,MEN,Primo Securities (PVT) Ltd.,Sundhara Securities Limited,1500,625.0,937500.0,2025-07-15 14:51:34.164698
2025-07-15,8644,2025071504020800,MEN,Primo Securities (PVT) Ltd.,Siprabi Securities Pvt. Ltd.,79,625.0,49375.0,2025-07-15 14:51:34.165001
2025-07-15,8643,2025071504020801,MEN,Primo Securities (PVT) Ltd.,Online Securities Pvt. Ltd.,100,625.0,62500.0,2025-07-15 14:51:34.165133
2025-07-15,8540,2025071504020827,MEN,Primo Securities (PVT) Ltd.,South Asian Bulls Pvt. Ltd.,321,625.0,200625.0,2025-07-15 14:51:45.490758
2025-07-15,8452,2025071504020860,MEN,Primo Securities (PVT) Ltd.,South Asian Bulls Pvt. Ltd.,329,624.9,205592.1,2025-07-15 14:51:55.280668
2025-07-15,7877,2025071504021028,MEN,Market Securities & Exchange (PVT) Ltd.,Sani Securities Company Ltd.,20,625.9,12518.0,2025-07-15 14:52:34.732092
2025-07-15,7876,2025071504021029,MEN,Market Securities & Exchange (PVT) Ltd.,Nagarik Stock Dealer ,280,625.9,175252.0,2025-07-15 14:52:34.732386
2025-07-15,7147,2025071504021238,MEN,Aryatara Investment & Securities,Sweta Securities Private Limited,100,625.5,62550.0,2025-07-15 14:53:33.557550
2025-07-15,7096,2025071504021250,MEN,Capital Max Securities Ltd,Kohinoor Investment & Securities Pvt. Ltd.,100,625.1,62510.0,2025-07-15 14:53:38.613367
2025-07-15,6467,2025071504021417,MEN,Stoxkarts Securities Limited,Sweta Securities Private Limited,200,625.5,125100.0,2025-07-15 14:54:29.640267
2025-07-15,5670,2025071504021717,MEN,Kalika Securities Pvt. Ltd.,Nagarik Stock Dealer ,10,625.9,6259.0,2025-07-15 14:55:33.436909
2025-07-15,5658,2025071504021723,MEN,Dipshikha Dhitopatra Karobar Co. Pvt Ltd.,Nagarik Stock Dealer ,34,625.9,21280.6,2025-07-15 14:55:35.228914
2025-07-15,5516,2025071504021798,MEN,Naasa Securities Co. Ltd.,Sani Securities Company Ltd.,70,625.2,43764.0,2025-07-15 14:55:45.640753
2025-07-15,5466,2025071504021815,MEN,Opal Securities Investment (PVT) Ltd.,Nagarik Stock Dealer ,10,625.9,6259.0,2025-07-15 14:55:50.366416
2025-07-15,5294,2025071504021865,MEN,Dipshikha Dhitopatra Karobar Co. Pvt Ltd.,Nagarik Stock Dealer ,32,625.9,20028.8,2025-07-15 14:56:02.558160
2025-07-15,5036,2025071504021980,MEN,Dipshikha Dhitopatra Karobar Co. Pvt Ltd.,Nagarik Stock Dealer ,91,625.9,56956.9,2025-07-15 14:56:20.788669
2025-07-15,5025,2025071504021986,MEN,Dipshikha Dhitopatra Karobar Co. Pvt Ltd.,Nagarik Stock Dealer ,43,625.9,26913.7,2025-07-15 14:56:21.829122
2025-07-15,5024,2025071504021987,MEN,Dipshikha Dhitopatra Karobar Co. Pvt Ltd.,Hatemalo Financial Services Private Limited,65,626.0,40690.0,2025-07-15 14:56:21.829680
2025-07-15,5023,2025071504021988,MEN,Dipshikha Dhitopatra Karobar Co. Pvt Ltd.,Shree Krishna Securities Ltd.,192,626.0,120192.0,2025-07-15 14:56:21.830003
2025-07-15,4887,2025071504022035,MEN,Naasa Securities Co. Ltd.,Market Securities & Exchange (PVT) Ltd.,300,625.8,187740.0,2025-07-15 14:56:33.231217
2025-07-15,4735,2025071504022075,MEN,Dipshikha Dhitopatra Karobar Co. Pvt Ltd.,Shree Krishna Securities Ltd.,44,626.0,27544.0,2025-07-15 14:56:44.283046
2025-07-15,4539,2025071504022134,MEN,Opal Securities Investment (PVT) Ltd.,Shree Krishna Securities Ltd.,10,626.0,6260.0,2025-07-15 14:56:57.979890
2025-07-15,4484,2025071504022149,MEN,Prabhu Stock Market Limited,Nepal Stock House (PVT) Ltd.,39,626.0,24414.0,2025-07-15 14:57:05.424654
2025-07-15,4471,2025071504022156,MEN,Shree Krishna Securities Ltd.,Nepal Stock House (PVT) Ltd.,161,626.0,100786.0,2025-07-15 14:57:06.653340
2025-07-15,4470,2025071504022157,MEN,Shree Krishna Securities Ltd.,Linch Stock Market Ltd.,30,626.0,18780.0,2025-07-15 14:57:06.653586
2025-07-15,4436,2025071504022168,MEN,Linch Stock Market Ltd.,Linch Stock Market Ltd.,170,626.0,106420.0,2025-07-15 14:57:10.791219
2025-07-15,4375,2025071504022186,MEN,Linch Stock Market Ltd.,Shree Krishna Securities Ltd.,550,626.0,344300.0,2025-07-15 14:57:13.687239
2025-07-15,4155,2025071504022263,MEN,SUN SECURITIES PVT LTD,Shree Krishna Securities Ltd.,29,626.0,18154.0,2025-07-15 14:57:26.954351
2025-07-15,4113,2025071504022275,MEN,Dipshikha Dhitopatra Karobar Co. Pvt Ltd.,Shree Krishna Securities Ltd.,174,626.0,108924.0,2025-07-15 14:57:29.154951
2025-07-15,3936,2025071504022317,MEN,Premier Securities Company Ltd.,Shree Krishna Securities Ltd.,247,626.0,154622.0,2025-07-15 14:57:42.519493
2025-07-15,3631,2025071504022419,MEN,Premier Securities Company Ltd.,Market Securities & Exchange (PVT) Ltd.,53,626.0,33178.0,2025-07-15 14:57:55.736157
2025-07-15,3630,2025071504022420,MEN,Naasa Securities Co. Ltd.,Market Securities & Exchange (PVT) Ltd.,147,625.8,91992.6,2025-07-15 14:57:55.736453
2025-07-15,3517,2025071504022453,MEN,SUN SECURITIES PVT LTD,Imperial Securities Company Pvt. Ltd.,34,626.0,21284.0,2025-07-15 14:58:01.115434
2025-07-15,3516,2025071504022454,MEN,SUN SECURITIES PVT LTD,Sri Hari Securities Pvt. Ltd.,50,626.0,31300.0,2025-07-15 14:58:01.115970
2025-07-15,3345,2025071504022508,MEN,Dipshikha Dhitopatra Karobar Co. Pvt Ltd.,Citizens Share Broker Limited,47,626.5,29445.5,2025-07-15 14:58:10.892337
2025-07-15,3099,2025071504022589,MEN,SUN SECURITIES PVT LTD,Cristal Kanchanjanga Securites Pvt. Ltd.,63,626.0,39438.0,2025-07-15 14:58:24.739530
2025-07-15,2883,2025071504022642,MEN,SUN SECURITIES PVT LTD,Cristal Kanchanjanga Securites Pvt. Ltd.,37,626.0,23162.0,2025-07-15 14:58:35.258121
2025-07-15,2069,2025071504022794,MEN,SUN SECURITIES PVT LTD,Kumari Securities Private Limited,27,626.0,16902.0,2025-07-15 14:59:03.598211
2025-07-15,1869,2025071504022836,MEN,Prabhu Stock Market Limited,Kumari Securities Private Limited,33,626.0,20658.0,2025-07-15 14:59:10.814556
2025-07-15,1689,2025071504022892,MEN,Naasa Securities Co. Ltd.,Citizens Share Broker Limited,83,625.8,51941.4,2025-07-15 14:59:19.937523
2025-07-15,1621,2025071504022897,MEN,Primo Securities (PVT) Ltd.,Citizens Share Broker Limited,870,625.8,544446.0,2025-07-15 14:59:21.512824
2025-07-15,1620,2025071504022898,MEN,Primo Securities (PVT) Ltd.,Naasa Securities Co. Ltd.,500,626.0,313000.0,2025-07-15 14:59:21.513078
2025-07-15,1619,2025071504022899,MEN,Primo Securities (PVT) Ltd.,Premier Securities Company Ltd.,100,626.0,62600.0,2025-07-15 14:59:21.513185
2025-07-15,1618,2025071504022900,MEN,Primo Securities (PVT) Ltd.,Opal Securities Investment (PVT) Ltd.,50,626.0,31300.0,2025-07-15 14:59:21.513292
2025-07-15,1550,2025071504022928,MEN,Siprabi Securities Pvt. Ltd.,Online Securities Pvt. Ltd.,100,626.5,62650.0,2025-07-15 14:59:22.533403
2025-07-15,1549,2025071504022929,MEN,Siprabi Securities Pvt. Ltd.,Sani Securities Company Ltd.,200,626.6,125320.0,2025-07-15 14:59:22.533882
2025-07-15,1515,2025071504022944,MEN,Primo Securities (PVT) Ltd.,Naasa Securities Co. Ltd.,10,626.0,6260.0,2025-07-15 14:59:23.219427
2025-07-15,1425,2025071504022968,MEN,Primo Securities (PVT) Ltd.,Deevyaa Securities & Stock House Pvt. Ltd,100,626.0,62600.0,2025-07-15 14:59:25.098342
2025-07-15,632,2025071504023141,MEN,J.F. Securites (PVT) Ltd.,Creative Securities Pvt Ltd,300,626.7,188010.0,2025-07-15 14:59:44.814464
2025-07-15,631,2025071504023142,MEN,J.F. Securites (PVT) Ltd.,Sweta Securities Private Limited,100,626.8,62680.0,2025-07-15 14:59:44.814718
2025-07-15,630,2025071504023143,MEN,J.F. Securites (PVT) Ltd.,Aryatara Investment & Securities,518,626.8,324682.4,2025-07-15 14:59:44.814829
2025-07-15,629,2025071504023144,MEN,J.F. Securites (PVT) Ltd.,Asian Securities Private Ltd.,657,626.9,411873.3,2025-07-15 14:59:44.814935
2025-07-15,471,2025071504023205,MEN,Primo Securities (PVT) Ltd.,Online Securities Pvt. Ltd.,672,626.0,420672.0,2025-07-15 14:59:50.583498
2025-07-15,425,2025071504023216,MEN,ABC Securities Private Limited,Asian Securities Private Ltd.,100,626.9,62690.0,2025-07-15 14:59:52.212062
2025-07-15,356,2025071504023250,MEN,Primo Securities (PVT) Ltd.,Sri Hari Securities Pvt. Ltd.,263,626.0,164638.0,2025-07-15 14:59:54.374549
2025-07-15,159,2025071504023308,MEN,SUN SECURITIES PVT LTD,Asian Securities Private Ltd.,53,626.9,33225.7,2025-07-15 14:59:57.690733
2025-07-15,116,2025071504023322,MEN,Capital Max Securities Ltd,Asian Securities Private Ltd.,190,626.9,119111.0,2025-07-15 14:59:58.369895
2025-07-15,115,2025071504023323,MEN,Capital Max Securities Ltd,Property Wiard Limited,300,627.0,188100.0,2025-07-15 14:59:58.369979
2025-07-15,114,2025071504023324,MEN,Capital Max Securities Ltd,Opal Securities Investment (PVT) Ltd.,30,627.0,18810.0,2025-07-15 14:59:58.370002
2025-07-15,113,2025071504023325,MEN,Capital Max Securities Ltd,Nepal Investment And Securities Trading Private Limited,30,627.0,18810.0,2025-07-15 14:59:58.370032
2025-07-15,112,2025071504023326,MEN,Capital Max Securities Ltd,Nagarik Stock Dealer ,10,627.0,6270.0,2025-07-15 14:59:58.370052
