Date,S.N.,Contract ID,Symbol,Buyer Broker,Seller Broker,quantity,rate,amount,transaction_time
2025-07-15,74014,2025071504000024,RADHI,Asian Securities Private Ltd.,Property Wiard Limited,10,750.0,7500.0,2025-07-15 10:46:00.045146
2025-07-15,73927,2025071504000057,RADHI,Aryatara Investment & Securities,Global IME Securities Limited,10,765.0,7650.0,2025-07-15 11:01:09.339511
2025-07-15,73844,2025071504000081,RADHI,Arun Securities (PVT) Ltd.,Linch Stock Market Ltd.,10,778.1,7781.0,2025-07-15 11:01:39.731296
2025-07-15,73754,2025071504000111,RADHI,Trishakti Securities Public Limited,INDEX SECURITIES LIMITED,100,777.9,77790.0,2025-07-15 11:02:30.202837
2025-07-15,73753,2025071504000112,RADHI,Trishakti Securities Public Limited,Nagarik Stock Dealer ,100,778.0,77800.0,2025-07-15 11:02:30.202944
2025-07-15,73750,2025071504000113,RADHI,Hatemalo Financial Services Private Limited,Nagarik Stock Dealer ,100,773.0,77300.0,2025-07-15 11:02:34.323057
2025-07-15,73586,2025071504000188,RADHI,Global IME Securities Limited,Cristal Kanchanjanga Securites Pvt. Ltd.,91,775.0,70525.0,2025-07-15 11:03:39.705533
2025-07-15,73585,2025071504000189,RADHI,Global IME Securities Limited,Citizens Share Broker Limited,100,776.9,77690.0,2025-07-15 11:03:39.705645
2025-07-15,73584,2025071504000190,RADHI,Global IME Securities Limited,Deevyaa Securities & Stock House Pvt. Ltd,20,777.9,15558.0,2025-07-15 11:03:39.705699
2025-07-15,73583,2025071504000191,RADHI,Global IME Securities Limited,Nagarik Stock Dealer ,500,778.0,389000.0,2025-07-15 11:03:39.705752
2025-07-15,73582,2025071504000192,RADHI,Global IME Securities Limited,Aryatara Investment & Securities,1000,778.0,778000.0,2025-07-15 11:03:39.705804
2025-07-15,73581,2025071504000193,RADHI,Global IME Securities Limited,Thrive Brokerage House Pvt. Ltd,1000,778.0,778000.0,2025-07-15 11:03:39.705850
2025-07-15,73540,2025071504000204,RADHI,Nagarik Stock Dealer ,Linch Stock Market Ltd.,90,778.1,70029.0,2025-07-15 11:03:57.838455
2025-07-15,73539,2025071504000205,RADHI,Nagarik Stock Dealer ,Miyo Securities Pvt Ltd,410,778.2,319062.0,2025-07-15 11:03:57.838560
2025-07-15,73530,2025071504000209,RADHI,Global IME Securities Limited,Dynamic Money Managers Securities Pvt. Ltd.,1000,778.0,778000.0,2025-07-15 11:04:01.118042
2025-07-15,73499,2025071504000222,RADHI,Kohinoor Investment & Securities Pvt. Ltd.,Miyo Securities Pvt Ltd,190,778.2,147858.0,2025-07-15 11:04:13.865117
2025-07-15,73498,2025071504000223,RADHI,Kohinoor Investment & Securities Pvt. Ltd.,KALASH STOCK MARKET PVT. LTD.,1500,779.0,1168500.0,2025-07-15 11:04:13.865270
2025-07-15,73497,2025071504000224,RADHI,Kohinoor Investment & Securities Pvt. Ltd.,SUN SECURITIES PVT LTD,310,780.0,241800.0,2025-07-15 11:04:13.865347
2025-07-15,73464,2025071504000229,RADHI,Global IME Securities Limited,Linch Stock Market Ltd.,289,778.0,224842.0,2025-07-15 11:04:22.317135
2025-07-15,73315,2025071504000281,RADHI,Dipshikha Dhitopatra Karobar Co. Pvt Ltd.,Dakshinkali Investment & Securities Pvt. Ltd.,100,777.9,77790.0,2025-07-15 11:05:10.828662
2025-07-15,73264,2025071504000299,RADHI,Deevyaa Securities & Stock House Pvt. Ltd,Dakshinkali Investment & Securities Pvt. Ltd.,80,777.9,62232.0,2025-07-15 11:05:25.570464
2025-07-15,73258,2025071504000301,RADHI,Sri Hari Securities Pvt. Ltd.,Dakshinkali Investment & Securities Pvt. Ltd.,320,777.9,248928.0,2025-07-15 11:05:27.135755
2025-07-15,73257,2025071504000302,RADHI,Sri Hari Securities Pvt. Ltd.,Himalayan Brokerage Company Limited,180,778.0,140040.0,2025-07-15 11:05:27.135907
2025-07-15,73109,2025071504000327,RADHI,Prabhu Stock Market Limited,Himalayan Brokerage Company Limited,820,778.0,637960.0,2025-07-15 11:06:13.358605
2025-07-15,73108,2025071504000328,RADHI,Prabhu Stock Market Limited,Ashutosh Brokerage & Securities (PVT) Ltd.,50,778.0,38900.0,2025-07-15 11:06:13.358762
2025-07-15,72995,2025071504000349,RADHI,ABC Securities Private Limited,Citizens Share Broker Limited,50,778.1,38905.0,2025-07-15 11:06:48.146554
2025-07-15,72994,2025071504000350,RADHI,Prabhu Stock Market Limited,Citizens Share Broker Limited,130,778.0,101140.0,2025-07-15 11:06:48.146823
2025-07-15,72993,2025071504000351,RADHI,Online Securities Pvt. Ltd.,Citizens Share Broker Limited,820,778.0,637960.0,2025-07-15 11:06:48.147001
2025-07-15,72956,2025071504000360,RADHI,ABC Securities Private Limited,Primo Securities (PVT) Ltd.,50,778.6,38930.0,2025-07-15 11:07:02.271757
2025-07-15,72955,2025071504000361,RADHI,Capital Max Securities Ltd,Primo Securities (PVT) Ltd.,250,778.5,194625.0,2025-07-15 11:07:02.271893
2025-07-15,72952,2025071504000363,RADHI,SUN SECURITIES PVT LTD,Linch Stock Market Ltd.,100,779.8,77980.0,2025-07-15 11:07:03.396906
2025-07-15,72951,2025071504000364,RADHI,SUN SECURITIES PVT LTD,Ashutosh Brokerage & Securities (PVT) Ltd.,100,779.9,77990.0,2025-07-15 11:07:03.397048
2025-07-15,72950,2025071504000365,RADHI,SUN SECURITIES PVT LTD,SUN SECURITIES PVT LTD,190,780.0,148200.0,2025-07-15 11:07:03.397112
2025-07-15,72949,2025071504000366,RADHI,SUN SECURITIES PVT LTD,Cristal Kanchanjanga Securites Pvt. Ltd.,100,780.0,78000.0,2025-07-15 11:07:03.397174
2025-07-15,72948,2025071504000367,RADHI,SUN SECURITIES PVT LTD,Aakashbhairab Securities Ltd.,1000,780.0,780000.0,2025-07-15 11:07:03.397234
2025-07-15,72947,2025071504000368,RADHI,SUN SECURITIES PVT LTD,K.B.L. Securities Limited ,400,780.0,312000.0,2025-07-15 11:07:03.397326
2025-07-15,72946,2025071504000369,RADHI,SUN SECURITIES PVT LTD,Capital Hub P. Ltd,110,780.0,85800.0,2025-07-15 11:07:03.397383
2025-07-15,72894,2025071504000377,RADHI,Shree Krishna Securities Ltd.,Kumari Securities Private Limited,50,779.9,38995.0,2025-07-15 11:07:23.783027
2025-07-15,72893,2025071504000378,RADHI,Shree Krishna Securities Ltd.,Capital Hub P. Ltd,90,780.0,70200.0,2025-07-15 11:07:23.783203
2025-07-15,72812,2025071504000409,RADHI,Online Securities Pvt. Ltd.,Dipshikha Dhitopatra Karobar Co. Pvt Ltd.,1000,781.0,781000.0,2025-07-15 11:07:50.622024
2025-07-15,72791,2025071504000412,RADHI,Sani Securities Company Ltd.,South Asian Bulls Pvt. Ltd.,50,781.0,39050.0,2025-07-15 11:07:56.904624
2025-07-15,72782,2025071504000418,RADHI,Hatemalo Financial Services Private Limited,South Asian Bulls Pvt. Ltd.,50,780.8,39040.0,2025-07-15 11:08:00.089395
2025-07-15,72781,2025071504000419,RADHI,Hatemalo Financial Services Private Limited,Ashutosh Brokerage & Securities (PVT) Ltd.,150,781.9,117285.0,2025-07-15 11:08:00.089574
2025-07-15,72772,2025071504000421,RADHI,Premier Securities Company Ltd.,Shree Krishna Securities Ltd.,50,779.0,38950.0,2025-07-15 11:08:06.927471
2025-07-15,72739,2025071504000432,RADHI,Capital Max Securities Ltd,Deevyaa Securities & Stock House Pvt. Ltd,10,778.5,7785.0,2025-07-15 11:08:19.726115
2025-07-15,72559,2025071504000481,RADHI,Kohinoor Investment & Securities Pvt. Ltd.,Trishakti Securities Public Limited,200,780.0,156000.0,2025-07-15 11:09:01.044825
2025-07-15,72521,2025071504000493,RADHI,Imperial Securities Company Pvt. Ltd.,South Asian Bulls Pvt. Ltd.,50,781.0,39050.0,2025-07-15 11:09:11.895516
2025-07-15,72515,2025071504000496,RADHI,Kohinoor Investment & Securities Pvt. Ltd.,Sani Securities Company Ltd.,150,780.0,117000.0,2025-07-15 11:09:13.641585
2025-07-15,72481,2025071504000504,RADHI,Kohinoor Investment & Securities Pvt. Ltd.,Nepal Investment And Securities Trading Private Limited,150,780.0,117000.0,2025-07-15 11:09:21.462435
2025-07-15,72454,2025071504000508,RADHI,Kohinoor Investment & Securities Pvt. Ltd.,Shree Krishna Securities Ltd.,50,780.0,39000.0,2025-07-15 11:09:33.325680
2025-07-15,72435,2025071504000514,RADHI,Kohinoor Investment & Securities Pvt. Ltd.,Primo Securities (PVT) Ltd.,300,780.0,234000.0,2025-07-15 11:09:36.915072
2025-07-15,72381,2025071504000531,RADHI,Shree Krishna Securities Ltd.,South Asian Bulls Pvt. Ltd.,55,781.0,42955.0,2025-07-15 11:09:55.389482
2025-07-15,72380,2025071504000532,RADHI,Shree Krishna Securities Ltd.,Sumeru Securities Pvt. Ltd.,195,781.0,152295.0,2025-07-15 11:09:55.389658
2025-07-15,72265,2025071504000592,RADHI,Kohinoor Investment & Securities Pvt. Ltd.,Linch Stock Market Ltd.,500,780.5,390250.0,2025-07-15 11:10:31.800715
2025-07-15,72264,2025071504000593,RADHI,Kohinoor Investment & Securities Pvt. Ltd.,Linch Stock Market Ltd.,500,780.5,390250.0,2025-07-15 11:10:31.800901
2025-07-15,72202,2025071504000612,RADHI,Kohinoor Investment & Securities Pvt. Ltd.,Capital Hub P. Ltd,150,780.0,117000.0,2025-07-15 11:10:47.584476
2025-07-15,72201,2025071504000613,RADHI,Naasa Securities Co. Ltd.,Capital Hub P. Ltd,50,780.0,39000.0,2025-07-15 11:10:47.584839
2025-07-15,72157,2025071504000621,RADHI,Naasa Securities Co. Ltd.,Stoxkarts Securities Limited,100,780.0,78000.0,2025-07-15 11:10:55.538914
2025-07-15,72132,2025071504000629,RADHI,Naasa Securities Co. Ltd.,Sani Securities Company Ltd.,50,780.0,39000.0,2025-07-15 11:11:05.013420
2025-07-15,72111,2025071504000641,RADHI,Property Wiard Limited,Sani Securities Company Ltd.,50,780.0,39000.0,2025-07-15 11:11:06.815561
2025-07-15,72110,2025071504000642,RADHI,Property Wiard Limited,Shree Krishna Securities Ltd.,25,781.0,19525.0,2025-07-15 11:11:06.815730
2025-07-15,72109,2025071504000643,RADHI,Property Wiard Limited,Premier Securities Company Ltd.,25,781.0,19525.0,2025-07-15 11:11:06.815795
2025-07-15,72036,2025071504000652,RADHI,Nepal Stock House (PVT) Ltd.,Premier Securities Company Ltd.,75,781.0,58575.0,2025-07-15 11:11:28.694126
2025-07-15,72035,2025071504000653,RADHI,Nepal Stock House (PVT) Ltd.,Ashutosh Brokerage & Securities (PVT) Ltd.,50,781.8,39090.0,2025-07-15 11:11:28.694328
2025-07-15,72034,2025071504000654,RADHI,Nepal Stock House (PVT) Ltd.,Vision Securities Pvt. Ltd,100,781.8,78180.0,2025-07-15 11:11:28.694402
2025-07-15,72033,2025071504000655,RADHI,Nepal Stock House (PVT) Ltd.,Ashutosh Brokerage & Securities (PVT) Ltd.,75,781.9,58642.5,2025-07-15 11:11:28.694476
2025-07-15,71829,2025071504000712,RADHI,Midas Stock Broking Company Private Limited,Kumari Securities Private Limited,50,781.0,39050.0,2025-07-15 11:12:40.720444
2025-07-15,71828,2025071504000713,RADHI,Midas Stock Broking Company Private Limited,Sani Securities Company Ltd.,100,781.0,78100.0,2025-07-15 11:12:40.720782
2025-07-15,71827,2025071504000714,RADHI,Midas Stock Broking Company Private Limited,K.B.L. Securities Limited ,350,781.1,273385.0,2025-07-15 11:12:40.721001
2025-07-15,71730,2025071504000741,RADHI,Kohinoor Investment & Securities Pvt. Ltd.,K.B.L. Securities Limited ,150,781.1,117165.0,2025-07-15 11:13:03.197446
2025-07-15,71729,2025071504000742,RADHI,Kohinoor Investment & Securities Pvt. Ltd.,Shree Krishna Securities Ltd.,10,781.1,7811.0,2025-07-15 11:13:03.197576
2025-07-15,71728,2025071504000743,RADHI,Kohinoor Investment & Securities Pvt. Ltd.,Vision Securities Pvt. Ltd,200,781.8,156360.0,2025-07-15 11:13:03.197643
2025-07-15,71727,2025071504000744,RADHI,Kohinoor Investment & Securities Pvt. Ltd.,Ashutosh Brokerage & Securities (PVT) Ltd.,125,781.9,97737.5,2025-07-15 11:13:03.197708
2025-07-15,71726,2025071504000745,RADHI,Kohinoor Investment & Securities Pvt. Ltd.,Neev Securities Pvt. Ltd.,315,781.9,246298.5,2025-07-15 11:13:03.197775
2025-07-15,71660,2025071504000765,RADHI,Dipshikha Dhitopatra Karobar Co. Pvt Ltd.,Primo Securities (PVT) Ltd.,185,781.5,144577.5,2025-07-15 11:13:18.132197
2025-07-15,71647,2025071504000767,RADHI,Naasa Securities Co. Ltd.,Primo Securities (PVT) Ltd.,115,781.5,89872.5,2025-07-15 11:13:22.922601
2025-07-15,71646,2025071504000768,RADHI,Naasa Securities Co. Ltd.,Neev Securities Pvt. Ltd.,185,781.9,144651.5,2025-07-15 11:13:22.922638
2025-07-15,71645,2025071504000769,RADHI,Naasa Securities Co. Ltd.,ABC Securities Private Limited,50,782.0,39100.0,2025-07-15 11:13:22.922663
2025-07-15,71644,2025071504000770,RADHI,Naasa Securities Co. Ltd.,Imperial Securities Company Pvt. Ltd.,650,782.0,508300.0,2025-07-15 11:13:22.922687
2025-07-15,71537,2025071504000792,RADHI,Elite Stock House Limited,Imperial Securities Company Pvt. Ltd.,300,782.0,234600.0,2025-07-15 11:13:45.695057
2025-07-15,71521,2025071504000796,RADHI,Naasa Securities Co. Ltd.,Imperial Securities Company Pvt. Ltd.,550,782.0,430100.0,2025-07-15 11:13:51.753596
2025-07-15,71520,2025071504000797,RADHI,Naasa Securities Co. Ltd.,Miyo Securities Pvt Ltd,450,783.0,352350.0,2025-07-15 11:13:51.753705
2025-07-15,71475,2025071504000828,RADHI,Beni Securities Pvt.Ltd.,Miyo Securities Pvt Ltd,50,783.0,39150.0,2025-07-15 11:14:01.902588
2025-07-15,71474,2025071504000829,RADHI,Beni Securities Pvt.Ltd.,Global IME Securities Limited,310,783.0,242730.0,2025-07-15 11:14:01.902803
2025-07-15,71467,2025071504000832,RADHI,Naasa Securities Co. Ltd.,K.B.L. Securities Limited ,500,782.0,391000.0,2025-07-15 11:14:05.233268
2025-07-15,71443,2025071504000841,RADHI,Shree Krishna Securities Ltd.,K.B.L. Securities Limited ,300,782.0,234600.0,2025-07-15 11:14:10.299826
2025-07-15,71441,2025071504000843,RADHI,Naasa Securities Co. Ltd.,Global IME Securities Limited,180,783.0,140940.0,2025-07-15 11:14:12.572881
2025-07-15,71440,2025071504000844,RADHI,Naasa Securities Co. Ltd.,Primo Securities (PVT) Ltd.,100,783.7,78370.0,2025-07-15 11:14:12.572960
2025-07-15,71439,2025071504000845,RADHI,Naasa Securities Co. Ltd.,Miyo Securities Pvt Ltd,220,784.0,172480.0,2025-07-15 11:14:12.572985
2025-07-15,71417,2025071504000855,RADHI,Naasa Securities Co. Ltd.,Miyo Securities Pvt Ltd,63,784.0,49392.0,2025-07-15 11:14:17.785944
2025-07-15,71393,2025071504000862,RADHI,Shree Krishna Securities Ltd.,Primo Securities (PVT) Ltd.,39,782.0,30498.0,2025-07-15 11:14:22.902473
2025-07-15,71367,2025071504000875,RADHI,Naasa Securities Co. Ltd.,Miyo Securities Pvt Ltd,217,784.0,170128.0,2025-07-15 11:14:30.873237
2025-07-15,71366,2025071504000876,RADHI,Naasa Securities Co. Ltd.,South Asian Bulls Pvt. Ltd.,100,784.0,78400.0,2025-07-15 11:14:30.873296
2025-07-15,71365,2025071504000877,RADHI,Naasa Securities Co. Ltd.,Citizens Share Broker Limited,100,784.8,78480.0,2025-07-15 11:14:30.873372
2025-07-15,71364,2025071504000878,RADHI,Naasa Securities Co. Ltd.,Citizens Share Broker Limited,83,784.8,65138.4,2025-07-15 11:14:30.873398
2025-07-15,71329,2025071504000893,RADHI,Shree Krishna Securities Ltd.,Naasa Securities Co. Ltd.,12,782.0,9384.0,2025-07-15 11:14:38.389021
2025-07-15,71303,2025071504000903,RADHI,Himalayan Securities Limited,Citizens Share Broker Limited,17,784.8,13341.6,2025-07-15 11:14:44.559724
2025-07-15,71302,2025071504000904,RADHI,Himalayan Securities Limited,Citizens Share Broker Limited,150,784.9,117735.0,2025-07-15 11:14:44.559772
2025-07-15,71301,2025071504000905,RADHI,Himalayan Securities Limited,Online Securities Pvt. Ltd.,50,785.0,39250.0,2025-07-15 11:14:44.559805
2025-07-15,71300,2025071504000906,RADHI,Himalayan Securities Limited,Malla & Malla Stock Broking Company Pvt. Limited,10,785.0,7850.0,2025-07-15 11:14:44.559832
2025-07-15,71299,2025071504000907,RADHI,Himalayan Securities Limited,Online Securities Pvt. Ltd.,50,785.0,39250.0,2025-07-15 11:14:44.559855
2025-07-15,71298,2025071504000908,RADHI,Himalayan Securities Limited,Miyo Securities Pvt Ltd,500,785.0,392500.0,2025-07-15 11:14:44.559883
2025-07-15,71297,2025071504000909,RADHI,Himalayan Securities Limited,Machhapuchchhre Securities Limited,50,785.0,39250.0,2025-07-15 11:14:44.559907
2025-07-15,71296,2025071504000910,RADHI,Himalayan Securities Limited,Miyo Securities Pvt Ltd,500,786.0,393000.0,2025-07-15 11:14:44.559934
2025-07-15,71295,2025071504000911,RADHI,Himalayan Securities Limited,SUN SECURITIES PVT LTD,25,786.0,19650.0,2025-07-15 11:14:44.559960
2025-07-15,71294,2025071504000912,RADHI,Himalayan Securities Limited,Vision Securities Pvt. Ltd,500,786.0,393000.0,2025-07-15 11:14:44.559983
2025-07-15,71293,2025071504000913,RADHI,Himalayan Securities Limited,Miyo Securities Pvt Ltd,500,787.0,393500.0,2025-07-15 11:14:44.560007
2025-07-15,71292,2025071504000914,RADHI,Himalayan Securities Limited,Vision Securities Pvt. Ltd,500,787.0,393500.0,2025-07-15 11:14:44.560030
2025-07-15,71291,2025071504000915,RADHI,Himalayan Securities Limited,Sumeru Securities Pvt. Ltd.,1000,788.0,788000.0,2025-07-15 11:14:44.560063
2025-07-15,71290,2025071504000916,RADHI,Himalayan Securities Limited,Miyo Securities Pvt Ltd,500,788.0,394000.0,2025-07-15 11:14:44.560087
2025-07-15,71289,2025071504000917,RADHI,Himalayan Securities Limited,Vision Securities Pvt. Ltd,500,788.0,394000.0,2025-07-15 11:14:44.560109
2025-07-15,71288,2025071504000918,RADHI,Himalayan Securities Limited,Dakshinkali Investment & Securities Pvt. Ltd.,148,789.0,116772.0,2025-07-15 11:14:44.560131
2025-07-15,71260,2025071504000931,RADHI,Hatemalo Financial Services Private Limited,Dakshinkali Investment & Securities Pvt. Ltd.,17,789.0,13413.0,2025-07-15 11:14:52.107213
2025-07-15,71187,2025071504000962,RADHI,Trishakti Securities Public Limited,Dakshinkali Investment & Securities Pvt. Ltd.,500,789.0,394500.0,2025-07-15 11:15:06.393645
2025-07-15,71153,2025071504000978,RADHI,Nagarik Stock Dealer ,Stoxkarts Securities Limited,100,788.8,78880.0,2025-07-15 11:15:17.716358
2025-07-15,71152,2025071504000979,RADHI,Nagarik Stock Dealer ,Dakshinkali Investment & Securities Pvt. Ltd.,335,789.0,264315.0,2025-07-15 11:15:17.716547
2025-07-15,71151,2025071504000980,RADHI,Nagarik Stock Dealer ,Miyo Securities Pvt Ltd,65,789.0,51285.0,2025-07-15 11:15:17.716618
2025-07-15,71149,2025071504000981,RADHI,Midas Stock Broking Company Private Limited,Stoxkarts Securities Limited,10,784.0,7840.0,2025-07-15 11:15:18.292265
2025-07-15,71013,2025071504001022,RADHI,Hatemalo Financial Services Private Limited,Linch Stock Market Ltd.,100,787.8,78780.0,2025-07-15 11:15:55.253745
2025-07-15,70961,2025071504001040,RADHI,Midas Stock Broking Company Private Limited,Stoxkarts Securities Limited,10,784.0,7840.0,2025-07-15 11:16:04.408344
2025-07-15,70851,2025071504001084,RADHI,Naasa Securities Co. Ltd.,Sumeru Securities Pvt. Ltd.,50,786.9,39345.0,2025-07-15 11:16:25.822671
2025-07-15,70850,2025071504001085,RADHI,Naasa Securities Co. Ltd.,Himalayan Brokerage Company Limited,150,787.0,118050.0,2025-07-15 11:16:25.822745
2025-07-15,70773,2025071504001113,RADHI,Naasa Securities Co. Ltd.,Neev Securities Pvt. Ltd.,500,785.0,392500.0,2025-07-15 11:16:45.518844
2025-07-15,70749,2025071504001124,RADHI,Naasa Securities Co. Ltd.,Capital Hub P. Ltd,90,785.1,70659.0,2025-07-15 11:16:54.277778
2025-07-15,70737,2025071504001127,RADHI,Naasa Securities Co. Ltd.,Dakshinkali Investment & Securities Pvt. Ltd.,100,785.1,78510.0,2025-07-15 11:16:57.523196
2025-07-15,70686,2025071504001145,RADHI,Naasa Securities Co. Ltd.,Sani Securities Company Ltd.,10,785.1,7851.0,2025-07-15 11:17:09.548015
2025-07-15,70665,2025071504001146,RADHI,Naasa Securities Co. Ltd.,Stoxkarts Securities Limited,20,784.1,15682.0,2025-07-15 11:17:15.601894
2025-07-15,70621,2025071504001160,RADHI,Prabhu Stock Market Limited,Sani Securities Company Ltd.,140,785.0,109900.0,2025-07-15 11:17:24.766017
2025-07-15,70617,2025071504001164,RADHI,Prabhu Stock Market Limited,Oxford Securities Pvt. Ltd.,100,785.0,78500.0,2025-07-15 11:17:25.202194
2025-07-15,70485,2025071504001215,RADHI,Prabhu Stock Market Limited,Sani Securities Company Ltd.,70,785.0,54950.0,2025-07-15 11:17:53.052658
2025-07-15,70422,2025071504001244,RADHI,Prabhu Stock Market Limited,Trishakti Securities Public Limited,190,785.0,149150.0,2025-07-15 11:18:04.668640
2025-07-15,70421,2025071504001245,RADHI,K.B.L. Securities Limited ,Trishakti Securities Public Limited,10,785.0,7850.0,2025-07-15 11:18:04.668999
2025-07-15,70318,2025071504001277,RADHI,K.B.L. Securities Limited ,SHUBHAKAMANA SECURITIES PVT. LTD,490,785.0,384650.0,2025-07-15 11:18:26.734684
2025-07-15,70079,2025071504001347,RADHI,Midas Stock Broking Company Private Limited,Cristal Kanchanjanga Securites Pvt. Ltd.,100,785.0,78500.0,2025-07-15 11:19:19.243556
2025-07-15,69971,2025071504001380,RADHI,Midas Stock Broking Company Private Limited,Nagarik Stock Dealer ,380,785.0,298300.0,2025-07-15 11:19:50.627475
2025-07-15,69970,2025071504001381,RADHI,Sundhara Securities Limited,Nagarik Stock Dealer ,15,785.0,11775.0,2025-07-15 11:19:50.627724
2025-07-15,69880,2025071504001404,RADHI,Naasa Securities Co. Ltd.,Kumari Securities Private Limited,50,785.0,39250.0,2025-07-15 11:20:04.490580
2025-07-15,69879,2025071504001405,RADHI,Naasa Securities Co. Ltd.,Neev Securities Pvt. Ltd.,500,785.0,392500.0,2025-07-15 11:20:04.490637
2025-07-15,69878,2025071504001406,RADHI,Naasa Securities Co. Ltd.,Bhrikuti Stock Broking Co. Pvt. Ltd.,10,785.9,7859.0,2025-07-15 11:20:04.490659
2025-07-15,69877,2025071504001407,RADHI,Naasa Securities Co. Ltd.,Sweta Securities Private Limited,50,785.9,39295.0,2025-07-15 11:20:04.490683
2025-07-15,69876,2025071504001408,RADHI,Naasa Securities Co. Ltd.,Sumeru Securities Pvt. Ltd.,50,786.0,39300.0,2025-07-15 11:20:04.490710
2025-07-15,69875,2025071504001409,RADHI,Naasa Securities Co. Ltd.,Capital Hub P. Ltd,100,786.0,78600.0,2025-07-15 11:20:04.490733
2025-07-15,69874,2025071504001410,RADHI,Naasa Securities Co. Ltd.,Online Securities Pvt. Ltd.,100,786.0,78600.0,2025-07-15 11:20:04.490775
2025-07-15,69873,2025071504001411,RADHI,Naasa Securities Co. Ltd.,Online Securities Pvt. Ltd.,10,786.0,7860.0,2025-07-15 11:20:04.490799
2025-07-15,69872,2025071504001412,RADHI,Naasa Securities Co. Ltd.,Vision Securities Pvt. Ltd,130,786.7,102271.0,2025-07-15 11:20:04.490822
2025-07-15,69783,2025071504001449,RADHI,Naasa Securities Co. Ltd.,Aryatara Investment & Securities,14,786.0,11004.0,2025-07-15 11:20:17.569303
2025-07-15,69782,2025071504001450,RADHI,Naasa Securities Co. Ltd.,Vision Securities Pvt. Ltd,170,786.7,133739.0,2025-07-15 11:20:17.569531
2025-07-15,69781,2025071504001451,RADHI,Naasa Securities Co. Ltd.,J.F. Securites (PVT) Ltd.,30,786.8,23604.0,2025-07-15 11:20:17.569629
2025-07-15,69780,2025071504001452,RADHI,Naasa Securities Co. Ltd.,Market Securities & Exchange (PVT) Ltd.,20,786.8,15736.0,2025-07-15 11:20:17.569723
2025-07-15,69779,2025071504001453,RADHI,Naasa Securities Co. Ltd.,Property Wiard Limited,100,786.8,78680.0,2025-07-15 11:20:17.569815
2025-07-15,69778,2025071504001454,RADHI,Naasa Securities Co. Ltd.,Nagarik Stock Dealer ,166,786.9,130625.4,2025-07-15 11:20:17.569907
2025-07-15,69751,2025071504001457,RADHI,Himalayan Securities Limited,Premier Securities Company Ltd.,1000,785.0,785000.0,2025-07-15 11:20:19.485105
2025-07-15,69750,2025071504001458,RADHI,Dipshikha Dhitopatra Karobar Co. Pvt Ltd.,Premier Securities Company Ltd.,393,785.0,308505.0,2025-07-15 11:20:19.485371
2025-07-15,69692,2025071504001486,RADHI,Property Wiard Limited,Nagarik Stock Dealer ,1000,786.9,786900.0,2025-07-15 11:20:26.497009
2025-07-15,69679,2025071504001489,RADHI,Vision Securities Pvt. Ltd,Nagarik Stock Dealer ,1827,786.9,1437666.3,2025-07-15 11:20:30.410864
2025-07-15,69678,2025071504001490,RADHI,Vision Securities Pvt. Ltd,Himalayan Brokerage Company Limited,850,787.0,668950.0,2025-07-15 11:20:30.410928
2025-07-15,69677,2025071504001491,RADHI,Vision Securities Pvt. Ltd,Linch Stock Market Ltd.,150,787.0,118050.0,2025-07-15 11:20:30.410955
2025-07-15,69581,2025071504001537,RADHI,Naasa Securities Co. Ltd.,Linch Stock Market Ltd.,350,787.0,275450.0,2025-07-15 11:20:48.431973
2025-07-15,69580,2025071504001538,RADHI,Naasa Securities Co. Ltd.,INDEX SECURITIES LIMITED,100,787.8,78780.0,2025-07-15 11:20:48.432189
2025-07-15,69537,2025071504001550,RADHI,APPLE SECURITIES PRIVATE LIMITED,K.B.L. Securities Limited ,1000,788.0,788000.0,2025-07-15 11:21:00.517274
2025-07-15,69514,2025071504001558,RADHI,Aryatara Investment & Securities,Capital Max Securities Ltd,1000,788.0,788000.0,2025-07-15 11:21:06.467181
2025-07-15,69460,2025071504001587,RADHI,Aryatara Investment & Securities,South Asian Bulls Pvt. Ltd.,100,788.0,78800.0,2025-07-15 11:21:19.750890
2025-07-15,69458,2025071504001589,RADHI,Naasa Securities Co. Ltd.,Citizens Share Broker Limited,180,788.7,141966.0,2025-07-15 11:21:19.835149
2025-07-15,69426,2025071504001599,RADHI,Naasa Securities Co. Ltd.,Deevyaa Securities & Stock House Pvt. Ltd,40,788.9,31556.0,2025-07-15 11:21:25.950673
2025-07-15,69425,2025071504001600,RADHI,Naasa Securities Co. Ltd.,Aryatara Investment & Securities,1000,788.9,788900.0,2025-07-15 11:21:25.950930
2025-07-15,69424,2025071504001601,RADHI,Naasa Securities Co. Ltd.,Miyo Securities Pvt Ltd,435,789.0,343215.0,2025-07-15 11:21:25.951026
2025-07-15,69423,2025071504001602,RADHI,Naasa Securities Co. Ltd.,Vision Securities Pvt. Ltd,25,789.0,19725.0,2025-07-15 11:21:25.951117
2025-07-15,69415,2025071504001609,RADHI,R.B.B. Securities Company Ltd,Vision Securities Pvt. Ltd,475,789.0,374775.0,2025-07-15 11:21:27.353253
2025-07-15,69414,2025071504001610,RADHI,R.B.B. Securities Company Ltd,Asian Securities Private Ltd.,500,789.0,394500.0,2025-07-15 11:21:27.353791
2025-07-15,69413,2025071504001611,RADHI,R.B.B. Securities Company Ltd,Dipshikha Dhitopatra Karobar Co. Pvt Ltd.,25,789.0,19725.0,2025-07-15 11:21:27.354202
2025-07-15,69412,2025071504001612,RADHI,Infinity Securities Limited,Dipshikha Dhitopatra Karobar Co. Pvt Ltd.,975,789.0,769275.0,2025-07-15 11:21:27.381294
2025-07-15,69411,2025071504001613,RADHI,Infinity Securities Limited,Sri Hari Securities Pvt. Ltd.,25,789.0,19725.0,2025-07-15 11:21:27.381477
2025-07-15,69407,2025071504001615,RADHI,Secured Securities Ltd.,Nepal Investment And Securities Trading Private Limited,100,788.9,78890.0,2025-07-15 11:21:27.925507
2025-07-15,69406,2025071504001616,RADHI,N.M.B. SECURITIES LIMITED,Sri Hari Securities Pvt. Ltd.,20,789.0,15780.0,2025-07-15 11:21:27.928229
2025-07-15,69405,2025071504001617,RADHI,N.M.B. SECURITIES LIMITED,Capital Max Securities Ltd,30,789.0,23670.0,2025-07-15 11:21:27.928302
2025-07-15,69404,2025071504001618,RADHI,N.M.B. SECURITIES LIMITED,Ashutosh Brokerage & Securities (PVT) Ltd.,200,789.5,157900.0,2025-07-15 11:21:27.928332
2025-07-15,69403,2025071504001619,RADHI,N.M.B. SECURITIES LIMITED,NIMB Stock Markets Limited,100,789.6,78960.0,2025-07-15 11:21:27.928354
2025-07-15,69402,2025071504001620,RADHI,N.M.B. SECURITIES LIMITED,Citizens Share Broker Limited,200,789.7,157940.0,2025-07-15 11:21:27.928392
2025-07-15,69401,2025071504001621,RADHI,N.M.B. SECURITIES LIMITED,Capital Hub P. Ltd,200,790.0,158000.0,2025-07-15 11:21:27.928444
2025-07-15,69400,2025071504001622,RADHI,N.M.B. SECURITIES LIMITED,Miyo Securities Pvt Ltd,250,790.0,197500.0,2025-07-15 11:21:27.928470
2025-07-15,69393,2025071504001628,RADHI,Secured Securities Ltd.,Nepal Investment And Securities Trading Private Limited,10,788.9,7889.0,2025-07-15 11:21:28.932762
2025-07-15,69378,2025071504001636,RADHI,N.M.B. SECURITIES LIMITED,Miyo Securities Pvt Ltd,250,790.0,197500.0,2025-07-15 11:21:32.957942
2025-07-15,69377,2025071504001637,RADHI,N.M.B. SECURITIES LIMITED,Naasa Securities Co. Ltd.,105,790.0,82950.0,2025-07-15 11:21:32.957986
2025-07-15,69376,2025071504001638,RADHI,N.M.B. SECURITIES LIMITED,Kumari Securities Private Limited,10,790.0,7900.0,2025-07-15 11:21:32.958024
2025-07-15,69375,2025071504001639,RADHI,N.M.B. SECURITIES LIMITED,Vision Securities Pvt. Ltd,500,790.0,395000.0,2025-07-15 11:21:32.958070
2025-07-15,69374,2025071504001640,RADHI,N.M.B. SECURITIES LIMITED,Malla & Malla Stock Broking Company Pvt. Limited,20,790.0,15800.0,2025-07-15 11:21:32.958093
2025-07-15,69373,2025071504001641,RADHI,N.M.B. SECURITIES LIMITED,INDEX SECURITIES LIMITED,115,790.0,90850.0,2025-07-15 11:21:32.958137
2025-07-15,69342,2025071504001659,RADHI,Vision Securities Pvt. Ltd,INDEX SECURITIES LIMITED,385,790.0,304150.0,2025-07-15 11:21:41.143065
2025-07-15,69341,2025071504001660,RADHI,Vision Securities Pvt. Ltd,Primo Securities (PVT) Ltd.,100,790.0,79000.0,2025-07-15 11:21:41.143154
2025-07-15,69340,2025071504001661,RADHI,Vision Securities Pvt. Ltd,KALASH STOCK MARKET PVT. LTD.,150,790.0,118500.0,2025-07-15 11:21:41.143225
2025-07-15,69339,2025071504001662,RADHI,Vision Securities Pvt. Ltd,Nagarik Stock Dealer ,100,790.0,79000.0,2025-07-15 11:21:41.143296
2025-07-15,69338,2025071504001663,RADHI,Vision Securities Pvt. Ltd,Miyo Securities Pvt Ltd,500,791.0,395500.0,2025-07-15 11:21:41.143390
2025-07-15,69337,2025071504001664,RADHI,Vision Securities Pvt. Ltd,Vision Securities Pvt. Ltd,500,791.0,395500.0,2025-07-15 11:21:41.143466
2025-07-15,69336,2025071504001665,RADHI,Vision Securities Pvt. Ltd,Asian Securities Private Ltd.,265,792.0,209880.0,2025-07-15 11:21:41.143552
2025-07-15,69324,2025071504001670,RADHI,Himalayan Securities Limited,Sumeru Securities Pvt. Ltd.,520,790.0,410800.0,2025-07-15 11:21:45.961215
2025-07-15,69323,2025071504001671,RADHI,Himalayan Securities Limited,Asian Securities Private Ltd.,1235,792.0,978120.0,2025-07-15 11:21:45.961255
2025-07-15,69322,2025071504001672,RADHI,Himalayan Securities Limited,Miyo Securities Pvt Ltd,500,792.0,396000.0,2025-07-15 11:21:45.961285
2025-07-15,69321,2025071504001673,RADHI,Himalayan Securities Limited,Naasa Securities Co. Ltd.,66,792.0,52272.0,2025-07-15 11:21:45.961336
2025-07-15,69320,2025071504001674,RADHI,Himalayan Securities Limited,SHUBHAKAMANA SECURITIES PVT. LTD,50,793.0,39650.0,2025-07-15 11:21:45.961367
2025-07-15,69319,2025071504001675,RADHI,Himalayan Securities Limited,Sumeru Securities Pvt. Ltd.,100,793.0,79300.0,2025-07-15 11:21:45.961399
2025-07-15,69318,2025071504001676,RADHI,Himalayan Securities Limited,Deevyaa Securities & Stock House Pvt. Ltd,350,793.0,277550.0,2025-07-15 11:21:45.961423
2025-07-15,69317,2025071504001677,RADHI,Himalayan Securities Limited,Sumeru Securities Pvt. Ltd.,100,793.4,79340.0,2025-07-15 11:21:45.961447
2025-07-15,69316,2025071504001678,RADHI,Himalayan Securities Limited,Shree Krishna Securities Ltd.,200,793.4,158680.0,2025-07-15 11:21:45.961470
2025-07-15,69315,2025071504001679,RADHI,Himalayan Securities Limited,Citizens Share Broker Limited,200,793.9,158780.0,2025-07-15 11:21:45.961495
2025-07-15,69314,2025071504001680,RADHI,Himalayan Securities Limited,Sumeru Securities Pvt. Ltd.,100,794.0,79400.0,2025-07-15 11:21:45.961515
2025-07-15,69313,2025071504001681,RADHI,Himalayan Securities Limited,Property Wiard Limited,100,794.0,79400.0,2025-07-15 11:21:45.961540
2025-07-15,69312,2025071504001682,RADHI,Himalayan Securities Limited,Capital Max Securities Ltd,100,794.0,79400.0,2025-07-15 11:21:45.961562
2025-07-15,69311,2025071504001683,RADHI,Himalayan Securities Limited,Dakshinkali Investment & Securities Pvt. Ltd.,300,794.0,238200.0,2025-07-15 11:21:45.961586
2025-07-15,69310,2025071504001684,RADHI,Himalayan Securities Limited,Vision Securities Pvt. Ltd,42,794.9,33385.8,2025-07-15 11:21:45.961616
2025-07-15,69309,2025071504001685,RADHI,Himalayan Securities Limited,Roadshow securities limited,134,795.0,106530.0,2025-07-15 11:21:45.961644
2025-07-15,69308,2025071504001686,RADHI,Himalayan Securities Limited,Cristal Kanchanjanga Securites Pvt. Ltd.,448,795.0,356160.0,2025-07-15 11:21:45.961666
2025-07-15,69307,2025071504001687,RADHI,Himalayan Securities Limited,Sundhara Securities Limited,200,795.0,159000.0,2025-07-15 11:21:45.961689
2025-07-15,69306,2025071504001688,RADHI,Himalayan Securities Limited,Himalayan Brokerage Company Limited,255,795.0,202725.0,2025-07-15 11:21:45.961713
2025-07-15,69298,2025071504001690,RADHI,Trisul Securities & Invt. Ltd.,Himalayan Brokerage Company Limited,13,795.0,10335.0,2025-07-15 11:21:46.973493
2025-07-15,69283,2025071504001693,RADHI,R.B.B. Securities Company Ltd,Kumari Securities Private Limited,50,790.0,39500.0,2025-07-15 11:21:52.205889
2025-07-15,69279,2025071504001696,RADHI,Naasa Securities Co. Ltd.,Himalayan Brokerage Company Limited,50,795.0,39750.0,2025-07-15 11:21:55.354321
2025-07-15,69261,2025071504001706,RADHI,R.B.B. Securities Company Ltd,Neev Securities Pvt. Ltd.,450,794.0,357300.0,2025-07-15 11:22:00.471300
2025-07-15,69045,2025071504001774,RADHI,Asian Securities Private Ltd.,Vision Securities Pvt. Ltd,200,793.0,158600.0,2025-07-15 11:22:51.340000
2025-07-15,69044,2025071504001775,RADHI,Asian Securities Private Ltd.,Citizens Share Broker Limited,719,794.0,570886.0,2025-07-15 11:22:51.340248
2025-07-15,69043,2025071504001776,RADHI,Asian Securities Private Ltd.,Primo Securities (PVT) Ltd.,1000,794.8,794800.0,2025-07-15 11:22:51.340358
2025-07-15,69042,2025071504001777,RADHI,Asian Securities Private Ltd.,Ashutosh Brokerage & Securities (PVT) Ltd.,200,794.9,158980.0,2025-07-15 11:22:51.340438
2025-07-15,69041,2025071504001778,RADHI,Asian Securities Private Ltd.,South Asian Bulls Pvt. Ltd.,100,794.9,79490.0,2025-07-15 11:22:51.340517
2025-07-15,69040,2025071504001779,RADHI,Asian Securities Private Ltd.,Himalayan Brokerage Company Limited,682,795.0,542190.0,2025-07-15 11:22:51.340597
2025-07-15,69039,2025071504001780,RADHI,Asian Securities Private Ltd.,Capital Hub P. Ltd,100,795.0,79500.0,2025-07-15 11:22:51.340674
2025-07-15,69038,2025071504001781,RADHI,Asian Securities Private Ltd.,Cristal Kanchanjanga Securites Pvt. Ltd.,300,795.0,238500.0,2025-07-15 11:22:51.340752
2025-07-15,69037,2025071504001782,RADHI,Asian Securities Private Ltd.,K.B.L. Securities Limited ,100,795.6,79560.0,2025-07-15 11:22:51.340857
2025-07-15,69036,2025071504001783,RADHI,Asian Securities Private Ltd.,Citizens Share Broker Limited,500,795.6,397800.0,2025-07-15 11:22:51.340934
2025-07-15,69035,2025071504001784,RADHI,Asian Securities Private Ltd.,Neev Securities Pvt. Ltd.,50,795.9,39795.0,2025-07-15 11:22:51.341031
2025-07-15,69034,2025071504001785,RADHI,Asian Securities Private Ltd.,Nagarik Stock Dealer ,1200,796.0,955200.0,2025-07-15 11:22:51.341130
2025-07-15,69033,2025071504001786,RADHI,Asian Securities Private Ltd.,Dynamic Money Managers Securities Pvt. Ltd.,900,796.0,716400.0,2025-07-15 11:22:51.341206
2025-07-15,69032,2025071504001787,RADHI,Asian Securities Private Ltd.,Citizens Share Broker Limited,200,796.1,159220.0,2025-07-15 11:22:51.341282
2025-07-15,69031,2025071504001788,RADHI,Asian Securities Private Ltd.,Oxford Securities Pvt. Ltd.,18,797.0,14346.0,2025-07-15 11:22:51.341364
2025-07-15,69030,2025071504001789,RADHI,Asian Securities Private Ltd.,Kumari Securities Private Limited,50,797.5,39875.0,2025-07-15 11:22:51.341440
2025-07-15,69029,2025071504001790,RADHI,Asian Securities Private Ltd.,Bhrikuti Stock Broking Co. Pvt. Ltd.,100,797.5,79750.0,2025-07-15 11:22:51.341534
2025-07-15,69028,2025071504001791,RADHI,Asian Securities Private Ltd.,APPLE SECURITIES PRIVATE LIMITED,100,798.0,79800.0,2025-07-15 11:22:51.341624
2025-07-15,69027,2025071504001792,RADHI,Asian Securities Private Ltd.,Malla & Malla Stock Broking Company Pvt. Limited,270,798.0,215460.0,2025-07-15 11:22:51.341702
2025-07-15,69026,2025071504001793,RADHI,Asian Securities Private Ltd.,Trademow Securities Private Limited,100,799.0,79900.0,2025-07-15 11:22:51.341774
2025-07-15,69025,2025071504001794,RADHI,Asian Securities Private Ltd.,Secured Securities Ltd.,1000,799.0,799000.0,2025-07-15 11:22:51.341849
2025-07-15,69024,2025071504001795,RADHI,Asian Securities Private Ltd.,Infinity Securities Limited,300,799.0,239700.0,2025-07-15 11:22:51.341923
2025-07-15,69023,2025071504001796,RADHI,Asian Securities Private Ltd.,Primo Securities (PVT) Ltd.,1000,799.0,799000.0,2025-07-15 11:22:51.341997
2025-07-15,69022,2025071504001797,RADHI,Asian Securities Private Ltd.,Dakshinkali Investment & Securities Pvt. Ltd.,500,799.0,399500.0,2025-07-15 11:22:51.342069
2025-07-15,69021,2025071504001798,RADHI,Asian Securities Private Ltd.,Miyo Securities Pvt Ltd,311,799.6,248675.6,2025-07-15 11:22:51.342145
2025-07-15,69007,2025071504001804,RADHI,Secured Securities Ltd.,KALASH STOCK MARKET PVT. LTD.,300,792.0,237600.0,2025-07-15 11:22:55.537687
2025-07-15,69006,2025071504001805,RADHI,NIMB Stock Markets Limited,KALASH STOCK MARKET PVT. LTD.,100,792.0,79200.0,2025-07-15 11:22:55.537745
2025-07-15,68914,2025071504001836,RADHI,MILKY WAY SHARE BROKER COMPANY LTD ,Online Securities Pvt. Ltd.,60,792.0,47520.0,2025-07-15 11:23:11.151257
2025-07-15,68847,2025071504001864,RADHI,Asian Securities Private Ltd.,Linch Stock Market Ltd.,100,793.0,79300.0,2025-07-15 11:23:25.490469
2025-07-15,68840,2025071504001866,RADHI,Naasa Securities Co. Ltd.,Stoxkarts Securities Limited,60,794.5,47670.0,2025-07-15 11:23:29.322943
2025-07-15,68839,2025071504001867,RADHI,Naasa Securities Co. Ltd.,Citizens Share Broker Limited,10,794.8,7948.0,2025-07-15 11:23:29.322991
2025-07-15,68838,2025071504001868,RADHI,Naasa Securities Co. Ltd.,Dakshinkali Investment & Securities Pvt. Ltd.,100,794.9,79490.0,2025-07-15 11:23:29.323017
2025-07-15,68837,2025071504001869,RADHI,Naasa Securities Co. Ltd.,Deevyaa Securities & Stock House Pvt. Ltd,100,795.0,79500.0,2025-07-15 11:23:29.323042
2025-07-15,68836,2025071504001870,RADHI,Naasa Securities Co. Ltd.,Miyo Securities Pvt Ltd,200,795.0,159000.0,2025-07-15 11:23:29.323071
2025-07-15,68835,2025071504001871,RADHI,Naasa Securities Co. Ltd.,Sani Securities Company Ltd.,200,799.0,159800.0,2025-07-15 11:23:29.323110
2025-07-15,68834,2025071504001872,RADHI,Naasa Securities Co. Ltd.,APPLE SECURITIES PRIVATE LIMITED,94,799.0,75106.0,2025-07-15 11:23:29.323139
2025-07-15,68833,2025071504001873,RADHI,Naasa Securities Co. Ltd.,Naasa Securities Co. Ltd.,50,799.0,39950.0,2025-07-15 11:23:29.323161
2025-07-15,68832,2025071504001874,RADHI,Naasa Securities Co. Ltd.,Nepal Stock House (PVT) Ltd.,500,799.0,399500.0,2025-07-15 11:23:29.323184
2025-07-15,68831,2025071504001875,RADHI,Naasa Securities Co. Ltd.,Midas Stock Broking Company Private Limited,10,799.0,7990.0,2025-07-15 11:23:29.323207
2025-07-15,68830,2025071504001876,RADHI,Naasa Securities Co. Ltd.,Primo Securities (PVT) Ltd.,200,799.1,159820.0,2025-07-15 11:23:29.323231
2025-07-15,68829,2025071504001877,RADHI,Naasa Securities Co. Ltd.,Miyo Securities Pvt Ltd,189,799.6,151124.4,2025-07-15 11:23:29.323258
2025-07-15,68828,2025071504001878,RADHI,Naasa Securities Co. Ltd.,Citizens Share Broker Limited,200,799.7,159940.0,2025-07-15 11:23:29.323283
2025-07-15,68827,2025071504001879,RADHI,Naasa Securities Co. Ltd.,Arun Securities (PVT) Ltd.,500,799.8,399900.0,2025-07-15 11:23:29.323320
2025-07-15,68826,2025071504001880,RADHI,Naasa Securities Co. Ltd.,Secured Securities Ltd.,14,799.9,11198.6,2025-07-15 11:23:29.323346
2025-07-15,68825,2025071504001881,RADHI,Naasa Securities Co. Ltd.,Capital Max Securities Ltd,300,799.9,239970.0,2025-07-15 11:23:29.323371
2025-07-15,68824,2025071504001882,RADHI,Naasa Securities Co. Ltd.,Sani Securities Company Ltd.,1273,800.0,1018400.0,2025-07-15 11:23:29.323396
2025-07-15,68821,2025071504001884,RADHI,N.M.B. SECURITIES LIMITED,Sani Securities Company Ltd.,27,800.0,21600.0,2025-07-15 11:23:30.295636
2025-07-15,68820,2025071504001885,RADHI,N.M.B. SECURITIES LIMITED,Aryatara Investment & Securities,200,800.0,160000.0,2025-07-15 11:23:30.295721
2025-07-15,68819,2025071504001886,RADHI,N.M.B. SECURITIES LIMITED,Sumeru Securities Pvt. Ltd.,123,800.0,98400.0,2025-07-15 11:23:30.295749
2025-07-15,68780,2025071504001894,RADHI,N.M.B. SECURITIES LIMITED,NIMB Stock Markets Limited,30,799.6,23988.0,2025-07-15 11:23:42.336734
2025-07-15,68779,2025071504001895,RADHI,Secured Securities Ltd.,Asian Securities Private Ltd.,213,799.0,170187.0,2025-07-15 11:23:42.547273
2025-07-15,68774,2025071504001897,RADHI,Dipshikha Dhitopatra Karobar Co. Pvt Ltd.,KALASH STOCK MARKET PVT. LTD.,160,794.9,127184.0,2025-07-15 11:23:43.687385
2025-07-15,68773,2025071504001898,RADHI,Asian Securities Private Ltd.,KALASH STOCK MARKET PVT. LTD.,53,793.0,42029.0,2025-07-15 11:23:43.687439
2025-07-15,68643,2025071504001954,RADHI,Deevyaa Securities & Stock House Pvt. Ltd,KALASH STOCK MARKET PVT. LTD.,20,793.1,15862.0,2025-07-15 11:24:10.762837
2025-07-15,68642,2025071504001955,RADHI,Asian Securities Private Ltd.,KALASH STOCK MARKET PVT. LTD.,347,793.0,275171.0,2025-07-15 11:24:10.762901
2025-07-15,68641,2025071504001956,RADHI,Hatemalo Financial Services Private Limited,KALASH STOCK MARKET PVT. LTD.,100,793.0,79300.0,2025-07-15 11:24:10.762929
2025-07-15,68640,2025071504001957,RADHI,MILKY WAY SHARE BROKER COMPANY LTD ,KALASH STOCK MARKET PVT. LTD.,362,792.0,286704.0,2025-07-15 11:24:10.762954
2025-07-15,68600,2025071504001970,RADHI,Sri Hari Securities Pvt. Ltd.,Premier Securities Company Ltd.,300,793.0,237900.0,2025-07-15 11:24:17.720203
2025-07-15,68566,2025071504001985,RADHI,Sri Hari Securities Pvt. Ltd.,Premier Securities Company Ltd.,14,793.0,11102.0,2025-07-15 11:24:26.992577
2025-07-15,68565,2025071504001986,RADHI,Sri Hari Securities Pvt. Ltd.,Trishakti Securities Public Limited,100,793.0,79300.0,2025-07-15 11:24:27.061520
2025-07-15,68558,2025071504001991,RADHI,Vision Securities Pvt. Ltd,Magnet Securities and Investment Company Private Limited,100,794.0,79400.0,2025-07-15 11:24:28.955231
2025-07-15,68450,2025071504002033,RADHI,Nepal Investment And Securities Trading Private Limited,Premier Securities Company Ltd.,200,795.0,159000.0,2025-07-15 11:24:58.100386
2025-07-15,68436,2025071504002041,RADHI,Nepal Investment And Securities Trading Private Limited,Kohinoor Investment & Securities Pvt. Ltd.,10,795.0,7950.0,2025-07-15 11:25:01.900990
2025-07-15,68430,2025071504002044,RADHI,Nepal Investment And Securities Trading Private Limited,Dakshinkali Investment & Securities Pvt. Ltd.,100,795.0,79500.0,2025-07-15 11:25:04.833955
2025-07-15,68418,2025071504002048,RADHI,Nepal Investment And Securities Trading Private Limited,Kohinoor Investment & Securities Pvt. Ltd.,500,795.0,397500.0,2025-07-15 11:25:09.926277
2025-07-15,68414,2025071504002049,RADHI,Nepal Investment And Securities Trading Private Limited,Asian Securities Private Ltd.,190,795.0,151050.0,2025-07-15 11:25:11.323800
2025-07-15,68403,2025071504002054,RADHI,Opal Securities Investment (PVT) Ltd.,Asian Securities Private Ltd.,50,795.0,39750.0,2025-07-15 11:25:14.110047
2025-07-15,68344,2025071504002077,RADHI,Capital Max Securities Ltd,Dakshinkali Investment & Securities Pvt. Ltd.,200,794.1,158820.0,2025-07-15 11:25:28.177929
2025-07-15,68323,2025071504002082,RADHI,Capital Max Securities Ltd,South Asian Bulls Pvt. Ltd.,300,794.1,238230.0,2025-07-15 11:25:32.226906
2025-07-15,68322,2025071504002083,RADHI,Nepal Investment And Securities Trading Private Limited,South Asian Bulls Pvt. Ltd.,200,794.0,158800.0,2025-07-15 11:25:32.227372
2025-07-15,68294,2025071504002097,RADHI,Nepal Investment And Securities Trading Private Limited,Agrawal Securities (PVT) Ltd.,800,794.0,635200.0,2025-07-15 11:25:40.846108
2025-07-15,68293,2025071504002098,RADHI,Sani Securities Company Ltd.,Agrawal Securities (PVT) Ltd.,600,794.0,476400.0,2025-07-15 11:25:40.846376
2025-07-15,68285,2025071504002100,RADHI,Sri Hari Securities Pvt. Ltd.,Trishakti Securities Public Limited,200,793.1,158620.0,2025-07-15 11:25:42.627797
2025-07-15,68261,2025071504002113,RADHI,Sri Hari Securities Pvt. Ltd.,Asian Securities Private Ltd.,586,793.0,464698.0,2025-07-15 11:25:49.831750
2025-07-15,68260,2025071504002114,RADHI,Asian Securities Private Ltd.,Asian Securities Private Ltd.,4414,793.0,3500302.0,2025-07-15 11:25:49.832181
2025-07-15,68255,2025071504002115,RADHI,Asian Securities Private Ltd.,Linch Stock Market Ltd.,100,793.0,79300.0,2025-07-15 11:25:50.430751
2025-07-15,68237,2025071504002126,RADHI,Asian Securities Private Ltd.,K.B.L. Securities Limited ,486,793.0,385398.0,2025-07-15 11:25:53.412245
2025-07-15,68229,2025071504002127,RADHI,Dipshikha Dhitopatra Karobar Co. Pvt Ltd.,K.B.L. Securities Limited ,1000,793.0,793000.0,2025-07-15 11:25:55.831483
2025-07-15,68205,2025071504002132,RADHI,MILKY WAY SHARE BROKER COMPANY LTD ,Linch Stock Market Ltd.,30,792.0,23760.0,2025-07-15 11:26:03.538820
2025-07-15,68201,2025071504002133,RADHI,MILKY WAY SHARE BROKER COMPANY LTD ,Trishakti Securities Public Limited,48,792.0,38016.0,2025-07-15 11:26:04.749129
2025-07-15,68175,2025071504002144,RADHI,Imperial Securities Company Pvt. Ltd.,K.B.L. Securities Limited ,20,793.0,15860.0,2025-07-15 11:26:10.928427
2025-07-15,68174,2025071504002145,RADHI,Himalayan Brokerage Company Limited,Malla & Malla Stock Broking Company Pvt. Limited,100,792.0,79200.0,2025-07-15 11:26:11.368332
2025-07-15,68168,2025071504002147,RADHI,Deevyaa Securities & Stock House Pvt. Ltd,K.B.L. Securities Limited ,494,793.0,391742.0,2025-07-15 11:26:13.178931
2025-07-15,68165,2025071504002149,RADHI,Citizens Share Broker Limited,Sumeru Securities Pvt. Ltd.,100,792.0,79200.0,2025-07-15 11:26:13.871181
2025-07-15,68126,2025071504002161,RADHI,Citizens Share Broker Limited,Agrawal Securities (PVT) Ltd.,50,790.0,39500.0,2025-07-15 11:26:23.457938
2025-07-15,67685,2025071504002329,RADHI,Vision Securities Pvt. Ltd,Deevyaa Securities & Stock House Pvt. Ltd,100,788.8,78880.0,2025-07-15 11:28:23.724667
2025-07-15,67684,2025071504002330,RADHI,Naasa Securities Co. Ltd.,Deevyaa Securities & Stock House Pvt. Ltd,100,788.7,78870.0,2025-07-15 11:28:23.724917
2025-07-15,67683,2025071504002331,RADHI,Kalika Securities Pvt. Ltd.,Deevyaa Securities & Stock House Pvt. Ltd,300,786.0,235800.0,2025-07-15 11:28:23.725030
2025-07-15,67682,2025071504002332,RADHI,Himalayan Securities Limited,Deevyaa Securities & Stock House Pvt. Ltd,500,786.0,393000.0,2025-07-15 11:28:23.725137
2025-07-15,67624,2025071504002352,RADHI,Himalayan Securities Limited,Vision Securities Pvt. Ltd,500,786.0,393000.0,2025-07-15 11:28:40.938624
2025-07-15,67623,2025071504002353,RADHI,Trishakti Securities Public Limited,Vision Securities Pvt. Ltd,1000,786.0,786000.0,2025-07-15 11:28:40.939155
2025-07-15,67617,2025071504002355,RADHI,Trishakti Securities Public Limited,Nepal Stock House (PVT) Ltd.,10,786.0,7860.0,2025-07-15 11:28:41.853480
2025-07-15,67518,2025071504002368,RADHI,Naasa Securities Co. Ltd.,Nepal Stock House (PVT) Ltd.,100,786.0,78600.0,2025-07-15 11:28:59.679367
2025-07-15,67517,2025071504002369,RADHI,Cristal Kanchanjanga Securites Pvt. Ltd.,Sani Securities Company Ltd.,50,785.0,39250.0,2025-07-15 11:29:00.047002
2025-07-15,67510,2025071504002370,RADHI,Bhrikuti Stock Broking Co. Pvt. Ltd.,Nepal Stock House (PVT) Ltd.,300,786.0,235800.0,2025-07-15 11:29:01.792443
2025-07-15,67491,2025071504002376,RADHI,Cristal Kanchanjanga Securites Pvt. Ltd.,Vision Securities Pvt. Ltd,700,785.0,549500.0,2025-07-15 11:29:10.199054
2025-07-15,67470,2025071504002386,RADHI,Cristal Kanchanjanga Securites Pvt. Ltd.,Linch Stock Market Ltd.,60,785.0,47100.0,2025-07-15 11:29:18.839249
2025-07-15,67465,2025071504002389,RADHI,Midas Stock Broking Company Private Limited,Nepal Stock House (PVT) Ltd.,106,786.0,83316.0,2025-07-15 11:29:19.757413
2025-07-15,67464,2025071504002390,RADHI,Midas Stock Broking Company Private Limited,Magnet Securities and Investment Company Private Limited,94,789.0,74166.0,2025-07-15 11:29:19.757755
2025-07-15,67446,2025071504002402,RADHI,Cristal Kanchanjanga Securites Pvt. Ltd.,Malla & Malla Stock Broking Company Pvt. Limited,1000,785.0,785000.0,2025-07-15 11:29:23.141202
2025-07-15,67439,2025071504002403,RADHI,Cristal Kanchanjanga Securites Pvt. Ltd.,Sumeru Securities Pvt. Ltd.,2000,785.0,1570000.0,2025-07-15 11:29:27.556625
2025-07-15,67362,2025071504002433,RADHI,Infinity Securities Limited,Deevyaa Securities & Stock House Pvt. Ltd,500,785.1,392550.0,2025-07-15 11:29:50.268783
2025-07-15,67361,2025071504002434,RADHI,Cristal Kanchanjanga Securites Pvt. Ltd.,Deevyaa Securities & Stock House Pvt. Ltd,1190,785.0,934150.0,2025-07-15 11:29:50.269346
2025-07-15,67348,2025071504002439,RADHI,Asian Securities Private Ltd.,Deevyaa Securities & Stock House Pvt. Ltd,310,785.0,243350.0,2025-07-15 11:29:52.311468
2025-07-15,67264,2025071504002470,RADHI,Naasa Securities Co. Ltd.,Linch Stock Market Ltd.,100,786.0,78600.0,2025-07-15 11:30:08.165883
2025-07-15,67196,2025071504002488,RADHI,Naasa Securities Co. Ltd.,Kumari Securities Private Limited,200,786.0,157200.0,2025-07-15 11:30:26.903016
2025-07-15,67112,2025071504002510,RADHI,Naasa Securities Co. Ltd.,Property Wiard Limited,300,786.0,235800.0,2025-07-15 11:30:51.404063
2025-07-15,67081,2025071504002514,RADHI,Naasa Securities Co. Ltd.,Premier Securities Company Ltd.,200,786.0,157200.0,2025-07-15 11:31:04.720038
2025-07-15,66968,2025071504002554,RADHI,Vision Securities Pvt. Ltd,Secured Securities Ltd.,20,789.0,15780.0,2025-07-15 11:31:40.186089
2025-07-15,66943,2025071504002567,RADHI,Naasa Securities Co. Ltd.,South Asian Bulls Pvt. Ltd.,200,789.8,157960.0,2025-07-15 11:31:45.697526
2025-07-15,66918,2025071504002572,RADHI,Naasa Securities Co. Ltd.,South Asian Bulls Pvt. Ltd.,324,789.8,255895.2,2025-07-15 11:31:50.738617
2025-07-15,66917,2025071504002573,RADHI,Naasa Securities Co. Ltd.,Sumeru Securities Pvt. Ltd.,176,789.9,139022.4,2025-07-15 11:31:50.739127
2025-07-15,66761,2025071504002605,RADHI,Naasa Securities Co. Ltd.,Cristal Kanchanjanga Securites Pvt. Ltd.,500,789.0,394500.0,2025-07-15 11:32:37.438875
2025-07-15,66619,2025071504002651,RADHI,Vision Securities Pvt. Ltd,Nepal Investment And Securities Trading Private Limited,80,788.9,63112.0,2025-07-15 11:33:19.956023
2025-07-15,66618,2025071504002652,RADHI,Vision Securities Pvt. Ltd,Cristal Kanchanjanga Securites Pvt. Ltd.,400,789.0,315600.0,2025-07-15 11:33:19.956656
2025-07-15,66586,2025071504002657,RADHI,Shree Krishna Securities Ltd.,Cristal Kanchanjanga Securites Pvt. Ltd.,100,789.0,78900.0,2025-07-15 11:33:28.812770
2025-07-15,66585,2025071504002658,RADHI,Shree Krishna Securities Ltd.,Sumeru Securities Pvt. Ltd.,824,789.9,650877.6,2025-07-15 11:33:28.813364
2025-07-15,66584,2025071504002659,RADHI,Shree Krishna Securities Ltd.,Online Securities Pvt. Ltd.,76,790.0,60040.0,2025-07-15 11:33:28.813749
2025-07-15,66507,2025071504002678,RADHI,Asian Securities Private Ltd.,Online Securities Pvt. Ltd.,424,790.0,334960.0,2025-07-15 11:33:48.858798
2025-07-15,66506,2025071504002679,RADHI,Asian Securities Private Ltd.,Trishakti Securities Public Limited,40,790.0,31600.0,2025-07-15 11:33:48.859190
2025-07-15,66505,2025071504002680,RADHI,Asian Securities Private Ltd.,Sewa Securities Pvt. Ltd.,200,790.0,158000.0,2025-07-15 11:33:48.859389
2025-07-15,66504,2025071504002681,RADHI,Asian Securities Private Ltd.,Vision Securities Pvt. Ltd,12,790.0,9480.0,2025-07-15 11:33:48.859565
2025-07-15,66503,2025071504002682,RADHI,Asian Securities Private Ltd.,Sumeru Securities Pvt. Ltd.,1000,790.0,790000.0,2025-07-15 11:33:48.859744
2025-07-15,66465,2025071504002698,RADHI,Capital Max Securities Ltd,Online Securities Pvt. Ltd.,500,792.0,396000.0,2025-07-15 11:33:57.264927
2025-07-15,66436,2025071504002701,RADHI,Asian Securities Private Ltd.,Agrawal Securities (PVT) Ltd.,14,790.0,11060.0,2025-07-15 11:34:01.031778
2025-07-15,66207,2025071504002771,RADHI,Sri Hari Securities Pvt. Ltd.,Trisul Securities & Invt. Ltd.,200,787.5,157500.0,2025-07-15 11:34:51.634408
2025-07-15,66146,2025071504002799,RADHI,Naasa Securities Co. Ltd.,Agrawal Securities (PVT) Ltd.,186,790.0,146940.0,2025-07-15 11:35:12.101389
2025-07-15,66145,2025071504002800,RADHI,Naasa Securities Co. Ltd.,Trisul Securities & Invt. Ltd.,50,790.0,39500.0,2025-07-15 11:35:12.101438
2025-07-15,66144,2025071504002801,RADHI,Naasa Securities Co. Ltd.,SHUBHAKAMANA SECURITIES PVT. LTD,264,790.0,208560.0,2025-07-15 11:35:12.101464
2025-07-15,66005,2025071504002842,RADHI,Bhrikuti Stock Broking Co. Pvt. Ltd.,SHUBHAKAMANA SECURITIES PVT. LTD,100,790.0,79000.0,2025-07-15 11:35:43.056674
2025-07-15,65829,2025071504002874,RADHI,Shree Krishna Securities Ltd.,SHUBHAKAMANA SECURITIES PVT. LTD,12,790.0,9480.0,2025-07-15 11:36:20.317708
2025-07-15,65761,2025071504002888,RADHI,Linch Stock Market Ltd.,Midas Stock Broking Company Private Limited,100,788.1,78810.0,2025-07-15 11:36:36.515845
2025-07-15,65760,2025071504002889,RADHI,Investment Management Nepal Pvt. Ltd.,Midas Stock Broking Company Private Limited,500,788.0,394000.0,2025-07-15 11:36:36.516490
2025-07-15,65759,2025071504002890,RADHI,Sewa Securities Pvt. Ltd.,Midas Stock Broking Company Private Limited,500,788.0,394000.0,2025-07-15 11:36:36.516910
2025-07-15,65748,2025071504002892,RADHI,Shree Krishna Securities Ltd.,Midas Stock Broking Company Private Limited,151,788.0,118988.0,2025-07-15 11:36:38.380107
2025-07-15,65479,2025071504002967,RADHI,Shree Krishna Securities Ltd.,South Asian Bulls Pvt. Ltd.,500,788.2,394100.0,2025-07-15 11:37:52.965072
2025-07-15,65472,2025071504002970,RADHI,Shree Krishna Securities Ltd.,Aryatara Investment & Securities,349,788.2,275081.8,2025-07-15 11:37:55.697276
2025-07-15,65471,2025071504002971,RADHI,Vision Securities Pvt. Ltd,Aryatara Investment & Securities,100,787.5,78750.0,2025-07-15 11:37:55.697894
2025-07-15,65470,2025071504002972,RADHI,Himalayan Brokerage Company Limited,Aryatara Investment & Securities,100,787.5,78750.0,2025-07-15 11:37:55.698330
2025-07-15,65469,2025071504002973,RADHI,Asian Securities Private Ltd.,Aryatara Investment & Securities,451,787.4,355117.4,2025-07-15 11:37:55.698742
2025-07-15,65195,2025071504003042,RADHI,Property Wiard Limited,Dakshinkali Investment & Securities Pvt. Ltd.,142,789.0,112038.0,2025-07-15 11:38:59.719237
2025-07-15,65194,2025071504003043,RADHI,Property Wiard Limited,Imperial Securities Company Pvt. Ltd.,100,789.0,78900.0,2025-07-15 11:38:59.719585
2025-07-15,65193,2025071504003044,RADHI,Property Wiard Limited,Himalayan Brokerage Company Limited,2258,789.9,1783594.2,2025-07-15 11:38:59.719843
2025-07-15,65177,2025071504003049,RADHI,Naasa Securities Co. Ltd.,Aryatara Investment & Securities,300,788.0,236400.0,2025-07-15 11:39:04.124164
2025-07-15,65120,2025071504003065,RADHI,Naasa Securities Co. Ltd.,Himalayan Brokerage Company Limited,35,789.9,27646.5,2025-07-15 11:39:14.596321
2025-07-15,65119,2025071504003066,RADHI,Naasa Securities Co. Ltd.,SHUBHAKAMANA SECURITIES PVT. LTD,124,790.0,97960.0,2025-07-15 11:39:14.596663
2025-07-15,65118,2025071504003067,RADHI,Naasa Securities Co. Ltd.,SHUBHAKAMANA SECURITIES PVT. LTD,41,790.0,32390.0,2025-07-15 11:39:14.597070
2025-07-15,65116,2025071504003068,RADHI,Shree Krishna Securities Ltd.,Nagarik Stock Dealer ,400,788.0,315200.0,2025-07-15 11:39:14.798813
2025-07-15,64979,2025071504003143,RADHI,Nabil Stock Dealer Ltd.,Imperial Securities Company Pvt. Ltd.,50,788.9,39445.0,2025-07-15 11:39:45.036552
2025-07-15,64978,2025071504003144,RADHI,Nabil Stock Dealer Ltd.,SHUBHAKAMANA SECURITIES PVT. LTD,134,790.0,105860.0,2025-07-15 11:39:45.037179
2025-07-15,64977,2025071504003145,RADHI,Nabil Stock Dealer Ltd.,J.F. Securites (PVT) Ltd.,20,790.0,15800.0,2025-07-15 11:39:45.037619
2025-07-15,64976,2025071504003146,RADHI,Nabil Stock Dealer Ltd.,South Asian Bulls Pvt. Ltd.,12,790.0,9480.0,2025-07-15 11:39:45.038032
2025-07-15,64975,2025071504003147,RADHI,Nabil Stock Dealer Ltd.,Dynamic Money Managers Securities Pvt. Ltd.,50,790.0,39500.0,2025-07-15 11:39:45.038456
2025-07-15,64974,2025071504003148,RADHI,Nabil Stock Dealer Ltd.,J.F. Securites (PVT) Ltd.,20,792.0,15840.0,2025-07-15 11:39:45.038888
2025-07-15,64973,2025071504003149,RADHI,Nabil Stock Dealer Ltd.,Premier Securities Company Ltd.,200,792.0,158400.0,2025-07-15 11:39:45.039306
2025-07-15,64972,2025071504003150,RADHI,Nabil Stock Dealer Ltd.,Linch Stock Market Ltd.,500,792.9,396450.0,2025-07-15 11:39:45.039739
2025-07-15,64971,2025071504003151,RADHI,Nabil Stock Dealer Ltd.,INDEX SECURITIES LIMITED,110,792.9,87219.0,2025-07-15 11:39:45.040151
2025-07-15,64970,2025071504003152,RADHI,Nabil Stock Dealer Ltd.,Miyo Securities Pvt Ltd,500,793.0,396500.0,2025-07-15 11:39:45.040572
2025-07-15,64969,2025071504003153,RADHI,Nabil Stock Dealer Ltd.,Online Securities Pvt. Ltd.,500,793.0,396500.0,2025-07-15 11:39:45.040989
2025-07-15,64968,2025071504003154,RADHI,Nabil Stock Dealer Ltd.,Vision Securities Pvt. Ltd,30,793.0,23790.0,2025-07-15 11:39:45.041406
2025-07-15,64967,2025071504003155,RADHI,Nabil Stock Dealer Ltd.,Capital Hub P. Ltd,20,793.0,15860.0,2025-07-15 11:39:45.041815
2025-07-15,64966,2025071504003156,RADHI,Nabil Stock Dealer Ltd.,Cristal Kanchanjanga Securites Pvt. Ltd.,1000,793.0,793000.0,2025-07-15 11:39:45.042225
2025-07-15,64965,2025071504003157,RADHI,Nabil Stock Dealer Ltd.,Agrawal Securities (PVT) Ltd.,800,794.0,635200.0,2025-07-15 11:39:45.042639
2025-07-15,64964,2025071504003158,RADHI,Nabil Stock Dealer Ltd.,Premier Securities Company Ltd.,200,794.0,158800.0,2025-07-15 11:39:45.043037
2025-07-15,64963,2025071504003159,RADHI,Nabil Stock Dealer Ltd.,Prabhu Stock Market Limited,500,794.0,397000.0,2025-07-15 11:39:45.043449
2025-07-15,64962,2025071504003160,RADHI,Nabil Stock Dealer Ltd.,Nagarik Stock Dealer ,2000,794.9,1589800.0,2025-07-15 11:39:45.043840
2025-07-15,64961,2025071504003161,RADHI,Nabil Stock Dealer Ltd.,Imperial Securities Company Pvt. Ltd.,600,795.0,477000.0,2025-07-15 11:39:45.044235
2025-07-15,64960,2025071504003162,RADHI,Nabil Stock Dealer Ltd.,Online Securities Pvt. Ltd.,50,795.0,39750.0,2025-07-15 11:39:45.044639
2025-07-15,64959,2025071504003163,RADHI,Nabil Stock Dealer Ltd.,Himalayan Brokerage Company Limited,1000,795.0,795000.0,2025-07-15 11:39:45.045032
2025-07-15,64958,2025071504003164,RADHI,Nabil Stock Dealer Ltd.,Primo Securities (PVT) Ltd.,20,795.0,15900.0,2025-07-15 11:39:45.045255
2025-07-15,64957,2025071504003165,RADHI,Nabil Stock Dealer Ltd.,Premier Securities Company Ltd.,1000,795.0,795000.0,2025-07-15 11:39:45.045429
2025-07-15,64956,2025071504003166,RADHI,Nabil Stock Dealer Ltd.,N.M.B. SECURITIES LIMITED,30,795.0,23850.0,2025-07-15 11:39:45.045559
2025-07-15,64955,2025071504003167,RADHI,Nabil Stock Dealer Ltd.,Naasa Securities Co. Ltd.,369,795.0,293355.0,2025-07-15 11:39:45.045693
2025-07-15,64954,2025071504003168,RADHI,Nabil Stock Dealer Ltd.,Dynamic Money Managers Securities Pvt. Ltd.,100,795.0,79500.0,2025-07-15 11:39:45.045843
2025-07-15,64953,2025071504003169,RADHI,Nabil Stock Dealer Ltd.,Capital Max Securities Ltd,935,795.0,743325.0,2025-07-15 11:39:45.045973
2025-07-15,64952,2025071504003170,RADHI,Nabil Stock Dealer Ltd.,Nepal Investment And Securities Trading Private Limited,200,795.0,159000.0,2025-07-15 11:39:45.046116
2025-07-15,64750,2025071504003240,RADHI,Shree Krishna Securities Ltd.,K.B.L. Securities Limited ,20,788.0,15760.0,2025-07-15 11:40:40.615687
2025-07-15,64406,2025071504003374,RADHI,Asian Securities Private Ltd.,MILKY WAY SHARE BROKER COMPANY LTD ,100,790.0,79000.0,2025-07-15 11:42:14.054976
2025-07-15,64347,2025071504003403,RADHI,Nagarik Stock Dealer ,South Asian Bulls Pvt. Ltd.,150,794.9,119235.0,2025-07-15 11:42:27.618449
2025-07-15,64346,2025071504003404,RADHI,Nagarik Stock Dealer ,Primo Securities (PVT) Ltd.,50,795.0,39750.0,2025-07-15 11:42:27.618788
2025-07-15,63837,2025071504003517,RADHI,Market Securities & Exchange (PVT) Ltd.,Bhrikuti Stock Broking Co. Pvt. Ltd.,500,793.0,396500.0,2025-07-15 11:44:34.404462
2025-07-15,63793,2025071504003533,RADHI,Asian Securities Private Ltd.,Bhrikuti Stock Broking Co. Pvt. Ltd.,450,793.0,356850.0,2025-07-15 11:44:43.920108
2025-07-15,63792,2025071504003534,RADHI,Asian Securities Private Ltd.,Agrawal Securities (PVT) Ltd.,200,793.0,158600.0,2025-07-15 11:44:43.920507
2025-07-15,63791,2025071504003535,RADHI,Asian Securities Private Ltd.,Asian Securities Private Ltd.,30,793.0,23790.0,2025-07-15 11:44:43.920687
2025-07-15,63790,2025071504003536,RADHI,Asian Securities Private Ltd.,Stoxkarts Securities Limited,200,794.0,158800.0,2025-07-15 11:44:43.920844
2025-07-15,63789,2025071504003537,RADHI,Asian Securities Private Ltd.,Trishakti Securities Public Limited,550,794.7,437085.0,2025-07-15 11:44:43.920997
2025-07-15,63788,2025071504003538,RADHI,Asian Securities Private Ltd.,INDEX SECURITIES LIMITED,500,794.8,397400.0,2025-07-15 11:44:43.921148
2025-07-15,63787,2025071504003539,RADHI,Asian Securities Private Ltd.,Cristal Kanchanjanga Securites Pvt. Ltd.,100,794.9,79490.0,2025-07-15 11:44:43.921321
2025-07-15,63786,2025071504003540,RADHI,Asian Securities Private Ltd.,Asian Securities Private Ltd.,200,794.9,158980.0,2025-07-15 11:44:43.921474
2025-07-15,63785,2025071504003541,RADHI,Asian Securities Private Ltd.,Primo Securities (PVT) Ltd.,50,795.0,39750.0,2025-07-15 11:44:43.921628
2025-07-15,63784,2025071504003542,RADHI,Asian Securities Private Ltd.,Cristal Kanchanjanga Securites Pvt. Ltd.,2000,795.0,1590000.0,2025-07-15 11:44:43.921776
2025-07-15,63783,2025071504003543,RADHI,Asian Securities Private Ltd.,Deevyaa Securities & Stock House Pvt. Ltd,169,795.0,134355.0,2025-07-15 11:44:43.921926
2025-07-15,63673,2025071504003565,RADHI,Nagarik Stock Dealer ,Nabil Stock Dealer Ltd.,100,791.0,79100.0,2025-07-15 11:45:12.837470
2025-07-15,63672,2025071504003566,RADHI,SUN SECURITIES PVT LTD,Nabil Stock Dealer Ltd.,300,790.3,237090.0,2025-07-15 11:45:12.837850
2025-07-15,63671,2025071504003567,RADHI,Nabil Stock Dealer Ltd.,Nabil Stock Dealer Ltd.,4500,790.3,3556350.0,2025-07-15 11:45:12.838008
2025-07-15,63670,2025071504003568,RADHI,Property Wiard Limited,Nabil Stock Dealer Ltd.,100,790.2,79020.0,2025-07-15 11:45:12.838157
2025-07-15,63657,2025071504003570,RADHI,Opal Securities Investment (PVT) Ltd.,Miyo Securities Pvt Ltd,150,794.0,119100.0,2025-07-15 11:45:20.364142
2025-07-15,63469,2025071504003599,RADHI,Dipshikha Dhitopatra Karobar Co. Pvt Ltd.,Vision Securities Pvt. Ltd,100,790.3,79030.0,2025-07-15 11:45:58.979382
2025-07-15,63468,2025071504003600,RADHI,Property Wiard Limited,Vision Securities Pvt. Ltd,100,790.2,79020.0,2025-07-15 11:45:58.980160
2025-07-15,63250,2025071504003655,RADHI,Investment Management Nepal Pvt. Ltd.,ABC Securities Private Limited,100,790.3,79030.0,2025-07-15 11:46:55.720731
2025-07-15,63179,2025071504003677,RADHI,Linch Stock Market Ltd.,Ashutosh Brokerage & Securities (PVT) Ltd.,85,790.4,67184.0,2025-07-15 11:47:12.889537
2025-07-15,63164,2025071504003684,RADHI,Linch Stock Market Ltd.,Miyo Securities Pvt Ltd,15,790.4,11856.0,2025-07-15 11:47:17.335345
2025-07-15,63155,2025071504003690,RADHI,Investment Management Nepal Pvt. Ltd.,SHUBHAKAMANA SECURITIES PVT. LTD,100,790.3,79030.0,2025-07-15 11:47:19.744952
2025-07-15,63131,2025071504003695,RADHI,Shree Krishna Securities Ltd.,Miyo Securities Pvt Ltd,380,790.4,300352.0,2025-07-15 11:47:27.447141
2025-07-15,63096,2025071504003706,RADHI,Roadshow securities limited,Miyo Securities Pvt Ltd,705,790.4,557232.0,2025-07-15 11:47:36.842699
2025-07-15,63095,2025071504003707,RADHI,Roadshow securities limited,Miyo Securities Pvt Ltd,1200,790.5,948600.0,2025-07-15 11:47:36.842751
2025-07-15,63094,2025071504003708,RADHI,Roadshow securities limited,Miyo Securities Pvt Ltd,1240,791.0,980840.0,2025-07-15 11:47:36.842777
2025-07-15,63093,2025071504003709,RADHI,Roadshow securities limited,Miyo Securities Pvt Ltd,355,792.0,281160.0,2025-07-15 11:47:36.842800
2025-07-15,63025,2025071504003732,RADHI,Nagarik Stock Dealer ,Sumeru Securities Pvt. Ltd.,40,791.0,31640.0,2025-07-15 11:47:59.731168
2025-07-15,62858,2025071504003796,RADHI,Kumari Securities Private Limited,Miyo Securities Pvt Ltd,928,790.5,733584.0,2025-07-15 11:48:37.933296
2025-07-15,62857,2025071504003797,RADHI,Kumari Securities Private Limited,Sumeru Securities Pvt. Ltd.,32,791.0,25312.0,2025-07-15 11:48:37.933665
2025-07-15,62850,2025071504003798,RADHI,Property Wiard Limited,Miyo Securities Pvt Ltd,383,790.5,302761.5,2025-07-15 11:48:39.779830
2025-07-15,62840,2025071504003800,RADHI,Property Wiard Limited,Indira securities pvt. ltd,417,790.5,329638.5,2025-07-15 11:48:41.808671
2025-07-15,62839,2025071504003801,RADHI,Investment Management Nepal Pvt. Ltd.,Indira securities pvt. ltd,83,790.3,65594.9,2025-07-15 11:48:41.809053
2025-07-15,62833,2025071504003802,RADHI,Investment Management Nepal Pvt. Ltd.,Trishakti Securities Public Limited,717,790.3,566645.1,2025-07-15 11:48:44.877452
2025-07-15,62832,2025071504003803,RADHI,Sumeru Securities Pvt. Ltd.,Trishakti Securities Public Limited,150,790.3,118545.0,2025-07-15 11:48:44.877804
2025-07-15,62831,2025071504003804,RADHI,Sri Hari Securities Pvt. Ltd.,Trishakti Securities Public Limited,133,790.2,105096.6,2025-07-15 11:48:44.877973
2025-07-15,62770,2025071504003816,RADHI,Sri Hari Securities Pvt. Ltd.,Primo Securities (PVT) Ltd.,50,790.2,39510.0,2025-07-15 11:48:59.613953
2025-07-15,62691,2025071504003832,RADHI,Sri Hari Securities Pvt. Ltd.,Primo Securities (PVT) Ltd.,14,790.2,11062.8,2025-07-15 11:49:16.697571
2025-07-15,62680,2025071504003833,RADHI,SHUBHAKAMANA SECURITIES PVT. LTD,Sumeru Securities Pvt. Ltd.,150,791.0,118650.0,2025-07-15 11:49:17.254781
2025-07-15,62670,2025071504003839,RADHI,Sri Hari Securities Pvt. Ltd.,Sumeru Securities Pvt. Ltd.,803,790.2,634530.6,2025-07-15 11:49:19.852628
2025-07-15,62669,2025071504003840,RADHI,Himalayan Brokerage Company Limited,Sumeru Securities Pvt. Ltd.,297,790.1,234659.7,2025-07-15 11:49:19.852987
2025-07-15,62652,2025071504003843,RADHI,Himalayan Brokerage Company Limited,Nepal Investment And Securities Trading Private Limited,203,790.1,160390.3,2025-07-15 11:49:26.977220
2025-07-15,62651,2025071504003844,RADHI,Naasa Securities Co. Ltd.,Nepal Investment And Securities Trading Private Limited,297,790.1,234659.7,2025-07-15 11:49:26.977973
2025-07-15,62636,2025071504003848,RADHI,Capital Max Securities Ltd,Sumeru Securities Pvt. Ltd.,400,791.0,316400.0,2025-07-15 11:49:30.785114
2025-07-15,62520,2025071504003889,RADHI,Shree Krishna Securities Ltd.,Sumeru Securities Pvt. Ltd.,100,791.0,79100.0,2025-07-15 11:50:01.086785
2025-07-15,62339,2025071504003965,RADHI,Naasa Securities Co. Ltd.,Linch Stock Market Ltd.,1500,790.1,1185150.0,2025-07-15 11:50:33.156758
2025-07-15,62267,2025071504003979,RADHI,Naasa Securities Co. Ltd.,Sumeru Securities Pvt. Ltd.,203,791.0,160573.0,2025-07-15 11:50:47.785267
2025-07-15,62251,2025071504003984,RADHI,Capital Max Securities Ltd,Linch Stock Market Ltd.,100,790.0,79000.0,2025-07-15 11:50:50.335648
2025-07-15,62250,2025071504003985,RADHI,Capital Max Securities Ltd,Linch Stock Market Ltd.,100,790.0,79000.0,2025-07-15 11:50:50.336003
2025-07-15,62078,2025071504004029,RADHI,Property Wiard Limited,Aryatara Investment & Securities,100,789.3,78930.0,2025-07-15 11:51:32.908594
2025-07-15,62077,2025071504004030,RADHI,SHUBHAKAMANA SECURITIES PVT. LTD,Aryatara Investment & Securities,1290,789.2,1018068.0,2025-07-15 11:51:32.908657
2025-07-15,62034,2025071504004038,RADHI,Kumari Securities Private Limited,Linch Stock Market Ltd.,300,790.0,237000.0,2025-07-15 11:51:40.489660
2025-07-15,62010,2025071504004041,RADHI,SHUBHAKAMANA SECURITIES PVT. LTD,Aryatara Investment & Securities,200,789.2,157840.0,2025-07-15 11:51:46.088262
2025-07-15,61904,2025071504004072,RADHI,SHUBHAKAMANA SECURITIES PVT. LTD,Imperial Securities Company Pvt. Ltd.,500,789.2,394600.0,2025-07-15 11:52:19.473192
2025-07-15,61817,2025071504004115,RADHI,SHUBHAKAMANA SECURITIES PVT. LTD,Sumeru Securities Pvt. Ltd.,500,790.0,395000.0,2025-07-15 11:52:44.849223
2025-07-15,61747,2025071504004132,RADHI,Vision Securities Pvt. Ltd,Sumeru Securities Pvt. Ltd.,500,790.0,395000.0,2025-07-15 11:53:00.323002
2025-07-15,61661,2025071504004167,RADHI,Online Securities Pvt. Ltd.,SUN SECURITIES PVT LTD,500,790.8,395400.0,2025-07-15 11:53:18.340636
2025-07-15,61658,2025071504004169,RADHI,Aryatara Investment & Securities,Sumeru Securities Pvt. Ltd.,300,789.9,236970.0,2025-07-15 11:53:18.695907
2025-07-15,61657,2025071504004170,RADHI,Indira securities pvt. ltd,Sumeru Securities Pvt. Ltd.,400,789.4,315760.0,2025-07-15 11:53:18.696022
2025-07-15,61656,2025071504004171,RADHI,SHUBHAKAMANA SECURITIES PVT. LTD,Sumeru Securities Pvt. Ltd.,10,789.2,7892.0,2025-07-15 11:53:18.696106
2025-07-15,61655,2025071504004172,RADHI,Agrawal Securities (PVT) Ltd.,Sumeru Securities Pvt. Ltd.,2290,788.2,1804978.0,2025-07-15 11:53:18.696214
2025-07-15,61585,2025071504004187,RADHI,Kohinoor Investment & Securities Pvt. Ltd.,Miyo Securities Pvt Ltd,500,790.0,395000.0,2025-07-15 11:53:39.164031
2025-07-15,61552,2025071504004191,RADHI,Dynamic Money Managers Securities Pvt. Ltd.,Sumeru Securities Pvt. Ltd.,1500,789.5,1184250.0,2025-07-15 11:53:46.809971
2025-07-15,61456,2025071504004204,RADHI,Naasa Securities Co. Ltd.,Sumeru Securities Pvt. Ltd.,100,790.0,79000.0,2025-07-15 11:54:09.450073
2025-07-15,61450,2025071504004206,RADHI,Naasa Securities Co. Ltd.,Kumari Securities Private Limited,15,790.0,11850.0,2025-07-15 11:54:12.993427
2025-07-15,61443,2025071504004210,RADHI,Naasa Securities Co. Ltd.,Linch Stock Market Ltd.,385,790.0,304150.0,2025-07-15 11:54:14.453729
2025-07-15,61442,2025071504004211,RADHI,Sumeru Securities Pvt. Ltd.,Linch Stock Market Ltd.,30,789.0,23670.0,2025-07-15 11:54:14.454518
2025-07-15,61441,2025071504004212,RADHI,Dynamic Money Managers Securities Pvt. Ltd.,Linch Stock Market Ltd.,2000,788.3,1576600.0,2025-07-15 11:54:14.455040
2025-07-15,61440,2025071504004213,RADHI,Agrawal Securities (PVT) Ltd.,Linch Stock Market Ltd.,210,788.2,165522.0,2025-07-15 11:54:14.455585
2025-07-15,61439,2025071504004214,RADHI,Sundhara Securities Limited,Linch Stock Market Ltd.,70,788.0,55160.0,2025-07-15 11:54:14.456106
2025-07-15,61438,2025071504004215,RADHI,Kumari Securities Private Limited,Linch Stock Market Ltd.,500,788.0,394000.0,2025-07-15 11:54:14.456626
2025-07-15,61437,2025071504004216,RADHI,Property Wiard Limited,Linch Stock Market Ltd.,305,787.2,240096.0,2025-07-15 11:54:14.457150
2025-07-15,60948,2025071504004346,RADHI,Nepal Stock House (PVT) Ltd.,Bhrikuti Stock Broking Co. Pvt. Ltd.,100,790.0,79000.0,2025-07-15 11:55:24.250769
2025-07-15,60946,2025071504004347,RADHI,Dipshikha Dhitopatra Karobar Co. Pvt Ltd.,J.F. Securites (PVT) Ltd.,100,787.3,78730.0,2025-07-15 11:55:25.582292
2025-07-15,60945,2025071504004348,RADHI,Property Wiard Limited,J.F. Securites (PVT) Ltd.,195,787.2,153504.0,2025-07-15 11:55:25.583173
2025-07-15,60873,2025071504004368,RADHI,Dipshikha Dhitopatra Karobar Co. Pvt Ltd.,Premier Securities Company Ltd.,100,789.0,78900.0,2025-07-15 11:55:46.620985
2025-07-15,60431,2025071504004451,RADHI,SHUBHAKAMANA SECURITIES PVT. LTD,Premier Securities Company Ltd.,137,789.0,108093.0,2025-07-15 11:57:09.392265
2025-07-15,60430,2025071504004452,RADHI,SHUBHAKAMANA SECURITIES PVT. LTD,Sundhara Securities Limited,40,789.0,31560.0,2025-07-15 11:57:09.392999
2025-07-15,60429,2025071504004453,RADHI,SHUBHAKAMANA SECURITIES PVT. LTD,Linch Stock Market Ltd.,500,789.5,394750.0,2025-07-15 11:57:09.393514
2025-07-15,60428,2025071504004454,RADHI,SHUBHAKAMANA SECURITIES PVT. LTD,Bhrikuti Stock Broking Co. Pvt. Ltd.,823,790.0,650170.0,2025-07-15 11:57:09.394015
2025-07-15,60207,2025071504004506,RADHI,Dipshikha Dhitopatra Karobar Co. Pvt Ltd.,Hatemalo Financial Services Private Limited,500,789.0,394500.0,2025-07-15 11:57:52.611648
2025-07-15,60160,2025071504004510,RADHI,Secured Securities Ltd.,Hatemalo Financial Services Private Limited,500,789.0,394500.0,2025-07-15 11:57:57.804934
2025-07-15,60095,2025071504004528,RADHI,Secured Securities Ltd.,Sweta Securities Private Limited,13,789.0,10257.0,2025-07-15 11:58:10.278820
2025-07-15,59943,2025071504004582,RADHI,Secured Securities Ltd.,J.F. Securites (PVT) Ltd.,302,789.0,238278.0,2025-07-15 11:58:39.094252
2025-07-15,59931,2025071504004586,RADHI,SHUBHAKAMANA SECURITIES PVT. LTD,Bhrikuti Stock Broking Co. Pvt. Ltd.,77,790.0,60830.0,2025-07-15 11:58:42.673601
2025-07-15,59930,2025071504004587,RADHI,SHUBHAKAMANA SECURITIES PVT. LTD,Malla & Malla Stock Broking Company Pvt. Limited,100,790.0,79000.0,2025-07-15 11:58:42.673741
2025-07-15,59929,2025071504004588,RADHI,SHUBHAKAMANA SECURITIES PVT. LTD,Kohinoor Investment & Securities Pvt. Ltd.,100,790.0,79000.0,2025-07-15 11:58:42.673821
2025-07-15,59928,2025071504004589,RADHI,SHUBHAKAMANA SECURITIES PVT. LTD,Online Securities Pvt. Ltd.,192,790.0,151680.0,2025-07-15 11:58:42.673895
2025-07-15,59927,2025071504004590,RADHI,SHUBHAKAMANA SECURITIES PVT. LTD,Kohinoor Investment & Securities Pvt. Ltd.,500,790.8,395400.0,2025-07-15 11:58:42.673974
2025-07-15,59926,2025071504004591,RADHI,SHUBHAKAMANA SECURITIES PVT. LTD,Bhrikuti Stock Broking Co. Pvt. Ltd.,10,790.9,7909.0,2025-07-15 11:58:42.674051
2025-07-15,59925,2025071504004592,RADHI,SHUBHAKAMANA SECURITIES PVT. LTD,Sumeru Securities Pvt. Ltd.,75,791.0,59325.0,2025-07-15 11:58:42.674128
2025-07-15,59924,2025071504004593,RADHI,SHUBHAKAMANA SECURITIES PVT. LTD,Miyo Securities Pvt Ltd,300,791.0,237300.0,2025-07-15 11:58:42.674203
2025-07-15,59923,2025071504004594,RADHI,SHUBHAKAMANA SECURITIES PVT. LTD,Naasa Securities Co. Ltd.,34,791.0,26894.0,2025-07-15 11:58:42.674286
2025-07-15,59922,2025071504004595,RADHI,SHUBHAKAMANA SECURITIES PVT. LTD,Miyo Securities Pvt Ltd,225,791.0,177975.0,2025-07-15 11:58:42.674395
2025-07-15,59921,2025071504004596,RADHI,SHUBHAKAMANA SECURITIES PVT. LTD,Bhrikuti Stock Broking Co. Pvt. Ltd.,387,791.0,306117.0,2025-07-15 11:58:42.674513
2025-07-15,59796,2025071504004619,RADHI,SHUBHAKAMANA SECURITIES PVT. LTD,Bhrikuti Stock Broking Co. Pvt. Ltd.,100,791.0,79100.0,2025-07-15 11:59:10.752092
2025-07-15,59710,2025071504004655,RADHI,SHUBHAKAMANA SECURITIES PVT. LTD,Bhrikuti Stock Broking Co. Pvt. Ltd.,510,791.0,403410.0,2025-07-15 11:59:37.843038
2025-07-15,59667,2025071504004665,RADHI,Naasa Securities Co. Ltd.,Miyo Securities Pvt Ltd,430,792.0,340560.0,2025-07-15 11:59:46.926268
2025-07-15,59666,2025071504004666,RADHI,Naasa Securities Co. Ltd.,Miyo Securities Pvt Ltd,300,792.0,237600.0,2025-07-15 11:59:46.926385
2025-07-15,59665,2025071504004667,RADHI,Naasa Securities Co. Ltd.,Miyo Securities Pvt Ltd,500,792.0,396000.0,2025-07-15 11:59:46.926416
2025-07-15,59664,2025071504004668,RADHI,Naasa Securities Co. Ltd.,Imperial Securities Company Pvt. Ltd.,24,792.0,19008.0,2025-07-15 11:59:46.926446
2025-07-15,59663,2025071504004669,RADHI,Naasa Securities Co. Ltd.,Linch Stock Market Ltd.,500,792.0,396000.0,2025-07-15 11:59:46.926472
2025-07-15,59662,2025071504004670,RADHI,Naasa Securities Co. Ltd.,Miyo Securities Pvt Ltd,600,792.1,475260.0,2025-07-15 11:59:46.926499
2025-07-15,59661,2025071504004671,RADHI,Naasa Securities Co. Ltd.,Investment Management Nepal Pvt. Ltd.,120,793.9,95268.0,2025-07-15 11:59:46.926542
2025-07-15,59660,2025071504004672,RADHI,Naasa Securities Co. Ltd.,Miyo Securities Pvt Ltd,1850,794.0,1468900.0,2025-07-15 11:59:46.926568
2025-07-15,59659,2025071504004673,RADHI,Naasa Securities Co. Ltd.,Bhrikuti Stock Broking Co. Pvt. Ltd.,1000,794.0,794000.0,2025-07-15 11:59:46.926594
2025-07-15,59658,2025071504004674,RADHI,Naasa Securities Co. Ltd.,Deevyaa Securities & Stock House Pvt. Ltd,761,795.0,604995.0,2025-07-15 11:59:46.926619
2025-07-15,59657,2025071504004675,RADHI,Naasa Securities Co. Ltd.,Thrive Brokerage House Pvt. Ltd,12,795.0,9540.0,2025-07-15 11:59:46.926648
2025-07-15,59656,2025071504004676,RADHI,Naasa Securities Co. Ltd.,Sanima Securities Limited,500,795.0,397500.0,2025-07-15 11:59:46.926677
2025-07-15,59655,2025071504004677,RADHI,Naasa Securities Co. Ltd.,Opal Securities Investment (PVT) Ltd.,65,795.0,51675.0,2025-07-15 11:59:46.926702
2025-07-15,59654,2025071504004678,RADHI,Naasa Securities Co. Ltd.,Sharepro Securities Private Limited,3338,795.0,2653710.0,2025-07-15 11:59:46.926728
2025-07-15,59636,2025071504004680,RADHI,SHUBHAKAMANA SECURITIES PVT. LTD,Sweta Securities Private Limited,500,792.0,396000.0,2025-07-15 11:59:51.705068
2025-07-15,59352,2025071504004745,RADHI,Blue Chip Securities Ltd,Sumeru Securities Pvt. Ltd.,1000,793.0,793000.0,2025-07-15 12:00:51.829054
2025-07-15,59315,2025071504004754,RADHI,Naasa Securities Co. Ltd.,Siprabi Securities Pvt. Ltd.,15,791.0,11865.0,2025-07-15 12:00:57.948092
2025-07-15,59290,2025071504004760,RADHI,Naasa Securities Co. Ltd.,Opal Securities Investment (PVT) Ltd.,100,791.0,79100.0,2025-07-15 12:01:04.404765
2025-07-15,59210,2025071504004798,RADHI,Sumeru Securities Pvt. Ltd.,Aakashbhairab Securities Ltd.,100,792.0,79200.0,2025-07-15 12:01:20.464079
2025-07-15,59209,2025071504004799,RADHI,Naasa Securities Co. Ltd.,Aakashbhairab Securities Ltd.,385,791.0,304535.0,2025-07-15 12:01:20.464512
2025-07-15,59208,2025071504004800,RADHI,Sri Hari Securities Pvt. Ltd.,Aakashbhairab Securities Ltd.,800,790.0,632000.0,2025-07-15 12:01:20.464684
2025-07-15,59207,2025071504004801,RADHI,Naasa Securities Co. Ltd.,Aakashbhairab Securities Ltd.,715,790.0,564850.0,2025-07-15 12:01:20.464855
2025-07-15,58986,2025071504004881,RADHI,Naasa Securities Co. Ltd.,Sagarmatha Securities Private Limited,285,790.0,225150.0,2025-07-15 12:02:07.785879
2025-07-15,58985,2025071504004882,RADHI,S.P.S.A. Securities Limited,Sagarmatha Securities Private Limited,1000,790.0,790000.0,2025-07-15 12:02:07.786255
2025-07-15,58984,2025071504004883,RADHI,Prabhu Stock Market Limited,Sagarmatha Securities Private Limited,1000,790.0,790000.0,2025-07-15 12:02:07.786444
2025-07-15,58983,2025071504004884,RADHI,Secured Securities Ltd.,Sagarmatha Securities Private Limited,185,789.0,145965.0,2025-07-15 12:02:07.786615
2025-07-15,58982,2025071504004885,RADHI,SHUBHAKAMANA SECURITIES PVT. LTD,Sagarmatha Securities Private Limited,20,789.0,15780.0,2025-07-15 12:02:07.786783
2025-07-15,58981,2025071504004886,RADHI,Naasa Securities Co. Ltd.,Sagarmatha Securities Private Limited,1000,788.1,788100.0,2025-07-15 12:02:07.786958
2025-07-15,58980,2025071504004887,RADHI,Shree Krishna Securities Ltd.,Sagarmatha Securities Private Limited,500,787.4,393700.0,2025-07-15 12:02:07.787123
2025-07-15,58979,2025071504004888,RADHI,Property Wiard Limited,Sagarmatha Securities Private Limited,500,787.2,393600.0,2025-07-15 12:02:07.787289
2025-07-15,58978,2025071504004889,RADHI,Dynamic Money Managers Securities Pvt. Ltd.,Sagarmatha Securities Private Limited,500,787.2,393600.0,2025-07-15 12:02:07.787463
2025-07-15,58977,2025071504004890,RADHI,Property Wiard Limited,Sagarmatha Securities Private Limited,500,787.1,393550.0,2025-07-15 12:02:07.787628
2025-07-15,58976,2025071504004891,RADHI,Property Wiard Limited,Sagarmatha Securities Private Limited,500,787.0,393500.0,2025-07-15 12:02:07.787794
2025-07-15,58975,2025071504004892,RADHI,Property Wiard Limited,Sagarmatha Securities Private Limited,10,787.0,7870.0,2025-07-15 12:02:07.787963
2025-07-15,58637,2025071504005004,RADHI,Property Wiard Limited,Capital Max Securities Ltd,200,787.0,157400.0,2025-07-15 12:03:22.731749
2025-07-15,58457,2025071504005037,RADHI,SHUBHAKAMANA SECURITIES PVT. LTD,Naasa Securities Co. Ltd.,10,792.8,7928.0,2025-07-15 12:04:10.664923
2025-07-15,56954,2025071504005436,RADHI,Capital Max Securities Ltd,Cristal Kanchanjanga Securites Pvt. Ltd.,100,790.0,79000.0,2025-07-15 12:10:52.495713
2025-07-15,56034,2025071504005725,RADHI,Naasa Securities Co. Ltd.,Ashutosh Brokerage & Securities (PVT) Ltd.,500,789.9,394950.0,2025-07-15 12:14:44.168432
2025-07-15,56033,2025071504005726,RADHI,Naasa Securities Co. Ltd.,Sajilo Broker Limited,40,790.0,31600.0,2025-07-15 12:14:44.168851
2025-07-15,56032,2025071504005727,RADHI,Naasa Securities Co. Ltd.,Linch Stock Market Ltd.,500,790.0,395000.0,2025-07-15 12:14:44.169051
2025-07-15,56031,2025071504005728,RADHI,Naasa Securities Co. Ltd.,Bhrikuti Stock Broking Co. Pvt. Ltd.,13,790.0,10270.0,2025-07-15 12:14:44.169242
2025-07-15,56030,2025071504005729,RADHI,Naasa Securities Co. Ltd.,Deevyaa Securities & Stock House Pvt. Ltd,531,790.0,419490.0,2025-07-15 12:14:44.169429
2025-07-15,55806,2025071504005801,RADHI,INDEX SECURITIES LIMITED,Deevyaa Securities & Stock House Pvt. Ltd,100,790.1,79010.0,2025-07-15 12:15:35.435071
2025-07-15,55801,2025071504005803,RADHI,Naasa Securities Co. Ltd.,Sani Securities Company Ltd.,10,790.0,7900.0,2025-07-15 12:15:37.524095
2025-07-15,55800,2025071504005804,RADHI,Naasa Securities Co. Ltd.,Miyo Securities Pvt Ltd,406,790.0,320740.0,2025-07-15 12:15:38.429658
2025-07-15,55799,2025071504005805,RADHI,SHUBHAKAMANA SECURITIES PVT. LTD,Miyo Securities Pvt Ltd,100,788.3,78830.0,2025-07-15 12:15:38.430529
2025-07-15,55798,2025071504005806,RADHI,Linch Stock Market Ltd.,Miyo Securities Pvt Ltd,50,788.3,39415.0,2025-07-15 12:15:38.431111
2025-07-15,55797,2025071504005807,RADHI,Property Wiard Limited,Miyo Securities Pvt Ltd,1000,788.2,788200.0,2025-07-15 12:15:38.431696
2025-07-15,55796,2025071504005808,RADHI,Hatemalo Financial Services Private Limited,Miyo Securities Pvt Ltd,500,788.2,394100.0,2025-07-15 12:15:38.432261
2025-07-15,55795,2025071504005809,RADHI,Linch Stock Market Ltd.,Miyo Securities Pvt Ltd,50,788.1,39405.0,2025-07-15 12:15:38.432820
2025-07-15,55794,2025071504005810,RADHI,Naasa Securities Co. Ltd.,Miyo Securities Pvt Ltd,500,788.1,394050.0,2025-07-15 12:15:38.433416
2025-07-15,55793,2025071504005811,RADHI,Dipshikha Dhitopatra Karobar Co. Pvt Ltd.,Miyo Securities Pvt Ltd,500,788.0,394000.0,2025-07-15 12:15:38.433976
2025-07-15,55792,2025071504005812,RADHI,Himalayan Securities Limited,Miyo Securities Pvt Ltd,394,788.0,310472.0,2025-07-15 12:15:38.434550
2025-07-15,55589,2025071504005878,RADHI,Sharepro Securities Private Limited,Ashutosh Brokerage & Securities (PVT) Ltd.,500,789.9,394950.0,2025-07-15 12:16:18.375239
2025-07-15,55588,2025071504005879,RADHI,Sharepro Securities Private Limited,Imperial Securities Company Pvt. Ltd.,209,790.0,165110.0,2025-07-15 12:16:18.375709
2025-07-15,55587,2025071504005880,RADHI,Sharepro Securities Private Limited,Bhrikuti Stock Broking Co. Pvt. Ltd.,990,790.0,782100.0,2025-07-15 12:16:18.375921
2025-07-15,55586,2025071504005881,RADHI,Sharepro Securities Private Limited,Sumeru Securities Pvt. Ltd.,85,790.0,67150.0,2025-07-15 12:16:18.376121
2025-07-15,55585,2025071504005882,RADHI,Sharepro Securities Private Limited,Deevyaa Securities & Stock House Pvt. Ltd,525,790.1,414802.5,2025-07-15 12:16:18.376380
2025-07-15,55584,2025071504005883,RADHI,Sharepro Securities Private Limited,Miyo Securities Pvt Ltd,2000,791.0,1582000.0,2025-07-15 12:16:18.376601
2025-07-15,55583,2025071504005884,RADHI,Sharepro Securities Private Limited,Deevyaa Securities & Stock House Pvt. Ltd,500,791.0,395500.0,2025-07-15 12:16:18.376825
2025-07-15,55582,2025071504005885,RADHI,Sharepro Securities Private Limited,Linch Stock Market Ltd.,500,791.5,395750.0,2025-07-15 12:16:18.377048
2025-07-15,55581,2025071504005886,RADHI,Sharepro Securities Private Limited,Deevyaa Securities & Stock House Pvt. Ltd,625,791.5,494687.5,2025-07-15 12:16:18.377260
2025-07-15,55580,2025071504005887,RADHI,Sharepro Securities Private Limited,Vision Securities Pvt. Ltd,66,792.0,52272.0,2025-07-15 12:16:18.377480
2025-07-15,55180,2025071504005989,RADHI,Vision Securities Pvt. Ltd,Dynamic Money Managers Securities Pvt. Ltd.,100,790.0,79000.0,2025-07-15 12:17:52.249332
2025-07-15,55081,2025071504006022,RADHI,Sani Securities Company Ltd.,Dipshikha Dhitopatra Karobar Co. Pvt Ltd.,130,790.0,102700.0,2025-07-15 12:18:17.147077
2025-07-15,55080,2025071504006023,RADHI,Sani Securities Company Ltd.,Cristal Kanchanjanga Securites Pvt. Ltd.,200,790.0,158000.0,2025-07-15 12:18:17.147509
2025-07-15,55030,2025071504006034,RADHI,Sani Securities Company Ltd.,Agrawal Securities (PVT) Ltd.,500,790.0,395000.0,2025-07-15 12:18:29.565578
2025-07-15,54905,2025071504006068,RADHI,Machhapuchchhre Securities Limited,Ashutosh Brokerage & Securities (PVT) Ltd.,10,791.9,7919.0,2025-07-15 12:18:52.470073
2025-07-15,54699,2025071504006125,RADHI,Sani Securities Company Ltd.,Nagarik Stock Dealer ,170,790.0,134300.0,2025-07-15 12:19:38.541720
2025-07-15,54698,2025071504006126,RADHI,Sani Securities Company Ltd.,Nagarik Stock Dealer ,30,790.0,23700.0,2025-07-15 12:19:38.542149
2025-07-15,54581,2025071504006155,RADHI,Aakashbhairab Securities Ltd.,Primo Securities (PVT) Ltd.,95,791.5,75192.5,2025-07-15 12:20:07.463614
2025-07-15,54580,2025071504006156,RADHI,Aakashbhairab Securities Ltd.,Arun Securities (PVT) Ltd.,50,791.8,39590.0,2025-07-15 12:20:07.464078
2025-07-15,54579,2025071504006157,RADHI,Aakashbhairab Securities Ltd.,Ashutosh Brokerage & Securities (PVT) Ltd.,355,791.9,281124.5,2025-07-15 12:20:07.464278
2025-07-15,54500,2025071504006187,RADHI,Sani Securities Company Ltd.,Linch Stock Market Ltd.,500,790.0,395000.0,2025-07-15 12:20:25.757692
2025-07-15,54306,2025071504006299,RADHI,Sani Securities Company Ltd.,Naasa Securities Co. Ltd.,30,790.0,23700.0,2025-07-15 12:21:01.659932
2025-07-15,54241,2025071504006334,RADHI,Sani Securities Company Ltd.,Linch Stock Market Ltd.,40,790.0,31600.0,2025-07-15 12:21:19.073062
2025-07-15,54200,2025071504006338,RADHI,Asian Securities Private Ltd.,Linch Stock Market Ltd.,460,790.0,363400.0,2025-07-15 12:21:32.393844
2025-07-15,54199,2025071504006339,RADHI,Asian Securities Private Ltd.,Miyo Securities Pvt Ltd,40,791.0,31640.0,2025-07-15 12:21:32.393944
2025-07-15,53988,2025071504006424,RADHI,Prabhu Stock Market Limited,Miyo Securities Pvt Ltd,500,791.0,395500.0,2025-07-15 12:22:26.570306
2025-07-15,53771,2025071504006495,RADHI,Property Wiard Limited,Miyo Securities Pvt Ltd,460,791.0,363860.0,2025-07-15 12:23:19.754058
2025-07-15,53770,2025071504006496,RADHI,Property Wiard Limited,Online Securities Pvt. Ltd.,10,791.0,7910.0,2025-07-15 12:23:19.755010
2025-07-15,53685,2025071504006521,RADHI,Capital Max Securities Ltd,Ashutosh Brokerage & Securities (PVT) Ltd.,135,791.9,106906.5,2025-07-15 12:23:36.889401
2025-07-15,53684,2025071504006522,RADHI,Capital Max Securities Ltd,Bhrikuti Stock Broking Co. Pvt. Ltd.,500,791.9,395950.0,2025-07-15 12:23:36.889503
2025-07-15,53683,2025071504006523,RADHI,Capital Max Securities Ltd,Vision Securities Pvt. Ltd,134,792.0,106128.0,2025-07-15 12:23:36.889583
2025-07-15,53682,2025071504006524,RADHI,Capital Max Securities Ltd,Naasa Securities Co. Ltd.,115,792.0,91080.0,2025-07-15 12:23:36.889658
2025-07-15,53681,2025071504006525,RADHI,Capital Max Securities Ltd,Cristal Kanchanjanga Securites Pvt. Ltd.,116,792.0,91872.0,2025-07-15 12:23:36.889734
2025-07-15,53656,2025071504006535,RADHI,Capital Max Securities Ltd,Cristal Kanchanjanga Securites Pvt. Ltd.,284,792.0,224928.0,2025-07-15 12:23:45.919277
2025-07-15,53655,2025071504006536,RADHI,Capital Max Securities Ltd,Deevyaa Securities & Stock House Pvt. Ltd,500,792.0,396000.0,2025-07-15 12:23:45.919354
2025-07-15,53654,2025071504006537,RADHI,Capital Max Securities Ltd,Imperial Securities Company Pvt. Ltd.,40,792.0,31680.0,2025-07-15 12:23:45.919381
2025-07-15,53653,2025071504006538,RADHI,Capital Max Securities Ltd,Sani Securities Company Ltd.,400,792.0,316800.0,2025-07-15 12:23:45.919406
2025-07-15,53652,2025071504006539,RADHI,Capital Max Securities Ltd,Naasa Securities Co. Ltd.,50,792.0,39600.0,2025-07-15 12:23:45.919429
2025-07-15,53651,2025071504006540,RADHI,Capital Max Securities Ltd,Magnet Securities and Investment Company Private Limited,300,792.0,237600.0,2025-07-15 12:23:45.919452
2025-07-15,53650,2025071504006541,RADHI,Capital Max Securities Ltd,Nagarik Stock Dealer ,500,792.5,396250.0,2025-07-15 12:23:45.919478
2025-07-15,53649,2025071504006542,RADHI,Capital Max Securities Ltd,Deevyaa Securities & Stock House Pvt. Ltd,625,792.6,495375.0,2025-07-15 12:23:45.919523
2025-07-15,53648,2025071504006543,RADHI,Capital Max Securities Ltd,Naasa Securities Co. Ltd.,60,792.8,47568.0,2025-07-15 12:23:45.919546
2025-07-15,53647,2025071504006544,RADHI,Capital Max Securities Ltd,Deevyaa Securities & Stock House Pvt. Ltd,241,793.0,191113.0,2025-07-15 12:23:45.919573
2025-07-15,53639,2025071504006546,RADHI,Sharepro Securities Private Limited,Deevyaa Securities & Stock House Pvt. Ltd,384,793.0,304512.0,2025-07-15 12:23:49.064228
2025-07-15,53607,2025071504006559,RADHI,Capital Max Securities Ltd,Linch Stock Market Ltd.,500,793.9,396950.0,2025-07-15 12:23:58.976068
2025-07-15,53606,2025071504006560,RADHI,Capital Max Securities Ltd,Sri Hari Securities Pvt. Ltd.,294,793.9,233406.6,2025-07-15 12:23:58.976171
2025-07-15,53605,2025071504006561,RADHI,Capital Max Securities Ltd,Sumeru Securities Pvt. Ltd.,1000,794.0,794000.0,2025-07-15 12:23:58.976268
2025-07-15,53604,2025071504006562,RADHI,Capital Max Securities Ltd,Sharepro Securities Private Limited,206,795.0,163770.0,2025-07-15 12:23:58.976382
2025-07-15,53578,2025071504006575,RADHI,Sharepro Securities Private Limited,Sharepro Securities Private Limited,6000,795.0,4770000.0,2025-07-15 12:24:07.125822
2025-07-15,53477,2025071504006607,RADHI,Neev Securities Pvt. Ltd.,Sharepro Securities Private Limited,1000,795.0,795000.0,2025-07-15 12:24:31.636329
2025-07-15,53332,2025071504006618,RADHI,Capital Max Securities Ltd,Dakshinkali Investment & Securities Pvt. Ltd.,500,794.9,397450.0,2025-07-15 12:24:42.121263
2025-07-15,53194,2025071504006659,RADHI,Aakashbhairab Securities Ltd.,Nepal Investment And Securities Trading Private Limited,90,794.8,71532.0,2025-07-15 12:25:28.358680
2025-07-15,53193,2025071504006660,RADHI,Aakashbhairab Securities Ltd.,South Asian Bulls Pvt. Ltd.,50,794.9,39745.0,2025-07-15 12:25:28.359092
2025-07-15,53192,2025071504006661,RADHI,Aakashbhairab Securities Ltd.,Sharepro Securities Private Limited,1456,795.0,1157520.0,2025-07-15 12:25:28.359284
2025-07-15,53191,2025071504006662,RADHI,Aakashbhairab Securities Ltd.,Nepal Stock House (PVT) Ltd.,200,795.0,159000.0,2025-07-15 12:25:28.359485
2025-07-15,53190,2025071504006663,RADHI,Aakashbhairab Securities Ltd.,Siprabi Securities Pvt. Ltd.,80,795.0,63600.0,2025-07-15 12:25:28.359681
2025-07-15,53189,2025071504006664,RADHI,Aakashbhairab Securities Ltd.,Cristal Kanchanjanga Securites Pvt. Ltd.,100,795.0,79500.0,2025-07-15 12:25:28.359870
2025-07-15,53188,2025071504006665,RADHI,Aakashbhairab Securities Ltd.,N.M.B. SECURITIES LIMITED,24,795.0,19080.0,2025-07-15 12:25:28.360054
2025-07-15,53178,2025071504006668,RADHI,Capital Max Securities Ltd,N.M.B. SECURITIES LIMITED,76,795.0,60420.0,2025-07-15 12:25:32.326181
2025-07-15,53177,2025071504006669,RADHI,Capital Max Securities Ltd,SUN SECURITIES PVT LTD,200,795.0,159000.0,2025-07-15 12:25:32.326684
2025-07-15,53176,2025071504006670,RADHI,Capital Max Securities Ltd,Sani Securities Company Ltd.,224,795.0,178080.0,2025-07-15 12:25:32.326995
2025-07-15,53110,2025071504006685,RADHI,INDEX SECURITIES LIMITED,Sani Securities Company Ltd.,100,795.0,79500.0,2025-07-15 12:25:43.998687
2025-07-15,53033,2025071504006714,RADHI,APPLE SECURITIES PRIVATE LIMITED,Sani Securities Company Ltd.,176,795.0,139920.0,2025-07-15 12:25:59.620125
2025-07-15,53032,2025071504006715,RADHI,APPLE SECURITIES PRIVATE LIMITED,Roadshow securities limited,100,795.0,79500.0,2025-07-15 12:25:59.620623
2025-07-15,53031,2025071504006716,RADHI,APPLE SECURITIES PRIVATE LIMITED,Sumeru Securities Pvt. Ltd.,479,795.0,380805.0,2025-07-15 12:25:59.620871
2025-07-15,53030,2025071504006717,RADHI,APPLE SECURITIES PRIVATE LIMITED,Kumari Securities Private Limited,100,795.0,79500.0,2025-07-15 12:25:59.621089
2025-07-15,53029,2025071504006718,RADHI,APPLE SECURITIES PRIVATE LIMITED,Naasa Securities Co. Ltd.,482,795.9,383623.8,2025-07-15 12:25:59.621273
2025-07-15,53028,2025071504006719,RADHI,APPLE SECURITIES PRIVATE LIMITED,Cristal Kanchanjanga Securites Pvt. Ltd.,2000,796.0,1592000.0,2025-07-15 12:25:59.621553
2025-07-15,53027,2025071504006720,RADHI,APPLE SECURITIES PRIVATE LIMITED,Aryatara Investment & Securities,210,796.0,167160.0,2025-07-15 12:25:59.621853
2025-07-15,53026,2025071504006721,RADHI,APPLE SECURITIES PRIVATE LIMITED,Online Securities Pvt. Ltd.,500,796.0,398000.0,2025-07-15 12:25:59.622037
2025-07-15,53025,2025071504006722,RADHI,APPLE SECURITIES PRIVATE LIMITED,Sumeru Securities Pvt. Ltd.,20,796.0,15920.0,2025-07-15 12:25:59.622214
2025-07-15,53024,2025071504006723,RADHI,APPLE SECURITIES PRIVATE LIMITED,Premier Securities Company Ltd.,200,797.0,159400.0,2025-07-15 12:25:59.622400
2025-07-15,53023,2025071504006724,RADHI,APPLE SECURITIES PRIVATE LIMITED,Himalayan Securities Limited,100,797.0,79700.0,2025-07-15 12:25:59.622579
2025-07-15,53022,2025071504006725,RADHI,APPLE SECURITIES PRIVATE LIMITED,Ashutosh Brokerage & Securities (PVT) Ltd.,100,797.8,79780.0,2025-07-15 12:25:59.622758
2025-07-15,53021,2025071504006726,RADHI,APPLE SECURITIES PRIVATE LIMITED,Deevyaa Securities & Stock House Pvt. Ltd,100,797.9,79790.0,2025-07-15 12:25:59.622969
2025-07-15,53020,2025071504006727,RADHI,APPLE SECURITIES PRIVATE LIMITED,Cristal Kanchanjanga Securites Pvt. Ltd.,433,798.0,345534.0,2025-07-15 12:25:59.623149
2025-07-15,52981,2025071504006747,RADHI,K.B.L. Securities Limited ,Cristal Kanchanjanga Securites Pvt. Ltd.,380,794.9,302062.0,2025-07-15 12:26:09.242358
2025-07-15,52847,2025071504006830,RADHI,Vision Securities Pvt. Ltd,Cristal Kanchanjanga Securites Pvt. Ltd.,20,794.9,15898.0,2025-07-15 12:26:29.084825
2025-07-15,52846,2025071504006831,RADHI,Vision Securities Pvt. Ltd,Cristal Kanchanjanga Securites Pvt. Ltd.,10,798.0,7980.0,2025-07-15 12:26:29.084882
2025-07-15,52789,2025071504006859,RADHI,Asian Securities Private Ltd.,Cristal Kanchanjanga Securites Pvt. Ltd.,700,798.0,558600.0,2025-07-15 12:26:45.461639
2025-07-15,52711,2025071504006894,RADHI,SHUBHAKAMANA SECURITIES PVT. LTD,Cristal Kanchanjanga Securites Pvt. Ltd.,100,798.0,79800.0,2025-07-15 12:27:02.416321
2025-07-15,52595,2025071504006923,RADHI,Midas Stock Broking Company Private Limited,Cristal Kanchanjanga Securites Pvt. Ltd.,500,798.0,399000.0,2025-07-15 12:27:37.550404
2025-07-15,52278,2025071504006995,RADHI,APPLE SECURITIES PRIVATE LIMITED,Cristal Kanchanjanga Securites Pvt. Ltd.,257,798.0,205086.0,2025-07-15 12:28:53.007097
2025-07-15,52277,2025071504006996,RADHI,APPLE SECURITIES PRIVATE LIMITED,Malla & Malla Stock Broking Company Pvt. Limited,380,798.0,303240.0,2025-07-15 12:28:53.007591
2025-07-15,52276,2025071504006997,RADHI,APPLE SECURITIES PRIVATE LIMITED,Kohinoor Investment & Securities Pvt. Ltd.,100,798.0,79800.0,2025-07-15 12:28:53.007863
2025-07-15,52275,2025071504006998,RADHI,APPLE SECURITIES PRIVATE LIMITED,Dakshinkali Investment & Securities Pvt. Ltd.,263,798.9,210110.7,2025-07-15 12:28:53.008101
2025-07-15,52164,2025071504007026,RADHI,Asian Securities Private Ltd.,Naasa Securities Co. Ltd.,500,798.0,399000.0,2025-07-15 12:29:20.373745
2025-07-15,52143,2025071504007030,RADHI,Elite Stock House Limited,Sumeru Securities Pvt. Ltd.,100,796.0,79600.0,2025-07-15 12:29:21.785674
2025-07-15,52090,2025071504007039,RADHI,Elite Stock House Limited,Linch Stock Market Ltd.,150,796.0,119400.0,2025-07-15 12:29:34.834052
2025-07-15,51964,2025071504007063,RADHI,Sundhara Securities Limited,Vision Securities Pvt. Ltd,250,796.0,199000.0,2025-07-15 12:30:02.549135
2025-07-15,51891,2025071504007080,RADHI,Aryatara Investment & Securities,Creative Securities Pvt Ltd,100,792.3,79230.0,2025-07-15 12:30:16.284899
2025-07-15,51795,2025071504007104,RADHI,Kumari Securities Private Limited,K.B.L. Securities Limited ,20,793.0,15860.0,2025-07-15 12:30:45.027342
2025-07-15,51633,2025071504007168,RADHI,Miyo Securities Pvt Ltd,Capital Max Securities Ltd,10,795.0,7950.0,2025-07-15 12:31:23.002999
2025-07-15,51587,2025071504007188,RADHI,K.B.L. Securities Limited ,Capital Max Securities Ltd,10,795.0,7950.0,2025-07-15 12:31:39.218097
2025-07-15,51236,2025071504007310,RADHI,Kumari Securities Private Limited,Deevyaa Securities & Stock House Pvt. Ltd,10,794.0,7940.0,2025-07-15 12:33:14.009218
2025-07-15,51235,2025071504007311,RADHI,Midas Stock Broking Company Private Limited,Deevyaa Securities & Stock House Pvt. Ltd,200,794.0,158800.0,2025-07-15 12:33:14.010087
2025-07-15,51234,2025071504007312,RADHI,Kumari Securities Private Limited,Deevyaa Securities & Stock House Pvt. Ltd,290,793.1,229999.0,2025-07-15 12:33:14.010696
2025-07-15,51139,2025071504007350,RADHI,Kumari Securities Private Limited,Deevyaa Securities & Stock House Pvt. Ltd,500,793.1,396550.0,2025-07-15 12:33:31.060663
2025-07-15,50954,2025071504007407,RADHI,Miyo Securities Pvt Ltd,Capital Max Securities Ltd,10,795.0,7950.0,2025-07-15 12:34:33.561383
2025-07-15,50830,2025071504007432,RADHI,Capital Max Securities Ltd,Capital Max Securities Ltd,20,795.0,15900.0,2025-07-15 12:35:01.272270
2025-07-15,50829,2025071504007433,RADHI,Capital Max Securities Ltd,Miyo Securities Pvt Ltd,100,796.0,79600.0,2025-07-15 12:35:01.272358
2025-07-15,50828,2025071504007434,RADHI,Capital Max Securities Ltd,Miyo Securities Pvt Ltd,150,796.0,119400.0,2025-07-15 12:35:01.272387
2025-07-15,50827,2025071504007435,RADHI,Capital Max Securities Ltd,Arun Securities (PVT) Ltd.,200,796.0,159200.0,2025-07-15 12:35:01.272411
2025-07-15,50826,2025071504007436,RADHI,Capital Max Securities Ltd,Nagarik Stock Dealer ,100,796.8,79680.0,2025-07-15 12:35:01.272437
2025-07-15,50825,2025071504007437,RADHI,Capital Max Securities Ltd,Linch Stock Market Ltd.,500,796.8,398400.0,2025-07-15 12:35:01.272469
2025-07-15,50824,2025071504007438,RADHI,Capital Max Securities Ltd,Linch Stock Market Ltd.,850,796.9,677365.0,2025-07-15 12:35:01.272505
2025-07-15,50823,2025071504007439,RADHI,Capital Max Securities Ltd,Shree Krishna Securities Ltd.,74,797.0,58978.0,2025-07-15 12:35:01.272530
2025-07-15,50770,2025071504007463,RADHI,Naasa Securities Co. Ltd.,Oxford Securities Pvt. Ltd.,2500,795.0,1987500.0,2025-07-15 12:35:18.231836
2025-07-15,50768,2025071504007464,RADHI,Kumari Securities Private Limited,Oxford Securities Pvt. Ltd.,72,795.0,57240.0,2025-07-15 12:35:18.782078
2025-07-15,50759,2025071504007468,RADHI,Kumari Securities Private Limited,Miyo Securities Pvt Ltd,20,795.0,15900.0,2025-07-15 12:35:21.691707
2025-07-15,50659,2025071504007498,RADHI,Kumari Securities Private Limited,Property Wiard Limited,10,795.0,7950.0,2025-07-15 12:35:53.820477
2025-07-15,50523,2025071504007554,RADHI,Naasa Securities Co. Ltd.,Roadshow securities limited,100,797.0,79700.0,2025-07-15 12:36:40.039771
2025-07-15,50522,2025071504007555,RADHI,Naasa Securities Co. Ltd.,Nagarik Stock Dealer ,1000,797.0,797000.0,2025-07-15 12:36:40.040212
2025-07-15,50521,2025071504007556,RADHI,Naasa Securities Co. Ltd.,Miyo Securities Pvt Ltd,2400,797.0,1912800.0,2025-07-15 12:36:40.040418
2025-07-15,50471,2025071504007563,RADHI,Naasa Securities Co. Ltd.,Indira securities pvt. ltd,450,796.9,358605.0,2025-07-15 12:36:53.885590
2025-07-15,50470,2025071504007564,RADHI,Naasa Securities Co. Ltd.,Miyo Securities Pvt Ltd,239,797.0,190483.0,2025-07-15 12:36:53.886206
2025-07-15,50469,2025071504007565,RADHI,Naasa Securities Co. Ltd.,Nepal Stock House (PVT) Ltd.,200,797.0,159400.0,2025-07-15 12:36:53.887063
2025-07-15,50468,2025071504007566,RADHI,Naasa Securities Co. Ltd.,Nagarik Stock Dealer ,111,797.0,88467.0,2025-07-15 12:36:53.887800
2025-07-15,50437,2025071504007581,RADHI,Kumari Securities Private Limited,Nagarik Stock Dealer ,513,797.0,408861.0,2025-07-15 12:36:57.712291
2025-07-15,50436,2025071504007582,RADHI,Kumari Securities Private Limited,Kohinoor Investment & Securities Pvt. Ltd.,250,797.1,199275.0,2025-07-15 12:36:57.713178
2025-07-15,50435,2025071504007583,RADHI,Kumari Securities Private Limited,Sumeru Securities Pvt. Ltd.,100,797.8,79780.0,2025-07-15 12:36:57.713804
2025-07-15,50434,2025071504007584,RADHI,Kumari Securities Private Limited,Garima Securities Limited,300,797.8,239340.0,2025-07-15 12:36:57.714406
2025-07-15,50433,2025071504007585,RADHI,Kumari Securities Private Limited,Shree Krishna Securities Ltd.,500,797.9,398950.0,2025-07-15 12:36:57.714996
2025-07-15,50432,2025071504007586,RADHI,Kumari Securities Private Limited,Garima Securities Limited,337,797.9,268892.3,2025-07-15 12:36:57.715582
2025-07-15,50359,2025071504007620,RADHI,Secured Securities Ltd.,Investment Management Nepal Pvt. Ltd.,100,797.0,79700.0,2025-07-15 12:37:17.507091
2025-07-15,50318,2025071504007634,RADHI,Nabil Stock Dealer Ltd.,Garima Securities Limited,263,797.9,209847.7,2025-07-15 12:37:27.383436
2025-07-15,50317,2025071504007635,RADHI,Nabil Stock Dealer Ltd.,Naasa Securities Co. Ltd.,500,798.0,399000.0,2025-07-15 12:37:27.383874
2025-07-15,50316,2025071504007636,RADHI,Nabil Stock Dealer Ltd.,Garima Securities Limited,237,798.0,189126.0,2025-07-15 12:37:27.384066
2025-07-15,50290,2025071504007649,RADHI,Secured Securities Ltd.,Linch Stock Market Ltd.,500,797.0,398500.0,2025-07-15 12:37:33.983162
2025-07-15,50279,2025071504007651,RADHI,Kumari Securities Private Limited,Garima Securities Limited,88,798.0,70224.0,2025-07-15 12:37:39.900178
2025-07-15,50194,2025071504007698,RADHI,Naasa Securities Co. Ltd.,Nagarik Stock Dealer ,100,797.9,79790.0,2025-07-15 12:38:03.810947
2025-07-15,50193,2025071504007699,RADHI,Naasa Securities Co. Ltd.,Garima Securities Limited,275,798.0,219450.0,2025-07-15 12:38:03.811382
2025-07-15,50192,2025071504007700,RADHI,Naasa Securities Co. Ltd.,Nagarik Stock Dealer ,1000,798.0,798000.0,2025-07-15 12:38:03.811588
