Date,S.N.,Contract ID,Symbol,Buyer Broker,Seller Broker,quantity,rate,amount,transaction_time
2025-07-15,73855,2025071503000031,SADBL,Sani Securities Company Ltd.,Market Securities & Exchange (PVT) Ltd.,290,439.0,127310.0,2025-07-15 11:01:35.712532
2025-07-15,73854,2025071503000032,SADBL,Sani Securities Company Ltd.,Primo Securities (PVT) Ltd.,210,440.0,92400.0,2025-07-15 11:01:35.712574
2025-07-15,73339,2025071503000125,SADBL,NIMB Stock Markets Limited,Market Securities & Exchange (PVT) Ltd.,10,439.0,4390.0,2025-07-15 11:05:04.902077
2025-07-15,73338,2025071503000126,SADBL,NIMB Stock Markets Limited,Aryatara Investment & Securities,20,439.8,8796.0,2025-07-15 11:05:04.902163
2025-07-15,73337,2025071503000127,SADBL,NIMB Stock Markets Limited,Creative Securities Pvt Ltd,20,439.8,8796.0,2025-07-15 11:05:04.902196
2025-07-15,73336,2025071503000128,SADBL,NIMB Stock Markets Limited,Himalayan Securities Limited,950,439.9,417905.0,2025-07-15 11:05:04.902226
2025-07-15,72937,2025071503000239,SADBL,NIMB Stock Markets Limited,Himalayan Securities Limited,388,439.9,170681.2,2025-07-15 11:07:08.285252
2025-07-15,72936,2025071503000240,SADBL,NIMB Stock Markets Limited,Secured Securities Ltd.,612,439.9,269218.8,2025-07-15 11:07:08.285325
2025-07-15,72169,2025071503000361,SADBL,Sri Hari Securities Pvt. Ltd.,Dynamic Money Managers Securities Pvt. Ltd.,1000,439.7,439700.0,2025-07-15 11:10:52.701242
2025-07-15,72168,2025071503000362,SADBL,Sri Hari Securities Pvt. Ltd.,Ashutosh Brokerage & Securities (PVT) Ltd.,1000,439.8,439800.0,2025-07-15 11:10:52.701339
2025-07-15,72167,2025071503000363,SADBL,Sri Hari Securities Pvt. Ltd.,Secured Securities Ltd.,1388,439.9,610581.2,2025-07-15 11:10:52.701382
2025-07-15,72166,2025071503000364,SADBL,Sri Hari Securities Pvt. Ltd.,Primo Securities (PVT) Ltd.,790,440.0,347600.0,2025-07-15 11:10:52.701418
2025-07-15,72165,2025071503000365,SADBL,Sri Hari Securities Pvt. Ltd.,Kumari Securities Private Limited,50,440.0,22000.0,2025-07-15 11:10:52.701457
2025-07-15,72164,2025071503000366,SADBL,Sri Hari Securities Pvt. Ltd.,Online Securities Pvt. Ltd.,772,440.0,339680.0,2025-07-15 11:10:52.701496
2025-07-15,71554,2025071503000491,SADBL,Sani Securities Company Ltd.,Neev Securities Pvt. Ltd.,110,438.0,48180.0,2025-07-15 11:13:41.552938
2025-07-15,70206,2025071503000693,SADBL,Primo Securities (PVT) Ltd.,Nepal Investment And Securities Trading Private Limited,70,439.9,30793.0,2025-07-15 11:18:53.974821
2025-07-15,70205,2025071503000694,SADBL,Primo Securities (PVT) Ltd.,ABC Securities Private Limited,430,439.9,189157.0,2025-07-15 11:18:53.974923
2025-07-15,70063,2025071503000716,SADBL,Midas Stock Broking Company Private Limited,ABC Securities Private Limited,70,439.9,30793.0,2025-07-15 11:19:22.257895
2025-07-15,70062,2025071503000717,SADBL,Midas Stock Broking Company Private Limited,Aryatara Investment & Securities,500,439.9,219950.0,2025-07-15 11:19:22.257993
2025-07-15,70061,2025071503000718,SADBL,Midas Stock Broking Company Private Limited,Online Securities Pvt. Ltd.,228,440.0,100320.0,2025-07-15 11:19:22.258079
2025-07-15,70060,2025071503000719,SADBL,Midas Stock Broking Company Private Limited,Premier Securities Company Ltd.,300,440.0,132000.0,2025-07-15 11:19:22.258125
2025-07-15,70059,2025071503000720,SADBL,Midas Stock Broking Company Private Limited,Sani Securities Company Ltd.,252,440.0,110880.0,2025-07-15 11:19:22.258169
2025-07-15,70058,2025071503000721,SADBL,Midas Stock Broking Company Private Limited,Online Securities Pvt. Ltd.,95,440.0,41800.0,2025-07-15 11:19:22.258211
2025-07-15,70057,2025071503000722,SADBL,Midas Stock Broking Company Private Limited,Primo Securities (PVT) Ltd.,55,440.0,24200.0,2025-07-15 11:19:22.258250
2025-07-15,69866,2025071503000747,SADBL,Sri Hari Securities Pvt. Ltd.,Primo Securities (PVT) Ltd.,566,440.0,249040.0,2025-07-15 11:20:06.240255
2025-07-15,69865,2025071503000748,SADBL,Sri Hari Securities Pvt. Ltd.,ABC Securities Private Limited,200,441.0,88200.0,2025-07-15 11:20:06.240362
2025-07-15,69864,2025071503000749,SADBL,Sri Hari Securities Pvt. Ltd.,Online Securities Pvt. Ltd.,1000,441.0,441000.0,2025-07-15 11:20:06.240408
2025-07-15,69863,2025071503000750,SADBL,Sri Hari Securities Pvt. Ltd.,Nagarik Stock Dealer ,45,441.7,19876.5,2025-07-15 11:20:06.240469
2025-07-15,69862,2025071503000751,SADBL,Sri Hari Securities Pvt. Ltd.,Dynamic Money Managers Securities Pvt. Ltd.,1000,441.8,441800.0,2025-07-15 11:20:06.240515
2025-07-15,69861,2025071503000752,SADBL,Sri Hari Securities Pvt. Ltd.,Secured Securities Ltd.,500,441.9,220950.0,2025-07-15 11:20:06.240556
2025-07-15,69860,2025071503000753,SADBL,Sri Hari Securities Pvt. Ltd.,Kumari Securities Private Limited,100,441.9,44190.0,2025-07-15 11:20:06.240600
2025-07-15,69859,2025071503000754,SADBL,Sri Hari Securities Pvt. Ltd.,Aryatara Investment & Securities,1589,442.0,702338.0,2025-07-15 11:20:06.240645
2025-07-15,69681,2025071503000764,SADBL,Agrawal Securities (PVT) Ltd.,Oxford Securities Pvt. Ltd.,200,440.0,88000.0,2025-07-15 11:20:29.799167
2025-07-15,69671,2025071503000768,SADBL,Sri Hari Securities Pvt. Ltd.,Oxford Securities Pvt. Ltd.,113,440.0,49720.0,2025-07-15 11:20:31.603120
2025-07-15,69670,2025071503000769,SADBL,Sri Hari Securities Pvt. Ltd.,Blue Chip Securities Ltd,887,440.0,390280.0,2025-07-15 11:20:31.603346
2025-07-15,69669,2025071503000770,SADBL,Midas Stock Broking Company Private Limited,Blue Chip Securities Ltd,113,440.0,49720.0,2025-07-15 11:20:32.558012
2025-07-15,69516,2025071503000801,SADBL,Midas Stock Broking Company Private Limited,J.F. Securites (PVT) Ltd.,387,440.0,170280.0,2025-07-15 11:21:06.223745
2025-07-15,69141,2025071503000854,SADBL,Midas Stock Broking Company Private Limited,J.F. Securites (PVT) Ltd.,10,439.8,4398.0,2025-07-15 11:22:24.976230
2025-07-15,68795,2025071503000907,SADBL,Midas Stock Broking Company Private Limited,Sharepro Securities Private Limited,500,438.2,219100.0,2025-07-15 11:23:38.732547
2025-07-15,68794,2025071503000908,SADBL,Midas Stock Broking Company Private Limited,Sharepro Securities Private Limited,500,438.1,219050.0,2025-07-15 11:23:38.732650
2025-07-15,68793,2025071503000909,SADBL,Sani Securities Company Ltd.,Sharepro Securities Private Limited,90,438.0,39420.0,2025-07-15 11:23:38.732722
2025-07-15,68792,2025071503000910,SADBL,Creative Securities Pvt Ltd,Sharepro Securities Private Limited,1000,438.0,438000.0,2025-07-15 11:23:38.732765
2025-07-15,68791,2025071503000911,SADBL,Sri Hari Securities Pvt. Ltd.,Sharepro Securities Private Limited,2000,437.2,874400.0,2025-07-15 11:23:38.732811
2025-07-15,68790,2025071503000912,SADBL,Primo Securities (PVT) Ltd.,Sharepro Securities Private Limited,1910,437.2,835052.0,2025-07-15 11:23:38.732863
2025-07-15,68778,2025071503000913,SADBL,Neev Securities Pvt. Ltd.,Naasa Securities Co. Ltd.,300,440.0,132000.0,2025-07-15 11:23:42.702938
2025-07-15,68492,2025071503000949,SADBL,Sri Hari Securities Pvt. Ltd.,Naasa Securities Co. Ltd.,200,440.0,88000.0,2025-07-15 11:24:48.317584
2025-07-15,68491,2025071503000950,SADBL,Sri Hari Securities Pvt. Ltd.,Linch Stock Market Ltd.,14,440.0,6160.0,2025-07-15 11:24:48.317692
2025-07-15,68490,2025071503000951,SADBL,Sri Hari Securities Pvt. Ltd.,Online Securities Pvt. Ltd.,786,440.0,345840.0,2025-07-15 11:24:48.317743
2025-07-15,68372,2025071503000965,SADBL,J.F. Securites (PVT) Ltd.,Online Securities Pvt. Ltd.,214,440.0,94160.0,2025-07-15 11:25:19.396088
2025-07-15,68371,2025071503000966,SADBL,J.F. Securites (PVT) Ltd.,Naasa Securities Co. Ltd.,1500,441.0,661500.0,2025-07-15 11:25:19.396130
2025-07-15,68370,2025071503000967,SADBL,J.F. Securites (PVT) Ltd.,Naasa Securities Co. Ltd.,1286,441.5,567769.0,2025-07-15 11:25:19.396162
2025-07-15,68342,2025071503000973,SADBL,J.F. Securites (PVT) Ltd.,J.F. Securites (PVT) Ltd.,22,439.9,9677.8,2025-07-15 11:25:28.514283
2025-07-15,68341,2025071503000974,SADBL,J.F. Securites (PVT) Ltd.,Naasa Securities Co. Ltd.,214,441.5,94481.0,2025-07-15 11:25:28.514317
2025-07-15,68340,2025071503000975,SADBL,J.F. Securites (PVT) Ltd.,Naasa Securities Co. Ltd.,1500,441.7,662550.0,2025-07-15 11:25:28.514340
2025-07-15,68339,2025071503000976,SADBL,J.F. Securites (PVT) Ltd.,Aryatara Investment & Securities,1264,442.0,558688.0,2025-07-15 11:25:28.514360
2025-07-15,67453,2025071503001126,SADBL,Dipshikha Dhitopatra Karobar Co. Pvt Ltd.,Sani Securities Company Ltd.,100,438.0,43800.0,2025-07-15 11:29:22.273462
2025-07-15,66295,2025071503001283,SADBL,Sundhara Securities Limited,Oxford Securities Pvt. Ltd.,490,440.0,215600.0,2025-07-15 11:34:33.408931
2025-07-15,66294,2025071503001284,SADBL,Sundhara Securities Limited,Magnet Securities and Investment Company Private Limited,103,440.0,45320.0,2025-07-15 11:34:33.409066
2025-07-15,66293,2025071503001285,SADBL,Sundhara Securities Limited,Nepal Investment And Securities Trading Private Limited,100,440.9,44090.0,2025-07-15 11:34:33.409140
2025-07-15,66292,2025071503001286,SADBL,Sundhara Securities Limited,Primo Securities (PVT) Ltd.,50,441.0,22050.0,2025-07-15 11:34:33.409208
2025-07-15,66291,2025071503001287,SADBL,Sundhara Securities Limited,Aryatara Investment & Securities,1257,441.0,554337.0,2025-07-15 11:34:33.409262
2025-07-15,65185,2025071503001459,SADBL,Sri Hari Securities Pvt. Ltd.,Primo Securities (PVT) Ltd.,50,440.9,22045.0,2025-07-15 11:39:03.554326
2025-07-15,65184,2025071503001460,SADBL,Sri Hari Securities Pvt. Ltd.,Vision Securities Pvt. Ltd,1000,441.0,441000.0,2025-07-15 11:39:03.554506
2025-07-15,65183,2025071503001461,SADBL,Sri Hari Securities Pvt. Ltd.,Vision Securities Pvt. Ltd,1000,441.5,441500.0,2025-07-15 11:39:03.554572
2025-07-15,65182,2025071503001462,SADBL,Sri Hari Securities Pvt. Ltd.,Vision Securities Pvt. Ltd,1000,441.6,441600.0,2025-07-15 11:39:03.554635
2025-07-15,65181,2025071503001463,SADBL,Sri Hari Securities Pvt. Ltd.,Premier Securities Company Ltd.,50,441.6,22080.0,2025-07-15 11:39:03.554692
2025-07-15,65107,2025071503001467,SADBL,Sri Hari Securities Pvt. Ltd.,Thrive Brokerage House Pvt. Ltd,35,441.6,15456.0,2025-07-15 11:39:17.521354
2025-07-15,65040,2025071503001474,SADBL,Sri Hari Securities Pvt. Ltd.,South Asian Bulls Pvt. Ltd.,365,441.6,161184.0,2025-07-15 11:39:29.297100
2025-07-15,64705,2025071503001550,SADBL,Neev Securities Pvt. Ltd.,Agrawal Securities (PVT) Ltd.,200,439.0,87800.0,2025-07-15 11:40:53.159089
2025-07-15,64704,2025071503001551,SADBL,Midas Stock Broking Company Private Limited,Agrawal Securities (PVT) Ltd.,1000,439.0,439000.0,2025-07-15 11:40:53.159260
2025-07-15,63387,2025071503001770,SADBL,Cristal Kanchanjanga Securites Pvt. Ltd.,Sweta Securities Private Limited,100,438.5,43850.0,2025-07-15 11:46:22.813740
2025-07-15,63386,2025071503001771,SADBL,Dipshikha Dhitopatra Karobar Co. Pvt Ltd.,Sweta Securities Private Limited,900,438.3,394470.0,2025-07-15 11:46:22.813896
2025-07-15,63291,2025071503001801,SADBL,Dipshikha Dhitopatra Karobar Co. Pvt Ltd.,Imperial Securities Company Pvt. Ltd.,100,438.3,43830.0,2025-07-15 11:46:47.543865
2025-07-15,63290,2025071503001802,SADBL,Sri Hari Securities Pvt. Ltd.,Imperial Securities Company Pvt. Ltd.,900,438.1,394290.0,2025-07-15 11:46:47.544218
2025-07-15,63238,2025071503001812,SADBL,Sri Hari Securities Pvt. Ltd.,Linch Stock Market Ltd.,600,438.1,262860.0,2025-07-15 11:46:57.924050
2025-07-15,63237,2025071503001813,SADBL,Dipshikha Dhitopatra Karobar Co. Pvt Ltd.,Linch Stock Market Ltd.,400,438.0,175200.0,2025-07-15 11:46:57.924378
2025-07-15,63236,2025071503001814,SADBL,Sri Hari Securities Pvt. Ltd.,Linch Stock Market Ltd.,2000,438.0,876000.0,2025-07-15 11:46:57.924574
2025-07-15,63215,2025071503001816,SADBL,Dynamic Money Managers Securities Pvt. Ltd.,Linch Stock Market Ltd.,2000,438.0,876000.0,2025-07-15 11:47:00.216180
2025-07-15,62690,2025071503001875,SADBL,Midas Stock Broking Company Private Limited,Sani Securities Company Ltd.,10,437.6,4376.0,2025-07-15 11:49:17.032777
2025-07-15,60105,2025071503002350,SADBL,Midas Stock Broking Company Private Limited,Stoxkarts Securities Limited,90,437.7,39393.0,2025-07-15 11:58:09.187188
2025-07-15,59984,2025071503002371,SADBL,Midas Stock Broking Company Private Limited,Stoxkarts Securities Limited,100,437.7,43770.0,2025-07-15 11:58:30.618797
2025-07-15,59901,2025071503002380,SADBL,Midas Stock Broking Company Private Limited,Stoxkarts Securities Limited,100,437.7,43770.0,2025-07-15 11:58:48.676992
2025-07-15,59714,2025071503002434,SADBL,Linch Stock Market Ltd.,Stoxkarts Securities Limited,210,437.7,91917.0,2025-07-15 11:59:34.442004
2025-07-15,58888,2025071503002603,SADBL,Sri Hari Securities Pvt. Ltd.,Kumari Securities Private Limited,26,437.6,11377.6,2025-07-15 12:02:25.453982
2025-07-15,58463,2025071503002683,SADBL,Sri Hari Securities Pvt. Ltd.,Dakshinkali Investment & Securities Pvt. Ltd.,500,437.6,218800.0,2025-07-15 12:04:07.430202
2025-07-15,57424,2025071503002924,SADBL,Dipshikha Dhitopatra Karobar Co. Pvt Ltd.,Creative Securities Pvt Ltd,50,438.0,21900.0,2025-07-15 12:08:31.965884
2025-07-15,57003,2025071503003033,SADBL,Bhrikuti Stock Broking Co. Pvt. Ltd.,Bhrikuti Stock Broking Co. Pvt. Ltd.,6,446.0,2676.0,2025-07-15 12:10:34.864573
2025-07-15,56820,2025071503003073,SADBL,Midas Stock Broking Company Private Limited,Creative Securities Pvt Ltd,25,438.0,10950.0,2025-07-15 12:11:28.614047
2025-07-15,56754,2025071503003092,SADBL,Midas Stock Broking Company Private Limited,Sumeru Securities Pvt. Ltd.,10,439.5,4395.0,2025-07-15 12:11:47.690271
2025-07-15,56340,2025071503003162,SADBL,Primo Securities (PVT) Ltd.,Sumeru Securities Pvt. Ltd.,90,439.5,39555.0,2025-07-15 12:13:26.198682
2025-07-15,54600,2025071503003570,SADBL,Midas Stock Broking Company Private Limited,Naasa Securities Co. Ltd.,14,440.5,6167.0,2025-07-15 12:20:04.191217
2025-07-15,54599,2025071503003571,SADBL,Midas Stock Broking Company Private Limited,Naasa Securities Co. Ltd.,13,440.4,5725.2,2025-07-15 12:20:04.191602
2025-07-15,54598,2025071503003572,SADBL,Midas Stock Broking Company Private Limited,Naasa Securities Co. Ltd.,12,440.3,5283.6,2025-07-15 12:20:04.191830
2025-07-15,54597,2025071503003573,SADBL,Midas Stock Broking Company Private Limited,Naasa Securities Co. Ltd.,11,440.1,4841.1,2025-07-15 12:20:04.192120
2025-07-15,54596,2025071503003574,SADBL,Midas Stock Broking Company Private Limited,Naasa Securities Co. Ltd.,10,440.0,4400.0,2025-07-15 12:20:04.192369
2025-07-15,54128,2025071503003655,SADBL,Kumari Securities Private Limited,Market Securities & Exchange (PVT) Ltd.,100,440.0,44000.0,2025-07-15 12:21:45.493561
2025-07-15,54092,2025071503003661,SADBL,Kumari Securities Private Limited,SUN SECURITIES PVT LTD,100,440.0,44000.0,2025-07-15 12:21:54.375265
2025-07-15,53999,2025071503003677,SADBL,Vision Securities Pvt. Ltd,SUN SECURITIES PVT LTD,1000,440.0,440000.0,2025-07-15 12:22:23.368692
2025-07-15,51244,2025071503004342,SADBL,Online Securities Pvt. Ltd.,SUN SECURITIES PVT LTD,126,440.0,55440.0,2025-07-15 12:33:09.722524
2025-07-15,51243,2025071503004343,SADBL,Online Securities Pvt. Ltd.,Thrive Brokerage House Pvt. Ltd,200,440.0,88000.0,2025-07-15 12:33:09.722902
2025-07-15,51242,2025071503004344,SADBL,Online Securities Pvt. Ltd.,Blue Chip Securities Ltd,174,440.0,76560.0,2025-07-15 12:33:09.723156
2025-07-15,50454,2025071503004550,SADBL,South Asian Bulls Pvt. Ltd.,Trishakti Securities Public Limited,20,439.0,8780.0,2025-07-15 12:36:54.329956
2025-07-15,50232,2025071503004589,SADBL,South Asian Bulls Pvt. Ltd.,Market Securities & Exchange (PVT) Ltd.,100,439.0,43900.0,2025-07-15 12:38:00.571901
2025-07-15,49882,2025071503004613,SADBL,South Asian Bulls Pvt. Ltd.,Property Wiard Limited,200,439.0,87800.0,2025-07-15 12:39:08.340365
2025-07-15,47718,2025071503004995,SADBL,South Asian Bulls Pvt. Ltd.,Nepal Stock House (PVT) Ltd.,153,439.0,67167.0,2025-07-15 12:47:17.064224
2025-07-15,47301,2025071503005072,SADBL,Naasa Securities Co. Ltd.,Market Securities & Exchange (PVT) Ltd.,19,439.9,8358.1,2025-07-15 12:48:34.597204
2025-07-15,46877,2025071503005122,SADBL,South Asian Bulls Pvt. Ltd.,South Asian Bulls Pvt. Ltd.,27,439.0,11853.0,2025-07-15 12:50:06.087099
2025-07-15,46876,2025071503005123,SADBL,Secured Securities Ltd.,South Asian Bulls Pvt. Ltd.,3000,439.0,1317000.0,2025-07-15 12:50:06.087296
2025-07-15,45024,2025071503005449,SADBL,Dakshinkali Investment & Securities Pvt. Ltd.,Market Securities & Exchange (PVT) Ltd.,81,439.9,35631.9,2025-07-15 12:57:20.349670
2025-07-15,45023,2025071503005450,SADBL,Dakshinkali Investment & Securities Pvt. Ltd.,Vision Securities Pvt. Ltd,1000,439.9,439900.0,2025-07-15 12:57:20.350182
2025-07-15,45022,2025071503005451,SADBL,Dakshinkali Investment & Securities Pvt. Ltd.,Blue Chip Securities Ltd,126,440.0,55440.0,2025-07-15 12:57:20.350612
2025-07-15,45021,2025071503005452,SADBL,Dakshinkali Investment & Securities Pvt. Ltd.,Investment Management Nepal Pvt. Ltd.,354,440.0,155760.0,2025-07-15 12:57:20.351100
2025-07-15,45020,2025071503005453,SADBL,Dakshinkali Investment & Securities Pvt. Ltd.,Kumari Securities Private Limited,1000,440.0,440000.0,2025-07-15 12:57:20.351293
2025-07-15,45019,2025071503005454,SADBL,Dakshinkali Investment & Securities Pvt. Ltd.,Thrive Brokerage House Pvt. Ltd,1000,440.0,440000.0,2025-07-15 12:57:20.351418
2025-07-15,42080,2025071503005875,SADBL,Dakshinkali Investment & Securities Pvt. Ltd.,Siprabi Securities Pvt. Ltd.,13,440.0,5720.0,2025-07-15 13:07:27.348658
2025-07-15,42079,2025071503005876,SADBL,Dakshinkali Investment & Securities Pvt. Ltd.,Dakshinkali Investment & Securities Pvt. Ltd.,200,440.0,88000.0,2025-07-15 13:07:27.348876
2025-07-15,42078,2025071503005877,SADBL,Dakshinkali Investment & Securities Pvt. Ltd.,Blue Chip Securities Ltd,1000,440.0,440000.0,2025-07-15 13:07:27.348961
2025-07-15,41799,2025071503005904,SADBL,Sharepro Securities Private Limited,Ashutosh Brokerage & Securities (PVT) Ltd.,1000,440.8,440800.0,2025-07-15 13:08:12.731524
2025-07-15,41649,2025071503005938,SADBL,Sharepro Securities Private Limited,Kumari Securities Private Limited,10,440.9,4409.0,2025-07-15 13:08:50.883465
2025-07-15,41646,2025071503005939,SADBL,Sharepro Securities Private Limited,South Asian Bulls Pvt. Ltd.,100,440.9,44090.0,2025-07-15 13:08:50.883871
2025-07-15,41645,2025071503005940,SADBL,Sharepro Securities Private Limited,Agrawal Securities (PVT) Ltd.,500,441.0,220500.0,2025-07-15 13:08:50.884137
2025-07-15,41644,2025071503005941,SADBL,Sharepro Securities Private Limited,Naasa Securities Co. Ltd.,390,441.0,171990.0,2025-07-15 13:08:50.884368
2025-07-15,40372,2025071503006150,SADBL,Dakshinkali Investment & Securities Pvt. Ltd.,Naasa Securities Co. Ltd.,110,441.0,48510.0,2025-07-15 13:13:00.205056
2025-07-15,40371,2025071503006151,SADBL,Dakshinkali Investment & Securities Pvt. Ltd.,Aryatara Investment & Securities,514,441.0,226674.0,2025-07-15 13:13:00.205286
2025-07-15,40370,2025071503006152,SADBL,Dakshinkali Investment & Securities Pvt. Ltd.,Nepal Investment And Securities Trading Private Limited,118,441.0,52038.0,2025-07-15 13:13:00.205374
2025-07-15,40369,2025071503006153,SADBL,Dakshinkali Investment & Securities Pvt. Ltd.,Naasa Securities Co. Ltd.,130,441.0,57330.0,2025-07-15 13:13:00.205454
2025-07-15,40368,2025071503006154,SADBL,Dakshinkali Investment & Securities Pvt. Ltd.,Vision Securities Pvt. Ltd,40,441.0,17640.0,2025-07-15 13:13:00.205537
2025-07-15,40367,2025071503006155,SADBL,Dakshinkali Investment & Securities Pvt. Ltd.,Blue Chip Securities Ltd,200,441.0,88200.0,2025-07-15 13:13:00.205621
2025-07-15,40366,2025071503006156,SADBL,Dakshinkali Investment & Securities Pvt. Ltd.,Agrawal Securities (PVT) Ltd.,1000,441.0,441000.0,2025-07-15 13:13:00.205700
2025-07-15,40365,2025071503006157,SADBL,Dakshinkali Investment & Securities Pvt. Ltd.,Vision Securities Pvt. Ltd,1000,441.3,441300.0,2025-07-15 13:13:00.205782
2025-07-15,40364,2025071503006158,SADBL,Dakshinkali Investment & Securities Pvt. Ltd.,Vision Securities Pvt. Ltd,1000,441.4,441400.0,2025-07-15 13:13:00.205861
2025-07-15,40348,2025071503006159,SADBL,Pragyan Securities (PVT) Ltd.,Agrawal Securities (PVT) Ltd.,800,440.0,352000.0,2025-07-15 13:13:03.605485
2025-07-15,40134,2025071503006189,SADBL,Dakshinkali Investment & Securities Pvt. Ltd.,Vision Securities Pvt. Ltd,1000,441.5,441500.0,2025-07-15 13:13:43.861899
2025-07-15,39291,2025071503006309,SADBL,Premier Securities Company Ltd.,Primo Securities (PVT) Ltd.,50,441.3,22065.0,2025-07-15 13:16:35.071674
2025-07-15,39170,2025071503006319,SADBL,Sharepro Securities Private Limited,Nepal Stock House (PVT) Ltd.,500,439.3,219650.0,2025-07-15 13:16:57.462394
2025-07-15,38820,2025071503006379,SADBL,Sharepro Securities Private Limited,Nepal Stock House (PVT) Ltd.,500,439.3,219650.0,2025-07-15 13:17:52.326740
2025-07-15,38030,2025071503006493,SADBL,Dakshinkali Investment & Securities Pvt. Ltd.,Miyo Securities Pvt Ltd,986,439.2,433051.2,2025-07-15 13:21:30.901042
2025-07-15,37973,2025071503006504,SADBL,Agrawal Securities (PVT) Ltd.,Sharepro Securities Private Limited,250,439.3,109825.0,2025-07-15 13:21:45.548201
2025-07-15,37972,2025071503006505,SADBL,Dakshinkali Investment & Securities Pvt. Ltd.,Sharepro Securities Private Limited,1000,439.2,439200.0,2025-07-15 13:21:45.548428
2025-07-15,36393,2025071503006783,SADBL,Dakshinkali Investment & Securities Pvt. Ltd.,Dakshinkali Investment & Securities Pvt. Ltd.,5000,440.0,2200000.0,2025-07-15 13:28:26.965403
2025-07-15,35590,2025071503006935,SADBL,Midas Stock Broking Company Private Limited,Primo Securities (PVT) Ltd.,50,440.5,22025.0,2025-07-15 13:31:39.099319
2025-07-15,35589,2025071503006936,SADBL,Midas Stock Broking Company Private Limited,Primo Securities (PVT) Ltd.,50,440.9,22045.0,2025-07-15 13:31:39.099366
2025-07-15,35588,2025071503006937,SADBL,Midas Stock Broking Company Private Limited,MILKY WAY SHARE BROKER COMPANY LTD ,900,440.9,396810.0,2025-07-15 13:31:39.099393
2025-07-15,34433,2025071503007181,SADBL,Midas Stock Broking Company Private Limited,Primo Securities (PVT) Ltd.,50,440.5,22025.0,2025-07-15 13:36:22.357867
2025-07-15,34432,2025071503007182,SADBL,Midas Stock Broking Company Private Limited,Nepal Stock House (PVT) Ltd.,150,440.5,66075.0,2025-07-15 13:36:22.358310
2025-07-15,34322,2025071503007193,SADBL,Secured Securities Ltd.,Nepal Stock House (PVT) Ltd.,50,440.5,22025.0,2025-07-15 13:36:48.646069
2025-07-15,34212,2025071503007208,SADBL,Secured Securities Ltd.,Online Securities Pvt. Ltd.,500,440.9,220450.0,2025-07-15 13:37:17.572977
2025-07-15,32978,2025071503007382,SADBL,Kohinoor Investment & Securities Pvt. Ltd.,Dynamic Money Managers Securities Pvt. Ltd.,200,440.0,88000.0,2025-07-15 13:41:46.764856
2025-07-15,32226,2025071503007504,SADBL,Kalika Securities Pvt. Ltd.,Dynamic Money Managers Securities Pvt. Ltd.,63,440.0,27720.0,2025-07-15 13:44:41.989014
2025-07-15,32225,2025071503007505,SADBL,Kalika Securities Pvt. Ltd.,Midas Stock Broking Company Private Limited,49,440.0,21560.0,2025-07-15 13:44:41.989250
2025-07-15,32224,2025071503007506,SADBL,Kalika Securities Pvt. Ltd.,Sri Hari Securities Pvt. Ltd.,187,440.0,82280.0,2025-07-15 13:44:41.989348
2025-07-15,32223,2025071503007507,SADBL,Kalika Securities Pvt. Ltd.,Primo Securities (PVT) Ltd.,601,440.9,264980.9,2025-07-15 13:44:41.989442
2025-07-15,31252,2025071503007614,SADBL,Secured Securities Ltd.,Nepal Stock House (PVT) Ltd.,50,440.0,22000.0,2025-07-15 13:48:18.685594
2025-07-15,31251,2025071503007615,SADBL,Dakshinkali Investment & Securities Pvt. Ltd.,Nepal Stock House (PVT) Ltd.,14,439.2,6148.8,2025-07-15 13:48:18.685839
2025-07-15,31250,2025071503007616,SADBL,Nagarik Stock Dealer ,Nepal Stock House (PVT) Ltd.,100,439.2,43920.0,2025-07-15 13:48:18.685928
2025-07-15,31249,2025071503007617,SADBL,Nagarik Stock Dealer ,Nepal Stock House (PVT) Ltd.,100,439.2,43920.0,2025-07-15 13:48:18.686013
2025-07-15,31248,2025071503007618,SADBL,ABC Securities Private Limited,Nepal Stock House (PVT) Ltd.,100,439.0,43900.0,2025-07-15 13:48:18.686151
2025-07-15,31247,2025071503007619,SADBL,Dynamic Money Managers Securities Pvt. Ltd.,Nepal Stock House (PVT) Ltd.,50,439.0,21950.0,2025-07-15 13:48:18.686235
2025-07-15,31246,2025071503007620,SADBL,Nagarik Stock Dealer ,Nepal Stock House (PVT) Ltd.,86,439.0,37754.0,2025-07-15 13:48:18.686342
2025-07-15,29063,2025071503007918,SADBL,Linch Stock Market Ltd.,Shree Krishna Securities Ltd.,350,440.0,154000.0,2025-07-15 13:57:39.028505
2025-07-15,28085,2025071503008052,SADBL,Dakshinkali Investment & Securities Pvt. Ltd.,Aryatara Investment & Securities,1100,439.3,483230.0,2025-07-15 14:01:14.925937
2025-07-15,27602,2025071503008102,SADBL,ABC Securities Private Limited,Aryatara Investment & Securities,57,440.0,25080.0,2025-07-15 14:03:05.138142
2025-07-15,27402,2025071503008128,SADBL,Dakshinkali Investment & Securities Pvt. Ltd.,MILKY WAY SHARE BROKER COMPANY LTD ,900,439.3,395370.0,2025-07-15 14:03:53.470616
2025-07-15,27401,2025071503008129,SADBL,Nagarik Stock Dealer ,MILKY WAY SHARE BROKER COMPANY LTD ,109,439.2,47872.8,2025-07-15 14:03:53.470836
2025-07-15,27356,2025071503008136,SADBL,Dakshinkali Investment & Securities Pvt. Ltd.,ABC Securities Private Limited,1000,440.0,440000.0,2025-07-15 14:04:07.876324
2025-07-15,26751,2025071503008209,SADBL,Blue Chip Securities Ltd,Primo Securities (PVT) Ltd.,200,440.5,88100.0,2025-07-15 14:06:30.607631
2025-07-15,26685,2025071503008221,SADBL,Blue Chip Securities Ltd,Primo Securities (PVT) Ltd.,199,440.5,87659.5,2025-07-15 14:06:47.653825
2025-07-15,26684,2025071503008222,SADBL,Blue Chip Securities Ltd,Nepal Stock House (PVT) Ltd.,101,440.5,44490.5,2025-07-15 14:06:47.654033
2025-07-15,26648,2025071503008228,SADBL,Blue Chip Securities Ltd,Nepal Stock House (PVT) Ltd.,300,440.5,132150.0,2025-07-15 14:06:58.689875
2025-07-15,26613,2025071503008235,SADBL,Blue Chip Securities Ltd,Nepal Stock House (PVT) Ltd.,99,440.5,43609.5,2025-07-15 14:07:10.729786
2025-07-15,26612,2025071503008236,SADBL,Blue Chip Securities Ltd,Online Securities Pvt. Ltd.,201,440.6,88560.6,2025-07-15 14:07:10.729995
2025-07-15,26532,2025071503008240,SADBL,Dakshinkali Investment & Securities Pvt. Ltd.,Online Securities Pvt. Ltd.,799,440.6,352039.4,2025-07-15 14:07:31.814487
2025-07-15,26531,2025071503008241,SADBL,Dakshinkali Investment & Securities Pvt. Ltd.,Siprabi Securities Pvt. Ltd.,203,440.7,89462.1,2025-07-15 14:07:31.814695
2025-07-15,26530,2025071503008242,SADBL,Dakshinkali Investment & Securities Pvt. Ltd.,Sani Securities Company Ltd.,500,440.7,220350.0,2025-07-15 14:07:31.814791
2025-07-15,26529,2025071503008243,SADBL,Dakshinkali Investment & Securities Pvt. Ltd.,Naasa Securities Co. Ltd.,40,440.8,17632.0,2025-07-15 14:07:31.814906
2025-07-15,26528,2025071503008244,SADBL,Dakshinkali Investment & Securities Pvt. Ltd.,Market Securities & Exchange (PVT) Ltd.,100,440.9,44090.0,2025-07-15 14:07:31.815034
2025-07-15,26527,2025071503008245,SADBL,Dakshinkali Investment & Securities Pvt. Ltd.,Trishakti Securities Public Limited,1200,441.0,529200.0,2025-07-15 14:07:31.815156
2025-07-15,26526,2025071503008246,SADBL,Dakshinkali Investment & Securities Pvt. Ltd.,Trishakti Securities Public Limited,158,441.0,69678.0,2025-07-15 14:07:31.815252
2025-07-15,26405,2025071503008269,SADBL,Dakshinkali Investment & Securities Pvt. Ltd.,Trishakti Securities Public Limited,242,441.0,106722.0,2025-07-15 14:07:53.062977
2025-07-15,26404,2025071503008270,SADBL,Dakshinkali Investment & Securities Pvt. Ltd.,Naasa Securities Co. Ltd.,345,441.0,152145.0,2025-07-15 14:07:53.063189
2025-07-15,26403,2025071503008271,SADBL,Dakshinkali Investment & Securities Pvt. Ltd.,Dynamic Money Managers Securities Pvt. Ltd.,1000,441.2,441200.0,2025-07-15 14:07:53.063274
2025-07-15,26402,2025071503008272,SADBL,Dakshinkali Investment & Securities Pvt. Ltd.,Vision Securities Pvt. Ltd,1000,441.4,441400.0,2025-07-15 14:07:53.063355
2025-07-15,25991,2025071503008332,SADBL,Dakshinkali Investment & Securities Pvt. Ltd.,Pragyan Securities (PVT) Ltd.,50,441.0,22050.0,2025-07-15 14:09:37.111259
2025-07-15,25990,2025071503008333,SADBL,Dakshinkali Investment & Securities Pvt. Ltd.,Secured Securities Ltd.,71,441.5,31346.5,2025-07-15 14:09:37.111644
2025-07-15,25989,2025071503008334,SADBL,Dakshinkali Investment & Securities Pvt. Ltd.,Dynamic Money Managers Securities Pvt. Ltd.,1000,441.7,441700.0,2025-07-15 14:09:37.111892
2025-07-15,25988,2025071503008335,SADBL,Dakshinkali Investment & Securities Pvt. Ltd.,South Asian Bulls Pvt. Ltd.,179,441.8,79082.2,2025-07-15 14:09:37.112156
2025-07-15,25627,2025071503008370,SADBL,Nagarik Stock Dealer ,South Asian Bulls Pvt. Ltd.,121,441.8,53457.8,2025-07-15 14:10:47.484774
2025-07-15,25626,2025071503008371,SADBL,Nagarik Stock Dealer ,Nepal Stock House (PVT) Ltd.,79,441.8,34902.2,2025-07-15 14:10:47.484991
2025-07-15,25625,2025071503008372,SADBL,Nagarik Stock Dealer ,Dynamic Money Managers Securities Pvt. Ltd.,800,441.9,353520.0,2025-07-15 14:10:47.485099
2025-07-15,25542,2025071503008393,SADBL,Siprabi Securities Pvt. Ltd.,Dynamic Money Managers Securities Pvt. Ltd.,200,441.9,88380.0,2025-07-15 14:11:07.190298
2025-07-15,25541,2025071503008394,SADBL,Siprabi Securities Pvt. Ltd.,Aryatara Investment & Securities,1800,442.0,795600.0,2025-07-15 14:11:07.190523
2025-07-15,25538,2025071503008395,SADBL,Elite Stock House Limited,Aryatara Investment & Securities,347,442.0,153374.0,2025-07-15 14:11:09.255585
2025-07-15,25537,2025071503008396,SADBL,Elite Stock House Limited,Aryatara Investment & Securities,10,442.0,4420.0,2025-07-15 14:11:09.255984
2025-07-15,25536,2025071503008397,SADBL,Elite Stock House Limited,Malla & Malla Stock Broking Company Pvt. Limited,50,442.0,22100.0,2025-07-15 14:11:09.256263
2025-07-15,25535,2025071503008398,SADBL,Elite Stock House Limited,Siprabi Securities Pvt. Ltd.,93,442.0,41106.0,2025-07-15 14:11:09.256504
2025-07-15,25514,2025071503008400,SADBL,Kumari Securities Private Limited,Sanima Securities Limited,10,440.0,4400.0,2025-07-15 14:11:15.350858
2025-07-15,25513,2025071503008401,SADBL,Midas Stock Broking Company Private Limited,Sanima Securities Limited,300,440.0,132000.0,2025-07-15 14:11:15.351287
2025-07-15,25512,2025071503008402,SADBL,Dakshinkali Investment & Securities Pvt. Ltd.,Sanima Securities Limited,490,440.0,215600.0,2025-07-15 14:11:15.351527
2025-07-15,25442,2025071503008418,SADBL,Nagarik Stock Dealer ,Vision Securities Pvt. Ltd,150,442.0,66300.0,2025-07-15 14:11:27.608828
2025-07-15,24999,2025071503008501,SADBL,Vision Securities Pvt. Ltd,Vision Securities Pvt. Ltd,350,442.0,154700.0,2025-07-15 14:12:42.118195
2025-07-15,24998,2025071503008502,SADBL,Vision Securities Pvt. Ltd,Kohinoor Investment & Securities Pvt. Ltd.,130,442.0,57460.0,2025-07-15 14:12:42.118370
2025-07-15,24997,2025071503008503,SADBL,Vision Securities Pvt. Ltd,Agrawal Securities (PVT) Ltd.,20,442.0,8840.0,2025-07-15 14:12:42.118453
2025-07-15,24311,2025071503008596,SADBL,Aryatara Investment & Securities,Secured Securities Ltd.,1129,441.0,497889.0,2025-07-15 14:14:38.225457
2025-07-15,23987,2025071503008637,SADBL,Kohinoor Investment & Securities Pvt. Ltd.,MILKY WAY SHARE BROKER COMPANY LTD ,500,440.1,220050.0,2025-07-15 14:15:37.325316
2025-07-15,23986,2025071503008638,SADBL,Dakshinkali Investment & Securities Pvt. Ltd.,MILKY WAY SHARE BROKER COMPANY LTD ,4500,440.0,1980000.0,2025-07-15 14:15:37.325542
2025-07-15,23467,2025071503008720,SADBL,Dakshinkali Investment & Securities Pvt. Ltd.,Dakshinkali Investment & Securities Pvt. Ltd.,1000,441.0,441000.0,2025-07-15 14:17:20.681568
2025-07-15,23466,2025071503008721,SADBL,Dakshinkali Investment & Securities Pvt. Ltd.,Agrawal Securities (PVT) Ltd.,980,442.0,433160.0,2025-07-15 14:17:20.681766
2025-07-15,23465,2025071503008722,SADBL,Dakshinkali Investment & Securities Pvt. Ltd.,Sundhara Securities Limited,100,442.0,44200.0,2025-07-15 14:17:20.681870
2025-07-15,23464,2025071503008723,SADBL,Dakshinkali Investment & Securities Pvt. Ltd.,Sri Hari Securities Pvt. Ltd.,1000,442.0,442000.0,2025-07-15 14:17:20.681953
2025-07-15,23463,2025071503008724,SADBL,Dakshinkali Investment & Securities Pvt. Ltd.,Asian Securities Private Ltd.,129,442.0,57018.0,2025-07-15 14:17:20.682041
2025-07-15,23462,2025071503008725,SADBL,Dakshinkali Investment & Securities Pvt. Ltd.,Agrawal Securities (PVT) Ltd.,500,442.0,221000.0,2025-07-15 14:17:20.682121
2025-07-15,23461,2025071503008726,SADBL,Dakshinkali Investment & Securities Pvt. Ltd.,Bhrikuti Stock Broking Co. Pvt. Ltd.,100,442.0,44200.0,2025-07-15 14:17:20.682208
2025-07-15,23460,2025071503008727,SADBL,Dakshinkali Investment & Securities Pvt. Ltd.,Neev Securities Pvt. Ltd.,50,442.0,22100.0,2025-07-15 14:17:20.682286
2025-07-15,23459,2025071503008728,SADBL,Dakshinkali Investment & Securities Pvt. Ltd.,Sewa Securities Pvt. Ltd.,14,443.0,6202.0,2025-07-15 14:17:20.682383
2025-07-15,23458,2025071503008729,SADBL,Dakshinkali Investment & Securities Pvt. Ltd.,Online Securities Pvt. Ltd.,1000,443.0,443000.0,2025-07-15 14:17:20.682467
2025-07-15,23457,2025071503008730,SADBL,Dakshinkali Investment & Securities Pvt. Ltd.,Dipshikha Dhitopatra Karobar Co. Pvt Ltd.,25,443.0,11075.0,2025-07-15 14:17:20.682544
2025-07-15,23314,2025071503008749,SADBL,Dakshinkali Investment & Securities Pvt. Ltd.,Secured Securities Ltd.,102,443.0,45186.0,2025-07-15 14:17:42.007830
2025-07-15,23043,2025071503008789,SADBL,Secured Securities Ltd.,Kumari Securities Private Limited,10,441.9,4419.0,2025-07-15 14:18:46.778956
2025-07-15,23042,2025071503008790,SADBL,Secured Securities Ltd.,Secured Securities Ltd.,27,442.0,11934.0,2025-07-15 14:18:46.779355
2025-07-15,22871,2025071503008830,SADBL,Vision Securities Pvt. Ltd,Kumari Securities Private Limited,50,443.7,22185.0,2025-07-15 14:19:18.527768
2025-07-15,22870,2025071503008831,SADBL,Vision Securities Pvt. Ltd,Premier Securities Company Ltd.,50,443.8,22190.0,2025-07-15 14:19:18.528176
2025-07-15,22869,2025071503008832,SADBL,Vision Securities Pvt. Ltd,Thrive Brokerage House Pvt. Ltd,260,444.0,115440.0,2025-07-15 14:19:18.528493
2025-07-15,22868,2025071503008833,SADBL,Vision Securities Pvt. Ltd,Capital Hub P. Ltd,140,444.0,62160.0,2025-07-15 14:19:18.528831
2025-07-15,22764,2025071503008848,SADBL,Agrawal Securities (PVT) Ltd.,Capital Hub P. Ltd,250,444.0,111000.0,2025-07-15 14:19:39.529411
2025-07-15,22615,2025071503008877,SADBL,Naasa Securities Co. Ltd.,Capital Hub P. Ltd,610,444.0,270840.0,2025-07-15 14:20:10.686939
2025-07-15,22614,2025071503008878,SADBL,Naasa Securities Co. Ltd.,SHUBHAKAMANA SECURITIES PVT. LTD,249,444.0,110556.0,2025-07-15 14:20:10.687214
2025-07-15,22613,2025071503008879,SADBL,Naasa Securities Co. Ltd.,SHUBHAKAMANA SECURITIES PVT. LTD,40,444.0,17760.0,2025-07-15 14:20:10.687301
2025-07-15,22612,2025071503008880,SADBL,Naasa Securities Co. Ltd.,SHUBHAKAMANA SECURITIES PVT. LTD,20,444.0,8880.0,2025-07-15 14:20:10.687383
2025-07-15,22611,2025071503008881,SADBL,Naasa Securities Co. Ltd.,Sumeru Securities Pvt. Ltd.,20,444.0,8880.0,2025-07-15 14:20:10.687488
2025-07-15,22610,2025071503008882,SADBL,Naasa Securities Co. Ltd.,Sundhara Securities Limited,61,444.0,27084.0,2025-07-15 14:20:10.687612
2025-07-15,22581,2025071503008891,SADBL,Vision Securities Pvt. Ltd,Vision Securities Pvt. Ltd,1000,442.1,442100.0,2025-07-15 14:20:19.790788
2025-07-15,22468,2025071503008905,SADBL,Agrawal Securities (PVT) Ltd.,Vision Securities Pvt. Ltd,200,442.1,88420.0,2025-07-15 14:20:42.100821
2025-07-15,22467,2025071503008906,SADBL,Secured Securities Ltd.,Vision Securities Pvt. Ltd,2250,442.1,994725.0,2025-07-15 14:20:42.100926
2025-07-15,22311,2025071503008920,SADBL,Kumari Securities Private Limited,Agrawal Securities (PVT) Ltd.,1000,442.2,442200.0,2025-07-15 14:21:11.591518
2025-07-15,21812,2025071503009025,SADBL,Kumari Securities Private Limited,Agrawal Securities (PVT) Ltd.,1000,442.3,442300.0,2025-07-15 14:23:03.556992
2025-07-15,21629,2025071503009074,SADBL,Agrawal Securities (PVT) Ltd.,Linch Stock Market Ltd.,300,443.1,132930.0,2025-07-15 14:23:29.612614
2025-07-15,21628,2025071503009075,SADBL,Kohinoor Investment & Securities Pvt. Ltd.,Linch Stock Market Ltd.,22200,443.0,9834600.0,2025-07-15 14:23:29.612812
2025-07-15,20794,2025071503009257,SADBL,Secured Securities Ltd.,Dakshinkali Investment & Securities Pvt. Ltd.,1000,443.3,443300.0,2025-07-15 14:25:42.926712
2025-07-15,20641,2025071503009280,SADBL,Secured Securities Ltd.,J.F. Securites (PVT) Ltd.,25,443.9,11097.5,2025-07-15 14:26:07.548954
2025-07-15,20640,2025071503009281,SADBL,Secured Securities Ltd.,Sundhara Securities Limited,39,444.0,17316.0,2025-07-15 14:26:07.549180
2025-07-15,20639,2025071503009282,SADBL,Secured Securities Ltd.,Sharepro Securities Private Limited,976,444.5,433832.0,2025-07-15 14:26:07.549268
2025-07-15,20638,2025071503009283,SADBL,Secured Securities Ltd.,Sharepro Securities Private Limited,173,444.5,76898.5,2025-07-15 14:26:07.549352
2025-07-15,20500,2025071503009291,SADBL,NIMB Stock Markets Limited,Sharepro Securities Private Limited,149,444.5,66230.5,2025-07-15 14:26:25.761246
2025-07-15,20499,2025071503009292,SADBL,NIMB Stock Markets Limited,Sharepro Securities Private Limited,124,444.5,55118.0,2025-07-15 14:26:25.761442
2025-07-15,20498,2025071503009293,SADBL,NIMB Stock Markets Limited,Sharepro Securities Private Limited,50,444.5,22225.0,2025-07-15 14:26:25.761524
2025-07-15,20497,2025071503009294,SADBL,NIMB Stock Markets Limited,Kumari Securities Private Limited,36,444.9,16016.4,2025-07-15 14:26:25.761608
2025-07-15,20496,2025071503009295,SADBL,NIMB Stock Markets Limited,Online Securities Pvt. Ltd.,641,444.9,285180.9,2025-07-15 14:26:25.761689
2025-07-15,20472,2025071503009303,SADBL,ABC Securities Private Limited,Online Securities Pvt. Ltd.,359,444.9,159719.1,2025-07-15 14:26:28.474827
2025-07-15,20471,2025071503009304,SADBL,ABC Securities Private Limited,Secured Securities Ltd.,303,444.9,134804.7,2025-07-15 14:26:28.474865
2025-07-15,20470,2025071503009305,SADBL,ABC Securities Private Limited,Agrawal Securities (PVT) Ltd.,338,445.0,150410.0,2025-07-15 14:26:28.474908
2025-07-15,20452,2025071503009314,SADBL,APPLE SECURITIES PRIVATE LIMITED,Agrawal Securities (PVT) Ltd.,1000,445.0,445000.0,2025-07-15 14:26:32.204924
2025-07-15,20440,2025071503009315,SADBL,Dakshinkali Investment & Securities Pvt. Ltd.,Agrawal Securities (PVT) Ltd.,662,445.0,294590.0,2025-07-15 14:26:34.521254
2025-07-15,20439,2025071503009316,SADBL,Dakshinkali Investment & Securities Pvt. Ltd.,ABC Securities Private Limited,838,445.0,372910.0,2025-07-15 14:26:34.521441
2025-07-15,20401,2025071503009328,SADBL,Naasa Securities Co. Ltd.,ABC Securities Private Limited,550,445.0,244750.0,2025-07-15 14:26:41.554163
2025-07-15,20251,2025071503009361,SADBL,SUN SECURITIES PVT LTD,ABC Securities Private Limited,112,445.0,49840.0,2025-07-15 14:27:04.138630
2025-07-15,20250,2025071503009362,SADBL,SUN SECURITIES PVT LTD,Sani Securities Company Ltd.,250,445.0,111250.0,2025-07-15 14:27:04.138689
2025-07-15,20249,2025071503009363,SADBL,SUN SECURITIES PVT LTD,Dipshikha Dhitopatra Karobar Co. Pvt Ltd.,200,445.0,89000.0,2025-07-15 14:27:04.138741
2025-07-15,20248,2025071503009364,SADBL,SUN SECURITIES PVT LTD,Asian Securities Private Ltd.,200,445.0,89000.0,2025-07-15 14:27:04.138772
2025-07-15,20247,2025071503009365,SADBL,SUN SECURITIES PVT LTD,Opal Securities Investment (PVT) Ltd.,100,445.0,44500.0,2025-07-15 14:27:04.138796
2025-07-15,20246,2025071503009366,SADBL,SUN SECURITIES PVT LTD,Opal Securities Investment (PVT) Ltd.,17,445.0,7565.0,2025-07-15 14:27:04.138823
2025-07-15,20245,2025071503009367,SADBL,SUN SECURITIES PVT LTD,Opal Securities Investment (PVT) Ltd.,41,445.0,18245.0,2025-07-15 14:27:04.138852
2025-07-15,20244,2025071503009368,SADBL,SUN SECURITIES PVT LTD,Opal Securities Investment (PVT) Ltd.,124,445.0,55180.0,2025-07-15 14:27:04.138878
2025-07-15,20243,2025071503009369,SADBL,SUN SECURITIES PVT LTD,Opal Securities Investment (PVT) Ltd.,36,445.0,16020.0,2025-07-15 14:27:04.138921
2025-07-15,20242,2025071503009370,SADBL,SUN SECURITIES PVT LTD,Opal Securities Investment (PVT) Ltd.,51,445.0,22695.0,2025-07-15 14:27:04.138945
2025-07-15,20241,2025071503009371,SADBL,SUN SECURITIES PVT LTD,Opal Securities Investment (PVT) Ltd.,1018,445.0,453010.0,2025-07-15 14:27:04.138971
2025-07-15,20240,2025071503009372,SADBL,SUN SECURITIES PVT LTD,ABC Securities Private Limited,500,445.0,222500.0,2025-07-15 14:27:04.138995
2025-07-15,20239,2025071503009373,SADBL,SUN SECURITIES PVT LTD,Sweta Securities Private Limited,250,445.0,111250.0,2025-07-15 14:27:04.139019
2025-07-15,20238,2025071503009374,SADBL,SUN SECURITIES PVT LTD,Aryatara Investment & Securities,457,445.0,203365.0,2025-07-15 14:27:04.139054
2025-07-15,20237,2025071503009375,SADBL,SUN SECURITIES PVT LTD,Midas Stock Broking Company Private Limited,11,445.0,4895.0,2025-07-15 14:27:04.139079
2025-07-15,20236,2025071503009376,SADBL,SUN SECURITIES PVT LTD,Nagarik Stock Dealer ,12,445.0,5340.0,2025-07-15 14:27:04.139107
2025-07-15,20235,2025071503009377,SADBL,SUN SECURITIES PVT LTD,Naasa Securities Co. Ltd.,77,445.0,34265.0,2025-07-15 14:27:04.139132
2025-07-15,20234,2025071503009378,SADBL,SUN SECURITIES PVT LTD,Imperial Securities Company Pvt. Ltd.,591,445.0,262995.0,2025-07-15 14:27:04.139157
2025-07-15,20233,2025071503009379,SADBL,SUN SECURITIES PVT LTD,Online Securities Pvt. Ltd.,184,445.0,81880.0,2025-07-15 14:27:04.139181
2025-07-15,20232,2025071503009380,SADBL,SUN SECURITIES PVT LTD,Sundhara Securities Limited,100,445.0,44500.0,2025-07-15 14:27:04.139207
2025-07-15,20231,2025071503009381,SADBL,SUN SECURITIES PVT LTD,Market Securities & Exchange (PVT) Ltd.,10,445.0,4450.0,2025-07-15 14:27:04.139231
2025-07-15,20230,2025071503009382,SADBL,SUN SECURITIES PVT LTD,Vision Securities Pvt. Ltd,200,445.0,89000.0,2025-07-15 14:27:04.139257
2025-07-15,20229,2025071503009383,SADBL,SUN SECURITIES PVT LTD,Sweta Securities Private Limited,300,445.0,133500.0,2025-07-15 14:27:04.139281
2025-07-15,20228,2025071503009384,SADBL,SUN SECURITIES PVT LTD,Nepal Stock House (PVT) Ltd.,159,445.0,70755.0,2025-07-15 14:27:04.139301
2025-07-15,20215,2025071503009391,SADBL,Sri Hari Securities Pvt. Ltd.,Nepal Stock House (PVT) Ltd.,841,445.0,374245.0,2025-07-15 14:27:05.049237
2025-07-15,20080,2025071503009408,SADBL,Sani Securities Company Ltd.,Sumeru Securities Pvt. Ltd.,29,445.2,12910.8,2025-07-15 14:27:23.142533
2025-07-15,20079,2025071503009409,SADBL,Sani Securities Company Ltd.,Sweta Securities Private Limited,171,445.5,76180.5,2025-07-15 14:27:23.142715
2025-07-15,19967,2025071503009429,SADBL,Sri Hari Securities Pvt. Ltd.,Naasa Securities Co. Ltd.,100,445.0,44500.0,2025-07-15 14:27:36.938452
2025-07-15,19964,2025071503009431,SADBL,Dipshikha Dhitopatra Karobar Co. Pvt Ltd.,Sweta Securities Private Limited,329,445.5,146569.5,2025-07-15 14:27:37.880120
2025-07-15,19915,2025071503009439,SADBL,Kohinoor Investment & Securities Pvt. Ltd.,Linch Stock Market Ltd.,1000,445.9,445900.0,2025-07-15 14:27:46.681974
2025-07-15,19851,2025071503009451,SADBL,Kumari Securities Private Limited,Linch Stock Market Ltd.,100,445.9,44590.0,2025-07-15 14:28:00.943791
2025-07-15,19739,2025071503009471,SADBL,Sumeru Securities Pvt. Ltd.,Linch Stock Market Ltd.,500,445.9,222950.0,2025-07-15 14:28:20.835439
2025-07-15,19730,2025071503009472,SADBL,Dakshinkali Investment & Securities Pvt. Ltd.,Linch Stock Market Ltd.,20,445.9,8918.0,2025-07-15 14:28:22.928870
2025-07-15,19694,2025071503009477,SADBL,Sani Securities Company Ltd.,Linch Stock Market Ltd.,320,445.9,142688.0,2025-07-15 14:28:32.127892
2025-07-15,19660,2025071503009494,SADBL,Sumeru Securities Pvt. Ltd.,Linch Stock Market Ltd.,500,445.9,222950.0,2025-07-15 14:28:34.965846
2025-07-15,19656,2025071503009495,SADBL,Sweta Securities Private Limited,Linch Stock Market Ltd.,60,445.9,26754.0,2025-07-15 14:28:35.973245
2025-07-15,19586,2025071503009506,SADBL,Sri Hari Securities Pvt. Ltd.,Agrawal Securities (PVT) Ltd.,100,446.0,44600.0,2025-07-15 14:28:48.178288
2025-07-15,19585,2025071503009507,SADBL,Sri Hari Securities Pvt. Ltd.,Trishakti Securities Public Limited,50,446.0,22300.0,2025-07-15 14:28:48.178506
2025-07-15,19584,2025071503009508,SADBL,Sri Hari Securities Pvt. Ltd.,Dipshikha Dhitopatra Karobar Co. Pvt Ltd.,25,446.0,11150.0,2025-07-15 14:28:48.178605
2025-07-15,19583,2025071503009509,SADBL,Sri Hari Securities Pvt. Ltd.,Dakshinkali Investment & Securities Pvt. Ltd.,500,446.0,223000.0,2025-07-15 14:28:48.178676
2025-07-15,19582,2025071503009510,SADBL,Sri Hari Securities Pvt. Ltd.,Kohinoor Investment & Securities Pvt. Ltd.,100,446.4,44640.0,2025-07-15 14:28:48.178745
2025-07-15,19581,2025071503009511,SADBL,Sri Hari Securities Pvt. Ltd.,Dynamic Money Managers Securities Pvt. Ltd.,2284,446.7,1020262.8,2025-07-15 14:28:48.178816
2025-07-15,19566,2025071503009512,SADBL,Sweta Securities Private Limited,Kumari Securities Private Limited,10,445.9,4459.0,2025-07-15 14:28:50.821918
2025-07-15,19539,2025071503009523,SADBL,Sweta Securities Private Limited,Deevyaa Securities & Stock House Pvt. Ltd,100,445.9,44590.0,2025-07-15 14:28:55.820340
2025-07-15,19365,2025071503009553,SADBL,Imperial Securities Company Pvt. Ltd.,Kumari Securities Private Limited,10,446.5,4465.0,2025-07-15 14:29:22.287766
2025-07-15,19364,2025071503009554,SADBL,Imperial Securities Company Pvt. Ltd.,Dynamic Money Managers Securities Pvt. Ltd.,490,446.7,218883.0,2025-07-15 14:29:22.288153
2025-07-15,19126,2025071503009606,SADBL,Dipshikha Dhitopatra Karobar Co. Pvt Ltd.,Neev Securities Pvt. Ltd.,300,446.5,133950.0,2025-07-15 14:29:55.307671
2025-07-15,18953,2025071503009640,SADBL,Dakshinkali Investment & Securities Pvt. Ltd.,Neev Securities Pvt. Ltd.,30,446.5,13395.0,2025-07-15 14:30:23.553106
2025-07-15,18952,2025071503009641,SADBL,Dakshinkali Investment & Securities Pvt. Ltd.,Dynamic Money Managers Securities Pvt. Ltd.,226,446.7,100954.2,2025-07-15 14:30:23.553303
2025-07-15,18951,2025071503009642,SADBL,Dakshinkali Investment & Securities Pvt. Ltd.,Ashutosh Brokerage & Securities (PVT) Ltd.,733,446.7,327431.1,2025-07-15 14:30:23.553380
2025-07-15,18950,2025071503009643,SADBL,Dakshinkali Investment & Securities Pvt. Ltd.,Sani Securities Company Ltd.,10,446.7,4467.0,2025-07-15 14:30:23.553449
2025-07-15,18882,2025071503009652,SADBL,Sani Securities Company Ltd.,Deevyaa Securities & Stock House Pvt. Ltd,50,446.7,22335.0,2025-07-15 14:30:37.824787
2025-07-15,18881,2025071503009653,SADBL,Sani Securities Company Ltd.,Ashutosh Brokerage & Securities (PVT) Ltd.,25,446.9,11172.5,2025-07-15 14:30:37.825017
2025-07-15,18880,2025071503009654,SADBL,Sani Securities Company Ltd.,Deevyaa Securities & Stock House Pvt. Ltd,100,446.9,44690.0,2025-07-15 14:30:37.825099
2025-07-15,18879,2025071503009655,SADBL,Sani Securities Company Ltd.,Agrawal Securities (PVT) Ltd.,50,447.0,22350.0,2025-07-15 14:30:37.825168
2025-07-15,18878,2025071503009656,SADBL,Sani Securities Company Ltd.,Vision Securities Pvt. Ltd,120,447.0,53640.0,2025-07-15 14:30:37.825238
2025-07-15,18877,2025071503009657,SADBL,Sani Securities Company Ltd.,Linch Stock Market Ltd.,50,447.0,22350.0,2025-07-15 14:30:37.825306
2025-07-15,18876,2025071503009658,SADBL,Sani Securities Company Ltd.,Aryatara Investment & Securities,80,447.0,35760.0,2025-07-15 14:30:37.825371
2025-07-15,18875,2025071503009659,SADBL,Sani Securities Company Ltd.,Kumari Securities Private Limited,194,447.0,86718.0,2025-07-15 14:30:37.825438
2025-07-15,18874,2025071503009660,SADBL,Sani Securities Company Ltd.,Sipla Securities Private Limited,500,447.0,223500.0,2025-07-15 14:30:37.825505
2025-07-15,18873,2025071503009661,SADBL,Sani Securities Company Ltd.,Online Securities Pvt. Ltd.,831,447.0,371457.0,2025-07-15 14:30:37.825582
2025-07-15,18828,2025071503009670,SADBL,BHOLE GANESH SECURITIES LTD,Kumari Securities Private Limited,20,446.5,8930.0,2025-07-15 14:30:48.111446
2025-07-15,18827,2025071503009671,SADBL,BHOLE GANESH SECURITIES LTD,Online Securities Pvt. Ltd.,80,447.0,35760.0,2025-07-15 14:30:48.111546
2025-07-15,18742,2025071503009681,SADBL,Aryatara Investment & Securities,Neev Securities Pvt. Ltd.,100,446.0,44600.0,2025-07-15 14:31:03.407177
2025-07-15,18579,2025071503009709,SADBL,Sweta Securities Private Limited,Neev Securities Pvt. Ltd.,249,445.9,111029.1,2025-07-15 14:31:28.616902
2025-07-15,18113,2025071503009792,SADBL,Sweta Securities Private Limited,Sani Securities Company Ltd.,77,445.9,34334.3,2025-07-15 14:32:43.133453
2025-07-15,16999,2025071503009982,SADBL,Imperial Securities Company Pvt. Ltd.,Online Securities Pvt. Ltd.,89,447.0,39783.0,2025-07-15 14:35:17.772971
2025-07-15,16998,2025071503009983,SADBL,Imperial Securities Company Pvt. Ltd.,Sani Securities Company Ltd.,77,447.0,34419.0,2025-07-15 14:35:17.773171
2025-07-15,16997,2025071503009984,SADBL,Imperial Securities Company Pvt. Ltd.,Vision Securities Pvt. Ltd,10,447.0,4470.0,2025-07-15 14:35:17.773253
2025-07-15,16996,2025071503009985,SADBL,Imperial Securities Company Pvt. Ltd.,Kumari Securities Private Limited,20,447.4,8948.0,2025-07-15 14:35:17.773325
2025-07-15,16995,2025071503009986,SADBL,Imperial Securities Company Pvt. Ltd.,Premier Securities Company Ltd.,50,447.5,22375.0,2025-07-15 14:35:17.773395
2025-07-15,16994,2025071503009987,SADBL,Imperial Securities Company Pvt. Ltd.,Sundhara Securities Limited,100,447.5,44750.0,2025-07-15 14:35:17.773464
2025-07-15,16993,2025071503009988,SADBL,Imperial Securities Company Pvt. Ltd.,Trisul Securities & Invt. Ltd.,20,447.6,8952.0,2025-07-15 14:35:17.773539
2025-07-15,16992,2025071503009989,SADBL,Imperial Securities Company Pvt. Ltd.,Dynamic Money Managers Securities Pvt. Ltd.,134,447.6,59978.4,2025-07-15 14:35:17.773608
2025-07-15,16113,2025071503010134,SADBL,Online Securities Pvt. Ltd.,Kumari Securities Private Limited,100,445.6,44560.0,2025-07-15 14:37:15.627562
2025-07-15,16112,2025071503010135,SADBL,Linch Stock Market Ltd.,Kumari Securities Private Limited,110,445.0,48950.0,2025-07-15 14:37:15.627776
2025-07-15,16038,2025071503010141,SADBL,Vision Securities Pvt. Ltd,Kumari Securities Private Limited,790,445.0,351550.0,2025-07-15 14:37:24.608692
2025-07-15,15597,2025071503010202,SADBL,Blue Chip Securities Ltd,Secured Securities Ltd.,500,444.6,222300.0,2025-07-15 14:38:28.181770
2025-07-15,15332,2025071503010247,SADBL,Agrawal Securities (PVT) Ltd.,Dakshinkali Investment & Securities Pvt. Ltd.,250,443.8,110950.0,2025-07-15 14:39:15.170805
2025-07-15,15331,2025071503010248,SADBL,Oxford Securities Pvt. Ltd.,Dakshinkali Investment & Securities Pvt. Ltd.,160,443.8,71008.0,2025-07-15 14:39:15.171049
2025-07-15,15330,2025071503010249,SADBL,Imperial Securities Company Pvt. Ltd.,Dakshinkali Investment & Securities Pvt. Ltd.,350,443.6,155260.0,2025-07-15 14:39:15.171181
2025-07-15,15329,2025071503010250,SADBL,Dipshikha Dhitopatra Karobar Co. Pvt Ltd.,Dakshinkali Investment & Securities Pvt. Ltd.,309,443.5,137041.5,2025-07-15 14:39:15.171286
2025-07-15,15238,2025071503010261,SADBL,Dipshikha Dhitopatra Karobar Co. Pvt Ltd.,Linch Stock Market Ltd.,191,443.5,84708.5,2025-07-15 14:39:25.263078
2025-07-15,15237,2025071503010262,SADBL,Nagarik Stock Dealer ,Linch Stock Market Ltd.,333,443.5,147685.5,2025-07-15 14:39:25.263270
2025-07-15,15236,2025071503010263,SADBL,Online Securities Pvt. Ltd.,Linch Stock Market Ltd.,50,443.5,22175.0,2025-07-15 14:39:25.263343
2025-07-15,15235,2025071503010264,SADBL,South Asian Bulls Pvt. Ltd.,Linch Stock Market Ltd.,3245,443.0,1437535.0,2025-07-15 14:39:25.263427
2025-07-15,15234,2025071503010265,SADBL,South Asian Bulls Pvt. Ltd.,Linch Stock Market Ltd.,1171,443.0,518753.0,2025-07-15 14:39:25.263500
2025-07-15,15215,2025071503010268,SADBL,Naasa Securities Co. Ltd.,Secured Securities Ltd.,90,444.6,40014.0,2025-07-15 14:39:29.283594
2025-07-15,12581,2025071503010790,SADBL,South Asian Bulls Pvt. Ltd.,Primo Securities (PVT) Ltd.,118,444.0,52392.0,2025-07-15 14:45:13.718563
2025-07-15,12580,2025071503010791,SADBL,South Asian Bulls Pvt. Ltd.,Siprabi Securities Pvt. Ltd.,15,444.4,6666.0,2025-07-15 14:45:13.718665
2025-07-15,12579,2025071503010792,SADBL,South Asian Bulls Pvt. Ltd.,ABC Securities Private Limited,125,445.0,55625.0,2025-07-15 14:45:13.718764
2025-07-15,12578,2025071503010793,SADBL,South Asian Bulls Pvt. Ltd.,Imperial Securities Company Pvt. Ltd.,129,446.0,57534.0,2025-07-15 14:45:13.718828
2025-07-15,12577,2025071503010794,SADBL,South Asian Bulls Pvt. Ltd.,Secured Securities Ltd.,410,446.8,183188.0,2025-07-15 14:45:13.718893
2025-07-15,12576,2025071503010795,SADBL,South Asian Bulls Pvt. Ltd.,Aryatara Investment & Securities,203,446.8,90700.4,2025-07-15 14:45:13.718955
2025-07-15,9132,2025071503011498,SADBL,Sri Hari Securities Pvt. Ltd.,Asian Securities Private Ltd.,90,444.5,40005.0,2025-07-15 14:51:03.190178
2025-07-15,9131,2025071503011499,SADBL,Sri Hari Securities Pvt. Ltd.,Magnet Securities and Investment Company Private Limited,610,444.7,271267.0,2025-07-15 14:51:03.190433
2025-07-15,9130,2025071503011500,SADBL,Sri Hari Securities Pvt. Ltd.,Premier Securities Company Ltd.,28,444.8,12454.4,2025-07-15 14:51:03.190515
2025-07-15,9129,2025071503011501,SADBL,Sri Hari Securities Pvt. Ltd.,Midas Stock Broking Company Private Limited,400,444.9,177960.0,2025-07-15 14:51:03.190602
2025-07-15,9128,2025071503011502,SADBL,Sri Hari Securities Pvt. Ltd.,MILKY WAY SHARE BROKER COMPANY LTD ,872,444.9,387952.8,2025-07-15 14:51:03.190679
2025-07-15,8690,2025071503011674,SADBL,Dakshinkali Investment & Securities Pvt. Ltd.,MILKY WAY SHARE BROKER COMPANY LTD ,2128,444.9,946747.2,2025-07-15 14:51:30.252682
2025-07-15,8689,2025071503011675,SADBL,Dakshinkali Investment & Securities Pvt. Ltd.,Aryatara Investment & Securities,25,444.9,11122.5,2025-07-15 14:51:30.252969
2025-07-15,8688,2025071503011676,SADBL,Dakshinkali Investment & Securities Pvt. Ltd.,Infinity Securities Limited,2000,445.0,890000.0,2025-07-15 14:51:30.253067
2025-07-15,8687,2025071503011677,SADBL,Dakshinkali Investment & Securities Pvt. Ltd.,Thrive Brokerage House Pvt. Ltd,1100,445.0,489500.0,2025-07-15 14:51:30.253140
2025-07-15,8686,2025071503011678,SADBL,Dakshinkali Investment & Securities Pvt. Ltd.,Thrive Brokerage House Pvt. Ltd,1100,445.0,489500.0,2025-07-15 14:51:30.253217
2025-07-15,8685,2025071503011679,SADBL,Dakshinkali Investment & Securities Pvt. Ltd.,Pragyan Securities (PVT) Ltd.,200,445.0,89000.0,2025-07-15 14:51:30.253294
2025-07-15,8684,2025071503011680,SADBL,Dakshinkali Investment & Securities Pvt. Ltd.,Thrive Brokerage House Pvt. Ltd,400,445.0,178000.0,2025-07-15 14:51:30.253381
2025-07-15,8539,2025071503011716,SADBL,Dakshinkali Investment & Securities Pvt. Ltd.,Naasa Securities Co. Ltd.,47,445.0,20915.0,2025-07-15 14:51:45.637945
2025-07-15,7948,2025071503011891,SADBL,Prabhu Stock Market Limited,Sharepro Securities Private Limited,38,443.1,16837.8,2025-07-15 14:52:27.622847
2025-07-15,7947,2025071503011892,SADBL,Aryatara Investment & Securities,Sharepro Securities Private Limited,100,443.0,44300.0,2025-07-15 14:52:27.622966
2025-07-15,7946,2025071503011893,SADBL,Dakshinkali Investment & Securities Pvt. Ltd.,Sharepro Securities Private Limited,1000,442.6,442600.0,2025-07-15 14:52:27.623052
2025-07-15,7945,2025071503011894,SADBL,Trishakti Securities Public Limited,Sharepro Securities Private Limited,70,442.5,30975.0,2025-07-15 14:52:27.623120
2025-07-15,7944,2025071503011895,SADBL,South Asian Bulls Pvt. Ltd.,Sharepro Securities Private Limited,232,442.5,102660.0,2025-07-15 14:52:27.623189
2025-07-15,7624,2025071503011958,SADBL,Himalayan Brokerage Company Limited,Naasa Securities Co. Ltd.,53,445.0,23585.0,2025-07-15 14:52:53.578299
2025-07-15,7623,2025071503011959,SADBL,Himalayan Brokerage Company Limited,Imperial Securities Company Pvt. Ltd.,653,445.0,290585.0,2025-07-15 14:52:53.578518
2025-07-15,7622,2025071503011960,SADBL,Himalayan Brokerage Company Limited,Linch Stock Market Ltd.,100,445.0,44500.0,2025-07-15 14:52:53.578602
2025-07-15,7621,2025071503011961,SADBL,Himalayan Brokerage Company Limited,Dakshinkali Investment & Securities Pvt. Ltd.,500,446.0,223000.0,2025-07-15 14:52:53.578678
2025-07-15,7620,2025071503011962,SADBL,Himalayan Brokerage Company Limited,Trishakti Securities Public Limited,500,446.0,223000.0,2025-07-15 14:52:53.578752
2025-07-15,7619,2025071503011963,SADBL,Himalayan Brokerage Company Limited,Aryatara Investment & Securities,117,446.0,52182.0,2025-07-15 14:52:53.578823
2025-07-15,7618,2025071503011964,SADBL,Himalayan Brokerage Company Limited,Aryatara Investment & Securities,389,446.6,173727.4,2025-07-15 14:52:53.578915
2025-07-15,7617,2025071503011965,SADBL,Himalayan Brokerage Company Limited,Trishakti Securities Public Limited,188,447.0,84036.0,2025-07-15 14:52:53.578990
2025-07-15,7081,2025071503012098,SADBL,Sri Hari Securities Pvt. Ltd.,Premier Securities Company Ltd.,50,445.0,22250.0,2025-07-15 14:53:39.949613
2025-07-15,7080,2025071503012099,SADBL,Sri Hari Securities Pvt. Ltd.,Blue Chip Securities Ltd,450,445.0,200250.0,2025-07-15 14:53:39.949805
2025-07-15,6154,2025071503012242,SADBL,Sharepro Securities Private Limited,Opal Securities Investment (PVT) Ltd.,250,444.9,111225.0,2025-07-15 14:54:55.659385
2025-07-15,5906,2025071503012298,SADBL,Naasa Securities Co. Ltd.,Opal Securities Investment (PVT) Ltd.,180,444.9,80082.0,2025-07-15 14:55:16.895698
2025-07-15,5613,2025071503012347,SADBL,Sani Securities Company Ltd.,Opal Securities Investment (PVT) Ltd.,146,444.9,64955.4,2025-07-15 14:55:38.486349
2025-07-15,5612,2025071503012348,SADBL,Sani Securities Company Ltd.,Blue Chip Securities Ltd,454,445.0,202030.0,2025-07-15 14:55:38.486536
2025-07-15,4163,2025071503012634,SADBL,Dakshinkali Investment & Securities Pvt. Ltd.,Blue Chip Securities Ltd,132,445.0,58740.0,2025-07-15 14:57:26.253994
2025-07-15,4162,2025071503012635,SADBL,Dakshinkali Investment & Securities Pvt. Ltd.,MILKY WAY SHARE BROKER COMPANY LTD ,3000,445.0,1335000.0,2025-07-15 14:57:26.254233
2025-07-15,3926,2025071503012671,SADBL,Dakshinkali Investment & Securities Pvt. Ltd.,Nepal Stock House (PVT) Ltd.,88,445.9,39239.2,2025-07-15 14:57:43.592730
2025-07-15,3925,2025071503012672,SADBL,Dakshinkali Investment & Securities Pvt. Ltd.,Dakshinkali Investment & Securities Pvt. Ltd.,10,446.0,4460.0,2025-07-15 14:57:43.592919
2025-07-15,2287,2025071503012994,SADBL,Sani Securities Company Ltd.,Cristal Kanchanjanga Securites Pvt. Ltd.,200,445.9,89180.0,2025-07-15 14:58:56.408141
2025-07-15,2286,2025071503012995,SADBL,Sani Securities Company Ltd.,Dakshinkali Investment & Securities Pvt. Ltd.,800,446.0,356800.0,2025-07-15 14:58:56.408332
2025-07-15,2067,2025071503013058,SADBL,Linch Stock Market Ltd.,Dakshinkali Investment & Securities Pvt. Ltd.,10,446.0,4460.0,2025-07-15 14:59:03.661096
2025-07-15,122,2025071503013534,SADBL,Dynamic Money Managers Securities Pvt. Ltd.,Dakshinkali Investment & Securities Pvt. Ltd.,1000,445.0,445000.0,2025-07-15 14:59:58.264848
