Date,S.N.,Contract ID,Symbol,Buyer Broker,Seller Broker,quantity,rate,amount,transaction_time
2025-07-08,56161,2025070804000046,HDHPC,Bhrikuti Stock Broking Co. Pvt. Ltd.,Investment Management Nepal Pvt. Ltd.,10,196.0,1960.0,2025-07-08 11:00:37.423920
2025-07-08,56071,2025070804000092,HDHPC,Bhrikuti Stock Broking Co. Pvt. Ltd.,Capital Hub P. Ltd,1990,196.0,390040.0,2025-07-08 11:01:23.590722
2025-07-08,56070,2025070804000093,HDHPC,Naasa Securities Co. Ltd.,Capital Hub P. Ltd,100,196.0,19600.0,2025-07-08 11:01:23.590796
2025-07-08,56069,2025070804000094,HDHPC,Oxford Securities Pvt. Ltd.,Capital Hub P. Ltd,410,196.0,80360.0,2025-07-08 11:01:23.590824
2025-07-08,54742,2025070804000820,HDHPC,Bhrikuti Stock Broking Co. Pvt. Ltd.,Kohinoor Investment & Securities Pvt. Ltd.,10,196.2,1962.0,2025-07-08 11:09:04.059459
2025-07-08,54741,2025070804000821,HDHPC,Bhrikuti Stock Broking Co. Pvt. Ltd.,Kohinoor Investment & Securities Pvt. Ltd.,90,196.1,17649.0,2025-07-08 11:09:04.059696
2025-07-08,54543,2025070804000950,HDHPC,Naasa Securities Co. Ltd.,Naasa Securities Co. Ltd.,10,196.2,1962.0,2025-07-08 11:10:09.413525
2025-07-08,54542,2025070804000951,HDHPC,Naasa Securities Co. Ltd.,Naasa Securities Co. Ltd.,75,196.2,14715.0,2025-07-08 11:10:09.413636
2025-07-08,54541,2025070804000952,HDHPC,Bhrikuti Stock Broking Co. Pvt. Ltd.,Naasa Securities Co. Ltd.,10,196.1,1961.0,2025-07-08 11:10:09.413695
2025-07-08,54540,2025070804000953,HDHPC,Online Securities Pvt. Ltd.,Naasa Securities Co. Ltd.,500,196.1,98050.0,2025-07-08 11:10:09.413739
2025-07-08,54539,2025070804000954,HDHPC,Kumari Securities Private Limited,Naasa Securities Co. Ltd.,100,196.1,19610.0,2025-07-08 11:10:09.413787
2025-07-08,54538,2025070804000955,HDHPC,Dipshikha Dhitopatra Karobar Co. Pvt Ltd.,Naasa Securities Co. Ltd.,100,196.1,19610.0,2025-07-08 11:10:09.413833
2025-07-08,54537,2025070804000956,HDHPC,Investment Management Nepal Pvt. Ltd.,Naasa Securities Co. Ltd.,471,196.1,92363.1,2025-07-08 11:10:09.413878
2025-07-08,54536,2025070804000957,HDHPC,Vision Securities Pvt. Ltd,Naasa Securities Co. Ltd.,200,196.1,39220.0,2025-07-08 11:10:09.413924
2025-07-08,54535,2025070804000958,HDHPC,Oxford Securities Pvt. Ltd.,Naasa Securities Co. Ltd.,90,196.0,17640.0,2025-07-08 11:10:09.413972
2025-07-08,54534,2025070804000959,HDHPC,Nabil Stock Dealer Ltd.,Naasa Securities Co. Ltd.,100,196.0,19600.0,2025-07-08 11:10:09.414019
2025-07-08,54533,2025070804000960,HDHPC,Sewa Securities Pvt. Ltd.,Naasa Securities Co. Ltd.,500,196.0,98000.0,2025-07-08 11:10:09.414065
2025-07-08,54532,2025070804000961,HDHPC,Aryatara Investment & Securities,Naasa Securities Co. Ltd.,999,196.0,195804.0,2025-07-08 11:10:09.414111
2025-07-08,54531,2025070804000962,HDHPC,Dipshikha Dhitopatra Karobar Co. Pvt Ltd.,Naasa Securities Co. Ltd.,100,196.0,19600.0,2025-07-08 11:10:09.414156
2025-07-08,54530,2025070804000963,HDHPC,Sharepro Securities Private Limited,Naasa Securities Co. Ltd.,200,196.0,39200.0,2025-07-08 11:10:09.414201
2025-07-08,54529,2025070804000964,HDHPC,Market Securities & Exchange (PVT) Ltd.,Naasa Securities Co. Ltd.,1500,196.0,294000.0,2025-07-08 11:10:09.414245
2025-07-08,54528,2025070804000965,HDHPC,Nepal Investment And Securities Trading Private Limited,Naasa Securities Co. Ltd.,50,196.0,9800.0,2025-07-08 11:10:09.414288
2025-07-08,54527,2025070804000966,HDHPC,Nepal Investment And Securities Trading Private Limited,Naasa Securities Co. Ltd.,30,196.0,5880.0,2025-07-08 11:10:09.414339
2025-07-08,54526,2025070804000967,HDHPC,Premier Securities Company Ltd.,Naasa Securities Co. Ltd.,1000,196.0,196000.0,2025-07-08 11:10:09.414380
2025-07-08,54525,2025070804000968,HDHPC,Premier Securities Company Ltd.,Naasa Securities Co. Ltd.,500,196.0,98000.0,2025-07-08 11:10:09.414422
2025-07-08,54523,2025070804000970,HDHPC,Sani Securities Company Ltd.,Naasa Securities Co. Ltd.,50,196.0,9800.0,2025-07-08 11:10:10.297117
2025-07-08,54522,2025070804000971,HDHPC,Sani Securities Company Ltd.,Dipshikha Dhitopatra Karobar Co. Pvt Ltd.,50,196.0,9800.0,2025-07-08 11:10:10.297460
2025-07-08,54434,2025070804001016,HDHPC,Sumeru Securities Pvt. Ltd.,Dipshikha Dhitopatra Karobar Co. Pvt Ltd.,150,196.0,29400.0,2025-07-08 11:10:41.209771
2025-07-08,54315,2025070804001058,HDHPC,Aryatara Investment & Securities,Cristal Kanchanjanga Securites Pvt. Ltd.,999,195.9,195704.1,2025-07-08 11:11:27.502271
2025-07-08,54314,2025070804001059,HDHPC,Aryatara Investment & Securities,Cristal Kanchanjanga Securites Pvt. Ltd.,333,195.8,65201.4,2025-07-08 11:11:27.502388
2025-07-08,54313,2025070804001060,HDHPC,Sani Securities Company Ltd.,Cristal Kanchanjanga Securites Pvt. Ltd.,1120,195.8,219296.0,2025-07-08 11:11:27.502440
2025-07-08,54312,2025070804001061,HDHPC,Aryatara Investment & Securities,Cristal Kanchanjanga Securites Pvt. Ltd.,333,195.7,65168.1,2025-07-08 11:11:27.502489
2025-07-08,54311,2025070804001062,HDHPC,SUN SECURITIES PVT LTD,Cristal Kanchanjanga Securites Pvt. Ltd.,215,195.6,42054.0,2025-07-08 11:11:27.502537
2025-07-08,54010,2025070804001179,HDHPC,Aryatara Investment & Securities,Naasa Securities Co. Ltd.,1000,196.0,196000.0,2025-07-08 11:12:57.384492
2025-07-08,53614,2025070804001321,HDHPC,Agrawal Securities (PVT) Ltd.,Naasa Securities Co. Ltd.,11,196.0,2156.0,2025-07-08 11:15:22.392020
2025-07-08,53520,2025070804001368,HDHPC,Sani Securities Company Ltd.,Naasa Securities Co. Ltd.,72,196.0,14112.0,2025-07-08 11:15:53.631580
2025-07-08,53138,2025070804001504,HDHPC,Sani Securities Company Ltd.,ABC Securities Private Limited,11,196.0,2156.0,2025-07-08 11:17:46.299394
2025-07-08,53137,2025070804001505,HDHPC,Naasa Securities Co. Ltd.,ABC Securities Private Limited,489,196.0,95844.0,2025-07-08 11:17:46.299656
2025-07-08,52503,2025070804001757,HDHPC,Sumeru Securities Pvt. Ltd.,Vision Securities Pvt. Ltd,50,197.9,9895.0,2025-07-08 11:21:04.641605
2025-07-08,52501,2025070804001758,HDHPC,Kumari Securities Private Limited,Vision Securities Pvt. Ltd,11,197.9,2176.9,2025-07-08 11:21:05.460208
2025-07-08,51893,2025070804002003,HDHPC,Aryatara Investment & Securities,Vision Securities Pvt. Ltd,18,196.3,3533.4,2025-07-08 11:24:17.172149
2025-07-08,51565,2025070804002136,HDHPC,Agrawal Securities (PVT) Ltd.,Kohinoor Investment & Securities Pvt. Ltd.,50,197.7,9885.0,2025-07-08 11:25:46.335823
2025-07-08,51363,2025070804002213,HDHPC,Aryatara Investment & Securities,Kohinoor Investment & Securities Pvt. Ltd.,250,197.7,49425.0,2025-07-08 11:26:49.909057
2025-07-08,51290,2025070804002247,HDHPC,Primo Securities (PVT) Ltd.,Investment Management Nepal Pvt. Ltd.,50,197.8,9890.0,2025-07-08 11:27:07.740677
2025-07-08,51276,2025070804002252,HDHPC,Aryatara Investment & Securities,Investment Management Nepal Pvt. Ltd.,350,197.8,69230.0,2025-07-08 11:27:12.102361
2025-07-08,51142,2025070804002350,HDHPC,Aryatara Investment & Securities,Vision Securities Pvt. Ltd,259,197.9,51256.1,2025-07-08 11:27:42.268568
2025-07-08,51058,2025070804002383,HDHPC,Aryatara Investment & Securities,Sewa Securities Pvt. Ltd.,100,198.0,19800.0,2025-07-08 11:28:09.403276
2025-07-08,51057,2025070804002384,HDHPC,Aryatara Investment & Securities,Trisul Securities & Invt. Ltd.,23,198.0,4554.0,2025-07-08 11:28:09.403469
2025-07-08,50540,2025070804002607,HDHPC,Sewa Securities Pvt. Ltd.,Dakshinkali Investment & Securities Pvt. Ltd.,10,197.8,1978.0,2025-07-08 11:30:50.328671
2025-07-08,50085,2025070804002809,HDHPC,Sweta Securities Private Limited,Asian Securities Private Ltd.,152,197.0,29944.0,2025-07-08 11:32:50.852020
2025-07-08,50084,2025070804002810,HDHPC,Premier Securities Company Ltd.,Asian Securities Private Ltd.,450,197.0,88650.0,2025-07-08 11:32:50.852224
2025-07-08,50083,2025070804002811,HDHPC,Ashutosh Brokerage & Securities (PVT) Ltd.,Asian Securities Private Ltd.,10,197.0,1970.0,2025-07-08 11:32:50.852307
2025-07-08,50082,2025070804002812,HDHPC,Sewa Securities Pvt. Ltd.,Asian Securities Private Ltd.,50,197.0,9850.0,2025-07-08 11:32:50.852393
2025-07-08,49496,2025070804003083,HDHPC,Imperial Securities Company Pvt. Ltd.,Naasa Securities Co. Ltd.,250,197.5,49375.0,2025-07-08 11:35:48.595417
2025-07-08,48977,2025070804003268,HDHPC,Shree Krishna Securities Ltd.,Dakshinkali Investment & Securities Pvt. Ltd.,31,197.4,6119.4,2025-07-08 11:38:03.881564
2025-07-08,48619,2025070804003403,HDHPC,J.F. Securites (PVT) Ltd.,ABC Securities Private Limited,1000,197.0,197000.0,2025-07-08 11:39:31.533573
2025-07-08,48545,2025070804003431,HDHPC,J.F. Securites (PVT) Ltd.,Aryatara Investment & Securities,500,197.0,98500.0,2025-07-08 11:39:49.300854
2025-07-08,48323,2025070804003522,HDHPC,Nepal Investment And Securities Trading Private Limited,Aryatara Investment & Securities,50,197.0,9850.0,2025-07-08 11:40:56.138176
2025-07-08,48184,2025070804003585,HDHPC,ABC Securities Private Limited,Aryatara Investment & Securities,160,197.0,31520.0,2025-07-08 11:41:31.304561
2025-07-08,48178,2025070804003587,HDHPC,Linch Stock Market Ltd.,Nepal Stock House (PVT) Ltd.,100,196.7,19670.0,2025-07-08 11:41:32.536573
2025-07-08,48175,2025070804003589,HDHPC,Naasa Securities Co. Ltd.,Dakshinkali Investment & Securities Pvt. Ltd.,1000,196.6,196600.0,2025-07-08 11:41:34.905765
2025-07-08,48174,2025070804003590,HDHPC,Neev Securities Pvt. Ltd.,Dakshinkali Investment & Securities Pvt. Ltd.,100,196.6,19660.0,2025-07-08 11:41:34.905959
2025-07-08,48173,2025070804003591,HDHPC,Naasa Securities Co. Ltd.,Dakshinkali Investment & Securities Pvt. Ltd.,1000,196.4,196400.0,2025-07-08 11:41:34.906047
2025-07-08,48172,2025070804003592,HDHPC,Trishakti Securities Public Limited,Dakshinkali Investment & Securities Pvt. Ltd.,200,196.1,39220.0,2025-07-08 11:41:34.906129
2025-07-08,48171,2025070804003593,HDHPC,Online Securities Pvt. Ltd.,Dakshinkali Investment & Securities Pvt. Ltd.,100,196.1,19610.0,2025-07-08 11:41:34.906210
2025-07-08,48170,2025070804003594,HDHPC,Naasa Securities Co. Ltd.,Dakshinkali Investment & Securities Pvt. Ltd.,261,196.0,51156.0,2025-07-08 11:41:34.906291
2025-07-08,48169,2025070804003595,HDHPC,Deevyaa Securities & Stock House Pvt. Ltd,Dakshinkali Investment & Securities Pvt. Ltd.,300,196.0,58800.0,2025-07-08 11:41:34.906385
2025-07-08,48168,2025070804003596,HDHPC,MILKY WAY SHARE BROKER COMPANY LTD ,Dakshinkali Investment & Securities Pvt. Ltd.,100,196.0,19600.0,2025-07-08 11:41:34.906498
2025-07-08,48167,2025070804003597,HDHPC,South Asian Bulls Pvt. Ltd.,Dakshinkali Investment & Securities Pvt. Ltd.,100,196.0,19600.0,2025-07-08 11:41:34.906581
2025-07-08,48166,2025070804003598,HDHPC,Online Securities Pvt. Ltd.,Dakshinkali Investment & Securities Pvt. Ltd.,1530,196.0,299880.0,2025-07-08 11:41:34.906656
2025-07-08,48165,2025070804003599,HDHPC,Secured Securities Ltd.,Dakshinkali Investment & Securities Pvt. Ltd.,508,196.0,99568.0,2025-07-08 11:41:34.906730
2025-07-08,48164,2025070804003600,HDHPC,Agrawal Securities (PVT) Ltd.,Dakshinkali Investment & Securities Pvt. Ltd.,100,196.0,19600.0,2025-07-08 11:41:34.906812
2025-07-08,48163,2025070804003601,HDHPC,Creative Securities Pvt Ltd,Dakshinkali Investment & Securities Pvt. Ltd.,800,196.0,156800.0,2025-07-08 11:41:34.906889
2025-07-08,48110,2025070804003619,HDHPC,Naasa Securities Co. Ltd.,Nepal Stock House (PVT) Ltd.,80,196.7,15736.0,2025-07-08 11:41:53.583761
2025-07-08,47631,2025070804003821,HDHPC,Creative Securities Pvt Ltd,Trisul Securities & Invt. Ltd.,200,196.0,39200.0,2025-07-08 11:44:18.405458
2025-07-08,47630,2025070804003822,HDHPC,Kohinoor Investment & Securities Pvt. Ltd.,Trisul Securities & Invt. Ltd.,25,196.0,4900.0,2025-07-08 11:44:18.405828
2025-07-08,47629,2025070804003823,HDHPC,Capital Hub P. Ltd,Trisul Securities & Invt. Ltd.,25,196.0,4900.0,2025-07-08 11:44:18.406079
2025-07-08,47628,2025070804003824,HDHPC,Sundhara Securities Limited,Trisul Securities & Invt. Ltd.,50,196.0,9800.0,2025-07-08 11:44:18.406367
2025-07-08,47627,2025070804003825,HDHPC,Deevyaa Securities & Stock House Pvt. Ltd,Trisul Securities & Invt. Ltd.,177,196.0,34692.0,2025-07-08 11:44:18.406622
2025-07-08,47010,2025070804004025,HDHPC,Kohinoor Investment & Securities Pvt. Ltd.,South Asian Bulls Pvt. Ltd.,35,196.1,6863.5,2025-07-08 11:46:57.756035
2025-07-08,46862,2025070804004084,HDHPC,Kohinoor Investment & Securities Pvt. Ltd.,Vision Securities Pvt. Ltd,10,196.1,1961.0,2025-07-08 11:47:32.939572
2025-07-08,46084,2025070804004411,HDHPC,Kohinoor Investment & Securities Pvt. Ltd.,Naasa Securities Co. Ltd.,55,196.1,10785.5,2025-07-08 11:51:26.593893
2025-07-08,46083,2025070804004412,HDHPC,Secured Securities Ltd.,Naasa Securities Co. Ltd.,145,196.1,28434.5,2025-07-08 11:51:26.594113
2025-07-08,46001,2025070804004450,HDHPC,Secured Securities Ltd.,Dynamic Money Managers Securities Pvt. Ltd.,255,196.1,50005.5,2025-07-08 11:51:53.918714
2025-07-08,45511,2025070804004661,HDHPC,Sumeru Securities Pvt. Ltd.,Dynamic Money Managers Securities Pvt. Ltd.,115,196.1,22551.5,2025-07-08 11:53:48.179576
2025-07-08,45510,2025070804004662,HDHPC,Deevyaa Securities & Stock House Pvt. Ltd,Dynamic Money Managers Securities Pvt. Ltd.,65,196.1,12746.5,2025-07-08 11:53:48.411540
2025-07-08,45333,2025070804004719,HDHPC,Vision Securities Pvt. Ltd,Nepal Stock House (PVT) Ltd.,20,196.7,3934.0,2025-07-08 11:54:46.295259
2025-07-08,45176,2025070804004735,HDHPC,Oxford Securities Pvt. Ltd.,Nepal Stock House (PVT) Ltd.,30,196.7,5901.0,2025-07-08 11:55:07.510615
2025-07-08,45153,2025070804004744,HDHPC,Aryatara Investment & Securities,Nepal Stock House (PVT) Ltd.,600,196.7,118020.0,2025-07-08 11:55:16.513720
2025-07-08,45014,2025070804004808,HDHPC,Dakshinkali Investment & Securities Pvt. Ltd.,South Asian Bulls Pvt. Ltd.,35,196.2,6867.0,2025-07-08 11:55:50.341674
2025-07-08,44985,2025070804004816,HDHPC,Dakshinkali Investment & Securities Pvt. Ltd.,Dipshikha Dhitopatra Karobar Co. Pvt Ltd.,40,196.2,7848.0,2025-07-08 11:55:58.011576
2025-07-08,44984,2025070804004817,HDHPC,Deevyaa Securities & Stock House Pvt. Ltd,Dipshikha Dhitopatra Karobar Co. Pvt Ltd.,935,196.1,183353.5,2025-07-08 11:55:58.012008
2025-07-08,44983,2025070804004818,HDHPC,Deevyaa Securities & Stock House Pvt. Ltd,Dipshikha Dhitopatra Karobar Co. Pvt Ltd.,23,196.0,4508.0,2025-07-08 11:55:58.012296
2025-07-08,44982,2025070804004819,HDHPC,Deevyaa Securities & Stock House Pvt. Ltd,Dipshikha Dhitopatra Karobar Co. Pvt Ltd.,200,196.0,39200.0,2025-07-08 11:55:58.012581
2025-07-08,44981,2025070804004820,HDHPC,Linch Stock Market Ltd.,Dipshikha Dhitopatra Karobar Co. Pvt Ltd.,75,196.0,14700.0,2025-07-08 11:55:58.012857
2025-07-08,44980,2025070804004821,HDHPC,Deevyaa Securities & Stock House Pvt. Ltd,Dipshikha Dhitopatra Karobar Co. Pvt Ltd.,200,196.0,39200.0,2025-07-08 11:55:58.013140
2025-07-08,44979,2025070804004822,HDHPC,Capital Max Securities Ltd,Dipshikha Dhitopatra Karobar Co. Pvt Ltd.,10,196.0,1960.0,2025-07-08 11:55:58.013422
2025-07-08,44978,2025070804004823,HDHPC,Shree Krishna Securities Ltd.,Dipshikha Dhitopatra Karobar Co. Pvt Ltd.,500,196.0,98000.0,2025-07-08 11:55:58.013699
2025-07-08,44663,2025070804004959,HDHPC,Neev Securities Pvt. Ltd.,Dipshikha Dhitopatra Karobar Co. Pvt Ltd.,17,195.9,3330.3,2025-07-08 11:57:21.679752
2025-07-08,42830,2025070804005709,HDHPC,Bhrikuti Stock Broking Co. Pvt. Ltd.,Naasa Securities Co. Ltd.,1000,196.1,196100.0,2025-07-08 12:06:01.298338
2025-07-08,42803,2025070804005726,HDHPC,Naasa Securities Co. Ltd.,Deevyaa Securities & Stock House Pvt. Ltd,16,196.0,3136.0,2025-07-08 12:06:10.039276
2025-07-08,42802,2025070804005727,HDHPC,SHUBHAKAMANA SECURITIES PVT. LTD,Deevyaa Securities & Stock House Pvt. Ltd,166,196.0,32536.0,2025-07-08 12:06:10.039651
2025-07-08,42619,2025070804005821,HDHPC,Online Securities Pvt. Ltd.,Nepal Stock House (PVT) Ltd.,170,196.7,33439.0,2025-07-08 12:06:58.264117
2025-07-08,42618,2025070804005822,HDHPC,Online Securities Pvt. Ltd.,Dynamic Money Managers Securities Pvt. Ltd.,100,196.7,19670.0,2025-07-08 12:06:58.264653
2025-07-08,42208,2025070804006020,HDHPC,ABC Securities Private Limited,Secured Securities Ltd.,50,196.7,9835.0,2025-07-08 12:08:46.159979
2025-07-08,42207,2025070804006021,HDHPC,Aryatara Investment & Securities,Secured Securities Ltd.,333,196.7,65501.1,2025-07-08 12:08:46.160506
2025-07-08,42206,2025070804006022,HDHPC,Naasa Securities Co. Ltd.,Secured Securities Ltd.,125,196.1,24512.5,2025-07-08 12:08:46.160839
2025-07-08,42205,2025070804006023,HDHPC,SHUBHAKAMANA SECURITIES PVT. LTD,Secured Securities Ltd.,334,196.0,65464.0,2025-07-08 12:08:46.161153
2025-07-08,42204,2025070804006024,HDHPC,Citizens Share Broker Limited,Secured Securities Ltd.,100,196.0,19600.0,2025-07-08 12:08:46.161506
2025-07-08,42203,2025070804006025,HDHPC,Sweta Securities Private Limited,Secured Securities Ltd.,20,196.0,3920.0,2025-07-08 12:08:46.161825
2025-07-08,42202,2025070804006026,HDHPC,Imperial Securities Company Pvt. Ltd.,Secured Securities Ltd.,422,196.0,82712.0,2025-07-08 12:08:46.162123
2025-07-08,41273,2025070804006440,HDHPC,Nepal Stock House (PVT) Ltd.,Aryatara Investment & Securities,500,197.0,98500.0,2025-07-08 12:12:36.861888
2025-07-08,41272,2025070804006441,HDHPC,Imperial Securities Company Pvt. Ltd.,Vision Securities Pvt. Ltd,52,196.0,10192.0,2025-07-08 12:12:36.978639
2025-07-08,40647,2025070804006719,HDHPC,Siprabi Securities Pvt. Ltd.,Aryatara Investment & Securities,100,197.0,19700.0,2025-07-08 12:15:11.470371
2025-07-08,40482,2025070804006780,HDHPC,Sewa Securities Pvt. Ltd.,Aryatara Investment & Securities,130,197.0,25610.0,2025-07-08 12:16:10.028510
2025-07-08,39846,2025070804007035,HDHPC,Asian Securities Private Ltd.,Sundhara Securities Limited,50,196.2,9810.0,2025-07-08 12:18:50.872371
2025-07-08,39336,2025070804007245,HDHPC,Shree Krishna Securities Ltd.,Sundhara Securities Limited,50,196.2,9810.0,2025-07-08 12:20:54.692849
2025-07-08,39286,2025070804007271,HDHPC,Online Securities Pvt. Ltd.,Sundhara Securities Limited,105,196.2,20601.0,2025-07-08 12:21:09.577428
2025-07-08,38759,2025070804007476,HDHPC,Sundhara Securities Limited,KALASH STOCK MARKET PVT. LTD.,25,196.5,4912.5,2025-07-08 12:23:29.585895
2025-07-08,38758,2025070804007477,HDHPC,Trisul Securities & Invt. Ltd.,KALASH STOCK MARKET PVT. LTD.,100,196.1,19610.0,2025-07-08 12:23:29.586277
2025-07-08,38757,2025070804007478,HDHPC,Imperial Securities Company Pvt. Ltd.,KALASH STOCK MARKET PVT. LTD.,375,196.0,73500.0,2025-07-08 12:23:29.586404
2025-07-08,38628,2025070804007529,HDHPC,Online Securities Pvt. Ltd.,Aryatara Investment & Securities,60,197.0,11820.0,2025-07-08 12:24:12.711792
2025-07-08,38627,2025070804007530,HDHPC,Online Securities Pvt. Ltd.,Trisul Securities & Invt. Ltd.,30,197.0,5910.0,2025-07-08 12:24:12.712094
2025-07-08,38626,2025070804007531,HDHPC,Online Securities Pvt. Ltd.,Imperial Securities Company Pvt. Ltd.,210,197.0,41370.0,2025-07-08 12:24:12.712214
2025-07-08,38242,2025070804007672,HDHPC,Aryatara Investment & Securities,Imperial Securities Company Pvt. Ltd.,85,197.0,16745.0,2025-07-08 12:26:04.358731
2025-07-08,38241,2025070804007673,HDHPC,Aryatara Investment & Securities,Naasa Securities Co. Ltd.,175,197.0,34475.0,2025-07-08 12:26:04.359003
2025-07-08,38219,2025070804007684,HDHPC,Aryatara Investment & Securities,Dakshinkali Investment & Securities Pvt. Ltd.,600,197.0,118200.0,2025-07-08 12:26:09.022563
2025-07-08,37709,2025070804007829,HDHPC,Malla & Malla Stock Broking Company Pvt. Limited,Dakshinkali Investment & Securities Pvt. Ltd.,16,197.0,3152.0,2025-07-08 12:28:31.302449
2025-07-08,37657,2025070804007842,HDHPC,Online Securities Pvt. Ltd.,ABC Securities Private Limited,1000,196.1,196100.0,2025-07-08 12:28:42.798907
2025-07-08,37461,2025070804007908,HDHPC,Oxford Securities Pvt. Ltd.,Dakshinkali Investment & Securities Pvt. Ltd.,508,197.0,100076.0,2025-07-08 12:29:48.418593
2025-07-08,37015,2025070804008071,HDHPC,Online Securities Pvt. Ltd.,Dakshinkali Investment & Securities Pvt. Ltd.,10,197.0,1970.0,2025-07-08 12:31:46.805175
2025-07-08,36902,2025070804008117,HDHPC,Online Securities Pvt. Ltd.,Dakshinkali Investment & Securities Pvt. Ltd.,990,197.0,195030.0,2025-07-08 12:32:20.064438
2025-07-08,36581,2025070804008222,HDHPC,Sundhara Securities Limited,Dakshinkali Investment & Securities Pvt. Ltd.,1125,197.0,221625.0,2025-07-08 12:33:24.393074
2025-07-08,36192,2025070804008359,HDHPC,Naasa Securities Co. Ltd.,Dakshinkali Investment & Securities Pvt. Ltd.,611,197.0,120367.0,2025-07-08 12:35:22.769019
2025-07-08,35933,2025070804008455,HDHPC,Sweta Securities Private Limited,Naasa Securities Co. Ltd.,250,197.3,49325.0,2025-07-08 12:36:29.313614
2025-07-08,35932,2025070804008456,HDHPC,Sweta Securities Private Limited,Online Securities Pvt. Ltd.,150,197.3,29595.0,2025-07-08 12:36:29.314167
2025-07-08,35818,2025070804008499,HDHPC,Imperial Securities Company Pvt. Ltd.,Online Securities Pvt. Ltd.,50,197.9,9895.0,2025-07-08 12:36:56.244363
2025-07-08,35530,2025070804008609,HDHPC,Kohinoor Investment & Securities Pvt. Ltd.,Online Securities Pvt. Ltd.,100,197.9,19790.0,2025-07-08 12:38:15.957386
2025-07-08,33866,2025070804009212,HDHPC,Naasa Securities Co. Ltd.,Deevyaa Securities & Stock House Pvt. Ltd,100,197.8,19780.0,2025-07-08 12:45:47.142359
2025-07-08,32639,2025070804009688,HDHPC,Naasa Securities Co. Ltd.,Sundhara Securities Limited,1011,197.0,199167.0,2025-07-08 12:50:27.403210
2025-07-08,32386,2025070804009820,HDHPC,Naasa Securities Co. Ltd.,Sani Securities Company Ltd.,175,197.0,34475.0,2025-07-08 12:50:59.116707
2025-07-08,32217,2025070804009895,HDHPC,Naasa Securities Co. Ltd.,Sundhara Securities Limited,300,197.0,59100.0,2025-07-08 12:51:24.644685
2025-07-08,31310,2025070804010249,HDHPC,Naasa Securities Co. Ltd.,Vision Securities Pvt. Ltd,403,197.0,79391.0,2025-07-08 12:55:18.739190
2025-07-08,31309,2025070804010250,HDHPC,ABC Securities Private Limited,Vision Securities Pvt. Ltd,10,197.0,1970.0,2025-07-08 12:55:18.739586
2025-07-08,31308,2025070804010251,HDHPC,Online Securities Pvt. Ltd.,Vision Securities Pvt. Ltd,62,197.0,12214.0,2025-07-08 12:55:18.739759
2025-07-08,30873,2025070804010423,HDHPC,Online Securities Pvt. Ltd.,Aryatara Investment & Securities,200,197.0,39400.0,2025-07-08 12:57:34.505624
2025-07-08,30389,2025070804010576,HDHPC,Online Securities Pvt. Ltd.,Nepal Stock House (PVT) Ltd.,600,197.0,118200.0,2025-07-08 13:00:13.762689
2025-07-08,30354,2025070804010589,HDHPC,Online Securities Pvt. Ltd.,Oxford Securities Pvt. Ltd.,100,197.0,19700.0,2025-07-08 13:00:27.167792
2025-07-08,30252,2025070804010615,HDHPC,Online Securities Pvt. Ltd.,Primo Securities (PVT) Ltd.,500,197.0,98500.0,2025-07-08 13:01:05.945953
2025-07-08,30167,2025070804010634,HDHPC,Creative Securities Pvt Ltd,Sani Securities Company Ltd.,1500,197.5,296250.0,2025-07-08 13:01:32.799065
2025-07-08,30166,2025070804010635,HDHPC,Creative Securities Pvt Ltd,Thrive Brokerage House Pvt. Ltd,88,197.5,17380.0,2025-07-08 13:01:32.799462
2025-07-08,30165,2025070804010636,HDHPC,Creative Securities Pvt Ltd,Aryatara Investment & Securities,300,197.5,59250.0,2025-07-08 13:01:32.799620
2025-07-08,30164,2025070804010637,HDHPC,Creative Securities Pvt Ltd,Shree Krishna Securities Ltd.,50,197.7,9885.0,2025-07-08 13:01:32.799758
2025-07-08,30163,2025070804010638,HDHPC,Creative Securities Pvt Ltd,Online Securities Pvt. Ltd.,274,197.7,54169.8,2025-07-08 13:01:32.799903
2025-07-08,30162,2025070804010639,HDHPC,Creative Securities Pvt Ltd,Deevyaa Securities & Stock House Pvt. Ltd,721,197.8,142613.8,2025-07-08 13:01:32.800054
2025-07-08,30161,2025070804010640,HDHPC,Creative Securities Pvt Ltd,Sani Securities Company Ltd.,38,197.8,7516.4,2025-07-08 13:01:32.800207
2025-07-08,30160,2025070804010641,HDHPC,Creative Securities Pvt Ltd,Naasa Securities Co. Ltd.,20,198.0,3960.0,2025-07-08 13:01:32.800356
2025-07-08,30159,2025070804010642,HDHPC,Creative Securities Pvt Ltd,Indira securities pvt. ltd,500,198.0,99000.0,2025-07-08 13:01:32.800497
2025-07-08,30158,2025070804010643,HDHPC,Creative Securities Pvt Ltd,Sundhara Securities Limited,80,198.0,15840.0,2025-07-08 13:01:32.800641
2025-07-08,29891,2025070804010728,HDHPC,Creative Securities Pvt Ltd,Deevyaa Securities & Stock House Pvt. Ltd,10,198.0,1980.0,2025-07-08 13:03:00.499832
2025-07-08,29714,2025070804010736,HDHPC,Creative Securities Pvt Ltd,Nepal Investment And Securities Trading Private Limited,10,198.0,1980.0,2025-07-08 13:03:23.757363
2025-07-08,29453,2025070804010807,HDHPC,Creative Securities Pvt Ltd,Aryatara Investment & Securities,600,198.0,118800.0,2025-07-08 13:04:54.101299
2025-07-08,29377,2025070804010831,HDHPC,Creative Securities Pvt Ltd,Sundhara Securities Limited,809,198.0,160182.0,2025-07-08 13:05:17.538221
2025-07-08,29376,2025070804010832,HDHPC,Naasa Securities Co. Ltd.,Sundhara Securities Limited,191,198.0,37818.0,2025-07-08 13:05:17.538562
2025-07-08,28880,2025070804011021,HDHPC,Imperial Securities Company Pvt. Ltd.,Deevyaa Securities & Stock House Pvt. Ltd,17,198.0,3366.0,2025-07-08 13:08:20.302661
2025-07-08,27667,2025070804011401,HDHPC,Agrawal Securities (PVT) Ltd.,Nepal Stock House (PVT) Ltd.,100,197.9,19790.0,2025-07-08 13:17:22.497590
2025-07-08,27617,2025070804011413,HDHPC,J.F. Securites (PVT) Ltd.,Shree Krishna Securities Ltd.,50,197.5,9875.0,2025-07-08 13:17:38.900588
2025-07-08,27476,2025070804011471,HDHPC,J.F. Securites (PVT) Ltd.,Sundhara Securities Limited,35,197.5,6912.5,2025-07-08 13:18:20.864390
2025-07-08,27051,2025070804011618,HDHPC,J.F. Securites (PVT) Ltd.,Dipshikha Dhitopatra Karobar Co. Pvt Ltd.,165,197.5,32587.5,2025-07-08 13:21:24.711285
2025-07-08,27050,2025070804011619,HDHPC,Naasa Securities Co. Ltd.,Dipshikha Dhitopatra Karobar Co. Pvt Ltd.,50,197.2,9860.0,2025-07-08 13:21:24.711617
2025-07-08,27049,2025070804011620,HDHPC,Shree Krishna Securities Ltd.,Dipshikha Dhitopatra Karobar Co. Pvt Ltd.,785,197.1,154723.5,2025-07-08 13:21:24.711759
2025-07-08,26355,2025070804011868,HDHPC,Naasa Securities Co. Ltd.,Deevyaa Securities & Stock House Pvt. Ltd,253,197.5,49967.5,2025-07-08 13:26:10.732219
2025-07-08,26222,2025070804011917,HDHPC,Sani Securities Company Ltd.,Deevyaa Securities & Stock House Pvt. Ltd,50,197.5,9875.0,2025-07-08 13:26:56.143191
2025-07-08,26093,2025070804011969,HDHPC,Nepal Investment And Securities Trading Private Limited,Deevyaa Securities & Stock House Pvt. Ltd,10,197.5,1975.0,2025-07-08 13:27:50.670880
2025-07-08,25283,2025070804012258,HDHPC,Opal Securities Investment (PVT) Ltd.,Shree Krishna Securities Ltd.,450,197.2,88740.0,2025-07-08 13:32:49.340087
2025-07-08,25172,2025070804012303,HDHPC,Opal Securities Investment (PVT) Ltd.,Linch Stock Market Ltd.,10,197.2,1972.0,2025-07-08 13:33:19.774342
2025-07-08,24830,2025070804012418,HDHPC,Opal Securities Investment (PVT) Ltd.,Primo Securities (PVT) Ltd.,500,197.2,98600.0,2025-07-08 13:35:29.214583
2025-07-08,24239,2025070804012618,HDHPC,Naasa Securities Co. Ltd.,Deevyaa Securities & Stock House Pvt. Ltd,50,197.5,9875.0,2025-07-08 13:38:53.209672
2025-07-08,24012,2025070804012710,HDHPC,SUN SECURITIES PVT LTD,Deevyaa Securities & Stock House Pvt. Ltd,377,197.5,74457.5,2025-07-08 13:40:19.457131
2025-07-08,23946,2025070804012725,HDHPC,Cristal Kanchanjanga Securites Pvt. Ltd.,Creative Securities Pvt Ltd,100,197.3,19730.0,2025-07-08 13:40:42.527603
2025-07-08,23833,2025070804012763,HDHPC,Online Securities Pvt. Ltd.,Deevyaa Securities & Stock House Pvt. Ltd,38,197.5,7505.0,2025-07-08 13:41:32.594515
2025-07-08,23770,2025070804012768,HDHPC,Siprabi Securities Pvt. Ltd.,Deevyaa Securities & Stock House Pvt. Ltd,163,197.5,32192.5,2025-07-08 13:41:43.974909
2025-07-08,23304,2025070804012896,HDHPC,Siprabi Securities Pvt. Ltd.,Creative Securities Pvt Ltd,42,197.5,8295.0,2025-07-08 13:44:18.612102
2025-07-08,23193,2025070804012923,HDHPC,Cristal Kanchanjanga Securites Pvt. Ltd.,South Asian Bulls Pvt. Ltd.,100,197.3,19730.0,2025-07-08 13:45:03.009738
2025-07-08,23013,2025070804013003,HDHPC,Cristal Kanchanjanga Securites Pvt. Ltd.,Deevyaa Securities & Stock House Pvt. Ltd,400,197.3,78920.0,2025-07-08 13:46:01.448020
2025-07-08,22434,2025070804013188,HDHPC,Opal Securities Investment (PVT) Ltd.,Premier Securities Company Ltd.,130,197.2,25636.0,2025-07-08 13:49:26.062589
2025-07-08,21834,2025070804013394,HDHPC,Opal Securities Investment (PVT) Ltd.,Trisul Securities & Invt. Ltd.,180,197.2,35496.0,2025-07-08 13:53:36.760829
2025-07-08,21361,2025070804013635,HDHPC,Opal Securities Investment (PVT) Ltd.,Naasa Securities Co. Ltd.,730,197.2,143956.0,2025-07-08 13:56:16.982598
2025-07-08,21360,2025070804013636,HDHPC,Shree Krishna Securities Ltd.,Naasa Securities Co. Ltd.,715,197.1,140926.5,2025-07-08 13:56:16.983369
2025-07-08,21359,2025070804013637,HDHPC,SUN SECURITIES PVT LTD,Naasa Securities Co. Ltd.,55,197.1,10840.5,2025-07-08 13:56:16.983852
2025-07-08,19915,2025070804014134,HDHPC,SUN SECURITIES PVT LTD,Malla & Malla Stock Broking Company Pvt. Limited,322,197.1,63466.2,2025-07-08 14:04:00.191412
2025-07-08,19914,2025070804014135,HDHPC,Opal Securities Investment (PVT) Ltd.,Malla & Malla Stock Broking Company Pvt. Limited,382,197.1,75292.2,2025-07-08 14:04:00.192258
2025-07-08,19608,2025070804014266,HDHPC,Naasa Securities Co. Ltd.,Sani Securities Company Ltd.,25,197.2,4930.0,2025-07-08 14:05:22.680759
2025-07-08,19607,2025070804014267,HDHPC,Opal Securities Investment (PVT) Ltd.,Sani Securities Company Ltd.,72,197.1,14191.2,2025-07-08 14:05:22.681123
2025-07-08,19387,2025070804014379,HDHPC,Nepal Stock House (PVT) Ltd.,Deevyaa Securities & Stock House Pvt. Ltd,200,197.3,39460.0,2025-07-08 14:06:22.015437
2025-07-08,18987,2025070804014550,HDHPC,APPLE SECURITIES PRIVATE LIMITED,Sundhara Securities Limited,100,197.2,19720.0,2025-07-08 14:08:29.772359
2025-07-08,18797,2025070804014610,HDHPC,Dipshikha Dhitopatra Karobar Co. Pvt Ltd.,Trishakti Securities Public Limited,1000,197.2,197200.0,2025-07-08 14:09:32.796592
2025-07-08,18704,2025070804014649,HDHPC,Naasa Securities Co. Ltd.,Deevyaa Securities & Stock House Pvt. Ltd,400,197.3,78920.0,2025-07-08 14:09:59.719745
2025-07-08,18670,2025070804014660,HDHPC,Naasa Securities Co. Ltd.,Naasa Securities Co. Ltd.,200,197.8,39560.0,2025-07-08 14:10:14.686202
2025-07-08,18623,2025070804014673,HDHPC,Naasa Securities Co. Ltd.,Shree Krishna Securities Ltd.,50,197.9,9895.0,2025-07-08 14:10:30.390087
2025-07-08,18622,2025070804014674,HDHPC,Naasa Securities Co. Ltd.,Online Securities Pvt. Ltd.,68,197.9,13457.2,2025-07-08 14:10:30.390484
2025-07-08,18524,2025070804014694,HDHPC,Dipshikha Dhitopatra Karobar Co. Pvt Ltd.,Sumeru Securities Pvt. Ltd.,875,197.2,172550.0,2025-07-08 14:11:09.019362
2025-07-08,18365,2025070804014768,HDHPC,Dipshikha Dhitopatra Karobar Co. Pvt Ltd.,Aryatara Investment & Securities,125,197.2,24650.0,2025-07-08 14:11:42.637290
2025-07-08,17229,2025070804015172,HDHPC,Naasa Securities Co. Ltd.,Aryatara Investment & Securities,100,197.2,19720.0,2025-07-08 14:16:11.047851
2025-07-08,16557,2025070804015401,HDHPC,Opal Securities Investment (PVT) Ltd.,Asian Securities Private Ltd.,1546,197.1,304716.6,2025-07-08 14:19:15.176952
2025-07-08,16129,2025070804015523,HDHPC,Dipshikha Dhitopatra Karobar Co. Pvt Ltd.,Vision Securities Pvt. Ltd,100,197.0,19700.0,2025-07-08 14:21:10.902239
2025-07-08,16009,2025070804015553,HDHPC,Dipshikha Dhitopatra Karobar Co. Pvt Ltd.,Thrive Brokerage House Pvt. Ltd,100,197.0,19700.0,2025-07-08 14:21:35.220560
2025-07-08,16008,2025070804015554,HDHPC,Aryatara Investment & Securities,Thrive Brokerage House Pvt. Ltd,100,197.0,19700.0,2025-07-08 14:21:35.220929
2025-07-08,15975,2025070804015573,HDHPC,Aryatara Investment & Securities,Trishakti Securities Public Limited,200,197.0,39400.0,2025-07-08 14:21:40.874104
2025-07-08,15974,2025070804015574,HDHPC,Imperial Securities Company Pvt. Ltd.,Trishakti Securities Public Limited,100,197.0,19700.0,2025-07-08 14:21:40.874217
2025-07-08,15973,2025070804015575,HDHPC,Market Securities & Exchange (PVT) Ltd.,Trishakti Securities Public Limited,500,197.0,98500.0,2025-07-08 14:21:40.874295
2025-07-08,15972,2025070804015576,HDHPC,Siprabi Securities Pvt. Ltd.,Trishakti Securities Public Limited,20,197.0,3940.0,2025-07-08 14:21:40.874409
2025-07-08,15971,2025070804015577,HDHPC,Ashutosh Brokerage & Securities (PVT) Ltd.,Trishakti Securities Public Limited,50,197.0,9850.0,2025-07-08 14:21:40.874483
2025-07-08,15970,2025070804015578,HDHPC,Sani Securities Company Ltd.,Trishakti Securities Public Limited,117,197.0,23049.0,2025-07-08 14:21:40.874554
2025-07-08,15926,2025070804015589,HDHPC,Online Securities Pvt. Ltd.,Aryatara Investment & Securities,10,197.2,1972.0,2025-07-08 14:21:47.322287
2025-07-08,15417,2025070804015752,HDHPC,Sani Securities Company Ltd.,Naasa Securities Co. Ltd.,37,197.0,7289.0,2025-07-08 14:23:34.873451
2025-07-08,15316,2025070804015778,HDHPC,Sani Securities Company Ltd.,Sani Securities Company Ltd.,96,197.0,18912.0,2025-07-08 14:23:58.681957
2025-07-08,15315,2025070804015779,HDHPC,Arun Securities (PVT) Ltd.,Sani Securities Company Ltd.,404,197.0,79588.0,2025-07-08 14:23:58.682663
2025-07-08,14799,2025070804015945,HDHPC,Nepal Stock House (PVT) Ltd.,Aryatara Investment & Securities,15,197.2,2958.0,2025-07-08 14:26:03.715808
2025-07-08,14798,2025070804015946,HDHPC,Nepal Stock House (PVT) Ltd.,Trishakti Securities Public Limited,935,197.2,184382.0,2025-07-08 14:26:03.716187
2025-07-08,14638,2025070804016032,HDHPC,Arun Securities (PVT) Ltd.,Agrawal Securities (PVT) Ltd.,20,197.0,3940.0,2025-07-08 14:26:40.164383
2025-07-08,14558,2025070804016054,HDHPC,Creative Securities Pvt Ltd,Trishakti Securities Public Limited,65,197.2,12818.0,2025-07-08 14:27:01.496676
2025-07-08,14353,2025070804016140,HDHPC,Trishakti Securities Public Limited,Vision Securities Pvt. Ltd,130,197.1,25623.0,2025-07-08 14:27:46.947830
2025-07-08,14264,2025070804016163,HDHPC,Arun Securities (PVT) Ltd.,Sani Securities Company Ltd.,76,197.0,14972.0,2025-07-08 14:28:04.380695
2025-07-08,14263,2025070804016164,HDHPC,Dipshikha Dhitopatra Karobar Co. Pvt Ltd.,Sani Securities Company Ltd.,24,197.0,4728.0,2025-07-08 14:28:04.381408
2025-07-08,14186,2025070804016199,HDHPC,Trishakti Securities Public Limited,Naasa Securities Co. Ltd.,170,197.2,33524.0,2025-07-08 14:28:21.179953
2025-07-08,13677,2025070804016412,HDHPC,Sundhara Securities Limited,Online Securities Pvt. Ltd.,500,197.1,98550.0,2025-07-08 14:29:56.701714
2025-07-08,13515,2025070804016471,HDHPC,Sundhara Securities Limited,Asian Securities Private Ltd.,1500,197.1,295650.0,2025-07-08 14:30:42.362329
2025-07-08,12949,2025070804016690,HDHPC,Dipshikha Dhitopatra Karobar Co. Pvt Ltd.,Trishakti Securities Public Limited,1000,197.1,197100.0,2025-07-08 14:32:49.726533
2025-07-08,12693,2025070804016769,HDHPC,Dipshikha Dhitopatra Karobar Co. Pvt Ltd.,Sri Hari Securities Pvt. Ltd.,45,197.0,8865.0,2025-07-08 14:33:55.335696
2025-07-08,12579,2025070804016810,HDHPC,Dipshikha Dhitopatra Karobar Co. Pvt Ltd.,Naasa Securities Co. Ltd.,200,197.0,39400.0,2025-07-08 14:34:19.419308
2025-07-08,12496,2025070804016836,HDHPC,Imperial Securities Company Pvt. Ltd.,Sri Hari Securities Pvt. Ltd.,300,197.1,59130.0,2025-07-08 14:34:43.926461
2025-07-08,12081,2025070804016991,HDHPC,Dipshikha Dhitopatra Karobar Co. Pvt Ltd.,Trishakti Securities Public Limited,231,197.0,45507.0,2025-07-08 14:36:28.400037
2025-07-08,12080,2025070804016992,HDHPC,Dipshikha Dhitopatra Karobar Co. Pvt Ltd.,Trishakti Securities Public Limited,20,197.0,3940.0,2025-07-08 14:36:28.400490
2025-07-08,12079,2025070804016993,HDHPC,Midas Stock Broking Company Private Limited,Trishakti Securities Public Limited,90,197.0,17730.0,2025-07-08 14:36:28.400650
2025-07-08,12078,2025070804016994,HDHPC,Bhrikuti Stock Broking Co. Pvt. Ltd.,Trishakti Securities Public Limited,250,197.0,49250.0,2025-07-08 14:36:28.400802
2025-07-08,12077,2025070804016995,HDHPC,Secured Securities Ltd.,Trishakti Securities Public Limited,60,197.0,11820.0,2025-07-08 14:36:28.400953
2025-07-08,12076,2025070804016996,HDHPC,Naasa Securities Co. Ltd.,Trishakti Securities Public Limited,507,197.0,99879.0,2025-07-08 14:36:28.401652
2025-07-08,12075,2025070804016997,HDHPC,Sani Securities Company Ltd.,Trishakti Securities Public Limited,842,197.0,165874.0,2025-07-08 14:36:28.402105
2025-07-08,11965,2025070804017020,HDHPC,Sani Securities Company Ltd.,Trishakti Securities Public Limited,658,197.0,129626.0,2025-07-08 14:36:59.562747
2025-07-08,11964,2025070804017021,HDHPC,Vision Securities Pvt. Ltd,Trishakti Securities Public Limited,500,197.0,98500.0,2025-07-08 14:36:59.563131
2025-07-08,11963,2025070804017022,HDHPC,Premier Securities Company Ltd.,Trishakti Securities Public Limited,702,197.0,138294.0,2025-07-08 14:36:59.563285
2025-07-08,11946,2025070804017033,HDHPC,Premier Securities Company Ltd.,Deevyaa Securities & Stock House Pvt. Ltd,498,197.0,98106.0,2025-07-08 14:37:05.437509
2025-07-08,11602,2025070804017165,HDHPC,Premier Securities Company Ltd.,Dipshikha Dhitopatra Karobar Co. Pvt Ltd.,20,197.0,3940.0,2025-07-08 14:38:16.456406
2025-07-08,11371,2025070804017239,HDHPC,Premier Securities Company Ltd.,Trishakti Securities Public Limited,1280,197.0,252160.0,2025-07-08 14:39:02.273127
2025-07-08,11370,2025070804017240,HDHPC,Premier Securities Company Ltd.,Trishakti Securities Public Limited,720,197.0,141840.0,2025-07-08 14:39:02.273465
2025-07-08,11283,2025070804017280,HDHPC,Premier Securities Company Ltd.,Trishakti Securities Public Limited,960,197.0,189120.0,2025-07-08 14:39:21.408481
2025-07-08,11282,2025070804017281,HDHPC,Premier Securities Company Ltd.,Siprabi Securities Pvt. Ltd.,200,197.0,39400.0,2025-07-08 14:39:21.924085
2025-07-08,10844,2025070804017464,HDHPC,Premier Securities Company Ltd.,Creative Securities Pvt Ltd,120,197.0,23640.0,2025-07-08 14:40:28.883643
2025-07-08,10350,2025070804017613,HDHPC,Dipshikha Dhitopatra Karobar Co. Pvt Ltd.,Trishakti Securities Public Limited,1535,196.9,302241.5,2025-07-08 14:42:10.401275
2025-07-08,9990,2025070804017746,HDHPC,SUN SECURITIES PVT LTD,Market Securities & Exchange (PVT) Ltd.,100,196.6,19660.0,2025-07-08 14:43:10.568459
2025-07-08,9396,2025070804017973,HDHPC,Premier Securities Company Ltd.,Creative Securities Pvt Ltd,260,197.0,51220.0,2025-07-08 14:44:51.751678
2025-07-08,9395,2025070804017974,HDHPC,Premier Securities Company Ltd.,Deevyaa Securities & Stock House Pvt. Ltd,10,197.0,1970.0,2025-07-08 14:44:51.752378
2025-07-08,9394,2025070804017975,HDHPC,Premier Securities Company Ltd.,Sweta Securities Private Limited,713,197.0,140461.0,2025-07-08 14:44:51.752833
2025-07-08,9393,2025070804017976,HDHPC,Premier Securities Company Ltd.,Aryatara Investment & Securities,200,197.0,39400.0,2025-07-08 14:44:51.753280
2025-07-08,9018,2025070804018058,HDHPC,Sani Securities Company Ltd.,Sri Hari Securities Pvt. Ltd.,200,197.1,39420.0,2025-07-08 14:45:35.919209
2025-07-08,8648,2025070804018169,HDHPC,Premier Securities Company Ltd.,Siprabi Securities Pvt. Ltd.,235,197.0,46295.0,2025-07-08 14:46:32.477027
2025-07-08,7865,2025070804018441,HDHPC,Trishakti Securities Public Limited,Sri Hari Securities Pvt. Ltd.,260,197.1,51246.0,2025-07-08 14:48:41.669547
2025-07-08,7571,2025070804018569,HDHPC,Naasa Securities Co. Ltd.,Sri Hari Securities Pvt. Ltd.,10,197.1,1971.0,2025-07-08 14:49:17.620821
2025-07-08,7554,2025070804018572,HDHPC,Naasa Securities Co. Ltd.,Sri Hari Securities Pvt. Ltd.,196,197.1,38631.6,2025-07-08 14:49:19.641525
2025-07-08,7329,2025070804018667,HDHPC,Premier Securities Company Ltd.,Sri Hari Securities Pvt. Ltd.,318,197.1,62677.8,2025-07-08 14:49:43.921055
2025-07-08,6840,2025070804018829,HDHPC,Premier Securities Company Ltd.,Agrawal Securities (PVT) Ltd.,387,197.1,76277.7,2025-07-08 14:50:39.601220
2025-07-08,6720,2025070804018871,HDHPC,Oxford Securities Pvt. Ltd.,Naasa Securities Co. Ltd.,130,197.2,25636.0,2025-07-08 14:50:58.122792
2025-07-08,6283,2025070804019054,HDHPC,Premier Securities Company Ltd.,NIMB Stock Markets Limited,250,197.1,49275.0,2025-07-08 14:51:55.175505
2025-07-08,6268,2025070804019059,HDHPC,Vision Securities Pvt. Ltd,Asian Securities Private Ltd.,100,197.5,19750.0,2025-07-08 14:51:57.512122
2025-07-08,5320,2025070804019388,HDHPC,Siprabi Securities Pvt. Ltd.,Asian Securities Private Ltd.,20,197.4,3948.0,2025-07-08 14:53:41.864040
2025-07-08,5062,2025070804019454,HDHPC,Premier Securities Company Ltd.,Sani Securities Company Ltd.,45,197.1,8869.5,2025-07-08 14:54:19.117263
2025-07-08,5061,2025070804019455,HDHPC,Shree Krishna Securities Ltd.,Sani Securities Company Ltd.,50,197.1,9855.0,2025-07-08 14:54:19.117623
2025-07-08,5060,2025070804019456,HDHPC,Premier Securities Company Ltd.,Sani Securities Company Ltd.,582,197.0,114654.0,2025-07-08 14:54:19.117780
2025-07-08,5059,2025070804019457,HDHPC,Premier Securities Company Ltd.,Sani Securities Company Ltd.,323,197.0,63631.0,2025-07-08 14:54:19.117957
2025-07-08,4650,2025070804019591,HDHPC,Premier Securities Company Ltd.,Nepal Stock House (PVT) Ltd.,1000,197.0,197000.0,2025-07-08 14:54:55.864930
2025-07-08,4499,2025070804019639,HDHPC,Premier Securities Company Ltd.,Dipshikha Dhitopatra Karobar Co. Pvt Ltd.,677,197.0,133369.0,2025-07-08 14:55:07.954688
2025-07-08,4498,2025070804019640,HDHPC,Aryatara Investment & Securities,Dipshikha Dhitopatra Karobar Co. Pvt Ltd.,100,197.0,19700.0,2025-07-08 14:55:07.955537
2025-07-08,4497,2025070804019641,HDHPC,Aryatara Investment & Securities,Dipshikha Dhitopatra Karobar Co. Pvt Ltd.,60,197.0,11820.0,2025-07-08 14:55:07.956226
2025-07-08,4496,2025070804019642,HDHPC,Online Securities Pvt. Ltd.,Dipshikha Dhitopatra Karobar Co. Pvt Ltd.,55,197.0,10835.0,2025-07-08 14:55:07.956959
2025-07-08,4495,2025070804019643,HDHPC,Sani Securities Company Ltd.,Dipshikha Dhitopatra Karobar Co. Pvt Ltd.,500,197.0,98500.0,2025-07-08 14:55:07.957694
2025-07-08,4494,2025070804019644,HDHPC,Nepal Stock House (PVT) Ltd.,Dipshikha Dhitopatra Karobar Co. Pvt Ltd.,608,197.0,119776.0,2025-07-08 14:55:07.958388
2025-07-08,4437,2025070804019661,HDHPC,Nepal Stock House (PVT) Ltd.,Dakshinkali Investment & Securities Pvt. Ltd.,392,197.0,77224.0,2025-07-08 14:55:12.367335
2025-07-08,4436,2025070804019662,HDHPC,Kohinoor Investment & Securities Pvt. Ltd.,Dakshinkali Investment & Securities Pvt. Ltd.,120,197.0,23640.0,2025-07-08 14:55:12.367730
2025-07-08,3956,2025070804019829,HDHPC,Kumari Securities Private Limited,Dakshinkali Investment & Securities Pvt. Ltd.,72,197.0,14184.0,2025-07-08 14:56:00.220528
2025-07-08,3936,2025070804019837,HDHPC,Naasa Securities Co. Ltd.,NIMB Stock Markets Limited,10,196.8,1968.0,2025-07-08 14:56:01.931791
2025-07-08,3862,2025070804019855,HDHPC,Naasa Securities Co. Ltd.,Vision Securities Pvt. Ltd,290,196.8,57072.0,2025-07-08 14:56:10.385355
2025-07-08,3861,2025070804019856,HDHPC,Nepal Investment And Securities Trading Private Limited,Vision Securities Pvt. Ltd,10,196.7,1967.0,2025-07-08 14:56:10.385700
2025-07-08,3860,2025070804019857,HDHPC,Imperial Securities Company Pvt. Ltd.,Vision Securities Pvt. Ltd,100,196.7,19670.0,2025-07-08 14:56:10.385870
2025-07-08,3859,2025070804019858,HDHPC,SUN SECURITIES PVT LTD,Vision Securities Pvt. Ltd,100,196.6,19660.0,2025-07-08 14:56:10.386026
2025-07-08,3847,2025070804019863,HDHPC,Miyo Securities Pvt Ltd,Dakshinkali Investment & Securities Pvt. Ltd.,600,197.0,118200.0,2025-07-08 14:56:12.399932
2025-07-08,3802,2025070804019883,HDHPC,Kohinoor Investment & Securities Pvt. Ltd.,Dakshinkali Investment & Securities Pvt. Ltd.,316,197.0,62252.0,2025-07-08 14:56:15.580465
2025-07-08,3801,2025070804019884,HDHPC,Kohinoor Investment & Securities Pvt. Ltd.,ABC Securities Private Limited,300,197.0,59100.0,2025-07-08 14:56:15.580785
2025-07-08,3800,2025070804019885,HDHPC,Kohinoor Investment & Securities Pvt. Ltd.,Imperial Securities Company Pvt. Ltd.,384,197.0,75648.0,2025-07-08 14:56:15.580939
2025-07-08,3769,2025070804019892,HDHPC,Online Securities Pvt. Ltd.,Imperial Securities Company Pvt. Ltd.,70,197.0,13790.0,2025-07-08 14:56:18.796859
2025-07-08,3714,2025070804019917,HDHPC,Sweta Securities Private Limited,Imperial Securities Company Pvt. Ltd.,134,197.0,26398.0,2025-07-08 14:56:25.069217
2025-07-08,3681,2025070804019928,HDHPC,Sweta Securities Private Limited,Dipshikha Dhitopatra Karobar Co. Pvt Ltd.,170,197.0,33490.0,2025-07-08 14:56:28.984205
2025-07-08,2854,2025070804020194,HDHPC,Vision Securities Pvt. Ltd,Dipshikha Dhitopatra Karobar Co. Pvt Ltd.,12,197.2,2366.4,2025-07-08 14:57:37.335258
2025-07-08,1623,2025070804020681,HDHPC,Oxford Securities Pvt. Ltd.,Linch Stock Market Ltd.,1000,197.1,197100.0,2025-07-08 14:59:01.758968
2025-07-08,1198,2025070804020846,HDHPC,Oxford Securities Pvt. Ltd.,Asian Securities Private Ltd.,200,197.1,39420.0,2025-07-08 14:59:19.753614
2025-07-08,1081,2025070804020869,HDHPC,Oxford Securities Pvt. Ltd.,Dipshikha Dhitopatra Karobar Co. Pvt Ltd.,33,197.1,6504.3,2025-07-08 14:59:24.077916
2025-07-08,858,2025070804020957,HDHPC,Shree Krishna Securities Ltd.,Aryatara Investment & Securities,10,197.2,1972.0,2025-07-08 14:59:34.040545
2025-07-08,651,2025070804021042,HDHPC,Oxford Securities Pvt. Ltd.,Market Securities & Exchange (PVT) Ltd.,400,197.1,78840.0,2025-07-08 14:59:40.574125
2025-07-08,596,2025070804021062,HDHPC,Trishakti Securities Public Limited,Aryatara Investment & Securities,90,197.2,17748.0,2025-07-08 14:59:43.141201
2025-07-08,595,2025070804021063,HDHPC,Trishakti Securities Public Limited,Linch Stock Market Ltd.,500,197.2,98600.0,2025-07-08 14:59:43.141553
2025-07-08,411,2025070804021133,HDHPC,Trishakti Securities Public Limited,Hatemalo Financial Services Private Limited,410,197.2,80852.0,2025-07-08 14:59:47.514356
2025-07-08,410,2025070804021134,HDHPC,Oxford Securities Pvt. Ltd.,Hatemalo Financial Services Private Limited,1877,197.1,369956.7,2025-07-08 14:59:47.514680
2025-07-08,365,2025070804021152,HDHPC,Oxford Securities Pvt. Ltd.,Siprabi Securities Pvt. Ltd.,970,197.1,191187.0,2025-07-08 14:59:49.655507
