contract_id,symbol,buyer_member_id,seller_member_id,volume,price,amount,buyer_broker,seller_broker,transaction_time
2026042704000110,AHPC,13,59,32,280.1,8963.2,Thrive Brokerage House Pvt. Ltd,Deevyaa Securities & Stock House Pvt. Ltd,2026-04-27 11:02:52.316778
2026042704000116,AHPC,11,62,100,282.0,28200.0,Malla & Malla Stock Broking Company Pvt. Limited,Capital Max Securities Ltd,2026-04-27 11:03:08.489207
2026042704000141,AHPC,22,62,10,282.0,2820.0,Siprabi Securities Pvt. Ltd.,Capital Max Securities Ltd,2026-04-27 11:04:05.535900
2026042704000146,AHPC,58,41,37,281.0,10397.0,Naasa Securities Co. Ltd.,Linch Stock Market Ltd.,2026-04-27 11:04:09.478091
2026042704000147,AHPC,11,41,50,281.0,14050.0,Malla & Malla Stock Broking Company Pvt. Limited,Linch Stock Market Ltd.,2026-04-27 11:04:09.478213
2026042704000148,AHPC,13,41,213,280.1,59661.3,Thrive Brokerage House Pvt. Ltd,Linch Stock Market Ltd.,2026-04-27 11:04:09.478252
2026042704000156,AHPC,13,16,255,280.1,71425.5,Thrive Brokerage House Pvt. Ltd,Primo Securities (PVT) Ltd.,2026-04-27 11:04:22.660571
2026042704000157,AHPC,42,16,16,280.1,4481.6,Sani Securities Company Ltd.,Primo Securities (PVT) Ltd.,2026-04-27 11:04:22.660667
2026042704000158,AHPC,11,16,100,280.0,28000.0,Malla & Malla Stock Broking Company Pvt. Limited,Primo Securities (PVT) Ltd.,2026-04-27 11:04:22.660706
2026042704000159,AHPC,50,16,100,280.0,28000.0,Cristal Kanchanjanga Securites Pvt. Ltd.,Primo Securities (PVT) Ltd.,2026-04-27 11:04:22.660748
2026042704000160,AHPC,58,16,175,280.0,49000.0,Naasa Securities Co. Ltd.,Primo Securities (PVT) Ltd.,2026-04-27 11:04:22.660776
2026042704000183,AHPC,7,16,100,280.0,28000.0,J.F. Securites (PVT) Ltd.,Primo Securities (PVT) Ltd.,2026-04-27 11:04:49.409172
2026042704000201,AHPC,68,16,1000,280.0,280000.0,Elite Stock House Limited,Primo Securities (PVT) Ltd.,2026-04-27 11:05:22.341636
2026042704000235,AHPC,58,16,10,280.0,2800.0,Naasa Securities Co. Ltd.,Primo Securities (PVT) Ltd.,2026-04-27 11:06:13.545730
2026042704000280,AHPC,21,16,200,280.0,56000.0,Midas Stock Broking Company Private Limited,Primo Securities (PVT) Ltd.,2026-04-27 11:07:35.464009
2026042704000306,AHPC,58,16,44,280.0,12320.0,Naasa Securities Co. Ltd.,Primo Securities (PVT) Ltd.,2026-04-27 11:08:34.130318
2026042704000307,AHPC,58,62,11,282.0,3102.0,Naasa Securities Co. Ltd.,Capital Max Securities Ltd,2026-04-27 11:08:34.130356
2026042704000352,AHPC,45,62,110,282.0,31020.0,Imperial Securities Company Pvt. Ltd.,Capital Max Securities Ltd,2026-04-27 11:09:44.548117
2026042704000464,AHPC,49,62,15,282.0,4230.0,Online Securities Pvt. Ltd.,Capital Max Securities Ltd,2026-04-27 11:12:36.119544
2026042704000471,AHPC,58,62,50,282.0,14100.0,Naasa Securities Co. Ltd.,Capital Max Securities Ltd,2026-04-27 11:13:00.774029
2026042704000528,AHPC,45,16,150,282.5,42375.0,Imperial Securities Company Pvt. Ltd.,Primo Securities (PVT) Ltd.,2026-04-27 11:14:49.950299
2026042704000609,AHPC,63,50,100,282.0,28200.0,Himalayan Brokerage Company Limited,Cristal Kanchanjanga Securites Pvt. Ltd.,2026-04-27 11:16:17.916871
2026042704000621,AHPC,58,62,20,282.8,5656.0,Naasa Securities Co. Ltd.,Capital Max Securities Ltd,2026-04-27 11:16:30.753057
2026042704000623,AHPC,58,21,10,283.0,2830.0,Naasa Securities Co. Ltd.,Midas Stock Broking Company Private Limited,2026-04-27 11:16:33.699798
2026042704000659,AHPC,19,42,11,282.0,3102.0,Nepal Investment And Securities Trading Private Limited,Sani Securities Company Ltd.,2026-04-27 11:17:41.671919
2026042704000661,AHPC,41,21,190,283.0,53770.0,Linch Stock Market Ltd.,Midas Stock Broking Company Private Limited,2026-04-27 11:17:43.196713
2026042704000667,AHPC,58,62,10,284.0,2840.0,Naasa Securities Co. Ltd.,Capital Max Securities Ltd,2026-04-27 11:17:54.020139
2026042704000678,AHPC,6,62,290,284.0,82360.0,Agrawal Securities (PVT) Ltd.,Capital Max Securities Ltd,2026-04-27 11:18:07.137093
2026042704000679,AHPC,6,44,500,284.8,142400.0,Agrawal Securities (PVT) Ltd.,Dynamic Money Managers Securities Pvt. Ltd.,2026-04-27 11:18:07.137157
2026042704000680,AHPC,6,16,150,284.9,42735.0,Agrawal Securities (PVT) Ltd.,Primo Securities (PVT) Ltd.,2026-04-27 11:18:07.137194
2026042704000681,AHPC,6,62,60,285.0,17100.0,Agrawal Securities (PVT) Ltd.,Capital Max Securities Ltd,2026-04-27 11:18:07.137245
2026042704000714,AHPC,19,58,150,283.0,42450.0,Nepal Investment And Securities Trading Private Limited,Naasa Securities Co. Ltd.,2026-04-27 11:18:32.827330
2026042704000715,AHPC,16,58,60,283.0,16980.0,Primo Securities (PVT) Ltd.,Naasa Securities Co. Ltd.,2026-04-27 11:18:32.827497
2026042704000791,AHPC,50,7,19,284.9,5413.1,Cristal Kanchanjanga Securites Pvt. Ltd.,J.F. Securites (PVT) Ltd.,2026-04-27 11:19:49.996134
2026042704000824,AHPC,16,22,840,283.0,237720.0,Primo Securities (PVT) Ltd.,Siprabi Securities Pvt. Ltd.,2026-04-27 11:20:21.547860
2026042704000899,AHPC,51,22,35,283.0,9905.0,Oxford Securities Pvt. Ltd.,Siprabi Securities Pvt. Ltd.,2026-04-27 11:21:34.492561
2026042704000922,AHPC,29,22,300,283.0,84900.0,Trisul Securities & Invt. Ltd.,Siprabi Securities Pvt. Ltd.,2026-04-27 11:22:21.144329
2026042704000946,AHPC,58,22,180,283.0,50940.0,Naasa Securities Co. Ltd.,Siprabi Securities Pvt. Ltd.,2026-04-27 11:22:34.888024
2026042704000950,AHPC,58,22,105,283.0,29715.0,Naasa Securities Co. Ltd.,Siprabi Securities Pvt. Ltd.,2026-04-27 11:22:38.624423
2026042704000997,AHPC,45,22,40,283.0,11320.0,Imperial Securities Company Pvt. Ltd.,Siprabi Securities Pvt. Ltd.,2026-04-27 11:23:50.678191
2026042704000998,AHPC,45,51,25,283.0,7075.0,Imperial Securities Company Pvt. Ltd.,Oxford Securities Pvt. Ltd.,2026-04-27 11:23:50.678365
2026042704000999,AHPC,45,58,23,283.0,6509.0,Imperial Securities Company Pvt. Ltd.,Naasa Securities Co. Ltd.,2026-04-27 11:23:50.678479
2026042704001022,AHPC,58,25,10,284.0,2840.0,Naasa Securities Co. Ltd.,Sweta Securities Private Limited,2026-04-27 11:24:19.233405
2026042704001029,AHPC,45,25,12,284.0,3408.0,Imperial Securities Company Pvt. Ltd.,Sweta Securities Private Limited,2026-04-27 11:24:33.527043
2026042704001046,AHPC,8,25,100,282.4,28240.0,Brilliant Securities Pvt. Ltd.,Sweta Securities Private Limited,2026-04-27 11:25:01.086230
2026042704001047,AHPC,46,25,373,282.2,105260.6,Kalika Securities Pvt. Ltd.,Sweta Securities Private Limited,2026-04-27 11:25:01.086533
2026042704001156,AHPC,45,83,150,282.3,42345.0,Imperial Securities Company Pvt. Ltd.,Sanima Securities Limited,2026-04-27 11:27:12.158240
2026042704001164,AHPC,63,16,1000,283.0,283000.0,Himalayan Brokerage Company Limited,Primo Securities (PVT) Ltd.,2026-04-27 11:27:14.324835
2026042704001167,AHPC,45,83,100,282.3,28230.0,Imperial Securities Company Pvt. Ltd.,Sanima Securities Limited,2026-04-27 11:27:19.503481
2026042704001219,AHPC,78,29,1,274.6,274.6,Garima Securities Limited,Trisul Securities & Invt. Ltd.,2026-04-27 11:28:00.717829
2026042704001264,AHPC,78,62,4,282.0,1128.0,Garima Securities Limited,Capital Max Securities Ltd,2026-04-27 11:28:37.212541
2026042704001277,AHPC,45,50,25,282.3,7057.5,Imperial Securities Company Pvt. Ltd.,Cristal Kanchanjanga Securites Pvt. Ltd.,2026-04-27 11:29:03.340634
2026042704001291,AHPC,45,22,317,282.3,89489.1,Imperial Securities Company Pvt. Ltd.,Siprabi Securities Pvt. Ltd.,2026-04-27 11:29:17.408285
2026042704001322,AHPC,35,16,635,283.0,179705.0,Kohinoor Investment & Securities Pvt. Ltd.,Primo Securities (PVT) Ltd.,2026-04-27 11:29:54.261698
2026042704001411,AHPC,78,62,4,282.0,1128.0,Garima Securities Limited,Capital Max Securities Ltd,2026-04-27 11:31:11.883769
2026042704001590,AHPC,45,21,200,282.3,56460.0,Imperial Securities Company Pvt. Ltd.,Midas Stock Broking Company Private Limited,2026-04-27 11:33:55.665160
2026042704001654,AHPC,19,16,500,283.0,141500.0,Nepal Investment And Securities Trading Private Limited,Primo Securities (PVT) Ltd.,2026-04-27 11:34:56.872498
2026042704001724,AHPC,22,16,10,283.0,2830.0,Siprabi Securities Pvt. Ltd.,Primo Securities (PVT) Ltd.,2026-04-27 11:36:08.534412
2026042704001737,AHPC,21,16,35,283.0,9905.0,Midas Stock Broking Company Private Limited,Primo Securities (PVT) Ltd.,2026-04-27 11:36:15.921491
2026042704001778,AHPC,92,77,20,282.5,5650.0,Roadshow securities limited,Nabil Stock Dealer Ltd.,2026-04-27 11:36:59.859351
2026042704001889,AHPC,45,16,100,283.0,28300.0,Imperial Securities Company Pvt. Ltd.,Primo Securities (PVT) Ltd.,2026-04-27 11:41:05.127253
2026042704001899,AHPC,45,50,100,282.3,28230.0,Imperial Securities Company Pvt. Ltd.,Cristal Kanchanjanga Securites Pvt. Ltd.,2026-04-27 11:41:23.865633
2026042704001944,AHPC,45,13,100,282.3,28230.0,Imperial Securities Company Pvt. Ltd.,Thrive Brokerage House Pvt. Ltd,2026-04-27 11:42:14.584675
2026042704001965,AHPC,45,58,153,282.3,43191.9,Imperial Securities Company Pvt. Ltd.,Naasa Securities Co. Ltd.,2026-04-27 11:42:39.379456
2026042704001984,AHPC,45,13,100,282.1,28210.0,Imperial Securities Company Pvt. Ltd.,Thrive Brokerage House Pvt. Ltd,2026-04-27 11:43:12.575078
2026042704001991,AHPC,96,57,45,282.4,12708.0,Himalayan Securities Limited,Aryatara Investment & Securities,2026-04-27 11:43:25.334895
2026042704001998,AHPC,45,50,255,282.1,71935.5,Imperial Securities Company Pvt. Ltd.,Cristal Kanchanjanga Securites Pvt. Ltd.,2026-04-27 11:43:36.686992
2026042704002047,AHPC,19,46,120,282.0,33840.0,Nepal Investment And Securities Trading Private Limited,Kalika Securities Pvt. Ltd.,2026-04-27 11:44:15.253773
2026042704002048,AHPC,19,49,369,282.0,104058.0,Nepal Investment And Securities Trading Private Limited,Online Securities Pvt. Ltd.,2026-04-27 11:44:15.569548
2026042704002049,AHPC,1,49,35,282.0,9870.0,Kumari Securities Private Limited,Online Securities Pvt. Ltd.,2026-04-27 11:44:15.569935
2026042704002050,AHPC,58,49,20,282.0,5640.0,Naasa Securities Co. Ltd.,Online Securities Pvt. Ltd.,2026-04-27 11:44:15.570178
2026042704002051,AHPC,14,49,50,282.0,14100.0,Nepal Stock House (PVT) Ltd.,Online Securities Pvt. Ltd.,2026-04-27 11:44:15.570449
2026042704002052,AHPC,22,49,25,282.0,7050.0,Siprabi Securities Pvt. Ltd.,Online Securities Pvt. Ltd.,2026-04-27 11:44:15.570737
2026042704002053,AHPC,29,49,20,282.0,5640.0,Trisul Securities & Invt. Ltd.,Online Securities Pvt. Ltd.,2026-04-27 11:44:15.571038
2026042704002142,AHPC,78,41,6,282.0,1692.0,Garima Securities Limited,Linch Stock Market Ltd.,2026-04-27 11:45:58.471392
2026042704002149,AHPC,8,26,150,281.8,42270.0,Brilliant Securities Pvt. Ltd.,Asian Securities Private Ltd.,2026-04-27 11:46:10.752203
2026042704002197,AHPC,8,57,112,281.8,31561.6,Brilliant Securities Pvt. Ltd.,Aryatara Investment & Securities,2026-04-27 11:47:20.551304
2026042704002213,AHPC,8,58,38,281.8,10708.4,Brilliant Securities Pvt. Ltd.,Naasa Securities Co. Ltd.,2026-04-27 11:47:58.302144
2026042704002214,AHPC,8,58,200,281.7,56340.0,Brilliant Securities Pvt. Ltd.,Naasa Securities Co. Ltd.,2026-04-27 11:47:58.302370
2026042704002215,AHPC,63,58,62,281.6,17459.2,Himalayan Brokerage Company Limited,Naasa Securities Co. Ltd.,2026-04-27 11:47:58.302452
2026042704002332,AHPC,36,36,13,281.7,3662.1,Secured Securities Ltd.,Secured Securities Ltd.,2026-04-27 11:51:10.548039
2026042704002362,AHPC,36,50,60,281.7,16902.0,Secured Securities Ltd.,Cristal Kanchanjanga Securites Pvt. Ltd.,2026-04-27 11:51:38.565502
2026042704002385,AHPC,63,50,38,281.6,10700.8,Himalayan Brokerage Company Limited,Cristal Kanchanjanga Securites Pvt. Ltd.,2026-04-27 11:52:14.165720
2026042704002389,AHPC,58,50,10,281.6,2816.0,Naasa Securities Co. Ltd.,Cristal Kanchanjanga Securites Pvt. Ltd.,2026-04-27 11:52:23.468599
2026042704002425,AHPC,63,50,92,281.6,25907.2,Himalayan Brokerage Company Limited,Cristal Kanchanjanga Securites Pvt. Ltd.,2026-04-27 11:53:21.101517
2026042704002464,AHPC,63,42,60,281.9,16914.0,Himalayan Brokerage Company Limited,Sani Securities Company Ltd.,2026-04-27 11:54:13.628298
2026042704002480,AHPC,45,42,220,282.0,62040.0,Imperial Securities Company Pvt. Ltd.,Sani Securities Company Ltd.,2026-04-27 11:54:45.983507
2026042704002481,AHPC,45,42,780,282.0,219960.0,Imperial Securities Company Pvt. Ltd.,Sani Securities Company Ltd.,2026-04-27 11:54:45.983722
2026042704002598,AHPC,58,26,10,282.5,2825.0,Naasa Securities Co. Ltd.,Asian Securities Private Ltd.,2026-04-27 11:58:16.952396
2026042704002599,AHPC,58,49,10,282.9,2829.0,Naasa Securities Co. Ltd.,Online Securities Pvt. Ltd.,2026-04-27 11:58:16.952504
2026042704002715,AHPC,57,49,470,282.9,132963.0,Aryatara Investment & Securities,Online Securities Pvt. Ltd.,2026-04-27 12:01:37.965771
2026042704002762,AHPC,58,16,10,283.0,2830.0,Naasa Securities Co. Ltd.,Primo Securities (PVT) Ltd.,2026-04-27 12:03:21.818052
2026042704002847,AHPC,42,58,17,282.7,4805.9,Sani Securities Company Ltd.,Naasa Securities Co. Ltd.,2026-04-27 12:05:32.788868
2026042704002848,AHPC,29,58,150,281.3,42195.0,Trisul Securities & Invt. Ltd.,Naasa Securities Co. Ltd.,2026-04-27 12:05:32.789169
2026042704002849,AHPC,63,58,100,281.2,28120.0,Himalayan Brokerage Company Limited,Naasa Securities Co. Ltd.,2026-04-27 12:05:32.789310
2026042704002850,AHPC,38,58,33,281.1,9276.3,Dipshikha Dhitopatra Karobar Co. Pvt Ltd.,Naasa Securities Co. Ltd.,2026-04-27 12:05:32.789413
2026042704002933,AHPC,35,13,100,282.9,28290.0,Kohinoor Investment & Securities Pvt. Ltd.,Thrive Brokerage House Pvt. Ltd,2026-04-27 12:07:07.167366
2026042704002954,AHPC,35,13,100,282.9,28290.0,Kohinoor Investment & Securities Pvt. Ltd.,Thrive Brokerage House Pvt. Ltd,2026-04-27 12:07:49.831643
2026042704003156,AHPC,38,8,967,281.1,271823.7,Dipshikha Dhitopatra Karobar Co. Pvt Ltd.,Brilliant Securities Pvt. Ltd.,2026-04-27 12:13:00.851063
2026042704003157,AHPC,64,8,100,281.1,28110.0,SUN SECURITIES PVT LTD,Brilliant Securities Pvt. Ltd.,2026-04-27 12:13:00.851297
2026042704003170,AHPC,45,8,495,282.0,139590.0,Imperial Securities Company Pvt. Ltd.,Brilliant Securities Pvt. Ltd.,2026-04-27 12:13:26.735188
2026042704003191,AHPC,45,8,450,281.1,126495.0,Imperial Securities Company Pvt. Ltd.,Brilliant Securities Pvt. Ltd.,2026-04-27 12:14:09.882256
2026042704003327,AHPC,39,57,11,281.0,3091.0,Sumeru Securities Pvt. Ltd.,Aryatara Investment & Securities,2026-04-27 12:17:57.743832
2026042704003436,AHPC,39,45,289,281.0,81209.0,Sumeru Securities Pvt. Ltd.,Imperial Securities Company Pvt. Ltd.,2026-04-27 12:21:01.132488
2026042704003437,AHPC,3,45,70,281.0,19670.0,Arun Securities (PVT) Ltd.,Imperial Securities Company Pvt. Ltd.,2026-04-27 12:21:01.132738
2026042704003438,AHPC,33,45,141,281.0,39621.0,Dakshinkali Investment & Securities Pvt. Ltd.,Imperial Securities Company Pvt. Ltd.,2026-04-27 12:21:01.132853
2026042704003439,AHPC,33,50,259,281.0,72779.0,Dakshinkali Investment & Securities Pvt. Ltd.,Cristal Kanchanjanga Securites Pvt. Ltd.,2026-04-27 12:21:06.271773
2026042704003447,AHPC,34,50,66,281.0,18546.0,Vision Securities Pvt. Ltd,Cristal Kanchanjanga Securites Pvt. Ltd.,2026-04-27 12:21:22.809816
2026042704003602,AHPC,78,43,4,280.0,1120.0,Garima Securities Limited,South Asian Bulls Pvt. Ltd.,2026-04-27 12:26:23.047610
2026042704003673,AHPC,49,19,108,281.1,30358.8,Online Securities Pvt. Ltd.,Nepal Investment And Securities Trading Private Limited,2026-04-27 12:28:51.611050
2026042704003741,AHPC,51,34,25,281.2,7030.0,Oxford Securities Pvt. Ltd.,Vision Securities Pvt. Ltd,2026-04-27 12:31:07.856935
2026042704003742,AHPC,49,34,25,281.1,7027.5,Online Securities Pvt. Ltd.,Vision Securities Pvt. Ltd,2026-04-27 12:31:07.857465
2026042704003759,AHPC,78,6,1,281.0,281.0,Garima Securities Limited,Agrawal Securities (PVT) Ltd.,2026-04-27 12:31:43.619784
2026042704003888,AHPC,40,39,100,282.9,28290.0,Creative Securities Pvt Ltd,Sumeru Securities Pvt. Ltd.,2026-04-27 12:36:05.282326
2026042704003889,AHPC,40,53,209,282.9,59126.1,Creative Securities Pvt Ltd,Investment Management Nepal Pvt. Ltd.,2026-04-27 12:36:05.282865
2026042704003996,AHPC,58,28,11,281.7,3098.7,Naasa Securities Co. Ltd.,Shree Krishna Securities Ltd.,2026-04-27 12:38:52.127041
2026042704004092,AHPC,78,54,2,281.6,563.2,Garima Securities Limited,Sewa Securities Pvt. Ltd.,2026-04-27 12:40:57.826175
2026042704004102,AHPC,32,17,114,282.0,32148.0,Premier Securities Company Ltd.,ABC Securities Private Limited,2026-04-27 12:41:15.010726
2026042704004216,AHPC,32,42,38,282.0,10716.0,Premier Securities Company Ltd.,Sani Securities Company Ltd.,2026-04-27 12:43:45.489381
2026042704004243,AHPC,32,38,348,282.0,98136.0,Premier Securities Company Ltd.,Dipshikha Dhitopatra Karobar Co. Pvt Ltd.,2026-04-27 12:44:18.108256
2026042704004244,AHPC,49,38,193,282.0,54426.0,Online Securities Pvt. Ltd.,Dipshikha Dhitopatra Karobar Co. Pvt Ltd.,2026-04-27 12:44:18.108337
2026042704004420,AHPC,57,53,291,282.9,82323.9,Aryatara Investment & Securities,Investment Management Nepal Pvt. Ltd.,2026-04-27 12:48:14.837241
2026042704004421,AHPC,57,58,217,282.9,61389.3,Aryatara Investment & Securities,Naasa Securities Co. Ltd.,2026-04-27 12:48:14.837543
2026042704004422,AHPC,57,14,392,282.9,110896.8,Aryatara Investment & Securities,Nepal Stock House (PVT) Ltd.,2026-04-27 12:48:14.837666
2026042704004464,AHPC,44,8,35,282.5,9887.5,Dynamic Money Managers Securities Pvt. Ltd.,Brilliant Securities Pvt. Ltd.,2026-04-27 12:49:30.904570
2026042704004537,AHPC,44,10,87,282.5,24577.5,Dynamic Money Managers Securities Pvt. Ltd.,Pragyan Securities (PVT) Ltd.,2026-04-27 12:51:39.097956
2026042704004544,AHPC,8,14,20,282.9,5658.0,Brilliant Securities Pvt. Ltd.,Nepal Stock House (PVT) Ltd.,2026-04-27 12:51:57.493196
2026042704004545,AHPC,8,67,25,282.9,7072.5,Brilliant Securities Pvt. Ltd.,Property Wiard Limited,2026-04-27 12:51:57.493767
2026042704004570,AHPC,44,6,10,282.5,2825.0,Dynamic Money Managers Securities Pvt. Ltd.,Agrawal Securities (PVT) Ltd.,2026-04-27 12:52:48.461027
2026042704004615,AHPC,44,58,68,282.5,19210.0,Dynamic Money Managers Securities Pvt. Ltd.,Naasa Securities Co. Ltd.,2026-04-27 12:54:05.468356
2026042704004616,AHPC,49,58,207,282.0,58374.0,Online Securities Pvt. Ltd.,Naasa Securities Co. Ltd.,2026-04-27 12:54:05.468657
2026042704004641,AHPC,58,50,59,281.7,16620.3,Naasa Securities Co. Ltd.,Cristal Kanchanjanga Securites Pvt. Ltd.,2026-04-27 12:55:08.847445
2026042704004642,AHPC,58,50,150,281.7,42255.0,Naasa Securities Co. Ltd.,Cristal Kanchanjanga Securites Pvt. Ltd.,2026-04-27 12:55:08.847544
2026042704004643,AHPC,74,50,91,281.6,25625.6,KALASH STOCK MARKET PVT. LTD.,Cristal Kanchanjanga Securites Pvt. Ltd.,2026-04-27 12:55:08.847613
2026042704004683,AHPC,59,58,500,281.5,140750.0,Deevyaa Securities & Stock House Pvt. Ltd,Naasa Securities Co. Ltd.,2026-04-27 12:56:19.801234
2026042704004684,AHPC,56,58,110,281.4,30954.0,Sri Hari Securities Pvt. Ltd.,Naasa Securities Co. Ltd.,2026-04-27 12:56:19.801547
2026042704004685,AHPC,44,58,115,281.4,32361.0,Dynamic Money Managers Securities Pvt. Ltd.,Naasa Securities Co. Ltd.,2026-04-27 12:56:19.801680
2026042704004780,AHPC,42,17,35,282.0,9870.0,Sani Securities Company Ltd.,ABC Securities Private Limited,2026-04-27 12:59:08.346310
2026042704004874,AHPC,1,17,65,282.0,18330.0,Kumari Securities Private Limited,ABC Securities Private Limited,2026-04-27 13:01:26.946941
2026042704004895,AHPC,45,67,24,282.9,6789.6,Imperial Securities Company Pvt. Ltd.,Property Wiard Limited,2026-04-27 13:01:38.807329
2026042704004905,AHPC,57,67,431,282.9,121929.9,Aryatara Investment & Securities,Property Wiard Limited,2026-04-27 13:02:03.801801
2026042704004977,AHPC,1,67,15,282.9,4243.5,Kumari Securities Private Limited,Property Wiard Limited,2026-04-27 13:04:02.859964
2026042704005047,AHPC,63,11,77,281.5,21675.5,Himalayan Brokerage Company Limited,Malla & Malla Stock Broking Company Pvt. Limited,2026-04-27 13:05:26.745569
2026042704005048,AHPC,35,11,31,281.5,8726.5,Kohinoor Investment & Securities Pvt. Ltd.,Malla & Malla Stock Broking Company Pvt. Limited,2026-04-27 13:05:26.745946
2026042704005100,AHPC,56,46,35,281.6,9856.0,Sri Hari Securities Pvt. Ltd.,Kalika Securities Pvt. Ltd.,2026-04-27 13:07:10.273789
2026042704005101,AHPC,35,46,15,281.5,4222.5,Kohinoor Investment & Securities Pvt. Ltd.,Kalika Securities Pvt. Ltd.,2026-04-27 13:07:10.274383
2026042704005330,AHPC,56,67,100,282.9,28290.0,Sri Hari Securities Pvt. Ltd.,Property Wiard Limited,2026-04-27 13:13:16.224399
2026042704005381,AHPC,33,90,50,282.8,14140.0,Dakshinkali Investment & Securities Pvt. Ltd.,Sajilo Broker Limited,2026-04-27 13:14:55.987870
2026042704005632,AHPC,101,52,100,282.0,28200.0,APPLE SECURITIES PRIVATE LIMITED,Sundhara Securities Limited,2026-04-27 13:20:04.204240
2026042704006009,AHPC,32,90,240,282.8,67872.0,Premier Securities Company Ltd.,Sajilo Broker Limited,2026-04-27 13:26:55.857531
2026042704006010,AHPC,32,67,10,282.9,2829.0,Premier Securities Company Ltd.,Property Wiard Limited,2026-04-27 13:26:55.857877
2026042704006041,AHPC,101,58,50,282.0,14100.0,APPLE SECURITIES PRIVATE LIMITED,Naasa Securities Co. Ltd.,2026-04-27 13:27:37.185792
2026042704006123,AHPC,62,67,1395,282.9,394645.5,Capital Max Securities Ltd,Property Wiard Limited,2026-04-27 13:29:00.687008
2026042704006138,AHPC,42,16,250,283.0,70750.0,Sani Securities Company Ltd.,Primo Securities (PVT) Ltd.,2026-04-27 13:29:24.177362
2026042704006152,AHPC,78,58,3,275.0,825.0,Garima Securities Limited,Naasa Securities Co. Ltd.,2026-04-27 13:29:41.900884
2026042704006256,AHPC,62,52,63,282.1,17772.3,Capital Max Securities Ltd,Sundhara Securities Limited,2026-04-27 13:32:32.549289
2026042704006284,AHPC,58,16,10,283.0,2830.0,Naasa Securities Co. Ltd.,Primo Securities (PVT) Ltd.,2026-04-27 13:33:04.860014
2026042704006306,AHPC,21,16,450,283.0,127350.0,Midas Stock Broking Company Private Limited,Primo Securities (PVT) Ltd.,2026-04-27 13:33:28.005639
2026042704006307,AHPC,21,49,50,283.0,14150.0,Midas Stock Broking Company Private Limited,Online Securities Pvt. Ltd.,2026-04-27 13:33:28.006271
2026042704006419,AHPC,21,49,823,283.0,232909.0,Midas Stock Broking Company Private Limited,Online Securities Pvt. Ltd.,2026-04-27 13:36:49.919035
2026042704006420,AHPC,21,38,106,283.0,29998.0,Midas Stock Broking Company Private Limited,Dipshikha Dhitopatra Karobar Co. Pvt Ltd.,2026-04-27 13:36:49.919688
2026042704006421,AHPC,21,6,71,283.0,20093.0,Midas Stock Broking Company Private Limited,Agrawal Securities (PVT) Ltd.,2026-04-27 13:36:49.920134
2026042704006430,AHPC,101,6,34,283.0,9622.0,APPLE SECURITIES PRIVATE LIMITED,Agrawal Securities (PVT) Ltd.,2026-04-27 13:37:15.392965
2026042704006431,AHPC,101,44,116,283.0,32828.0,APPLE SECURITIES PRIVATE LIMITED,Dynamic Money Managers Securities Pvt. Ltd.,2026-04-27 13:37:15.393027
2026042704006432,AHPC,101,25,128,283.5,36288.0,APPLE SECURITIES PRIVATE LIMITED,Sweta Securities Private Limited,2026-04-27 13:37:15.393063
2026042704006433,AHPC,101,50,470,283.9,133433.0,APPLE SECURITIES PRIVATE LIMITED,Cristal Kanchanjanga Securites Pvt. Ltd.,2026-04-27 13:37:15.393117
2026042704006434,AHPC,101,77,10,284.0,2840.0,APPLE SECURITIES PRIVATE LIMITED,Nabil Stock Dealer Ltd.,2026-04-27 13:37:15.393147
2026042704006435,AHPC,101,62,40,284.0,11360.0,APPLE SECURITIES PRIVATE LIMITED,Capital Max Securities Ltd,2026-04-27 13:37:15.393171
2026042704006436,AHPC,101,29,27,284.0,7668.0,APPLE SECURITIES PRIVATE LIMITED,Trisul Securities & Invt. Ltd.,2026-04-27 13:37:15.393194
2026042704006437,AHPC,101,22,175,284.0,49700.0,APPLE SECURITIES PRIVATE LIMITED,Siprabi Securities Pvt. Ltd.,2026-04-27 13:37:15.393216
2026042704006487,AHPC,40,22,100,284.0,28400.0,Creative Securities Pvt Ltd,Siprabi Securities Pvt. Ltd.,2026-04-27 13:38:22.387219
2026042704006507,AHPC,34,22,84,284.0,23856.0,Vision Securities Pvt. Ltd,Siprabi Securities Pvt. Ltd.,2026-04-27 13:38:52.053212
2026042704006535,AHPC,58,44,52,283.8,14757.6,Naasa Securities Co. Ltd.,Dynamic Money Managers Securities Pvt. Ltd.,2026-04-27 13:39:38.617550
2026042704006549,AHPC,29,32,290,283.1,82099.0,Trisul Securities & Invt. Ltd.,Premier Securities Company Ltd.,2026-04-27 13:40:12.969025
2026042704006588,AHPC,19,44,10,283.8,2838.0,Nepal Investment And Securities Trading Private Limited,Dynamic Money Managers Securities Pvt. Ltd.,2026-04-27 13:40:55.868216
2026042704006619,AHPC,58,44,10,283.8,2838.0,Naasa Securities Co. Ltd.,Dynamic Money Managers Securities Pvt. Ltd.,2026-04-27 13:42:18.286533
2026042704006628,AHPC,58,44,60,283.8,17028.0,Naasa Securities Co. Ltd.,Dynamic Money Managers Securities Pvt. Ltd.,2026-04-27 13:42:32.336303
2026042704006686,AHPC,6,44,15,283.8,4257.0,Agrawal Securities (PVT) Ltd.,Dynamic Money Managers Securities Pvt. Ltd.,2026-04-27 13:43:54.469837
2026042704006699,AHPC,42,44,18,283.8,5108.4,Sani Securities Company Ltd.,Dynamic Money Managers Securities Pvt. Ltd.,2026-04-27 13:44:36.195160
2026042704006795,AHPC,38,44,135,283.8,38313.0,Dipshikha Dhitopatra Karobar Co. Pvt Ltd.,Dynamic Money Managers Securities Pvt. Ltd.,2026-04-27 13:46:22.432492
2026042704006796,AHPC,38,42,25,283.8,7095.0,Dipshikha Dhitopatra Karobar Co. Pvt Ltd.,Sani Securities Company Ltd.,2026-04-27 13:46:22.432814
2026042704006797,AHPC,38,53,100,283.9,28390.0,Dipshikha Dhitopatra Karobar Co. Pvt Ltd.,Investment Management Nepal Pvt. Ltd.,2026-04-27 13:46:22.432960
2026042704006798,AHPC,38,22,240,284.0,68160.0,Dipshikha Dhitopatra Karobar Co. Pvt Ltd.,Siprabi Securities Pvt. Ltd.,2026-04-27 13:46:22.433100
2026042704006852,AHPC,29,4,10,283.1,2831.0,Trisul Securities & Invt. Ltd.,Opal Securities Investment (PVT) Ltd.,2026-04-27 13:47:10.039281
2026042704006853,AHPC,45,4,15,283.1,4246.5,Imperial Securities Company Pvt. Ltd.,Opal Securities Investment (PVT) Ltd.,2026-04-27 13:47:10.039629
2026042704006911,AHPC,58,22,10,284.0,2840.0,Naasa Securities Co. Ltd.,Siprabi Securities Pvt. Ltd.,2026-04-27 13:47:51.456167
2026042704006957,AHPC,58,22,10,284.0,2840.0,Naasa Securities Co. Ltd.,Siprabi Securities Pvt. Ltd.,2026-04-27 13:48:35.512498
2026042704007025,AHPC,45,57,285,283.1,80683.5,Imperial Securities Company Pvt. Ltd.,Aryatara Investment & Securities,2026-04-27 13:49:33.462896
2026042704007026,AHPC,21,57,500,283.0,141500.0,Midas Stock Broking Company Private Limited,Aryatara Investment & Securities,2026-04-27 13:49:33.463583
2026042704007027,AHPC,42,57,10,283.0,2830.0,Sani Securities Company Ltd.,Aryatara Investment & Securities,2026-04-27 13:49:33.464220
2026042704007041,AHPC,74,57,100,283.0,28300.0,KALASH STOCK MARKET PVT. LTD.,Aryatara Investment & Securities,2026-04-27 13:49:47.622737
2026042704007182,AHPC,48,57,105,283.0,29715.0,Trishakti Securities Public Limited,Aryatara Investment & Securities,2026-04-27 13:52:06.063264
2026042704007183,AHPC,48,3,73,283.0,20659.0,Trishakti Securities Public Limited,Arun Securities (PVT) Ltd.,2026-04-27 13:52:06.063890
2026042704007184,AHPC,48,7,300,283.0,84900.0,Trishakti Securities Public Limited,J.F. Securites (PVT) Ltd.,2026-04-27 13:52:06.064306
2026042704007185,AHPC,48,22,1022,284.0,290248.0,Trishakti Securities Public Limited,Siprabi Securities Pvt. Ltd.,2026-04-27 13:52:06.064738
2026042704007192,AHPC,78,58,2,276.0,552.0,Garima Securities Limited,Naasa Securities Co. Ltd.,2026-04-27 13:52:17.636901
2026042704007205,AHPC,42,57,106,283.0,29998.0,Sani Securities Company Ltd.,Aryatara Investment & Securities,2026-04-27 13:52:50.966211
2026042704007206,AHPC,58,57,120,283.0,33960.0,Naasa Securities Co. Ltd.,Aryatara Investment & Securities,2026-04-27 13:52:50.966868
2026042704007207,AHPC,43,57,20,282.9,5658.0,South Asian Bulls Pvt. Ltd.,Aryatara Investment & Securities,2026-04-27 13:52:50.967300
2026042704007208,AHPC,49,57,754,282.6,213080.4,Online Securities Pvt. Ltd.,Aryatara Investment & Securities,2026-04-27 13:52:50.967741
2026042704007257,AHPC,28,22,1906,284.0,541304.0,Shree Krishna Securities Ltd.,Siprabi Securities Pvt. Ltd.,2026-04-27 13:54:04.404494
2026042704007258,AHPC,28,36,42,284.0,11928.0,Shree Krishna Securities Ltd.,Secured Securities Ltd.,2026-04-27 13:54:04.404615
2026042704007259,AHPC,28,41,30,284.0,8520.0,Shree Krishna Securities Ltd.,Linch Stock Market Ltd.,2026-04-27 13:54:04.404707
2026042704007260,AHPC,28,49,100,284.0,28400.0,Shree Krishna Securities Ltd.,Online Securities Pvt. Ltd.,2026-04-27 13:54:04.404782
2026042704007261,AHPC,28,35,75,284.0,21300.0,Shree Krishna Securities Ltd.,Kohinoor Investment & Securities Pvt. Ltd.,2026-04-27 13:54:04.404856
2026042704007262,AHPC,28,7,981,284.2,278800.2,Shree Krishna Securities Ltd.,J.F. Securites (PVT) Ltd.,2026-04-27 13:54:04.404936
2026042704007263,AHPC,28,16,500,284.3,142150.0,Shree Krishna Securities Ltd.,Primo Securities (PVT) Ltd.,2026-04-27 13:54:04.405011
2026042704007264,AHPC,28,57,187,284.4,53182.8,Shree Krishna Securities Ltd.,Aryatara Investment & Securities,2026-04-27 13:54:04.405091
2026042704007265,AHPC,28,13,500,284.5,142250.0,Shree Krishna Securities Ltd.,Thrive Brokerage House Pvt. Ltd,2026-04-27 13:54:04.405169
2026042704007266,AHPC,28,51,50,284.5,14225.0,Shree Krishna Securities Ltd.,Oxford Securities Pvt. Ltd.,2026-04-27 13:54:04.405237
2026042704007267,AHPC,28,49,5629,284.5,1601450.5,Shree Krishna Securities Ltd.,Online Securities Pvt. Ltd.,2026-04-27 13:54:04.405295
2026042704007270,AHPC,28,49,1871,284.5,532299.5,Shree Krishna Securities Ltd.,Online Securities Pvt. Ltd.,2026-04-27 13:54:12.542590
2026042704007271,AHPC,28,44,500,284.8,142400.0,Shree Krishna Securities Ltd.,Dynamic Money Managers Securities Pvt. Ltd.,2026-04-27 13:54:12.542729
2026042704007272,AHPC,28,29,100,284.8,28480.0,Shree Krishna Securities Ltd.,Trisul Securities & Invt. Ltd.,2026-04-27 13:54:12.542804
2026042704007273,AHPC,28,1,245,284.9,69800.5,Shree Krishna Securities Ltd.,Kumari Securities Private Limited,2026-04-27 13:54:12.542889
2026042704007274,AHPC,28,51,14,284.9,3988.6,Shree Krishna Securities Ltd.,Oxford Securities Pvt. Ltd.,2026-04-27 13:54:12.542970
2026042704007275,AHPC,28,62,40,285.0,11400.0,Shree Krishna Securities Ltd.,Capital Max Securities Ltd,2026-04-27 13:54:12.543047
2026042704007276,AHPC,28,41,500,285.0,142500.0,Shree Krishna Securities Ltd.,Linch Stock Market Ltd.,2026-04-27 13:54:12.543126
2026042704007277,AHPC,28,49,10,285.0,2850.0,Shree Krishna Securities Ltd.,Online Securities Pvt. Ltd.,2026-04-27 13:54:12.543200
2026042704007278,AHPC,28,19,250,285.0,71250.0,Shree Krishna Securities Ltd.,Nepal Investment And Securities Trading Private Limited,2026-04-27 13:54:12.543275
2026042704007279,AHPC,28,54,1000,285.0,285000.0,Shree Krishna Securities Ltd.,Sewa Securities Pvt. Ltd.,2026-04-27 13:54:12.543389
2026042704007280,AHPC,28,41,21,285.0,5985.0,Shree Krishna Securities Ltd.,Linch Stock Market Ltd.,2026-04-27 13:54:12.543452
2026042704007281,AHPC,28,34,324,285.0,92340.0,Shree Krishna Securities Ltd.,Vision Securities Pvt. Ltd,2026-04-27 13:54:12.543509
2026042704007282,AHPC,28,26,10,285.0,2850.0,Shree Krishna Securities Ltd.,Asian Securities Private Ltd.,2026-04-27 13:54:12.543564
2026042704007283,AHPC,28,29,115,285.0,32775.0,Shree Krishna Securities Ltd.,Trisul Securities & Invt. Ltd.,2026-04-27 13:54:12.543647
2026042704007324,AHPC,74,57,10,284.9,2849.0,KALASH STOCK MARKET PVT. LTD.,Aryatara Investment & Securities,2026-04-27 13:55:30.336630
2026042704007388,AHPC,58,59,55,284.8,15664.0,Naasa Securities Co. Ltd.,Deevyaa Securities & Stock House Pvt. Ltd,2026-04-27 13:57:48.299925
2026042704007389,AHPC,42,59,10,284.8,2848.0,Sani Securities Company Ltd.,Deevyaa Securities & Stock House Pvt. Ltd,2026-04-27 13:57:50.112362
2026042704007412,AHPC,32,44,500,284.0,142000.0,Premier Securities Company Ltd.,Dynamic Money Managers Securities Pvt. Ltd.,2026-04-27 13:58:26.286966
2026042704007426,AHPC,32,59,135,284.0,38340.0,Premier Securities Company Ltd.,Deevyaa Securities & Stock House Pvt. Ltd,2026-04-27 13:58:41.390063
2026042704007456,AHPC,32,45,10,284.0,2840.0,Premier Securities Company Ltd.,Imperial Securities Company Pvt. Ltd.,2026-04-27 13:59:02.115553
2026042704007474,AHPC,32,90,100,284.0,28400.0,Premier Securities Company Ltd.,Sajilo Broker Limited,2026-04-27 13:59:32.146651
2026042704007485,AHPC,32,17,55,284.0,15620.0,Premier Securities Company Ltd.,ABC Securities Private Limited,2026-04-27 13:59:46.340409
2026042704007529,AHPC,42,44,25,283.3,7082.5,Sani Securities Company Ltd.,Dynamic Money Managers Securities Pvt. Ltd.,2026-04-27 14:01:17.248845
2026042704007544,AHPC,48,44,75,283.3,21247.5,Trishakti Securities Public Limited,Dynamic Money Managers Securities Pvt. Ltd.,2026-04-27 14:01:32.979441
2026042704007599,AHPC,48,90,132,284.2,37514.4,Trishakti Securities Public Limited,Sajilo Broker Limited,2026-04-27 14:02:55.397129
2026042704007610,AHPC,48,48,100,284.2,28420.0,Trishakti Securities Public Limited,Trishakti Securities Public Limited,2026-04-27 14:03:15.943369
2026042704007761,AHPC,21,40,250,284.4,71100.0,Midas Stock Broking Company Private Limited,Creative Securities Pvt Ltd,2026-04-27 14:07:11.293664
2026042704007762,AHPC,21,17,760,284.4,216144.0,Midas Stock Broking Company Private Limited,ABC Securities Private Limited,2026-04-27 14:07:11.294000
2026042704007773,AHPC,49,22,300,283.2,84960.0,Online Securities Pvt. Ltd.,Siprabi Securities Pvt. Ltd.,2026-04-27 14:07:40.857198
2026042704007876,AHPC,58,42,1,282.0,282.0,Naasa Securities Co. Ltd.,Sani Securities Company Ltd.,2026-04-27 14:10:21.421053
2026042704007889,AHPC,58,54,15,284.0,4260.0,Naasa Securities Co. Ltd.,Sewa Securities Pvt. Ltd.,2026-04-27 14:10:42.306383
2026042704007890,AHPC,13,54,285,283.3,80740.5,Thrive Brokerage House Pvt. Ltd,Sewa Securities Pvt. Ltd.,2026-04-27 14:10:42.306490
2026042704007893,AHPC,58,38,7,283.0,1981.0,Naasa Securities Co. Ltd.,Dipshikha Dhitopatra Karobar Co. Pvt Ltd.,2026-04-27 14:10:46.124196
2026042704007913,AHPC,89,38,10,284.0,2840.0,Global IME Securities Limited,Dipshikha Dhitopatra Karobar Co. Pvt Ltd.,2026-04-27 14:10:59.162413
2026042704007964,AHPC,13,25,115,283.3,32579.5,Thrive Brokerage House Pvt. Ltd,Sweta Securities Private Limited,2026-04-27 14:12:02.305593
2026042704007965,AHPC,49,25,200,283.2,56640.0,Online Securities Pvt. Ltd.,Sweta Securities Private Limited,2026-04-27 14:12:02.306255
2026042704007966,AHPC,8,25,200,283.2,56640.0,Brilliant Securities Pvt. Ltd.,Sweta Securities Private Limited,2026-04-27 14:12:02.306720
2026042704007967,AHPC,21,25,935,283.2,264792.0,Midas Stock Broking Company Private Limited,Sweta Securities Private Limited,2026-04-27 14:12:02.307170
2026042704008057,AHPC,49,6,1000,284.2,284200.0,Online Securities Pvt. Ltd.,Agrawal Securities (PVT) Ltd.,2026-04-27 14:13:42.289740
2026042704008079,AHPC,38,49,50,284.3,14215.0,Dipshikha Dhitopatra Karobar Co. Pvt Ltd.,Online Securities Pvt. Ltd.,2026-04-27 14:14:03.100431
2026042704008093,AHPC,74,49,450,284.3,127935.0,KALASH STOCK MARKET PVT. LTD.,Online Securities Pvt. Ltd.,2026-04-27 14:14:33.188349
2026042704008179,AHPC,74,17,500,284.4,142200.0,KALASH STOCK MARKET PVT. LTD.,ABC Securities Private Limited,2026-04-27 14:15:53.334547
2026042704008228,AHPC,8,17,10,284.4,2844.0,Brilliant Securities Pvt. Ltd.,ABC Securities Private Limited,2026-04-27 14:16:50.026608
2026042704008248,AHPC,21,17,175,284.4,49770.0,Midas Stock Broking Company Private Limited,ABC Securities Private Limited,2026-04-27 14:17:13.697589
2026042704008263,AHPC,21,62,100,284.7,28470.0,Midas Stock Broking Company Private Limited,Capital Max Securities Ltd,2026-04-27 14:17:29.269627
2026042704008264,AHPC,21,58,50,284.7,14235.0,Midas Stock Broking Company Private Limited,Naasa Securities Co. Ltd.,2026-04-27 14:17:29.270330
2026042704008265,AHPC,21,52,200,284.7,56940.0,Midas Stock Broking Company Private Limited,Sundhara Securities Limited,2026-04-27 14:17:29.270786
2026042704008279,AHPC,34,41,200,284.8,56960.0,Vision Securities Pvt. Ltd,Linch Stock Market Ltd.,2026-04-27 14:17:51.330110
2026042704008450,AHPC,74,13,50,284.3,14215.0,KALASH STOCK MARKET PVT. LTD.,Thrive Brokerage House Pvt. Ltd,2026-04-27 14:19:26.179256
2026042704008451,AHPC,42,13,200,284.3,56860.0,Sani Securities Company Ltd.,Thrive Brokerage House Pvt. Ltd,2026-04-27 14:19:26.180019
2026042704008489,AHPC,49,48,73,284.7,20783.1,Online Securities Pvt. Ltd.,Trishakti Securities Public Limited,2026-04-27 14:20:22.757938
2026042704008501,AHPC,21,48,177,284.7,50391.9,Midas Stock Broking Company Private Limited,Trishakti Securities Public Limited,2026-04-27 14:20:34.863643
2026042704008507,AHPC,21,21,73,284.7,20783.1,Midas Stock Broking Company Private Limited,Midas Stock Broking Company Private Limited,2026-04-27 14:20:48.364058
2026042704008835,AHPC,21,48,50,283.9,14195.0,Midas Stock Broking Company Private Limited,Trishakti Securities Public Limited,2026-04-27 14:24:41.100522
2026042704008841,AHPC,45,37,100,283.4,28340.0,Imperial Securities Company Pvt. Ltd.,Swarna Laxmi Securities Pvt. Ltd.,2026-04-27 14:24:47.648583
2026042704008842,AHPC,62,37,286,283.4,81052.4,Capital Max Securities Ltd,Swarna Laxmi Securities Pvt. Ltd.,2026-04-27 14:24:47.648942
2026042704008873,AHPC,21,58,24,284.0,6816.0,Midas Stock Broking Company Private Limited,Naasa Securities Co. Ltd.,2026-04-27 14:24:58.956843
2026042704008874,AHPC,21,65,161,284.0,45724.0,Midas Stock Broking Company Private Limited,Sharepro Securities Private Limited,2026-04-27 14:24:58.957529
2026042704009082,AHPC,62,38,214,283.4,60647.6,Capital Max Securities Ltd,Dipshikha Dhitopatra Karobar Co. Pvt Ltd.,2026-04-27 14:28:02.310873
2026042704009083,AHPC,45,38,355,283.4,100607.0,Imperial Securities Company Pvt. Ltd.,Dipshikha Dhitopatra Karobar Co. Pvt Ltd.,2026-04-27 14:28:02.311236
2026042704009084,AHPC,21,38,565,283.2,160008.0,Midas Stock Broking Company Private Limited,Dipshikha Dhitopatra Karobar Co. Pvt Ltd.,2026-04-27 14:28:02.311425
2026042704009085,AHPC,49,38,500,283.2,141600.0,Online Securities Pvt. Ltd.,Dipshikha Dhitopatra Karobar Co. Pvt Ltd.,2026-04-27 14:28:02.311684
2026042704009086,AHPC,49,38,1000,283.1,283100.0,Online Securities Pvt. Ltd.,Dipshikha Dhitopatra Karobar Co. Pvt Ltd.,2026-04-27 14:28:02.311944
2026042704009087,AHPC,49,38,1500,283.0,424500.0,Online Securities Pvt. Ltd.,Dipshikha Dhitopatra Karobar Co. Pvt Ltd.,2026-04-27 14:28:02.312171
2026042704009088,AHPC,54,38,15,283.0,4245.0,Sewa Securities Pvt. Ltd.,Dipshikha Dhitopatra Karobar Co. Pvt Ltd.,2026-04-27 14:28:02.312423
2026042704009089,AHPC,57,38,50,283.0,14150.0,Aryatara Investment & Securities,Dipshikha Dhitopatra Karobar Co. Pvt Ltd.,2026-04-27 14:28:02.312595
2026042704009090,AHPC,22,38,300,283.0,84900.0,Siprabi Securities Pvt. Ltd.,Dipshikha Dhitopatra Karobar Co. Pvt Ltd.,2026-04-27 14:28:02.312797
2026042704009091,AHPC,45,38,599,283.0,169517.0,Imperial Securities Company Pvt. Ltd.,Dipshikha Dhitopatra Karobar Co. Pvt Ltd.,2026-04-27 14:28:02.313044
2026042704009092,AHPC,49,38,1000,282.9,282900.0,Online Securities Pvt. Ltd.,Dipshikha Dhitopatra Karobar Co. Pvt Ltd.,2026-04-27 14:28:02.313231
2026042704009093,AHPC,49,38,1500,282.8,424200.0,Online Securities Pvt. Ltd.,Dipshikha Dhitopatra Karobar Co. Pvt Ltd.,2026-04-27 14:28:02.313472
2026042704009094,AHPC,56,38,200,282.8,56560.0,Sri Hari Securities Pvt. Ltd.,Dipshikha Dhitopatra Karobar Co. Pvt Ltd.,2026-04-27 14:28:02.313755
2026042704009095,AHPC,49,38,1246,282.6,352119.6,Online Securities Pvt. Ltd.,Dipshikha Dhitopatra Karobar Co. Pvt Ltd.,2026-04-27 14:28:02.313992
2026042704009096,AHPC,35,38,380,282.5,107350.0,Kohinoor Investment & Securities Pvt. Ltd.,Dipshikha Dhitopatra Karobar Co. Pvt Ltd.,2026-04-27 14:28:02.314233
2026042704009097,AHPC,8,38,566,282.4,159838.4,Brilliant Securities Pvt. Ltd.,Dipshikha Dhitopatra Karobar Co. Pvt Ltd.,2026-04-27 14:28:02.314453
2026042704009110,AHPC,53,90,19,283.9,5394.1,Investment Management Nepal Pvt. Ltd.,Sajilo Broker Limited,2026-04-27 14:28:17.557276
2026042704009117,AHPC,35,90,42,283.9,11923.8,Kohinoor Investment & Securities Pvt. Ltd.,Sajilo Broker Limited,2026-04-27 14:28:35.017695
2026042704009212,AHPC,17,90,39,283.9,11072.1,ABC Securities Private Limited,Sajilo Broker Limited,2026-04-27 14:30:11.993668
2026042704009213,AHPC,17,65,79,284.0,22436.0,ABC Securities Private Limited,Sharepro Securities Private Limited,2026-04-27 14:30:11.993763
2026042704009214,AHPC,17,17,82,284.0,23288.0,ABC Securities Private Limited,ABC Securities Private Limited,2026-04-27 14:30:11.993827
2026042704009419,AHPC,58,58,19,283.7,5390.3,Naasa Securities Co. Ltd.,Naasa Securities Co. Ltd.,2026-04-27 14:33:35.220416
2026042704009432,AHPC,58,22,146,283.7,41420.2,Naasa Securities Co. Ltd.,Siprabi Securities Pvt. Ltd.,2026-04-27 14:34:00.631642
2026042704009491,AHPC,49,38,9,276.0,2484.0,Online Securities Pvt. Ltd.,Dipshikha Dhitopatra Karobar Co. Pvt Ltd.,2026-04-27 14:34:32.457775
2026042704009516,AHPC,49,13,1,280.0,280.0,Online Securities Pvt. Ltd.,Thrive Brokerage House Pvt. Ltd,2026-04-27 14:34:59.083254
2026042704009523,AHPC,58,22,10,283.7,2837.0,Naasa Securities Co. Ltd.,Siprabi Securities Pvt. Ltd.,2026-04-27 14:35:09.878602
2026042704009564,AHPC,45,22,70,283.7,19859.0,Imperial Securities Company Pvt. Ltd.,Siprabi Securities Pvt. Ltd.,2026-04-27 14:36:06.169401
2026042704009611,AHPC,49,25,5,280.0,1400.0,Online Securities Pvt. Ltd.,Sweta Securities Private Limited,2026-04-27 14:37:09.292939
2026042704009628,AHPC,52,38,350,283.5,99225.0,Sundhara Securities Limited,Dipshikha Dhitopatra Karobar Co. Pvt Ltd.,2026-04-27 14:37:25.331343
2026042704009698,AHPC,52,35,50,283.5,14175.0,Sundhara Securities Limited,Kohinoor Investment & Securities Pvt. Ltd.,2026-04-27 14:38:45.990960
2026042704009828,AHPC,58,35,20,283.5,5670.0,Naasa Securities Co. Ltd.,Kohinoor Investment & Securities Pvt. Ltd.,2026-04-27 14:40:51.759593
2026042704009829,AHPC,58,84,37,283.5,10489.5,Naasa Securities Co. Ltd.,MILKY WAY SHARE BROKER COMPANY LTD ,2026-04-27 14:40:51.759935
2026042704009873,AHPC,49,66,1,277.0,277.0,Online Securities Pvt. Ltd.,Miyo Securities Pvt Ltd,2026-04-27 14:41:52.265031
2026042704009883,AHPC,42,8,500,283.4,141700.0,Sani Securities Company Ltd.,Brilliant Securities Pvt. Ltd.,2026-04-27 14:41:57.902627
2026042704009884,AHPC,42,84,225,283.5,63787.5,Sani Securities Company Ltd.,MILKY WAY SHARE BROKER COMPANY LTD ,2026-04-27 14:41:57.903016
2026042704009978,AHPC,42,22,100,283.0,28300.0,Sani Securities Company Ltd.,Siprabi Securities Pvt. Ltd.,2026-04-27 14:43:40.012944
2026042704009979,AHPC,16,22,900,283.0,254700.0,Primo Securities (PVT) Ltd.,Siprabi Securities Pvt. Ltd.,2026-04-27 14:43:40.013355
2026042704009997,AHPC,16,11,100,283.0,28300.0,Primo Securities (PVT) Ltd.,Malla & Malla Stock Broking Company Pvt. Limited,2026-04-27 14:44:00.003147
2026042704010000,AHPC,6,11,116,283.0,32828.0,Agrawal Securities (PVT) Ltd.,Malla & Malla Stock Broking Company Pvt. Limited,2026-04-27 14:44:03.824722
2026042704010019,AHPC,6,22,884,283.0,250172.0,Agrawal Securities (PVT) Ltd.,Siprabi Securities Pvt. Ltd.,2026-04-27 14:44:24.760190
2026042704010021,AHPC,41,22,40,283.0,11320.0,Linch Stock Market Ltd.,Siprabi Securities Pvt. Ltd.,2026-04-27 14:44:26.834237
2026042704010047,AHPC,38,22,105,283.0,29715.0,Dipshikha Dhitopatra Karobar Co. Pvt Ltd.,Siprabi Securities Pvt. Ltd.,2026-04-27 14:44:55.207886
2026042704010048,AHPC,38,39,20,283.4,5668.0,Dipshikha Dhitopatra Karobar Co. Pvt Ltd.,Sumeru Securities Pvt. Ltd.,2026-04-27 14:44:55.208246
2026042704010141,AHPC,38,16,50,283.4,14170.0,Dipshikha Dhitopatra Karobar Co. Pvt Ltd.,Primo Securities (PVT) Ltd.,2026-04-27 14:45:58.729261
2026042704010142,AHPC,35,16,39,283.4,11052.6,Kohinoor Investment & Securities Pvt. Ltd.,Primo Securities (PVT) Ltd.,2026-04-27 14:45:58.729978
2026042704010143,AHPC,58,16,105,283.0,29715.0,Naasa Securities Co. Ltd.,Primo Securities (PVT) Ltd.,2026-04-27 14:45:58.730465
2026042704010171,AHPC,45,16,20,283.0,5660.0,Imperial Securities Company Pvt. Ltd.,Primo Securities (PVT) Ltd.,2026-04-27 14:46:15.669470
2026042704010181,AHPC,21,6,53,282.7,14983.1,Midas Stock Broking Company Private Limited,Agrawal Securities (PVT) Ltd.,2026-04-27 14:46:21.638679
2026042704010201,AHPC,49,18,1,276.1,276.1,Online Securities Pvt. Ltd.,Sagarmatha Securities Private Limited,2026-04-27 14:46:41.780223
2026042704010331,AHPC,58,16,10,283.0,2830.0,Naasa Securities Co. Ltd.,Primo Securities (PVT) Ltd.,2026-04-27 14:48:12.019367
2026042704010491,AHPC,13,39,20,282.9,5658.0,Thrive Brokerage House Pvt. Ltd,Sumeru Securities Pvt. Ltd.,2026-04-27 14:49:57.332183
2026042704010492,AHPC,13,16,776,283.0,219608.0,Thrive Brokerage House Pvt. Ltd,Primo Securities (PVT) Ltd.,2026-04-27 14:49:57.332271
2026042704010493,AHPC,13,22,1000,283.0,283000.0,Thrive Brokerage House Pvt. Ltd,Siprabi Securities Pvt. Ltd.,2026-04-27 14:49:57.332298
2026042704010494,AHPC,13,84,738,283.5,209223.0,Thrive Brokerage House Pvt. Ltd,MILKY WAY SHARE BROKER COMPANY LTD ,2026-04-27 14:49:57.332335
2026042704010495,AHPC,13,54,466,283.5,132111.0,Thrive Brokerage House Pvt. Ltd,Sewa Securities Pvt. Ltd.,2026-04-27 14:49:57.332356
2026042704010538,AHPC,13,54,400,283.5,113400.0,Thrive Brokerage House Pvt. Ltd,Sewa Securities Pvt. Ltd.,2026-04-27 14:50:26.849682
2026042704010641,AHPC,45,25,339,283.0,95937.0,Imperial Securities Company Pvt. Ltd.,Sweta Securities Private Limited,2026-04-27 14:51:39.248690
2026042704010693,AHPC,45,48,11,283.0,3113.0,Imperial Securities Company Pvt. Ltd.,Trishakti Securities Public Limited,2026-04-27 14:52:04.369475
2026042704010773,AHPC,38,48,489,283.0,138387.0,Dipshikha Dhitopatra Karobar Co. Pvt Ltd.,Trishakti Securities Public Limited,2026-04-27 14:52:39.381241
2026042704010774,AHPC,38,39,11,283.4,3117.4,Dipshikha Dhitopatra Karobar Co. Pvt Ltd.,Sumeru Securities Pvt. Ltd.,2026-04-27 14:52:39.381322
2026042704010930,AHPC,35,43,50,282.8,14140.0,Kohinoor Investment & Securities Pvt. Ltd.,South Asian Bulls Pvt. Ltd.,2026-04-27 14:53:48.527686
2026042704010931,AHPC,21,43,15,282.7,4240.5,Midas Stock Broking Company Private Limited,South Asian Bulls Pvt. Ltd.,2026-04-27 14:53:48.528019
2026042704010932,AHPC,44,43,500,282.6,141300.0,Dynamic Money Managers Securities Pvt. Ltd.,South Asian Bulls Pvt. Ltd.,2026-04-27 14:53:48.528179
2026042704010933,AHPC,38,43,335,282.5,94637.5,Dipshikha Dhitopatra Karobar Co. Pvt Ltd.,South Asian Bulls Pvt. Ltd.,2026-04-27 14:53:48.528345
2026042704010948,AHPC,38,58,285,282.5,80512.5,Dipshikha Dhitopatra Karobar Co. Pvt Ltd.,Naasa Securities Co. Ltd.,2026-04-27 14:53:55.685530
2026042704010949,AHPC,58,58,600,282.5,169500.0,Naasa Securities Co. Ltd.,Naasa Securities Co. Ltd.,2026-04-27 14:53:55.686203
2026042704010950,AHPC,32,58,10,282.5,2825.0,Premier Securities Company Ltd.,Naasa Securities Co. Ltd.,2026-04-27 14:53:55.686678
2026042704010951,AHPC,42,58,266,282.5,75145.0,Sani Securities Company Ltd.,Naasa Securities Co. Ltd.,2026-04-27 14:53:55.687157
2026042704011005,AHPC,8,50,500,282.4,141200.0,Brilliant Securities Pvt. Ltd.,Cristal Kanchanjanga Securites Pvt. Ltd.,2026-04-27 14:54:20.657935
2026042704011034,AHPC,49,58,20,282.5,5650.0,Online Securities Pvt. Ltd.,Naasa Securities Co. Ltd.,2026-04-27 14:54:27.419666
2026042704011040,AHPC,8,16,84,282.4,23721.6,Brilliant Securities Pvt. Ltd.,Primo Securities (PVT) Ltd.,2026-04-27 14:54:29.404885
2026042704011041,AHPC,48,16,100,282.4,28240.0,Trishakti Securities Public Limited,Primo Securities (PVT) Ltd.,2026-04-27 14:54:29.405207
2026042704011191,AHPC,92,16,15,282.4,4236.0,Roadshow securities limited,Primo Securities (PVT) Ltd.,2026-04-27 14:55:36.804208
2026042704011323,AHPC,57,16,750,282.4,211800.0,Aryatara Investment & Securities,Primo Securities (PVT) Ltd.,2026-04-27 14:56:21.624458
2026042704011348,AHPC,13,16,51,282.4,14402.4,Thrive Brokerage House Pvt. Ltd,Primo Securities (PVT) Ltd.,2026-04-27 14:56:25.079411
2026042704011349,AHPC,13,70,500,282.4,141200.0,Thrive Brokerage House Pvt. Ltd,Infinity Securities Limited,2026-04-27 14:56:25.079521
2026042704011350,AHPC,13,58,157,282.5,44352.5,Thrive Brokerage House Pvt. Ltd,Naasa Securities Co. Ltd.,2026-04-27 14:56:25.079619
2026042704011351,AHPC,13,54,10,282.5,2825.0,Thrive Brokerage House Pvt. Ltd,Sewa Securities Pvt. Ltd.,2026-04-27 14:56:25.079714
2026042704011352,AHPC,13,1,243,282.9,68744.7,Thrive Brokerage House Pvt. Ltd,Kumari Securities Private Limited,2026-04-27 14:56:25.079809
2026042704011353,AHPC,13,84,1000,282.9,282900.0,Thrive Brokerage House Pvt. Ltd,MILKY WAY SHARE BROKER COMPANY LTD ,2026-04-27 14:56:25.079899
2026042704011354,AHPC,13,54,10,282.9,2829.0,Thrive Brokerage House Pvt. Ltd,Sewa Securities Pvt. Ltd.,2026-04-27 14:56:25.079989
2026042704011355,AHPC,13,54,10,282.9,2829.0,Thrive Brokerage House Pvt. Ltd,Sewa Securities Pvt. Ltd.,2026-04-27 14:56:25.080087
2026042704011356,AHPC,13,13,600,283.0,169800.0,Thrive Brokerage House Pvt. Ltd,Thrive Brokerage House Pvt. Ltd,2026-04-27 14:56:25.080181
2026042704011357,AHPC,13,40,919,283.0,260077.0,Thrive Brokerage House Pvt. Ltd,Creative Securities Pvt Ltd,2026-04-27 14:56:25.080266
2026042704011427,AHPC,62,54,10,282.1,2821.0,Capital Max Securities Ltd,Sewa Securities Pvt. Ltd.,2026-04-27 14:56:37.294999
2026042704011432,AHPC,62,29,385,282.1,108608.5,Capital Max Securities Ltd,Trisul Securities & Invt. Ltd.,2026-04-27 14:56:40.350258
2026042704011547,AHPC,58,40,127,283.0,35941.0,Naasa Securities Co. Ltd.,Creative Securities Pvt Ltd,2026-04-27 14:57:10.690172
2026042704011597,AHPC,101,54,10,283.0,2830.0,APPLE SECURITIES PRIVATE LIMITED,Sewa Securities Pvt. Ltd.,2026-04-27 14:57:22.429266
2026042704011598,AHPC,101,49,100,283.0,28300.0,APPLE SECURITIES PRIVATE LIMITED,Online Securities Pvt. Ltd.,2026-04-27 14:57:22.429310
2026042704011599,AHPC,101,54,10,283.0,2830.0,APPLE SECURITIES PRIVATE LIMITED,Sewa Securities Pvt. Ltd.,2026-04-27 14:57:22.429356
2026042704011600,AHPC,101,54,262,283.0,74146.0,APPLE SECURITIES PRIVATE LIMITED,Sewa Securities Pvt. Ltd.,2026-04-27 14:57:22.429381
2026042704011601,AHPC,101,48,618,283.0,174894.0,APPLE SECURITIES PRIVATE LIMITED,Trishakti Securities Public Limited,2026-04-27 14:57:22.429427
2026042704011668,AHPC,62,33,105,282.1,29620.5,Capital Max Securities Ltd,Dakshinkali Investment & Securities Pvt. Ltd.,2026-04-27 14:57:44.957192
2026042704011747,AHPC,48,48,38,283.0,10754.0,Trishakti Securities Public Limited,Trishakti Securities Public Limited,2026-04-27 14:58:05.833980
2026042704011751,AHPC,58,10,100,282.2,28220.0,Naasa Securities Co. Ltd.,Pragyan Securities (PVT) Ltd.,2026-04-27 14:58:07.871760
2026042704011768,AHPC,62,45,42,282.1,11848.2,Capital Max Securities Ltd,Imperial Securities Company Pvt. Ltd.,2026-04-27 14:58:13.955373
2026042704011769,AHPC,56,45,58,282.1,16361.8,Sri Hari Securities Pvt. Ltd.,Imperial Securities Company Pvt. Ltd.,2026-04-27 14:58:13.955747
2026042704011773,AHPC,101,48,444,283.0,125652.0,APPLE SECURITIES PRIVATE LIMITED,Trishakti Securities Public Limited,2026-04-27 14:58:18.504853
2026042704011774,AHPC,101,42,1556,283.0,440348.0,APPLE SECURITIES PRIVATE LIMITED,Sani Securities Company Ltd.,2026-04-27 14:58:18.504902
2026042704011866,AHPC,22,42,44,283.0,12452.0,Siprabi Securities Pvt. Ltd.,Sani Securities Company Ltd.,2026-04-27 14:58:42.821078
2026042704011867,AHPC,22,19,32,283.0,9056.0,Siprabi Securities Pvt. Ltd.,Nepal Investment And Securities Trading Private Limited,2026-04-27 14:58:42.821788
2026042704011868,AHPC,22,58,216,283.0,61128.0,Siprabi Securities Pvt. Ltd.,Naasa Securities Co. Ltd.,2026-04-27 14:58:42.822256
2026042704011869,AHPC,22,57,208,283.0,58864.0,Siprabi Securities Pvt. Ltd.,Aryatara Investment & Securities,2026-04-27 14:58:42.822760
2026042704011881,AHPC,13,57,742,283.0,209986.0,Thrive Brokerage House Pvt. Ltd,Aryatara Investment & Securities,2026-04-27 14:58:46.467522
2026042704011882,AHPC,13,17,418,283.0,118294.0,Thrive Brokerage House Pvt. Ltd,ABC Securities Private Limited,2026-04-27 14:58:46.467580
2026042704011883,AHPC,13,34,750,283.4,212550.0,Thrive Brokerage House Pvt. Ltd,Vision Securities Pvt. Ltd,2026-04-27 14:58:46.467610
2026042704011884,AHPC,13,54,709,283.5,201001.5,Thrive Brokerage House Pvt. Ltd,Sewa Securities Pvt. Ltd.,2026-04-27 14:58:46.467639
2026042704011885,AHPC,13,54,10,283.5,2835.0,Thrive Brokerage House Pvt. Ltd,Sewa Securities Pvt. Ltd.,2026-04-27 14:58:46.467681
2026042704011886,AHPC,13,25,300,283.5,85050.0,Thrive Brokerage House Pvt. Ltd,Sweta Securities Private Limited,2026-04-27 14:58:46.467705
2026042704011887,AHPC,13,72,230,283.8,65274.0,Thrive Brokerage House Pvt. Ltd,Hatemalo Financial Services Private Limited,2026-04-27 14:58:46.467731
2026042704011888,AHPC,13,54,10,283.8,2838.0,Thrive Brokerage House Pvt. Ltd,Sewa Securities Pvt. Ltd.,2026-04-27 14:58:46.467757
2026042704011889,AHPC,13,48,331,283.9,93970.9,Thrive Brokerage House Pvt. Ltd,Trishakti Securities Public Limited,2026-04-27 14:58:46.467792
2026042704012073,AHPC,26,43,1000,283.0,283000.0,Asian Securities Private Ltd.,South Asian Bulls Pvt. Ltd.,2026-04-27 14:59:13.653504
2026042704012143,AHPC,99,43,100,283.0,28300.0,Prabhu Stock Market Limited,South Asian Bulls Pvt. Ltd.,2026-04-27 14:59:28.123357
2026042704012165,AHPC,50,48,106,282.3,29923.8,Cristal Kanchanjanga Securites Pvt. Ltd.,Trishakti Securities Public Limited,2026-04-27 14:59:30.485754
2026042704012190,AHPC,57,43,200,283.0,56600.0,Aryatara Investment & Securities,South Asian Bulls Pvt. Ltd.,2026-04-27 14:59:32.798768
2026042704012232,AHPC,13,43,200,283.0,56600.0,Thrive Brokerage House Pvt. Ltd,South Asian Bulls Pvt. Ltd.,2026-04-27 14:59:41.878862
2026042704012321,AHPC,57,38,11,283.0,3113.0,Aryatara Investment & Securities,Dipshikha Dhitopatra Karobar Co. Pvt Ltd.,2026-04-27 14:59:49.984542
2026042704012322,AHPC,57,19,17,283.0,4811.0,Aryatara Investment & Securities,Nepal Investment And Securities Trading Private Limited,2026-04-27 14:59:49.984898
