contractId,stockSymbol,buyerMemberId,sellerMemberId,quantity,rate,amount,businessDate,tradeBookId,stockId,buyerBrokerName,sellerBrokerName,transaction_time,securityName
2026042704000021,AKJCL,32,71,10,405.0,4050.0,2026-04-27,187953399,2788,Premier Securities Company Ltd.,SHUBHAKAMANA SECURITIES PVT. LTD,2026-04-27 10:46:00.070593,Ankhu Khola Jalvidhyut Company Ltd
2026042704000022,AKJCL,7,71,10,405.0,4050.0,2026-04-27,187953402,2788,J.F. Securites (PVT) Ltd.,SHUBHAKAMANA SECURITIES PVT. LTD,2026-04-27 10:46:00.070617,Ankhu Khola Jalvidhyut Company Ltd
2026042704000023,AKJCL,97,71,10,405.0,4050.0,2026-04-27,187953404,2788,R.B.B. Securities Company Ltd,SHUBHAKAMANA SECURITIES PVT. LTD,2026-04-27 10:46:00.070636,Ankhu Khola Jalvidhyut Company Ltd
2026042704000024,AKJCL,7,71,10,405.0,4050.0,2026-04-27,187953407,2788,J.F. Securites (PVT) Ltd.,SHUBHAKAMANA SECURITIES PVT. LTD,2026-04-27 10:46:00.070657,Ankhu Khola Jalvidhyut Company Ltd
2026042704000025,AKJCL,7,71,10,405.0,4050.0,2026-04-27,187953410,2788,J.F. Securites (PVT) Ltd.,SHUBHAKAMANA SECURITIES PVT. LTD,2026-04-27 10:46:00.070718,Ankhu Khola Jalvidhyut Company Ltd
2026042704000086,AKJCL,38,58,10,392.9,3929.0,2026-04-27,187954632,2788,Dipshikha Dhitopatra Karobar Co. Pvt Ltd.,Naasa Securities Co. Ltd.,2026-04-27 11:01:42.938256,Ankhu Khola Jalvidhyut Company Ltd
2026042704000119,AKJCL,41,62,300,391.9,117570.0,2026-04-27,187955616,2788,Linch Stock Market Ltd.,Capital Max Securities Ltd,2026-04-27 11:03:12.550357,Ankhu Khola Jalvidhyut Company Ltd
2026042704000176,AKJCL,41,58,10,391.7,3917.0,2026-04-27,187956683,2788,Linch Stock Market Ltd.,Naasa Securities Co. Ltd.,2026-04-27 11:04:37.196439,Ankhu Khola Jalvidhyut Company Ltd
2026042704000177,AKJCL,41,66,290,391.8,113622.0,2026-04-27,187956686,2788,Linch Stock Market Ltd.,Miyo Securities Pvt Ltd,2026-04-27 11:04:37.196655,Ankhu Khola Jalvidhyut Company Ltd
2026042704000205,AKJCL,7,64,200,390.0,78000.0,2026-04-27,187957240,2788,J.F. Securites (PVT) Ltd.,SUN SECURITIES PVT LTD,2026-04-27 11:05:25.578995,Ankhu Khola Jalvidhyut Company Ltd
2026042704000331,AKJCL,91,57,10,388.2,3882.0,2026-04-27,187960683,2788,Citizens Share Broker Limited,Aryatara Investment & Securities,2026-04-27 11:09:13.434657,Ankhu Khola Jalvidhyut Company Ltd
2026042704000495,AKJCL,20,58,50,388.8,19440.0,2026-04-27,187964883,2788,Sipla Securities Private Limited,Naasa Securities Co. Ltd.,2026-04-27 11:13:42.750633,Ankhu Khola Jalvidhyut Company Ltd
2026042704000500,AKJCL,20,38,1000,388.8,388800.0,2026-04-27,187965001,2788,Sipla Securities Private Limited,Dipshikha Dhitopatra Karobar Co. Pvt Ltd.,2026-04-27 11:13:53.599943,Ankhu Khola Jalvidhyut Company Ltd
2026042704000510,AKJCL,14,34,10,389.0,3890.0,2026-04-27,187965384,2788,Nepal Stock House (PVT) Ltd.,Vision Securities Pvt. Ltd,2026-04-27 11:14:23.055899,Ankhu Khola Jalvidhyut Company Ltd
2026042704000534,AKJCL,41,34,10,389.0,3890.0,2026-04-27,187966087,2788,Linch Stock Market Ltd.,Vision Securities Pvt. Ltd,2026-04-27 11:15:07.512222,Ankhu Khola Jalvidhyut Company Ltd
2026042704000535,AKJCL,41,16,90,389.0,35010.0,2026-04-27,187966090,2788,Linch Stock Market Ltd.,Primo Securities (PVT) Ltd.,2026-04-27 11:15:07.512731,Ankhu Khola Jalvidhyut Company Ltd
2026042704000574,AKJCL,95,16,30,389.0,11670.0,2026-04-27,187966528,2788,Magnet Securities and Investment Company Private Limited,Primo Securities (PVT) Ltd.,2026-04-27 11:15:38.389059,Ankhu Khola Jalvidhyut Company Ltd
2026042704000606,AKJCL,20,38,150,388.8,58320.0,2026-04-27,187966994,2788,Sipla Securities Private Limited,Dipshikha Dhitopatra Karobar Co. Pvt Ltd.,2026-04-27 11:16:09.218296,Ankhu Khola Jalvidhyut Company Ltd
2026042704000638,AKJCL,32,66,710,388.5,275835.0,2026-04-27,187967801,2788,Premier Securities Company Ltd.,Miyo Securities Pvt Ltd,2026-04-27 11:17:04.288860,Ankhu Khola Jalvidhyut Company Ltd
2026042704000649,AKJCL,97,66,400,388.5,155400.0,2026-04-27,187968089,2788,R.B.B. Securities Company Ltd,Miyo Securities Pvt Ltd,2026-04-27 11:17:30.098215,Ankhu Khola Jalvidhyut Company Ltd
2026042704000663,AKJCL,97,41,100,388.5,38850.0,2026-04-27,187968467,2788,R.B.B. Securities Company Ltd,Linch Stock Market Ltd.,2026-04-27 11:17:50.500617,Ankhu Khola Jalvidhyut Company Ltd
2026042704000677,AKJCL,34,38,500,388.8,194400.0,2026-04-27,187968662,2788,Vision Securities Pvt. Ltd,Dipshikha Dhitopatra Karobar Co. Pvt Ltd.,2026-04-27 11:18:05.161643,Ankhu Khola Jalvidhyut Company Ltd
2026042704000696,AKJCL,42,38,350,388.8,136080.0,2026-04-27,187968929,2788,Sani Securities Company Ltd.,Dipshikha Dhitopatra Karobar Co. Pvt Ltd.,2026-04-27 11:18:21.163140,Ankhu Khola Jalvidhyut Company Ltd
2026042704000697,AKJCL,42,16,30,389.0,11670.0,2026-04-27,187968931,2788,Sani Securities Company Ltd.,Primo Securities (PVT) Ltd.,2026-04-27 11:18:21.163463,Ankhu Khola Jalvidhyut Company Ltd
2026042704000698,AKJCL,42,64,100,390.0,39000.0,2026-04-27,187968933,2788,Sani Securities Company Ltd.,SUN SECURITIES PVT LTD,2026-04-27 11:18:21.163584,Ankhu Khola Jalvidhyut Company Ltd
2026042704000699,AKJCL,42,35,120,390.0,46800.0,2026-04-27,187968935,2788,Sani Securities Company Ltd.,Kohinoor Investment & Securities Pvt. Ltd.,2026-04-27 11:18:21.163699,Ankhu Khola Jalvidhyut Company Ltd
2026042704000700,AKJCL,42,64,1000,390.0,390000.0,2026-04-27,187968937,2788,Sani Securities Company Ltd.,SUN SECURITIES PVT LTD,2026-04-27 11:18:21.163811,Ankhu Khola Jalvidhyut Company Ltd
2026042704000701,AKJCL,42,58,1000,390.0,390000.0,2026-04-27,187968939,2788,Sani Securities Company Ltd.,Naasa Securities Co. Ltd.,2026-04-27 11:18:21.163923,Ankhu Khola Jalvidhyut Company Ltd
2026042704000702,AKJCL,42,17,50,390.0,19500.0,2026-04-27,187968941,2788,Sani Securities Company Ltd.,ABC Securities Private Limited,2026-04-27 11:18:21.164031,Ankhu Khola Jalvidhyut Company Ltd
2026042704000703,AKJCL,42,51,295,391.8,115581.0,2026-04-27,187968943,2788,Sani Securities Company Ltd.,Oxford Securities Pvt. Ltd.,2026-04-27 11:18:21.164142,Ankhu Khola Jalvidhyut Company Ltd
2026042704000704,AKJCL,42,4,100,392.0,39200.0,2026-04-27,187968945,2788,Sani Securities Company Ltd.,Opal Securities Investment (PVT) Ltd.,2026-04-27 11:18:21.164250,Ankhu Khola Jalvidhyut Company Ltd
2026042704000705,AKJCL,42,26,200,392.0,78400.0,2026-04-27,187968947,2788,Sani Securities Company Ltd.,Asian Securities Private Ltd.,2026-04-27 11:18:21.164371,Ankhu Khola Jalvidhyut Company Ltd
2026042704000706,AKJCL,42,58,500,392.0,196000.0,2026-04-27,187968949,2788,Sani Securities Company Ltd.,Naasa Securities Co. Ltd.,2026-04-27 11:18:21.164482,Ankhu Khola Jalvidhyut Company Ltd
2026042704000707,AKJCL,42,51,2255,392.0,883960.0,2026-04-27,187968952,2788,Sani Securities Company Ltd.,Oxford Securities Pvt. Ltd.,2026-04-27 11:18:21.164595,Ankhu Khola Jalvidhyut Company Ltd
2026042704000780,AKJCL,35,51,296,392.0,116032.0,2026-04-27,187970195,2788,Kohinoor Investment & Securities Pvt. Ltd.,Oxford Securities Pvt. Ltd.,2026-04-27 11:19:38.498588,Ankhu Khola Jalvidhyut Company Ltd
2026042704000831,AKJCL,35,3,104,392.0,40768.0,2026-04-27,187970880,2788,Kohinoor Investment & Securities Pvt. Ltd.,Arun Securities (PVT) Ltd.,2026-04-27 11:20:30.933482,Ankhu Khola Jalvidhyut Company Ltd
2026042704000845,AKJCL,22,3,25,392.0,9800.0,2026-04-27,187971006,2788,Siprabi Securities Pvt. Ltd.,Arun Securities (PVT) Ltd.,2026-04-27 11:20:43.001413,Ankhu Khola Jalvidhyut Company Ltd
2026042704000880,AKJCL,28,62,10,391.0,3910.0,2026-04-27,187971515,2788,Shree Krishna Securities Ltd.,Capital Max Securities Ltd,2026-04-27 11:21:24.435847,Ankhu Khola Jalvidhyut Company Ltd
2026042704000976,AKJCL,6,62,100,389.0,38900.0,2026-04-27,187973024,2788,Agrawal Securities (PVT) Ltd.,Capital Max Securities Ltd,2026-04-27 11:23:18.823097,Ankhu Khola Jalvidhyut Company Ltd
2026042704000977,AKJCL,38,62,687,388.8,267105.6,2026-04-27,187973026,2788,Dipshikha Dhitopatra Karobar Co. Pvt Ltd.,Capital Max Securities Ltd,2026-04-27 11:23:18.823407,Ankhu Khola Jalvidhyut Company Ltd
2026042704000978,AKJCL,8,62,200,388.7,77740.0,2026-04-27,187973028,2788,Brilliant Securities Pvt. Ltd.,Capital Max Securities Ltd,2026-04-27 11:23:18.823551,Ankhu Khola Jalvidhyut Company Ltd
2026042704000979,AKJCL,58,62,13,388.7,5053.1,2026-04-27,187973029,2788,Naasa Securities Co. Ltd.,Capital Max Securities Ltd,2026-04-27 11:23:18.823672,Ankhu Khola Jalvidhyut Company Ltd
2026042704001043,AKJCL,10,58,100,391.4,39140.0,2026-04-27,187974254,2788,Pragyan Securities (PVT) Ltd.,Naasa Securities Co. Ltd.,2026-04-27 11:24:50.838284,Ankhu Khola Jalvidhyut Company Ltd
2026042704001158,AKJCL,58,62,487,388.7,189296.9,2026-04-27,187976018,2788,Naasa Securities Co. Ltd.,Capital Max Securities Ltd,2026-04-27 11:27:13.258299,Ankhu Khola Jalvidhyut Company Ltd
2026042704001159,AKJCL,13,62,1000,388.6,388600.0,2026-04-27,187976020,2788,Thrive Brokerage House Pvt. Ltd,Capital Max Securities Ltd,2026-04-27 11:27:13.258893,Ankhu Khola Jalvidhyut Company Ltd
2026042704001160,AKJCL,91,62,1000,388.6,388600.0,2026-04-27,187976022,2788,Citizens Share Broker Limited,Capital Max Securities Ltd,2026-04-27 11:27:13.259302,Ankhu Khola Jalvidhyut Company Ltd
2026042704001161,AKJCL,97,62,500,388.5,194250.0,2026-04-27,187976024,2788,R.B.B. Securities Company Ltd,Capital Max Securities Ltd,2026-04-27 11:27:13.259689,Ankhu Khola Jalvidhyut Company Ltd
2026042704001162,AKJCL,97,62,1000,388.5,388500.0,2026-04-27,187976026,2788,R.B.B. Securities Company Ltd,Capital Max Securities Ltd,2026-04-27 11:27:13.260064,Ankhu Khola Jalvidhyut Company Ltd
2026042704001163,AKJCL,75,62,15078,388.5,5857803.0,2026-04-27,187976027,2788,N.I.M.B. Stock Markets Limited,Capital Max Securities Ltd,2026-04-27 11:27:13.260482,Ankhu Khola Jalvidhyut Company Ltd
2026042704001246,AKJCL,32,74,100,390.4,39040.0,2026-04-27,187977036,2788,Premier Securities Company Ltd.,KALASH STOCK MARKET PVT. LTD.,2026-04-27 11:28:27.009264,Ankhu Khola Jalvidhyut Company Ltd
2026042704001272,AKJCL,75,68,1000,388.5,388500.0,2026-04-27,187977283,2788,N.I.M.B. Stock Markets Limited,Elite Stock House Limited,2026-04-27 11:28:49.068506,Ankhu Khola Jalvidhyut Company Ltd
2026042704001396,AKJCL,42,95,1000,388.6,388600.0,2026-04-27,187978965,2788,Sani Securities Company Ltd.,Magnet Securities and Investment Company Private Limited,2026-04-27 11:31:00.830273,Ankhu Khola Jalvidhyut Company Ltd
2026042704001520,AKJCL,58,34,10,389.5,3895.0,2026-04-27,187980206,2788,Naasa Securities Co. Ltd.,Vision Securities Pvt. Ltd,2026-04-27 11:32:44.036418,Ankhu Khola Jalvidhyut Company Ltd
2026042704001593,AKJCL,42,63,750,389.0,291750.0,2026-04-27,187981217,2788,Sani Securities Company Ltd.,Himalayan Brokerage Company Limited,2026-04-27 11:33:58.393486,Ankhu Khola Jalvidhyut Company Ltd
2026042704001623,AKJCL,98,34,40,389.4,15576.0,2026-04-27,187981723,2788,Trademow Securities Private Limited,Vision Securities Pvt. Ltd,2026-04-27 11:34:37.658801,Ankhu Khola Jalvidhyut Company Ltd
2026042704001624,AKJCL,98,34,240,389.5,93480.0,2026-04-27,187981725,2788,Trademow Securities Private Limited,Vision Securities Pvt. Ltd,2026-04-27 11:34:37.658890,Ankhu Khola Jalvidhyut Company Ltd
2026042704001625,AKJCL,98,74,820,389.9,319718.0,2026-04-27,187981728,2788,Trademow Securities Private Limited,KALASH STOCK MARKET PVT. LTD.,2026-04-27 11:34:37.658915,Ankhu Khola Jalvidhyut Company Ltd
2026042704001628,AKJCL,42,68,250,389.0,97250.0,2026-04-27,187981776,2788,Sani Securities Company Ltd.,Elite Stock House Limited,2026-04-27 11:34:41.537929,Ankhu Khola Jalvidhyut Company Ltd
2026042704001636,AKJCL,91,48,2000,388.8,777600.0,2026-04-27,187981888,2788,Citizens Share Broker Limited,Trishakti Securities Public Limited,2026-04-27 11:34:52.219327,Ankhu Khola Jalvidhyut Company Ltd
2026042704001637,AKJCL,62,48,4000,388.8,1555200.0,2026-04-27,187981890,2788,Capital Max Securities Ltd,Trishakti Securities Public Limited,2026-04-27 11:34:52.219363,Ankhu Khola Jalvidhyut Company Ltd
2026042704001638,AKJCL,62,48,1000,388.8,388800.0,2026-04-27,187981892,2788,Capital Max Securities Ltd,Trishakti Securities Public Limited,2026-04-27 11:34:52.219385,Ankhu Khola Jalvidhyut Company Ltd
2026042704001639,AKJCL,91,48,6000,388.7,2332200.0,2026-04-27,187981896,2788,Citizens Share Broker Limited,Trishakti Securities Public Limited,2026-04-27 11:34:52.219407,Ankhu Khola Jalvidhyut Company Ltd
2026042704001640,AKJCL,32,48,1290,388.5,501165.0,2026-04-27,187981898,2788,Premier Securities Company Ltd.,Trishakti Securities Public Limited,2026-04-27 11:34:52.219453,Ankhu Khola Jalvidhyut Company Ltd
2026042704001641,AKJCL,61,48,2000,388.5,777000.0,2026-04-27,187981900,2788,BHOLE GANESH SECURITIES LTD,Trishakti Securities Public Limited,2026-04-27 11:34:52.219481,Ankhu Khola Jalvidhyut Company Ltd
2026042704001642,AKJCL,75,48,6210,388.5,2412585.0,2026-04-27,187981901,2788,N.I.M.B. Stock Markets Limited,Trishakti Securities Public Limited,2026-04-27 11:34:52.219507,Ankhu Khola Jalvidhyut Company Ltd
2026042704001645,AKJCL,98,68,400,389.0,155600.0,2026-04-27,187981924,2788,Trademow Securities Private Limited,Elite Stock House Limited,2026-04-27 11:34:53.706251,Ankhu Khola Jalvidhyut Company Ltd
2026042704001653,AKJCL,75,58,1200,388.5,466200.0,2026-04-27,187981979,2788,N.I.M.B. Stock Markets Limited,Naasa Securities Co. Ltd.,2026-04-27 11:34:55.577053,Ankhu Khola Jalvidhyut Company Ltd
2026042704001674,AKJCL,94,68,350,389.0,136150.0,2026-04-27,187982218,2788,K.B.L. Securities Limited ,Elite Stock House Limited,2026-04-27 11:35:11.724502,Ankhu Khola Jalvidhyut Company Ltd
2026042704001690,AKJCL,75,58,50,388.5,19425.0,2026-04-27,187982335,2788,N.I.M.B. Stock Markets Limited,Naasa Securities Co. Ltd.,2026-04-27 11:35:22.828829,Ankhu Khola Jalvidhyut Company Ltd
2026042704001756,AKJCL,75,48,1000,388.5,388500.0,2026-04-27,187983209,2788,N.I.M.B. Stock Markets Limited,Trishakti Securities Public Limited,2026-04-27 11:36:34.267958,Ankhu Khola Jalvidhyut Company Ltd
2026042704001768,AKJCL,75,71,12000,388.5,4662000.0,2026-04-27,187983307,2788,N.I.M.B. Stock Markets Limited,SHUBHAKAMANA SECURITIES PVT. LTD,2026-04-27 11:36:39.165169,Ankhu Khola Jalvidhyut Company Ltd
2026042704001769,AKJCL,75,74,80,388.5,31080.0,2026-04-27,187983313,2788,N.I.M.B. Stock Markets Limited,KALASH STOCK MARKET PVT. LTD.,2026-04-27 11:36:39.629146,Ankhu Khola Jalvidhyut Company Ltd
2026042704001790,AKJCL,91,16,200,388.6,77720.0,2026-04-27,187983752,2788,Citizens Share Broker Limited,Primo Securities (PVT) Ltd.,2026-04-27 11:37:18.350748,Ankhu Khola Jalvidhyut Company Ltd
2026042704001825,AKJCL,42,81,1000,389.8,389800.0,2026-04-27,187984568,2788,Sani Securities Company Ltd.,Aakashbhairab Securities Ltd.,2026-04-27 11:38:29.995619,Ankhu Khola Jalvidhyut Company Ltd
2026042704001844,AKJCL,42,41,2500,390.0,975000.0,2026-04-27,187985137,2788,Sani Securities Company Ltd.,Linch Stock Market Ltd.,2026-04-27 11:39:17.834534,Ankhu Khola Jalvidhyut Company Ltd
2026042704001845,AKJCL,42,59,130,390.0,50700.0,2026-04-27,187985139,2788,Sani Securities Company Ltd.,Deevyaa Securities & Stock House Pvt. Ltd,2026-04-27 11:39:17.834960,Ankhu Khola Jalvidhyut Company Ltd
2026042704001846,AKJCL,42,42,500,390.0,195000.0,2026-04-27,187985142,2788,Sani Securities Company Ltd.,Sani Securities Company Ltd.,2026-04-27 11:39:17.835116,Ankhu Khola Jalvidhyut Company Ltd
2026042704001871,AKJCL,94,29,100,390.0,39000.0,2026-04-27,187985868,2788,K.B.L. Securities Limited ,Trisul Securities & Invt. Ltd.,2026-04-27 11:40:25.106597,Ankhu Khola Jalvidhyut Company Ltd
2026042704001901,AKJCL,64,26,500,389.6,194800.0,2026-04-27,187986520,2788,SUN SECURITIES PVT LTD,Asian Securities Private Ltd.,2026-04-27 11:41:27.498948,Ankhu Khola Jalvidhyut Company Ltd
2026042704001902,AKJCL,48,26,460,389.2,179032.0,2026-04-27,187986521,2788,Trishakti Securities Public Limited,Asian Securities Private Ltd.,2026-04-27 11:41:27.499276,Ankhu Khola Jalvidhyut Company Ltd
2026042704001928,AKJCL,48,60,40,389.2,15568.0,2026-04-27,187986968,2788,Trishakti Securities Public Limited,Nagarik Stock Dealer ,2026-04-27 11:41:56.327529,Ankhu Khola Jalvidhyut Company Ltd
2026042704001929,AKJCL,48,60,300,389.0,116700.0,2026-04-27,187986970,2788,Trishakti Securities Public Limited,Nagarik Stock Dealer ,2026-04-27 11:41:56.328114,Ankhu Khola Jalvidhyut Company Ltd
2026042704001930,AKJCL,75,60,660,389.0,256740.0,2026-04-27,187986971,2788,N.I.M.B. Stock Markets Limited,Nagarik Stock Dealer ,2026-04-27 11:41:56.328543,Ankhu Khola Jalvidhyut Company Ltd
2026042704001933,AKJCL,64,64,390,389.6,151944.0,2026-04-27,187987026,2788,SUN SECURITIES PVT LTD,SUN SECURITIES PVT LTD,2026-04-27 11:42:03.603983,Ankhu Khola Jalvidhyut Company Ltd
2026042704001945,AKJCL,94,64,50,389.6,19480.0,2026-04-27,187987178,2788,K.B.L. Securities Limited ,SUN SECURITIES PVT LTD,2026-04-27 11:42:14.680772,Ankhu Khola Jalvidhyut Company Ltd
2026042704001980,AKJCL,41,64,60,389.6,23376.0,2026-04-27,187987627,2788,Linch Stock Market Ltd.,SUN SECURITIES PVT LTD,2026-04-27 11:43:06.149271,Ankhu Khola Jalvidhyut Company Ltd
2026042704001981,AKJCL,41,6,440,390.0,171600.0,2026-04-27,187987630,2788,Linch Stock Market Ltd.,Agrawal Securities (PVT) Ltd.,2026-04-27 11:43:06.149577,Ankhu Khola Jalvidhyut Company Ltd
2026042704001992,AKJCL,66,6,560,390.0,218400.0,2026-04-27,187987871,2788,Miyo Securities Pvt Ltd,Agrawal Securities (PVT) Ltd.,2026-04-27 11:43:28.505431,Ankhu Khola Jalvidhyut Company Ltd
2026042704002032,AKJCL,66,38,240,390.0,93600.0,2026-04-27,187988152,2788,Miyo Securities Pvt Ltd,Dipshikha Dhitopatra Karobar Co. Pvt Ltd.,2026-04-27 11:43:54.832034,Ankhu Khola Jalvidhyut Company Ltd
2026042704002054,AKJCL,75,66,800,389.0,311200.0,2026-04-27,187988437,2788,N.I.M.B. Stock Markets Limited,Miyo Securities Pvt Ltd,2026-04-27 11:44:16.152590,Ankhu Khola Jalvidhyut Company Ltd
2026042704002061,AKJCL,75,97,2500,389.0,972500.0,2026-04-27,187988538,2788,N.I.M.B. Stock Markets Limited,R.B.B. Securities Company Ltd,2026-04-27 11:44:26.087206,Ankhu Khola Jalvidhyut Company Ltd
2026042704002062,AKJCL,39,97,200,389.0,77800.0,2026-04-27,187988540,2788,Sumeru Securities Pvt. Ltd.,R.B.B. Securities Company Ltd,2026-04-27 11:44:26.087832,Ankhu Khola Jalvidhyut Company Ltd
2026042704002063,AKJCL,91,64,800,388.6,310880.0,2026-04-27,187988544,2788,Citizens Share Broker Limited,SUN SECURITIES PVT LTD,2026-04-27 11:44:26.547743,Ankhu Khola Jalvidhyut Company Ltd
2026042704002064,AKJCL,42,64,10,388.5,3885.0,2026-04-27,187988546,2788,Sani Securities Company Ltd.,SUN SECURITIES PVT LTD,2026-04-27 11:44:26.547806,Ankhu Khola Jalvidhyut Company Ltd
2026042704002065,AKJCL,58,64,1000,388.4,388400.0,2026-04-27,187988548,2788,Naasa Securities Co. Ltd.,SUN SECURITIES PVT LTD,2026-04-27 11:44:26.547831,Ankhu Khola Jalvidhyut Company Ltd
2026042704002066,AKJCL,36,64,100,388.3,38830.0,2026-04-27,187988550,2788,Secured Securities Ltd.,SUN SECURITIES PVT LTD,2026-04-27 11:44:26.547854,Ankhu Khola Jalvidhyut Company Ltd
2026042704002067,AKJCL,45,64,10,388.0,3880.0,2026-04-27,187988552,2788,Imperial Securities Company Pvt. Ltd.,SUN SECURITIES PVT LTD,2026-04-27 11:44:26.547878,Ankhu Khola Jalvidhyut Company Ltd
2026042704002068,AKJCL,52,64,25,388.0,9700.0,2026-04-27,187988554,2788,Sundhara Securities Limited,SUN SECURITIES PVT LTD,2026-04-27 11:44:26.547899,Ankhu Khola Jalvidhyut Company Ltd
2026042704002069,AKJCL,62,64,212,388.0,82256.0,2026-04-27,187988555,2788,Capital Max Securities Ltd,SUN SECURITIES PVT LTD,2026-04-27 11:44:26.547934,Ankhu Khola Jalvidhyut Company Ltd
2026042704002082,AKJCL,64,97,10,389.0,3890.0,2026-04-27,187988726,2788,SUN SECURITIES PVT LTD,R.B.B. Securities Company Ltd,2026-04-27 11:44:43.838351,Ankhu Khola Jalvidhyut Company Ltd
2026042704002158,AKJCL,62,38,25,386.4,9660.0,2026-04-27,187989699,2788,Capital Max Securities Ltd,Dipshikha Dhitopatra Karobar Co. Pvt Ltd.,2026-04-27 11:46:17.033306,Ankhu Khola Jalvidhyut Company Ltd
2026042704002180,AKJCL,62,96,4763,386.4,1840423.2,2026-04-27,187990012,2788,Capital Max Securities Ltd,Himalayan Securities Limited,2026-04-27 11:46:50.717736,Ankhu Khola Jalvidhyut Company Ltd
2026042704002181,AKJCL,29,96,237,386.3,91553.1,2026-04-27,187990013,2788,Trisul Securities & Invt. Ltd.,Himalayan Securities Limited,2026-04-27 11:46:50.717827,Ankhu Khola Jalvidhyut Company Ltd
2026042704002185,AKJCL,64,19,50,386.5,19325.0,2026-04-27,187990081,2788,SUN SECURITIES PVT LTD,Nepal Investment And Securities Trading Private Limited,2026-04-27 11:46:58.858408,Ankhu Khola Jalvidhyut Company Ltd
2026042704002269,AKJCL,35,58,40,386.6,15464.0,2026-04-27,187991706,2788,Kohinoor Investment & Securities Pvt. Ltd.,Naasa Securities Co. Ltd.,2026-04-27 11:49:36.817231,Ankhu Khola Jalvidhyut Company Ltd
2026042704002270,AKJCL,64,58,50,386.5,19325.0,2026-04-27,187991708,2788,SUN SECURITIES PVT LTD,Naasa Securities Co. Ltd.,2026-04-27 11:49:36.817355,Ankhu Khola Jalvidhyut Company Ltd
2026042704002271,AKJCL,71,58,910,386.5,351715.0,2026-04-27,187991709,2788,SHUBHAKAMANA SECURITIES PVT. LTD,Naasa Securities Co. Ltd.,2026-04-27 11:49:36.817464,Ankhu Khola Jalvidhyut Company Ltd
2026042704002285,AKJCL,71,77,90,386.5,34785.0,2026-04-27,187991944,2788,SHUBHAKAMANA SECURITIES PVT. LTD,Nabil Stock Dealer Ltd.,2026-04-27 11:50:02.458515,Ankhu Khola Jalvidhyut Company Ltd
2026042704002286,AKJCL,29,77,763,386.3,294746.9,2026-04-27,187991946,2788,Trisul Securities & Invt. Ltd.,Nabil Stock Dealer Ltd.,2026-04-27 11:50:02.458917,Ankhu Khola Jalvidhyut Company Ltd
2026042704002287,AKJCL,75,77,5000,385.4,1927000.0,2026-04-27,187991948,2788,N.I.M.B. Stock Markets Limited,Nabil Stock Dealer Ltd.,2026-04-27 11:50:02.459066,Ankhu Khola Jalvidhyut Company Ltd
2026042704002288,AKJCL,62,77,1147,385.3,441939.1,2026-04-27,187991949,2788,Capital Max Securities Ltd,Nabil Stock Dealer Ltd.,2026-04-27 11:50:02.459216,Ankhu Khola Jalvidhyut Company Ltd
2026042704002415,AKJCL,89,17,25,388.5,9712.5,2026-04-27,187994249,2788,Global IME Securities Limited,ABC Securities Private Limited,2026-04-27 11:53:04.489984,Ankhu Khola Jalvidhyut Company Ltd
2026042704002585,AKJCL,33,45,20,388.5,7770.0,2026-04-27,187997344,2788,Dakshinkali Investment & Securities Pvt. Ltd.,Imperial Securities Company Pvt. Ltd.,2026-04-27 11:57:55.537830,Ankhu Khola Jalvidhyut Company Ltd
2026042704002672,AKJCL,91,34,200,389.0,77800.0,2026-04-27,187998895,2788,Citizens Share Broker Limited,Vision Securities Pvt. Ltd,2026-04-27 12:00:41.580702,Ankhu Khola Jalvidhyut Company Ltd
2026042704002673,AKJCL,91,97,300,389.0,116700.0,2026-04-27,187998898,2788,Citizens Share Broker Limited,R.B.B. Securities Company Ltd,2026-04-27 12:00:41.581111,Ankhu Khola Jalvidhyut Company Ltd
2026042704002675,AKJCL,58,58,250,388.0,97000.0,2026-04-27,187998953,2788,Naasa Securities Co. Ltd.,Naasa Securities Co. Ltd.,2026-04-27 12:00:45.284064,Ankhu Khola Jalvidhyut Company Ltd
2026042704002686,AKJCL,58,58,10,388.0,3880.0,2026-04-27,187999089,2788,Naasa Securities Co. Ltd.,Naasa Securities Co. Ltd.,2026-04-27 12:01:03.715081,Ankhu Khola Jalvidhyut Company Ltd
2026042704002696,AKJCL,98,97,1990,389.0,774110.0,2026-04-27,187999207,2788,Trademow Securities Private Limited,R.B.B. Securities Company Ltd,2026-04-27 12:01:13.411486,Ankhu Khola Jalvidhyut Company Ltd
2026042704002697,AKJCL,98,71,1000,389.0,389000.0,2026-04-27,187999209,2788,Trademow Securities Private Limited,SHUBHAKAMANA SECURITIES PVT. LTD,2026-04-27 12:01:13.411572,Ankhu Khola Jalvidhyut Company Ltd
2026042704002698,AKJCL,98,13,200,389.0,77800.0,2026-04-27,187999211,2788,Trademow Securities Private Limited,Thrive Brokerage House Pvt. Ltd,2026-04-27 12:01:13.411602,Ankhu Khola Jalvidhyut Company Ltd
2026042704002699,AKJCL,98,19,10,389.7,3897.0,2026-04-27,187999214,2788,Trademow Securities Private Limited,Nepal Investment And Securities Trading Private Limited,2026-04-27 12:01:13.411631,Ankhu Khola Jalvidhyut Company Ltd
2026042704002700,AKJCL,58,58,50,388.0,19400.0,2026-04-27,187999215,2788,Naasa Securities Co. Ltd.,Naasa Securities Co. Ltd.,2026-04-27 12:01:14.243589,Ankhu Khola Jalvidhyut Company Ltd
2026042704002703,AKJCL,63,81,1000,389.8,389800.0,2026-04-27,187999286,2788,Himalayan Brokerage Company Limited,Aakashbhairab Securities Ltd.,2026-04-27 12:01:24.700814,Ankhu Khola Jalvidhyut Company Ltd
2026042704002760,AKJCL,98,38,10,390.0,3900.0,2026-04-27,188000120,2788,Trademow Securities Private Limited,Dipshikha Dhitopatra Karobar Co. Pvt Ltd.,2026-04-27 12:03:20.940679,Ankhu Khola Jalvidhyut Company Ltd
2026042704002794,AKJCL,50,38,100,390.0,39000.0,2026-04-27,188000536,2788,Cristal Kanchanjanga Securites Pvt. Ltd.,Dipshikha Dhitopatra Karobar Co. Pvt Ltd.,2026-04-27 12:04:10.168158,Ankhu Khola Jalvidhyut Company Ltd
2026042704002936,AKJCL,77,17,100,389.0,38900.0,2026-04-27,188002281,2788,Nabil Stock Dealer Ltd.,ABC Securities Private Limited,2026-04-27 12:07:22.054654,Ankhu Khola Jalvidhyut Company Ltd
2026042704002937,AKJCL,77,81,1000,389.8,389800.0,2026-04-27,188002283,2788,Nabil Stock Dealer Ltd.,Aakashbhairab Securities Ltd.,2026-04-27 12:07:22.055067,Ankhu Khola Jalvidhyut Company Ltd
2026042704002938,AKJCL,77,38,750,390.0,292500.0,2026-04-27,188002285,2788,Nabil Stock Dealer Ltd.,Dipshikha Dhitopatra Karobar Co. Pvt Ltd.,2026-04-27 12:07:22.055469,Ankhu Khola Jalvidhyut Company Ltd
2026042704002939,AKJCL,77,38,160,390.0,62400.0,2026-04-27,188002287,2788,Nabil Stock Dealer Ltd.,Dipshikha Dhitopatra Karobar Co. Pvt Ltd.,2026-04-27 12:07:22.055758,Ankhu Khola Jalvidhyut Company Ltd
2026042704002940,AKJCL,77,26,142,390.0,55380.0,2026-04-27,188002289,2788,Nabil Stock Dealer Ltd.,Asian Securities Private Ltd.,2026-04-27 12:07:22.055990,Ankhu Khola Jalvidhyut Company Ltd
2026042704002941,AKJCL,77,45,1000,390.0,390000.0,2026-04-27,188002291,2788,Nabil Stock Dealer Ltd.,Imperial Securities Company Pvt. Ltd.,2026-04-27 12:07:22.056207,Ankhu Khola Jalvidhyut Company Ltd
2026042704002942,AKJCL,77,45,1000,390.0,390000.0,2026-04-27,188002293,2788,Nabil Stock Dealer Ltd.,Imperial Securities Company Pvt. Ltd.,2026-04-27 12:07:22.056490,Ankhu Khola Jalvidhyut Company Ltd
2026042704002943,AKJCL,77,45,848,390.0,330720.0,2026-04-27,188002296,2788,Nabil Stock Dealer Ltd.,Imperial Securities Company Pvt. Ltd.,2026-04-27 12:07:22.056739,Ankhu Khola Jalvidhyut Company Ltd
2026042704002969,AKJCL,29,45,152,390.0,59280.0,2026-04-27,188002659,2788,Trisul Securities & Invt. Ltd.,Imperial Securities Company Pvt. Ltd.,2026-04-27 12:08:20.995832,Ankhu Khola Jalvidhyut Company Ltd
2026042704002970,AKJCL,29,45,348,390.0,135720.0,2026-04-27,188002662,2788,Trisul Securities & Invt. Ltd.,Imperial Securities Company Pvt. Ltd.,2026-04-27 12:08:20.996177,Ankhu Khola Jalvidhyut Company Ltd
2026042704002995,AKJCL,58,62,500,389.0,194500.0,2026-04-27,188003215,2788,Naasa Securities Co. Ltd.,Capital Max Securities Ltd,2026-04-27 12:09:18.244895,Ankhu Khola Jalvidhyut Company Ltd
2026042704002996,AKJCL,58,38,10,389.9,3899.0,2026-04-27,188003218,2788,Naasa Securities Co. Ltd.,Dipshikha Dhitopatra Karobar Co. Pvt Ltd.,2026-04-27 12:09:18.245002,Ankhu Khola Jalvidhyut Company Ltd
2026042704003008,AKJCL,98,38,990,389.9,386001.0,2026-04-27,188003287,2788,Trademow Securities Private Limited,Dipshikha Dhitopatra Karobar Co. Pvt Ltd.,2026-04-27 12:09:26.372012,Ankhu Khola Jalvidhyut Company Ltd
2026042704003009,AKJCL,98,45,510,390.0,198900.0,2026-04-27,188003290,2788,Trademow Securities Private Limited,Imperial Securities Company Pvt. Ltd.,2026-04-27 12:09:26.372730,Ankhu Khola Jalvidhyut Company Ltd
2026042704003024,AKJCL,16,45,398,390.0,155220.0,2026-04-27,188003491,2788,Primo Securities (PVT) Ltd.,Imperial Securities Company Pvt. Ltd.,2026-04-27 12:09:51.431322,Ankhu Khola Jalvidhyut Company Ltd
2026042704003025,AKJCL,16,64,102,390.0,39780.0,2026-04-27,188003494,2788,Primo Securities (PVT) Ltd.,SUN SECURITIES PVT LTD,2026-04-27 12:09:51.431694,Ankhu Khola Jalvidhyut Company Ltd
2026042704003047,AKJCL,58,45,45,388.3,17473.5,2026-04-27,188003681,2788,Naasa Securities Co. Ltd.,Imperial Securities Company Pvt. Ltd.,2026-04-27 12:10:19.664156,Ankhu Khola Jalvidhyut Company Ltd
2026042704003084,AKJCL,58,64,288,390.0,112320.0,2026-04-27,188004029,2788,Naasa Securities Co. Ltd.,SUN SECURITIES PVT LTD,2026-04-27 12:11:04.595418,Ankhu Khola Jalvidhyut Company Ltd
2026042704003085,AKJCL,58,58,300,390.0,117000.0,2026-04-27,188004031,2788,Naasa Securities Co. Ltd.,Naasa Securities Co. Ltd.,2026-04-27 12:11:04.596127,Ankhu Khola Jalvidhyut Company Ltd
2026042704003086,AKJCL,58,32,200,390.0,78000.0,2026-04-27,188004033,2788,Naasa Securities Co. Ltd.,Premier Securities Company Ltd.,2026-04-27 12:11:04.596650,Ankhu Khola Jalvidhyut Company Ltd
2026042704003087,AKJCL,58,58,10,390.0,3900.0,2026-04-27,188004035,2788,Naasa Securities Co. Ltd.,Naasa Securities Co. Ltd.,2026-04-27 12:11:04.597154,Ankhu Khola Jalvidhyut Company Ltd
2026042704003112,AKJCL,98,29,55,390.2,21461.0,2026-04-27,188004363,2788,Trademow Securities Private Limited,Trisul Securities & Invt. Ltd.,2026-04-27 12:11:45.848071,Ankhu Khola Jalvidhyut Company Ltd
2026042704003113,AKJCL,98,74,10,391.0,3910.0,2026-04-27,188004365,2788,Trademow Securities Private Limited,KALASH STOCK MARKET PVT. LTD.,2026-04-27 12:11:45.848183,Ankhu Khola Jalvidhyut Company Ltd
2026042704003114,AKJCL,98,28,1000,391.0,391000.0,2026-04-27,188004367,2788,Trademow Securities Private Limited,Shree Krishna Securities Ltd.,2026-04-27 12:11:45.848278,Ankhu Khola Jalvidhyut Company Ltd
2026042704003115,AKJCL,98,74,2100,391.0,821100.0,2026-04-27,188004369,2788,Trademow Securities Private Limited,KALASH STOCK MARKET PVT. LTD.,2026-04-27 12:11:45.848392,Ankhu Khola Jalvidhyut Company Ltd
2026042704003116,AKJCL,98,97,1000,391.2,391200.0,2026-04-27,188004371,2788,Trademow Securities Private Limited,R.B.B. Securities Company Ltd,2026-04-27 12:11:45.848461,Ankhu Khola Jalvidhyut Company Ltd
2026042704003117,AKJCL,98,97,835,391.2,326652.0,2026-04-27,188004374,2788,Trademow Securities Private Limited,R.B.B. Securities Company Ltd,2026-04-27 12:11:45.848540,Ankhu Khola Jalvidhyut Company Ltd
2026042704003167,AKJCL,47,51,150,391.0,58650.0,2026-04-27,188005189,2788,Neev Securities Pvt. Ltd.,Oxford Securities Pvt. Ltd.,2026-04-27 12:13:25.846742,Ankhu Khola Jalvidhyut Company Ltd
2026042704003168,AKJCL,47,97,165,391.2,64548.0,2026-04-27,188005191,2788,Neev Securities Pvt. Ltd.,R.B.B. Securities Company Ltd,2026-04-27 12:13:25.847492,Ankhu Khola Jalvidhyut Company Ltd
2026042704003169,AKJCL,47,58,685,391.4,268109.0,2026-04-27,188005194,2788,Neev Securities Pvt. Ltd.,Naasa Securities Co. Ltd.,2026-04-27 12:13:25.847991,Ankhu Khola Jalvidhyut Company Ltd
2026042704003176,AKJCL,35,58,215,391.4,84151.0,2026-04-27,188005243,2788,Kohinoor Investment & Securities Pvt. Ltd.,Naasa Securities Co. Ltd.,2026-04-27 12:13:34.097726,Ankhu Khola Jalvidhyut Company Ltd
2026042704003177,AKJCL,35,29,85,391.5,33277.5,2026-04-27,188005246,2788,Kohinoor Investment & Securities Pvt. Ltd.,Trisul Securities & Invt. Ltd.,2026-04-27 12:13:34.098472,Ankhu Khola Jalvidhyut Company Ltd
2026042704003199,AKJCL,48,29,15,391.5,5872.5,2026-04-27,188005725,2788,Trishakti Securities Public Limited,Trisul Securities & Invt. Ltd.,2026-04-27 12:14:28.441099,Ankhu Khola Jalvidhyut Company Ltd
2026042704003200,AKJCL,48,34,100,392.0,39200.0,2026-04-27,188005727,2788,Trishakti Securities Public Limited,Vision Securities Pvt. Ltd,2026-04-27 12:14:28.441148,Ankhu Khola Jalvidhyut Company Ltd
2026042704003201,AKJCL,48,49,30,392.5,11775.0,2026-04-27,188005729,2788,Trishakti Securities Public Limited,Online Securities Pvt. Ltd.,2026-04-27 12:14:28.441178,Ankhu Khola Jalvidhyut Company Ltd
2026042704003202,AKJCL,48,28,500,392.8,196400.0,2026-04-27,188005731,2788,Trishakti Securities Public Limited,Shree Krishna Securities Ltd.,2026-04-27 12:14:28.441200,Ankhu Khola Jalvidhyut Company Ltd
2026042704003203,AKJCL,48,17,300,392.9,117870.0,2026-04-27,188005733,2788,Trishakti Securities Public Limited,ABC Securities Private Limited,2026-04-27 12:14:28.441222,Ankhu Khola Jalvidhyut Company Ltd
2026042704003204,AKJCL,48,14,500,393.0,196500.0,2026-04-27,188005735,2788,Trishakti Securities Public Limited,Nepal Stock House (PVT) Ltd.,2026-04-27 12:14:28.441244,Ankhu Khola Jalvidhyut Company Ltd
2026042704003205,AKJCL,48,13,1300,393.0,510900.0,2026-04-27,188005737,2788,Trishakti Securities Public Limited,Thrive Brokerage House Pvt. Ltd,2026-04-27 12:14:28.441283,Ankhu Khola Jalvidhyut Company Ltd
2026042704003206,AKJCL,48,64,255,393.8,100419.0,2026-04-27,188005740,2788,Trishakti Securities Public Limited,SUN SECURITIES PVT LTD,2026-04-27 12:14:28.441307,Ankhu Khola Jalvidhyut Company Ltd
2026042704003307,AKJCL,34,3,200,393.5,78700.0,2026-04-27,188007016,2788,Vision Securities Pvt. Ltd,Arun Securities (PVT) Ltd.,2026-04-27 12:16:55.379458,Ankhu Khola Jalvidhyut Company Ltd
2026042704003308,AKJCL,29,17,25,391.6,9790.0,2026-04-27,188007035,2788,Trisul Securities & Invt. Ltd.,ABC Securities Private Limited,2026-04-27 12:16:56.562380,Ankhu Khola Jalvidhyut Company Ltd
2026042704003314,AKJCL,36,3,10,393.5,3935.0,2026-04-27,188007280,2788,Secured Securities Ltd.,Arun Securities (PVT) Ltd.,2026-04-27 12:17:11.905900,Ankhu Khola Jalvidhyut Company Ltd
2026042704003334,AKJCL,32,71,100,393.0,39300.0,2026-04-27,188007909,2788,Premier Securities Company Ltd.,SHUBHAKAMANA SECURITIES PVT. LTD,2026-04-27 12:18:17.696863,Ankhu Khola Jalvidhyut Company Ltd
2026042704003335,AKJCL,32,32,50,393.0,19650.0,2026-04-27,188007911,2788,Premier Securities Company Ltd.,Premier Securities Company Ltd.,2026-04-27 12:18:17.697008,Ankhu Khola Jalvidhyut Company Ltd
2026042704003336,AKJCL,32,71,100,393.1,39310.0,2026-04-27,188007914,2788,Premier Securities Company Ltd.,SHUBHAKAMANA SECURITIES PVT. LTD,2026-04-27 12:18:17.697083,Ankhu Khola Jalvidhyut Company Ltd
2026042704003347,AKJCL,32,26,100,393.4,39340.0,2026-04-27,188008049,2788,Premier Securities Company Ltd.,Asian Securities Private Ltd.,2026-04-27 12:18:31.679989,Ankhu Khola Jalvidhyut Company Ltd
2026042704003348,AKJCL,32,94,300,393.6,118080.0,2026-04-27,188008052,2788,Premier Securities Company Ltd.,K.B.L. Securities Limited ,2026-04-27 12:18:31.680038,Ankhu Khola Jalvidhyut Company Ltd
2026042704003360,AKJCL,29,44,500,392.2,196100.0,2026-04-27,188008261,2788,Trisul Securities & Invt. Ltd.,Dynamic Money Managers Securities Pvt. Ltd.,2026-04-27 12:18:54.916536,Ankhu Khola Jalvidhyut Company Ltd
2026042704003364,AKJCL,58,44,260,393.0,102180.0,2026-04-27,188008417,2788,Naasa Securities Co. Ltd.,Dynamic Money Managers Securities Pvt. Ltd.,2026-04-27 12:19:14.418723,Ankhu Khola Jalvidhyut Company Ltd
2026042704003379,AKJCL,58,47,150,393.1,58965.0,2026-04-27,188008766,2788,Naasa Securities Co. Ltd.,Neev Securities Pvt. Ltd.,2026-04-27 12:19:47.325752,Ankhu Khola Jalvidhyut Company Ltd
2026042704003380,AKJCL,58,47,50,393.0,19650.0,2026-04-27,188008767,2788,Naasa Securities Co. Ltd.,Neev Securities Pvt. Ltd.,2026-04-27 12:19:47.326145,Ankhu Khola Jalvidhyut Company Ltd
2026042704003392,AKJCL,58,47,100,393.0,39300.0,2026-04-27,188009047,2788,Naasa Securities Co. Ltd.,Neev Securities Pvt. Ltd.,2026-04-27 12:20:14.343460,Ankhu Khola Jalvidhyut Company Ltd
2026042704003423,AKJCL,58,48,3000,393.0,1179000.0,2026-04-27,188009263,2788,Naasa Securities Co. Ltd.,Trishakti Securities Public Limited,2026-04-27 12:20:34.818468,Ankhu Khola Jalvidhyut Company Ltd
2026042704003426,AKJCL,58,49,1000,393.0,393000.0,2026-04-27,188009353,2788,Naasa Securities Co. Ltd.,Online Securities Pvt. Ltd.,2026-04-27 12:20:45.449191,Ankhu Khola Jalvidhyut Company Ltd
2026042704003430,AKJCL,58,94,200,393.0,78600.0,2026-04-27,188009375,2788,Naasa Securities Co. Ltd.,K.B.L. Securities Limited ,2026-04-27 12:20:48.961064,Ankhu Khola Jalvidhyut Company Ltd
2026042704003435,AKJCL,58,38,2000,393.0,786000.0,2026-04-27,188009483,2788,Naasa Securities Co. Ltd.,Dipshikha Dhitopatra Karobar Co. Pvt Ltd.,2026-04-27 12:20:59.466077,Ankhu Khola Jalvidhyut Company Ltd
2026042704003444,AKJCL,58,34,500,393.0,196500.0,2026-04-27,188009631,2788,Naasa Securities Co. Ltd.,Vision Securities Pvt. Ltd,2026-04-27 12:21:13.930522,Ankhu Khola Jalvidhyut Company Ltd
2026042704003446,AKJCL,58,10,237,393.0,93141.0,2026-04-27,188009662,2788,Naasa Securities Co. Ltd.,Pragyan Securities (PVT) Ltd.,2026-04-27 12:21:20.391001,Ankhu Khola Jalvidhyut Company Ltd
2026042704003505,AKJCL,29,10,963,391.6,377110.8,2026-04-27,188010481,2788,Trisul Securities & Invt. Ltd.,Pragyan Securities (PVT) Ltd.,2026-04-27 12:22:51.155579,Ankhu Khola Jalvidhyut Company Ltd
2026042704003517,AKJCL,49,3,10,392.8,3928.0,2026-04-27,188010842,2788,Online Securities Pvt. Ltd.,Arun Securities (PVT) Ltd.,2026-04-27 12:23:35.824627,Ankhu Khola Jalvidhyut Company Ltd
2026042704003518,AKJCL,29,48,12,391.6,4699.2,2026-04-27,188010880,2788,Trisul Securities & Invt. Ltd.,Trishakti Securities Public Limited,2026-04-27 12:23:38.411084,Ankhu Khola Jalvidhyut Company Ltd
2026042704003519,AKJCL,58,48,988,391.0,386308.0,2026-04-27,188011011,2788,Naasa Securities Co. Ltd.,Trishakti Securities Public Limited,2026-04-27 12:23:52.876659,Ankhu Khola Jalvidhyut Company Ltd
2026042704003520,AKJCL,58,94,12,392.7,4712.4,2026-04-27,188011014,2788,Naasa Securities Co. Ltd.,K.B.L. Securities Limited ,2026-04-27 12:23:52.876765,Ankhu Khola Jalvidhyut Company Ltd
2026042704003524,AKJCL,58,94,488,392.7,191637.6,2026-04-27,188011049,2788,Naasa Securities Co. Ltd.,K.B.L. Securities Limited ,2026-04-27 12:23:58.129939,Ankhu Khola Jalvidhyut Company Ltd
2026042704003525,AKJCL,58,3,351,392.8,137872.8,2026-04-27,188011051,2788,Naasa Securities Co. Ltd.,Arun Securities (PVT) Ltd.,2026-04-27 12:23:58.129979,Ankhu Khola Jalvidhyut Company Ltd
2026042704003526,AKJCL,58,81,161,392.8,63240.8,2026-04-27,188011054,2788,Naasa Securities Co. Ltd.,Aakashbhairab Securities Ltd.,2026-04-27 12:23:58.130008,Ankhu Khola Jalvidhyut Company Ltd
2026042704003535,AKJCL,58,81,339,392.8,133159.2,2026-04-27,188011345,2788,Naasa Securities Co. Ltd.,Aakashbhairab Securities Ltd.,2026-04-27 12:24:39.364456,Ankhu Khola Jalvidhyut Company Ltd
2026042704003536,AKJCL,58,28,661,392.9,259706.9,2026-04-27,188011348,2788,Naasa Securities Co. Ltd.,Shree Krishna Securities Ltd.,2026-04-27 12:24:39.364503,Ankhu Khola Jalvidhyut Company Ltd
2026042704003545,AKJCL,58,28,339,392.9,133193.1,2026-04-27,188011489,2788,Naasa Securities Co. Ltd.,Shree Krishna Securities Ltd.,2026-04-27 12:24:49.832546,Ankhu Khola Jalvidhyut Company Ltd
2026042704003546,AKJCL,58,57,661,392.9,259706.9,2026-04-27,188011492,2788,Naasa Securities Co. Ltd.,Aryatara Investment & Securities,2026-04-27 12:24:49.832672,Ankhu Khola Jalvidhyut Company Ltd
2026042704003632,AKJCL,58,19,12,391.0,4692.0,2026-04-27,188012885,2788,Naasa Securities Co. Ltd.,Nepal Investment And Securities Trading Private Limited,2026-04-27 12:27:36.778401,Ankhu Khola Jalvidhyut Company Ltd
2026042704003640,AKJCL,58,66,53,391.0,20723.0,2026-04-27,188012977,2788,Naasa Securities Co. Ltd.,Miyo Securities Pvt Ltd,2026-04-27 12:27:49.690701,Ankhu Khola Jalvidhyut Company Ltd
2026042704003647,AKJCL,29,38,300,392.0,117600.0,2026-04-27,188013183,2788,Trisul Securities & Invt. Ltd.,Dipshikha Dhitopatra Karobar Co. Pvt Ltd.,2026-04-27 12:28:18.150162,Ankhu Khola Jalvidhyut Company Ltd
2026042704003648,AKJCL,29,74,500,392.7,196350.0,2026-04-27,188013185,2788,Trisul Securities & Invt. Ltd.,KALASH STOCK MARKET PVT. LTD.,2026-04-27 12:28:18.150259,Ankhu Khola Jalvidhyut Company Ltd
2026042704003649,AKJCL,29,97,2000,392.7,785400.0,2026-04-27,188013187,2788,Trisul Securities & Invt. Ltd.,R.B.B. Securities Company Ltd,2026-04-27 12:28:18.150353,Ankhu Khola Jalvidhyut Company Ltd
2026042704003650,AKJCL,29,94,300,392.8,117840.0,2026-04-27,188013189,2788,Trisul Securities & Invt. Ltd.,K.B.L. Securities Limited ,2026-04-27 12:28:18.150500,Ankhu Khola Jalvidhyut Company Ltd
2026042704003651,AKJCL,29,57,400,392.9,157160.0,2026-04-27,188013192,2788,Trisul Securities & Invt. Ltd.,Aryatara Investment & Securities,2026-04-27 12:28:18.150578,Ankhu Khola Jalvidhyut Company Ltd
2026042704003664,AKJCL,71,57,439,392.9,172483.1,2026-04-27,188013337,2788,SHUBHAKAMANA SECURITIES PVT. LTD,Aryatara Investment & Securities,2026-04-27 12:28:34.967575,Ankhu Khola Jalvidhyut Company Ltd
2026042704003665,AKJCL,71,71,120,392.9,47148.0,2026-04-27,188013339,2788,SHUBHAKAMANA SECURITIES PVT. LTD,SHUBHAKAMANA SECURITIES PVT. LTD,2026-04-27 12:28:34.967974,Ankhu Khola Jalvidhyut Company Ltd
2026042704003666,AKJCL,71,71,441,393.0,173313.0,2026-04-27,188013342,2788,SHUBHAKAMANA SECURITIES PVT. LTD,SHUBHAKAMANA SECURITIES PVT. LTD,2026-04-27 12:28:34.968166,Ankhu Khola Jalvidhyut Company Ltd
2026042704003697,AKJCL,94,52,20,392.5,7850.0,2026-04-27,188013841,2788,K.B.L. Securities Limited ,Sundhara Securities Limited,2026-04-27 12:29:38.541690,Ankhu Khola Jalvidhyut Company Ltd
2026042704003698,AKJCL,94,71,59,393.0,23187.0,2026-04-27,188013843,2788,K.B.L. Securities Limited ,SHUBHAKAMANA SECURITIES PVT. LTD,2026-04-27 12:29:38.542533,Ankhu Khola Jalvidhyut Company Ltd
2026042704003699,AKJCL,94,66,1000,393.0,393000.0,2026-04-27,188013845,2788,K.B.L. Securities Limited ,Miyo Securities Pvt Ltd,2026-04-27 12:29:38.543081,Ankhu Khola Jalvidhyut Company Ltd
2026042704003700,AKJCL,94,57,1921,393.0,754953.0,2026-04-27,188013848,2788,K.B.L. Securities Limited ,Aryatara Investment & Securities,2026-04-27 12:29:38.543643,Ankhu Khola Jalvidhyut Company Ltd
2026042704003712,AKJCL,58,39,150,391.2,58680.0,2026-04-27,188014092,2788,Naasa Securities Co. Ltd.,Sumeru Securities Pvt. Ltd.,2026-04-27 12:30:07.543422,Ankhu Khola Jalvidhyut Company Ltd
2026042704003713,AKJCL,42,39,50,391.2,19560.0,2026-04-27,188014093,2788,Sani Securities Company Ltd.,Sumeru Securities Pvt. Ltd.,2026-04-27 12:30:07.543478,Ankhu Khola Jalvidhyut Company Ltd
2026042704003755,AKJCL,42,96,650,391.2,254280.0,2026-04-27,188014748,2788,Sani Securities Company Ltd.,Himalayan Securities Limited,2026-04-27 12:31:40.458727,Ankhu Khola Jalvidhyut Company Ltd
2026042704003756,AKJCL,28,96,1000,391.1,391100.0,2026-04-27,188014750,2788,Shree Krishna Securities Ltd.,Himalayan Securities Limited,2026-04-27 12:31:40.459503,Ankhu Khola Jalvidhyut Company Ltd
2026042704003757,AKJCL,58,96,7307,391.0,2857037.0,2026-04-27,188014751,2788,Naasa Securities Co. Ltd.,Himalayan Securities Limited,2026-04-27 12:31:40.460034,Ankhu Khola Jalvidhyut Company Ltd
2026042704003758,AKJCL,58,86,2628,391.0,1027548.0,2026-04-27,188014762,2788,Naasa Securities Co. Ltd.,Stoxkarts Securities Limited,2026-04-27 12:31:42.102520,Ankhu Khola Jalvidhyut Company Ltd
2026042704003798,AKJCL,58,86,15000,391.0,5865000.0,2026-04-27,188015304,2788,Naasa Securities Co. Ltd.,Stoxkarts Securities Limited,2026-04-27 12:32:52.645072,Ankhu Khola Jalvidhyut Company Ltd
2026042704003799,AKJCL,99,86,99,391.0,38709.0,2026-04-27,188015318,2788,Prabhu Stock Market Limited,Stoxkarts Securities Limited,2026-04-27 12:32:54.842482,Ankhu Khola Jalvidhyut Company Ltd
2026042704003812,AKJCL,49,100,1000,390.0,390000.0,2026-04-27,188015718,2788,Online Securities Pvt. Ltd.,Sunrise Securities Limited,2026-04-27 12:33:44.189913,Ankhu Khola Jalvidhyut Company Ltd
2026042704003841,AKJCL,58,86,273,391.0,106743.0,2026-04-27,188016163,2788,Naasa Securities Co. Ltd.,Stoxkarts Securities Limited,2026-04-27 12:34:41.980709,Ankhu Khola Jalvidhyut Company Ltd
2026042704003842,AKJCL,58,48,727,391.0,284257.0,2026-04-27,188016172,2788,Naasa Securities Co. Ltd.,Trishakti Securities Public Limited,2026-04-27 12:34:42.743412,Ankhu Khola Jalvidhyut Company Ltd
2026042704003843,AKJCL,58,48,200,390.1,78020.0,2026-04-27,188016174,2788,Naasa Securities Co. Ltd.,Trishakti Securities Public Limited,2026-04-27 12:34:42.743510,Ankhu Khola Jalvidhyut Company Ltd
2026042704003844,AKJCL,97,48,4073,390.0,1588470.0,2026-04-27,188016175,2788,R.B.B. Securities Company Ltd,Trishakti Securities Public Limited,2026-04-27 12:34:42.743596,Ankhu Khola Jalvidhyut Company Ltd
2026042704003850,AKJCL,97,98,11210,390.0,4371900.0,2026-04-27,188016265,2788,R.B.B. Securities Company Ltd,Trademow Securities Private Limited,2026-04-27 12:34:54.241867,Ankhu Khola Jalvidhyut Company Ltd
2026042704003872,AKJCL,58,95,800,391.0,312800.0,2026-04-27,188016629,2788,Naasa Securities Co. Ltd.,Magnet Securities and Investment Company Private Limited,2026-04-27 12:35:40.539273,Ankhu Khola Jalvidhyut Company Ltd
2026042704003886,AKJCL,32,81,331,391.9,129718.9,2026-04-27,188016757,2788,Premier Securities Company Ltd.,Aakashbhairab Securities Ltd.,2026-04-27 12:35:56.958612,Ankhu Khola Jalvidhyut Company Ltd
2026042704003887,AKJCL,32,44,25,391.9,9797.5,2026-04-27,188016799,2788,Premier Securities Company Ltd.,Dynamic Money Managers Securities Pvt. Ltd.,2026-04-27 12:36:02.194604,Ankhu Khola Jalvidhyut Company Ltd
2026042704003896,AKJCL,89,32,5,390.0,1950.0,2026-04-27,188016891,2788,Global IME Securities Limited,Premier Securities Company Ltd.,2026-04-27 12:36:19.378911,Ankhu Khola Jalvidhyut Company Ltd
2026042704003913,AKJCL,32,19,20,391.2,7824.0,2026-04-27,188017139,2788,Premier Securities Company Ltd.,Nepal Investment And Securities Trading Private Limited,2026-04-27 12:36:54.509018,Ankhu Khola Jalvidhyut Company Ltd
2026042704003914,AKJCL,98,43,400,392.0,156800.0,2026-04-27,188017160,2788,Trademow Securities Private Limited,South Asian Bulls Pvt. Ltd.,2026-04-27 12:36:55.671698,Ankhu Khola Jalvidhyut Company Ltd
2026042704003915,AKJCL,98,32,200,392.0,78400.0,2026-04-27,188017162,2788,Trademow Securities Private Limited,Premier Securities Company Ltd.,2026-04-27 12:36:55.672509,Ankhu Khola Jalvidhyut Company Ltd
2026042704003916,AKJCL,98,86,300,392.0,117600.0,2026-04-27,188017164,2788,Trademow Securities Private Limited,Stoxkarts Securities Limited,2026-04-27 12:36:55.673071,Ankhu Khola Jalvidhyut Company Ltd
2026042704003917,AKJCL,98,57,79,393.0,31047.0,2026-04-27,188017166,2788,Trademow Securities Private Limited,Aryatara Investment & Securities,2026-04-27 12:36:55.673632,Ankhu Khola Jalvidhyut Company Ltd
2026042704003918,AKJCL,98,38,1000,393.0,393000.0,2026-04-27,188017168,2788,Trademow Securities Private Limited,Dipshikha Dhitopatra Karobar Co. Pvt Ltd.,2026-04-27 12:36:55.674189,Ankhu Khola Jalvidhyut Company Ltd
2026042704003919,AKJCL,98,58,40,393.0,15720.0,2026-04-27,188017170,2788,Trademow Securities Private Limited,Naasa Securities Co. Ltd.,2026-04-27 12:36:55.674751,Ankhu Khola Jalvidhyut Company Ltd
2026042704003920,AKJCL,98,56,68,393.0,26724.0,2026-04-27,188017172,2788,Trademow Securities Private Limited,Sri Hari Securities Pvt. Ltd.,2026-04-27 12:36:55.675300,Ankhu Khola Jalvidhyut Company Ltd
2026042704003921,AKJCL,98,53,530,393.3,208449.0,2026-04-27,188017174,2788,Trademow Securities Private Limited,Investment Management Nepal Pvt. Ltd.,2026-04-27 12:36:55.675864,Ankhu Khola Jalvidhyut Company Ltd
2026042704003922,AKJCL,98,64,500,393.4,196700.0,2026-04-27,188017176,2788,Trademow Securities Private Limited,SUN SECURITIES PVT LTD,2026-04-27 12:36:55.676396,Ankhu Khola Jalvidhyut Company Ltd
2026042704003923,AKJCL,98,91,500,393.5,196750.0,2026-04-27,188017178,2788,Trademow Securities Private Limited,Citizens Share Broker Limited,2026-04-27 12:36:55.676945,Ankhu Khola Jalvidhyut Company Ltd
2026042704003924,AKJCL,98,64,245,393.8,96481.0,2026-04-27,188017180,2788,Trademow Securities Private Limited,SUN SECURITIES PVT LTD,2026-04-27 12:36:55.677500,Ankhu Khola Jalvidhyut Company Ltd
2026042704003925,AKJCL,98,94,200,393.8,78760.0,2026-04-27,188017182,2788,Trademow Securities Private Limited,K.B.L. Securities Limited ,2026-04-27 12:36:55.678047,Ankhu Khola Jalvidhyut Company Ltd
2026042704003926,AKJCL,98,45,1000,393.9,393900.0,2026-04-27,188017184,2788,Trademow Securities Private Limited,Imperial Securities Company Pvt. Ltd.,2026-04-27 12:36:55.678374,Ankhu Khola Jalvidhyut Company Ltd
2026042704003927,AKJCL,98,35,100,394.0,39400.0,2026-04-27,188017186,2788,Trademow Securities Private Limited,Kohinoor Investment & Securities Pvt. Ltd.,2026-04-27 12:36:55.678551,Ankhu Khola Jalvidhyut Company Ltd
2026042704003928,AKJCL,98,71,250,394.0,98500.0,2026-04-27,188017188,2788,Trademow Securities Private Limited,SHUBHAKAMANA SECURITIES PVT. LTD,2026-04-27 12:36:55.678730,Ankhu Khola Jalvidhyut Company Ltd
2026042704003929,AKJCL,98,64,500,394.8,197400.0,2026-04-27,188017190,2788,Trademow Securities Private Limited,SUN SECURITIES PVT LTD,2026-04-27 12:36:55.678905,Ankhu Khola Jalvidhyut Company Ltd
2026042704003930,AKJCL,98,34,500,395.0,197500.0,2026-04-27,188017192,2788,Trademow Securities Private Limited,Vision Securities Pvt. Ltd,2026-04-27 12:36:55.679103,Ankhu Khola Jalvidhyut Company Ltd
2026042704003931,AKJCL,98,17,200,395.0,79000.0,2026-04-27,188017194,2788,Trademow Securities Private Limited,ABC Securities Private Limited,2026-04-27 12:36:55.679279,Ankhu Khola Jalvidhyut Company Ltd
2026042704003932,AKJCL,98,19,50,395.0,19750.0,2026-04-27,188017196,2788,Trademow Securities Private Limited,Nepal Investment And Securities Trading Private Limited,2026-04-27 12:36:55.679477,Ankhu Khola Jalvidhyut Company Ltd
2026042704003933,AKJCL,98,42,2000,395.0,790000.0,2026-04-27,188017144,2788,Trademow Securities Private Limited,Sani Securities Company Ltd.,2026-04-27 12:36:55.679653,Ankhu Khola Jalvidhyut Company Ltd
2026042704003934,AKJCL,98,42,50,395.0,19750.0,2026-04-27,188017146,2788,Trademow Securities Private Limited,Sani Securities Company Ltd.,2026-04-27 12:36:55.679826,Ankhu Khola Jalvidhyut Company Ltd
2026042704003935,AKJCL,98,14,1000,395.0,395000.0,2026-04-27,188017148,2788,Trademow Securities Private Limited,Nepal Stock House (PVT) Ltd.,2026-04-27 12:36:55.680015,Ankhu Khola Jalvidhyut Company Ltd
2026042704003936,AKJCL,98,29,100,395.0,39500.0,2026-04-27,188017150,2788,Trademow Securities Private Limited,Trisul Securities & Invt. Ltd.,2026-04-27 12:36:55.680190,Ankhu Khola Jalvidhyut Company Ltd
2026042704003937,AKJCL,98,53,188,395.0,74260.0,2026-04-27,188017153,2788,Trademow Securities Private Limited,Investment Management Nepal Pvt. Ltd.,2026-04-27 12:36:55.680369,Ankhu Khola Jalvidhyut Company Ltd
2026042704003953,AKJCL,32,58,100,391.2,39120.0,2026-04-27,188017337,2788,Premier Securities Company Ltd.,Naasa Securities Co. Ltd.,2026-04-27 12:37:10.607260,Ankhu Khola Jalvidhyut Company Ltd
2026042704003962,AKJCL,28,62,200,394.9,78980.0,2026-04-27,188017501,2788,Shree Krishna Securities Ltd.,Capital Max Securities Ltd,2026-04-27 12:37:34.367783,Ankhu Khola Jalvidhyut Company Ltd
2026042704003963,AKJCL,28,53,4512,395.0,1782240.0,2026-04-27,188017503,2788,Shree Krishna Securities Ltd.,Investment Management Nepal Pvt. Ltd.,2026-04-27 12:37:34.367882,Ankhu Khola Jalvidhyut Company Ltd
2026042704003964,AKJCL,28,28,288,395.0,113760.0,2026-04-27,188017506,2788,Shree Krishna Securities Ltd.,Shree Krishna Securities Ltd.,2026-04-27 12:37:34.367958,Ankhu Khola Jalvidhyut Company Ltd
2026042704003981,AKJCL,45,81,10,393.0,3930.0,2026-04-27,188017983,2788,Imperial Securities Company Pvt. Ltd.,Aakashbhairab Securities Ltd.,2026-04-27 12:38:28.944299,Ankhu Khola Jalvidhyut Company Ltd
2026042704004004,AKJCL,28,28,212,395.0,83740.0,2026-04-27,188018285,2788,Shree Krishna Securities Ltd.,Shree Krishna Securities Ltd.,2026-04-27 12:39:06.079406,Ankhu Khola Jalvidhyut Company Ltd
2026042704004005,AKJCL,28,64,500,395.0,197500.0,2026-04-27,188018287,2788,Shree Krishna Securities Ltd.,SUN SECURITIES PVT LTD,2026-04-27 12:39:06.079512,Ankhu Khola Jalvidhyut Company Ltd
2026042704004006,AKJCL,28,41,50,395.0,19750.0,2026-04-27,188018289,2788,Shree Krishna Securities Ltd.,Linch Stock Market Ltd.,2026-04-27 12:39:06.079588,Ankhu Khola Jalvidhyut Company Ltd
2026042704004007,AKJCL,28,44,2338,395.0,923510.0,2026-04-27,188018292,2788,Shree Krishna Securities Ltd.,Dynamic Money Managers Securities Pvt. Ltd.,2026-04-27 12:39:06.079652,Ankhu Khola Jalvidhyut Company Ltd
2026042704004011,AKJCL,19,44,662,395.0,261490.0,2026-04-27,188018349,2788,Nepal Investment And Securities Trading Private Limited,Dynamic Money Managers Securities Pvt. Ltd.,2026-04-27 12:39:14.335185,Ankhu Khola Jalvidhyut Company Ltd
2026042704004012,AKJCL,19,38,200,395.0,79000.0,2026-04-27,188018351,2788,Nepal Investment And Securities Trading Private Limited,Dipshikha Dhitopatra Karobar Co. Pvt Ltd.,2026-04-27 12:39:14.335747,Ankhu Khola Jalvidhyut Company Ltd
2026042704004013,AKJCL,19,70,138,395.0,54510.0,2026-04-27,188018354,2788,Nepal Investment And Securities Trading Private Limited,Infinity Securities Limited,2026-04-27 12:39:14.335965,Ankhu Khola Jalvidhyut Company Ltd
2026042704004017,AKJCL,45,43,25,393.0,9825.0,2026-04-27,188018391,2788,Imperial Securities Company Pvt. Ltd.,South Asian Bulls Pvt. Ltd.,2026-04-27 12:39:19.882127,Ankhu Khola Jalvidhyut Company Ltd
2026042704004024,AKJCL,32,70,24,395.0,9480.0,2026-04-27,188018482,2788,Premier Securities Company Ltd.,Infinity Securities Limited,2026-04-27 12:39:35.244418,Ankhu Khola Jalvidhyut Company Ltd
2026042704004079,AKJCL,19,44,30,394.9,11847.0,2026-04-27,188019395,2788,Nepal Investment And Securities Trading Private Limited,Dynamic Money Managers Securities Pvt. Ltd.,2026-04-27 12:40:50.271992,Ankhu Khola Jalvidhyut Company Ltd
2026042704004080,AKJCL,19,70,838,395.0,331010.0,2026-04-27,188019397,2788,Nepal Investment And Securities Trading Private Limited,Infinity Securities Limited,2026-04-27 12:40:50.272470,Ankhu Khola Jalvidhyut Company Ltd
2026042704004081,AKJCL,19,40,50,395.0,19750.0,2026-04-27,188019399,2788,Nepal Investment And Securities Trading Private Limited,Creative Securities Pvt Ltd,2026-04-27 12:40:50.272665,Ankhu Khola Jalvidhyut Company Ltd
2026042704004082,AKJCL,19,32,25,395.0,9875.0,2026-04-27,188019401,2788,Nepal Investment And Securities Trading Private Limited,Premier Securities Company Ltd.,2026-04-27 12:40:50.272850,Ankhu Khola Jalvidhyut Company Ltd
2026042704004083,AKJCL,19,44,50,395.0,19750.0,2026-04-27,188019403,2788,Nepal Investment And Securities Trading Private Limited,Dynamic Money Managers Securities Pvt. Ltd.,2026-04-27 12:40:50.273039,Ankhu Khola Jalvidhyut Company Ltd
2026042704004097,AKJCL,71,97,3000,394.8,1184400.0,2026-04-27,188019553,2788,SHUBHAKAMANA SECURITIES PVT. LTD,R.B.B. Securities Company Ltd,2026-04-27 12:41:06.855158,Ankhu Khola Jalvidhyut Company Ltd
2026042704004098,AKJCL,71,98,1000,395.0,395000.0,2026-04-27,188019556,2788,SHUBHAKAMANA SECURITIES PVT. LTD,Trademow Securities Private Limited,2026-04-27 12:41:06.855266,Ankhu Khola Jalvidhyut Company Ltd
2026042704004106,AKJCL,98,58,400,395.0,158000.0,2026-04-27,188019663,2788,Trademow Securities Private Limited,Naasa Securities Co. Ltd.,2026-04-27 12:41:23.608307,Ankhu Khola Jalvidhyut Company Ltd
2026042704004107,AKJCL,98,57,100,395.9,39590.0,2026-04-27,188019665,2788,Trademow Securities Private Limited,Aryatara Investment & Securities,2026-04-27 12:41:23.609156,Ankhu Khola Jalvidhyut Company Ltd
2026042704004108,AKJCL,98,32,1000,396.0,396000.0,2026-04-27,188019667,2788,Trademow Securities Private Limited,Premier Securities Company Ltd.,2026-04-27 12:41:23.609748,Ankhu Khola Jalvidhyut Company Ltd
2026042704004109,AKJCL,98,98,1000,396.0,396000.0,2026-04-27,188019669,2788,Trademow Securities Private Limited,Trademow Securities Private Limited,2026-04-27 12:41:23.610306,Ankhu Khola Jalvidhyut Company Ltd
2026042704004110,AKJCL,98,13,100,396.9,39690.0,2026-04-27,188019671,2788,Trademow Securities Private Limited,Thrive Brokerage House Pvt. Ltd,2026-04-27 12:41:23.610868,Ankhu Khola Jalvidhyut Company Ltd
2026042704004111,AKJCL,98,71,10,396.9,3969.0,2026-04-27,188019673,2788,Trademow Securities Private Limited,SHUBHAKAMANA SECURITIES PVT. LTD,2026-04-27 12:41:23.611669,Ankhu Khola Jalvidhyut Company Ltd
2026042704004112,AKJCL,98,58,200,397.0,79400.0,2026-04-27,188019675,2788,Trademow Securities Private Limited,Naasa Securities Co. Ltd.,2026-04-27 12:41:23.612447,Ankhu Khola Jalvidhyut Company Ltd
2026042704004113,AKJCL,98,58,1000,397.0,397000.0,2026-04-27,188019677,2788,Trademow Securities Private Limited,Naasa Securities Co. Ltd.,2026-04-27 12:41:23.613112,Ankhu Khola Jalvidhyut Company Ltd
2026042704004114,AKJCL,98,57,1000,397.0,397000.0,2026-04-27,188019679,2788,Trademow Securities Private Limited,Aryatara Investment & Securities,2026-04-27 12:41:23.613827,Ankhu Khola Jalvidhyut Company Ltd
2026042704004115,AKJCL,98,48,190,398.0,75620.0,2026-04-27,188019682,2788,Trademow Securities Private Limited,Trishakti Securities Public Limited,2026-04-27 12:41:23.614512,Ankhu Khola Jalvidhyut Company Ltd
2026042704004119,AKJCL,97,63,200,394.0,78800.0,2026-04-27,188019825,2788,R.B.B. Securities Company Ltd,Himalayan Brokerage Company Limited,2026-04-27 12:41:41.048192,Ankhu Khola Jalvidhyut Company Ltd
2026042704004122,AKJCL,97,48,5000,394.0,1970000.0,2026-04-27,188019861,2788,R.B.B. Securities Company Ltd,Trishakti Securities Public Limited,2026-04-27 12:41:45.987027,Ankhu Khola Jalvidhyut Company Ltd
2026042704004170,AKJCL,63,39,90,396.0,35640.0,2026-04-27,188020267,2788,Himalayan Brokerage Company Limited,Sumeru Securities Pvt. Ltd.,2026-04-27 12:42:40.545796,Ankhu Khola Jalvidhyut Company Ltd
2026042704004179,AKJCL,71,19,25,395.0,9875.0,2026-04-27,188020377,2788,SHUBHAKAMANA SECURITIES PVT. LTD,Nepal Investment And Securities Trading Private Limited,2026-04-27 12:42:57.279866,Ankhu Khola Jalvidhyut Company Ltd
2026042704004197,AKJCL,71,14,975,395.0,385125.0,2026-04-27,188020532,2788,SHUBHAKAMANA SECURITIES PVT. LTD,Nepal Stock House (PVT) Ltd.,2026-04-27 12:43:17.541458,Ankhu Khola Jalvidhyut Company Ltd
2026042704004198,AKJCL,97,14,1025,395.0,404875.0,2026-04-27,188020533,2788,R.B.B. Securities Company Ltd,Nepal Stock House (PVT) Ltd.,2026-04-27 12:43:17.541949,Ankhu Khola Jalvidhyut Company Ltd
2026042704004215,AKJCL,38,58,300,396.0,118800.0,2026-04-27,188020743,2788,Dipshikha Dhitopatra Karobar Co. Pvt Ltd.,Naasa Securities Co. Ltd.,2026-04-27 12:43:43.382841,Ankhu Khola Jalvidhyut Company Ltd
2026042704004236,AKJCL,38,48,500,396.0,198000.0,2026-04-27,188020973,2788,Dipshikha Dhitopatra Karobar Co. Pvt Ltd.,Trishakti Securities Public Limited,2026-04-27 12:44:11.410666,Ankhu Khola Jalvidhyut Company Ltd
2026042704004240,AKJCL,38,64,1000,396.0,396000.0,2026-04-27,188021001,2788,Dipshikha Dhitopatra Karobar Co. Pvt Ltd.,SUN SECURITIES PVT LTD,2026-04-27 12:44:13.867074,Ankhu Khola Jalvidhyut Company Ltd
2026042704004262,AKJCL,38,41,190,396.0,75240.0,2026-04-27,188021519,2788,Dipshikha Dhitopatra Karobar Co. Pvt Ltd.,Linch Stock Market Ltd.,2026-04-27 12:45:15.990940,Ankhu Khola Jalvidhyut Company Ltd
2026042704004337,AKJCL,58,3,300,396.9,119070.0,2026-04-27,188021991,2788,Naasa Securities Co. Ltd.,Arun Securities (PVT) Ltd.,2026-04-27 12:46:03.862972,Ankhu Khola Jalvidhyut Company Ltd
2026042704004338,AKJCL,58,67,600,397.0,238200.0,2026-04-27,188021993,2788,Naasa Securities Co. Ltd.,Property Wiard Limited,2026-04-27 12:46:03.863024,Ankhu Khola Jalvidhyut Company Ltd
2026042704004339,AKJCL,58,70,100,397.0,39700.0,2026-04-27,188021996,2788,Naasa Securities Co. Ltd.,Infinity Securities Limited,2026-04-27 12:46:03.863052,Ankhu Khola Jalvidhyut Company Ltd
2026042704004340,AKJCL,58,70,900,397.0,357300.0,2026-04-27,188022029,2788,Naasa Securities Co. Ltd.,Infinity Securities Limited,2026-04-27 12:46:09.322684,Ankhu Khola Jalvidhyut Company Ltd
2026042704004341,AKJCL,58,39,50,397.0,19850.0,2026-04-27,188022031,2788,Naasa Securities Co. Ltd.,Sumeru Securities Pvt. Ltd.,2026-04-27 12:46:09.322741,Ankhu Khola Jalvidhyut Company Ltd
2026042704004342,AKJCL,58,49,50,397.0,19850.0,2026-04-27,188022034,2788,Naasa Securities Co. Ltd.,Online Securities Pvt. Ltd.,2026-04-27 12:46:09.322768,Ankhu Khola Jalvidhyut Company Ltd
2026042704004344,AKJCL,58,49,50,397.0,19850.0,2026-04-27,188022071,2788,Naasa Securities Co. Ltd.,Online Securities Pvt. Ltd.,2026-04-27 12:46:13.282360,Ankhu Khola Jalvidhyut Company Ltd
2026042704004345,AKJCL,58,36,50,397.5,19875.0,2026-04-27,188022074,2788,Naasa Securities Co. Ltd.,Secured Securities Ltd.,2026-04-27 12:46:13.282482,Ankhu Khola Jalvidhyut Company Ltd
2026042704004347,AKJCL,58,36,79,397.5,31402.5,2026-04-27,188022107,2788,Naasa Securities Co. Ltd.,Secured Securities Ltd.,2026-04-27 12:46:16.639877,Ankhu Khola Jalvidhyut Company Ltd
2026042704004348,AKJCL,58,41,21,397.5,8347.5,2026-04-27,188022110,2788,Naasa Securities Co. Ltd.,Linch Stock Market Ltd.,2026-04-27 12:46:16.639995,Ankhu Khola Jalvidhyut Company Ltd
2026042704004352,AKJCL,58,41,979,397.5,389152.5,2026-04-27,188022135,2788,Naasa Securities Co. Ltd.,Linch Stock Market Ltd.,2026-04-27 12:46:20.841955,Ankhu Khola Jalvidhyut Company Ltd
2026042704004353,AKJCL,58,45,21,397.9,8355.9,2026-04-27,188022138,2788,Naasa Securities Co. Ltd.,Imperial Securities Company Pvt. Ltd.,2026-04-27 12:46:20.842033,Ankhu Khola Jalvidhyut Company Ltd
2026042704004355,AKJCL,58,45,100,397.9,39790.0,2026-04-27,188022170,2788,Naasa Securities Co. Ltd.,Imperial Securities Company Pvt. Ltd.,2026-04-27 12:46:26.655494,Ankhu Khola Jalvidhyut Company Ltd
2026042704004356,AKJCL,58,45,100,397.9,39790.0,2026-04-27,188022214,2788,Naasa Securities Co. Ltd.,Imperial Securities Company Pvt. Ltd.,2026-04-27 12:46:31.058344,Ankhu Khola Jalvidhyut Company Ltd
2026042704004363,AKJCL,38,59,10,396.0,3960.0,2026-04-27,188022240,2788,Dipshikha Dhitopatra Karobar Co. Pvt Ltd.,Deevyaa Securities & Stock House Pvt. Ltd,2026-04-27 12:46:33.307579,Ankhu Khola Jalvidhyut Company Ltd
2026042704004364,AKJCL,32,59,2000,395.1,790200.0,2026-04-27,188022242,2788,Premier Securities Company Ltd.,Deevyaa Securities & Stock House Pvt. Ltd,2026-04-27 12:46:33.308015,Ankhu Khola Jalvidhyut Company Ltd
2026042704004365,AKJCL,97,59,4990,395.0,1971050.0,2026-04-27,188022243,2788,R.B.B. Securities Company Ltd,Deevyaa Securities & Stock House Pvt. Ltd,2026-04-27 12:46:33.308236,Ankhu Khola Jalvidhyut Company Ltd
2026042704004366,AKJCL,58,45,100,397.9,39790.0,2026-04-27,188022250,2788,Naasa Securities Co. Ltd.,Imperial Securities Company Pvt. Ltd.,2026-04-27 12:46:34.742114,Ankhu Khola Jalvidhyut Company Ltd
2026042704004368,AKJCL,58,3,100,397.8,39780.0,2026-04-27,188022296,2788,Naasa Securities Co. Ltd.,Arun Securities (PVT) Ltd.,2026-04-27 12:46:39.673233,Ankhu Khola Jalvidhyut Company Ltd
2026042704004378,AKJCL,64,3,200,397.8,79560.0,2026-04-27,188022465,2788,SUN SECURITIES PVT LTD,Arun Securities (PVT) Ltd.,2026-04-27 12:47:05.708205,Ankhu Khola Jalvidhyut Company Ltd
2026042704004379,AKJCL,64,41,100,397.8,39780.0,2026-04-27,188022467,2788,SUN SECURITIES PVT LTD,Linch Stock Market Ltd.,2026-04-27 12:47:05.708682,Ankhu Khola Jalvidhyut Company Ltd
2026042704004383,AKJCL,48,45,1679,397.9,668074.1,2026-04-27,188022537,2788,Trishakti Securities Public Limited,Imperial Securities Company Pvt. Ltd.,2026-04-27 12:47:15.090776,Ankhu Khola Jalvidhyut Company Ltd
2026042704004384,AKJCL,48,34,321,397.9,127725.9,2026-04-27,188022540,2788,Trishakti Securities Public Limited,Vision Securities Pvt. Ltd,2026-04-27 12:47:15.091771,Ankhu Khola Jalvidhyut Company Ltd
2026042704004396,AKJCL,64,62,200,397.8,79560.0,2026-04-27,188022639,2788,SUN SECURITIES PVT LTD,Capital Max Securities Ltd,2026-04-27 12:47:30.490001,Ankhu Khola Jalvidhyut Company Ltd
2026042704004404,AKJCL,64,3,200,397.8,79560.0,2026-04-27,188022707,2788,SUN SECURITIES PVT LTD,Arun Securities (PVT) Ltd.,2026-04-27 12:47:39.952580,Ankhu Khola Jalvidhyut Company Ltd
2026042704004412,AKJCL,32,42,500,397.0,198500.0,2026-04-27,188022797,2788,Premier Securities Company Ltd.,Sani Securities Company Ltd.,2026-04-27 12:47:57.167632,Ankhu Khola Jalvidhyut Company Ltd
2026042704004425,AKJCL,32,51,30,397.0,11910.0,2026-04-27,188023067,2788,Premier Securities Company Ltd.,Oxford Securities Pvt. Ltd.,2026-04-27 12:48:23.653883,Ankhu Khola Jalvidhyut Company Ltd
2026042704004428,AKJCL,32,42,400,397.0,158800.0,2026-04-27,188023123,2788,Premier Securities Company Ltd.,Sani Securities Company Ltd.,2026-04-27 12:48:31.178214,Ankhu Khola Jalvidhyut Company Ltd
2026042704004429,AKJCL,32,63,70,397.0,27790.0,2026-04-27,188023126,2788,Premier Securities Company Ltd.,Himalayan Brokerage Company Limited,2026-04-27 12:48:31.780790,Ankhu Khola Jalvidhyut Company Ltd
2026042704004443,AKJCL,58,63,430,397.0,170710.0,2026-04-27,188023333,2788,Naasa Securities Co. Ltd.,Himalayan Brokerage Company Limited,2026-04-27 12:48:58.442971,Ankhu Khola Jalvidhyut Company Ltd
2026042704004444,AKJCL,58,70,500,397.0,198500.0,2026-04-27,188023335,2788,Naasa Securities Co. Ltd.,Infinity Securities Limited,2026-04-27 12:48:58.443096,Ankhu Khola Jalvidhyut Company Ltd
2026042704004445,AKJCL,58,16,70,397.8,27846.0,2026-04-27,188023338,2788,Naasa Securities Co. Ltd.,Primo Securities (PVT) Ltd.,2026-04-27 12:48:58.443185,Ankhu Khola Jalvidhyut Company Ltd
2026042704004448,AKJCL,58,16,430,397.8,171054.0,2026-04-27,188023371,2788,Naasa Securities Co. Ltd.,Primo Securities (PVT) Ltd.,2026-04-27 12:49:03.379051,Ankhu Khola Jalvidhyut Company Ltd
2026042704004449,AKJCL,58,56,158,397.8,62852.4,2026-04-27,188023373,2788,Naasa Securities Co. Ltd.,Sri Hari Securities Pvt. Ltd.,2026-04-27 12:49:03.379165,Ankhu Khola Jalvidhyut Company Ltd
2026042704004450,AKJCL,58,34,12,397.9,4774.8,2026-04-27,188023376,2788,Naasa Securities Co. Ltd.,Vision Securities Pvt. Ltd,2026-04-27 12:49:03.379246,Ankhu Khola Jalvidhyut Company Ltd
2026042704004455,AKJCL,58,34,100,397.9,39790.0,2026-04-27,188023416,2788,Naasa Securities Co. Ltd.,Vision Securities Pvt. Ltd,2026-04-27 12:49:10.047221,Ankhu Khola Jalvidhyut Company Ltd
2026042704004456,AKJCL,58,29,50,397.0,19850.0,2026-04-27,188023443,2788,Naasa Securities Co. Ltd.,Trisul Securities & Invt. Ltd.,2026-04-27 12:49:14.370796,Ankhu Khola Jalvidhyut Company Ltd
2026042704004457,AKJCL,58,34,50,397.9,19895.0,2026-04-27,188023446,2788,Naasa Securities Co. Ltd.,Vision Securities Pvt. Ltd,2026-04-27 12:49:14.370942,Ankhu Khola Jalvidhyut Company Ltd
2026042704004459,AKJCL,58,34,100,397.9,39790.0,2026-04-27,188023486,2788,Naasa Securities Co. Ltd.,Vision Securities Pvt. Ltd,2026-04-27 12:49:18.979107,Ankhu Khola Jalvidhyut Company Ltd
2026042704004460,AKJCL,58,34,100,397.9,39790.0,2026-04-27,188023514,2788,Naasa Securities Co. Ltd.,Vision Securities Pvt. Ltd,2026-04-27 12:49:23.405818,Ankhu Khola Jalvidhyut Company Ltd
2026042704004462,AKJCL,58,34,10,397.9,3979.0,2026-04-27,188023552,2788,Naasa Securities Co. Ltd.,Vision Securities Pvt. Ltd,2026-04-27 12:49:28.181904,Ankhu Khola Jalvidhyut Company Ltd
2026042704004467,AKJCL,58,34,10,397.9,3979.0,2026-04-27,188023632,2788,Naasa Securities Co. Ltd.,Vision Securities Pvt. Ltd,2026-04-27 12:49:42.191088,Ankhu Khola Jalvidhyut Company Ltd
2026042704004469,AKJCL,58,3,10,397.8,3978.0,2026-04-27,188023656,2788,Naasa Securities Co. Ltd.,Arun Securities (PVT) Ltd.,2026-04-27 12:49:47.067393,Ankhu Khola Jalvidhyut Company Ltd
2026042704004476,AKJCL,58,3,10,397.8,3978.0,2026-04-27,188023684,2788,Naasa Securities Co. Ltd.,Arun Securities (PVT) Ltd.,2026-04-27 12:49:50.445193,Ankhu Khola Jalvidhyut Company Ltd
2026042704004478,AKJCL,58,35,10,397.0,3970.0,2026-04-27,188023726,2788,Naasa Securities Co. Ltd.,Kohinoor Investment & Securities Pvt. Ltd.,2026-04-27 12:49:53.945481,Ankhu Khola Jalvidhyut Company Ltd
2026042704004479,AKJCL,80,35,990,397.0,393030.0,2026-04-27,188023757,2788,Indira securities pvt. ltd,Kohinoor Investment & Securities Pvt. Ltd.,2026-04-27 12:49:55.494186,Ankhu Khola Jalvidhyut Company Ltd
2026042704004480,AKJCL,80,3,10,397.8,3978.0,2026-04-27,188023760,2788,Indira securities pvt. ltd,Arun Securities (PVT) Ltd.,2026-04-27 12:49:55.494713,Ankhu Khola Jalvidhyut Company Ltd
2026042704004483,AKJCL,58,3,10,397.8,3978.0,2026-04-27,188023794,2788,Naasa Securities Co. Ltd.,Arun Securities (PVT) Ltd.,2026-04-27 12:50:00.064096,Ankhu Khola Jalvidhyut Company Ltd
2026042704004484,AKJCL,80,49,15,395.3,5929.5,2026-04-27,188023795,2788,Indira securities pvt. ltd,Online Securities Pvt. Ltd.,2026-04-27 12:50:00.205447,Ankhu Khola Jalvidhyut Company Ltd
2026042704004486,AKJCL,58,3,10,397.8,3978.0,2026-04-27,188023824,2788,Naasa Securities Co. Ltd.,Arun Securities (PVT) Ltd.,2026-04-27 12:50:04.557782,Ankhu Khola Jalvidhyut Company Ltd
2026042704004488,AKJCL,80,3,450,397.8,179010.0,2026-04-27,188023861,2788,Indira securities pvt. ltd,Arun Securities (PVT) Ltd.,2026-04-27 12:50:08.594223,Ankhu Khola Jalvidhyut Company Ltd
2026042704004489,AKJCL,80,62,550,397.8,218790.0,2026-04-27,188023864,2788,Indira securities pvt. ltd,Capital Max Securities Ltd,2026-04-27 12:50:08.594718,Ankhu Khola Jalvidhyut Company Ltd
2026042704004490,AKJCL,58,62,10,397.8,3978.0,2026-04-27,188023882,2788,Naasa Securities Co. Ltd.,Capital Max Securities Ltd,2026-04-27 12:50:10.770168,Ankhu Khola Jalvidhyut Company Ltd
2026042704004491,AKJCL,58,62,10,397.8,3978.0,2026-04-27,188023884,2788,Naasa Securities Co. Ltd.,Capital Max Securities Ltd,2026-04-27 12:50:10.830350,Ankhu Khola Jalvidhyut Company Ltd
2026042704004492,AKJCL,58,62,10,397.8,3978.0,2026-04-27,188023904,2788,Naasa Securities Co. Ltd.,Capital Max Securities Ltd,2026-04-27 12:50:14.864534,Ankhu Khola Jalvidhyut Company Ltd
2026042704004497,AKJCL,80,53,200,397.7,79540.0,2026-04-27,188023997,2788,Indira securities pvt. ltd,Investment Management Nepal Pvt. Ltd.,2026-04-27 12:50:26.579126,Ankhu Khola Jalvidhyut Company Ltd
2026042704004498,AKJCL,80,10,100,397.7,39770.0,2026-04-27,188023999,2788,Indira securities pvt. ltd,Pragyan Securities (PVT) Ltd.,2026-04-27 12:50:26.580108,Ankhu Khola Jalvidhyut Company Ltd
2026042704004499,AKJCL,80,62,700,397.8,278460.0,2026-04-27,188024002,2788,Indira securities pvt. ltd,Capital Max Securities Ltd,2026-04-27 12:50:26.580833,Ankhu Khola Jalvidhyut Company Ltd
2026042704004505,AKJCL,80,62,85,395.3,33600.5,2026-04-27,188024132,2788,Indira securities pvt. ltd,Capital Max Securities Ltd,2026-04-27 12:50:47.310184,Ankhu Khola Jalvidhyut Company Ltd
2026042704004506,AKJCL,19,62,135,395.2,53352.0,2026-04-27,188024133,2788,Nepal Investment And Securities Trading Private Limited,Capital Max Securities Ltd,2026-04-27 12:50:47.311148,Ankhu Khola Jalvidhyut Company Ltd
2026042704004529,AKJCL,19,38,365,395.2,144248.0,2026-04-27,188024428,2788,Nepal Investment And Securities Trading Private Limited,Dipshikha Dhitopatra Karobar Co. Pvt Ltd.,2026-04-27 12:51:26.135660,Ankhu Khola Jalvidhyut Company Ltd
2026042704004530,AKJCL,58,38,200,395.2,79040.0,2026-04-27,188024430,2788,Naasa Securities Co. Ltd.,Dipshikha Dhitopatra Karobar Co. Pvt Ltd.,2026-04-27 12:51:26.136650,Ankhu Khola Jalvidhyut Company Ltd
2026042704004531,AKJCL,80,38,200,395.1,79020.0,2026-04-27,188024432,2788,Indira securities pvt. ltd,Dipshikha Dhitopatra Karobar Co. Pvt Ltd.,2026-04-27 12:51:26.137344,Ankhu Khola Jalvidhyut Company Ltd
2026042704004532,AKJCL,58,38,2235,395.0,882825.0,2026-04-27,188024433,2788,Naasa Securities Co. Ltd.,Dipshikha Dhitopatra Karobar Co. Pvt Ltd.,2026-04-27 12:51:26.138164,Ankhu Khola Jalvidhyut Company Ltd
2026042704004539,AKJCL,47,41,50,395.0,19750.0,2026-04-27,188024536,2788,Neev Securities Pvt. Ltd.,Linch Stock Market Ltd.,2026-04-27 12:51:41.637016,Ankhu Khola Jalvidhyut Company Ltd
2026042704004540,AKJCL,32,41,500,394.1,197050.0,2026-04-27,188024538,2788,Premier Securities Company Ltd.,Linch Stock Market Ltd.,2026-04-27 12:51:41.637103,Ankhu Khola Jalvidhyut Company Ltd
2026042704004541,AKJCL,43,41,3450,393.1,1356195.0,2026-04-27,188024539,2788,South Asian Bulls Pvt. Ltd.,Linch Stock Market Ltd.,2026-04-27 12:51:41.637149,Ankhu Khola Jalvidhyut Company Ltd
2026042704004567,AKJCL,98,71,1000,393.3,393300.0,2026-04-27,188024984,2788,Trademow Securities Private Limited,SHUBHAKAMANA SECURITIES PVT. LTD,2026-04-27 12:52:42.140162,Ankhu Khola Jalvidhyut Company Ltd
2026042704004568,AKJCL,80,71,200,393.2,78640.0,2026-04-27,188024986,2788,Indira securities pvt. ltd,SHUBHAKAMANA SECURITIES PVT. LTD,2026-04-27 12:52:42.140684,Ankhu Khola Jalvidhyut Company Ltd
2026042704004569,AKJCL,43,71,5800,393.1,2279980.0,2026-04-27,188024987,2788,South Asian Bulls Pvt. Ltd.,SHUBHAKAMANA SECURITIES PVT. LTD,2026-04-27 12:52:42.140921,Ankhu Khola Jalvidhyut Company Ltd
2026042704004619,AKJCL,97,66,100,393.5,39350.0,2026-04-27,188025543,2788,R.B.B. Securities Company Ltd,Miyo Securities Pvt Ltd,2026-04-27 12:54:10.010047,Ankhu Khola Jalvidhyut Company Ltd
2026042704004621,AKJCL,48,19,100,395.0,39500.0,2026-04-27,188025579,2788,Trishakti Securities Public Limited,Nepal Investment And Securities Trading Private Limited,2026-04-27 12:54:13.202551,Ankhu Khola Jalvidhyut Company Ltd
2026042704004622,AKJCL,48,5,230,395.8,91034.0,2026-04-27,188025582,2788,Trishakti Securities Public Limited,Market Securities & Exchange (PVT) Ltd.,2026-04-27 12:54:13.203650,Ankhu Khola Jalvidhyut Company Ltd
2026042704004644,AKJCL,14,5,170,395.8,67286.0,2026-04-27,188026087,2788,Nepal Stock House (PVT) Ltd.,Market Securities & Exchange (PVT) Ltd.,2026-04-27 12:55:09.541680,Ankhu Khola Jalvidhyut Company Ltd
2026042704004645,AKJCL,14,70,330,395.8,130614.0,2026-04-27,188026090,2788,Nepal Stock House (PVT) Ltd.,Infinity Securities Limited,2026-04-27 12:55:09.542204,Ankhu Khola Jalvidhyut Company Ltd
2026042704004646,AKJCL,98,70,170,395.8,67286.0,2026-04-27,188026113,2788,Trademow Securities Private Limited,Infinity Securities Limited,2026-04-27 12:55:13.735219,Ankhu Khola Jalvidhyut Company Ltd
2026042704004647,AKJCL,98,17,300,395.9,118770.0,2026-04-27,188026115,2788,Trademow Securities Private Limited,ABC Securities Private Limited,2026-04-27 12:55:13.735293,Ankhu Khola Jalvidhyut Company Ltd
2026042704004648,AKJCL,98,50,30,395.9,11877.0,2026-04-27,188026118,2788,Trademow Securities Private Limited,Cristal Kanchanjanga Securites Pvt. Ltd.,2026-04-27 12:55:13.735332,Ankhu Khola Jalvidhyut Company Ltd
2026042704004704,AKJCL,7,41,780,395.8,308724.0,2026-04-27,188026921,2788,J.F. Securites (PVT) Ltd.,Linch Stock Market Ltd.,2026-04-27 12:57:00.709038,Ankhu Khola Jalvidhyut Company Ltd
2026042704004705,AKJCL,7,50,970,395.9,384023.0,2026-04-27,188026923,2788,J.F. Securites (PVT) Ltd.,Cristal Kanchanjanga Securites Pvt. Ltd.,2026-04-27 12:57:00.709160,Ankhu Khola Jalvidhyut Company Ltd
2026042704004706,AKJCL,7,3,1000,395.9,395900.0,2026-04-27,188026925,2788,J.F. Securites (PVT) Ltd.,Arun Securities (PVT) Ltd.,2026-04-27 12:57:00.709257,Ankhu Khola Jalvidhyut Company Ltd
2026042704004707,AKJCL,7,38,250,396.0,99000.0,2026-04-27,188026928,2788,J.F. Securites (PVT) Ltd.,Dipshikha Dhitopatra Karobar Co. Pvt Ltd.,2026-04-27 12:57:00.709357,Ankhu Khola Jalvidhyut Company Ltd
2026042704004753,AKJCL,98,70,500,395.9,197950.0,2026-04-27,188027552,2788,Trademow Securities Private Limited,Infinity Securities Limited,2026-04-27 12:58:12.474281,Ankhu Khola Jalvidhyut Company Ltd
2026042704004773,AKJCL,98,96,45,393.9,17725.5,2026-04-27,188027915,2788,Trademow Securities Private Limited,Himalayan Securities Limited,2026-04-27 12:58:48.103018,Ankhu Khola Jalvidhyut Company Ltd
2026042704004797,AKJCL,21,62,900,395.0,355500.0,2026-04-27,188028213,2788,Midas Stock Broking Company Private Limited,Capital Max Securities Ltd,2026-04-27 12:59:14.833618,Ankhu Khola Jalvidhyut Company Ltd
2026042704004798,AKJCL,21,48,60,395.0,23700.0,2026-04-27,188028215,2788,Midas Stock Broking Company Private Limited,Trishakti Securities Public Limited,2026-04-27 12:59:14.834184,Ankhu Khola Jalvidhyut Company Ltd
2026042704004799,AKJCL,21,66,15,395.0,5925.0,2026-04-27,188028217,2788,Midas Stock Broking Company Private Limited,Miyo Securities Pvt Ltd,2026-04-27 12:59:14.834477,Ankhu Khola Jalvidhyut Company Ltd
2026042704004823,AKJCL,21,38,1000,395.0,395000.0,2026-04-27,188028523,2788,Midas Stock Broking Company Private Limited,Dipshikha Dhitopatra Karobar Co. Pvt Ltd.,2026-04-27 12:59:45.148722,Ankhu Khola Jalvidhyut Company Ltd
2026042704004837,AKJCL,21,28,25,395.0,9875.0,2026-04-27,188028956,2788,Midas Stock Broking Company Private Limited,Shree Krishna Securities Ltd.,2026-04-27 13:00:31.145562,Ankhu Khola Jalvidhyut Company Ltd
2026042704004838,AKJCL,21,28,975,395.0,385125.0,2026-04-27,188028957,2788,Midas Stock Broking Company Private Limited,Shree Krishna Securities Ltd.,2026-04-27 13:00:31.146554,Ankhu Khola Jalvidhyut Company Ltd
2026042704004842,AKJCL,21,10,1000,395.0,395000.0,2026-04-27,188029125,2788,Midas Stock Broking Company Private Limited,Pragyan Securities (PVT) Ltd.,2026-04-27 13:00:48.671106,Ankhu Khola Jalvidhyut Company Ltd
2026042704004913,AKJCL,16,45,900,395.9,356310.0,2026-04-27,188029887,2788,Primo Securities (PVT) Ltd.,Imperial Securities Company Pvt. Ltd.,2026-04-27 13:02:12.737464,Ankhu Khola Jalvidhyut Company Ltd
2026042704004914,AKJCL,16,38,100,396.0,39600.0,2026-04-27,188029890,2788,Primo Securities (PVT) Ltd.,Dipshikha Dhitopatra Karobar Co. Pvt Ltd.,2026-04-27 13:02:12.738044,Ankhu Khola Jalvidhyut Company Ltd
2026042704004941,AKJCL,80,38,650,396.0,257400.0,2026-04-27,188030263,2788,Indira securities pvt. ltd,Dipshikha Dhitopatra Karobar Co. Pvt Ltd.,2026-04-27 13:02:47.387201,Ankhu Khola Jalvidhyut Company Ltd
2026042704004942,AKJCL,80,38,100,396.0,39600.0,2026-04-27,188030265,2788,Indira securities pvt. ltd,Dipshikha Dhitopatra Karobar Co. Pvt Ltd.,2026-04-27 13:02:47.388251,Ankhu Khola Jalvidhyut Company Ltd
2026042704004943,AKJCL,80,54,20,396.0,7920.0,2026-04-27,188030267,2788,Indira securities pvt. ltd,Sewa Securities Pvt. Ltd.,2026-04-27 13:02:47.389154,Ankhu Khola Jalvidhyut Company Ltd
2026042704004978,AKJCL,7,71,1000,396.5,396500.0,2026-04-27,188030848,2788,J.F. Securites (PVT) Ltd.,SHUBHAKAMANA SECURITIES PVT. LTD,2026-04-27 13:04:03.535976,Ankhu Khola Jalvidhyut Company Ltd
2026042704004985,AKJCL,21,14,1000,395.1,395100.0,2026-04-27,188030982,2788,Midas Stock Broking Company Private Limited,Nepal Stock House (PVT) Ltd.,2026-04-27 13:04:20.854563,Ankhu Khola Jalvidhyut Company Ltd
2026042704004986,AKJCL,21,14,25,395.0,9875.0,2026-04-27,188030984,2788,Midas Stock Broking Company Private Limited,Nepal Stock House (PVT) Ltd.,2026-04-27 13:04:20.855088,Ankhu Khola Jalvidhyut Company Ltd
2026042704004987,AKJCL,7,14,975,395.0,385125.0,2026-04-27,188030985,2788,J.F. Securites (PVT) Ltd.,Nepal Stock House (PVT) Ltd.,2026-04-27 13:04:20.855358,Ankhu Khola Jalvidhyut Company Ltd
2026042704004989,AKJCL,80,58,4,396.0,1584.0,2026-04-27,188031017,2788,Indira securities pvt. ltd,Naasa Securities Co. Ltd.,2026-04-27 13:04:24.405390,Ankhu Khola Jalvidhyut Company Ltd
2026042704004992,AKJCL,7,14,10,395.0,3950.0,2026-04-27,188031077,2788,J.F. Securites (PVT) Ltd.,Nepal Stock House (PVT) Ltd.,2026-04-27 13:04:37.287165,Ankhu Khola Jalvidhyut Company Ltd
2026042704005044,AKJCL,63,58,5,396.0,1980.0,2026-04-27,188031437,2788,Himalayan Brokerage Company Limited,Naasa Securities Co. Ltd.,2026-04-27 13:05:15.936507,Ankhu Khola Jalvidhyut Company Ltd
2026042704005103,AKJCL,58,71,10,395.9,3959.0,2026-04-27,188032585,2788,Naasa Securities Co. Ltd.,SHUBHAKAMANA SECURITIES PVT. LTD,2026-04-27 13:07:14.853234,Ankhu Khola Jalvidhyut Company Ltd
2026042704005104,AKJCL,58,45,50,395.9,19795.0,2026-04-27,188032587,2788,Naasa Securities Co. Ltd.,Imperial Securities Company Pvt. Ltd.,2026-04-27 13:07:14.853373,Ankhu Khola Jalvidhyut Company Ltd
2026042704005105,AKJCL,58,19,140,396.0,55440.0,2026-04-27,188032590,2788,Naasa Securities Co. Ltd.,Nepal Investment And Securities Trading Private Limited,2026-04-27 13:07:14.853455,Ankhu Khola Jalvidhyut Company Ltd
2026042704005106,AKJCL,58,71,10,395.9,3959.0,2026-04-27,188032619,2788,Naasa Securities Co. Ltd.,SHUBHAKAMANA SECURITIES PVT. LTD,2026-04-27 13:07:19.739293,Ankhu Khola Jalvidhyut Company Ltd
2026042704005107,AKJCL,58,19,10,396.0,3960.0,2026-04-27,188032622,2788,Naasa Securities Co. Ltd.,Nepal Investment And Securities Trading Private Limited,2026-04-27 13:07:19.739398,Ankhu Khola Jalvidhyut Company Ltd
2026042704005113,AKJCL,7,62,15,395.0,5925.0,2026-04-27,188032692,2788,J.F. Securites (PVT) Ltd.,Capital Max Securities Ltd,2026-04-27 13:07:29.782159,Ankhu Khola Jalvidhyut Company Ltd
2026042704005121,AKJCL,97,64,1000,394.0,394000.0,2026-04-27,188032781,2788,R.B.B. Securities Company Ltd,SUN SECURITIES PVT LTD,2026-04-27 13:07:38.095179,Ankhu Khola Jalvidhyut Company Ltd
2026042704005122,AKJCL,97,62,185,394.0,72890.0,2026-04-27,188032791,2788,R.B.B. Securities Company Ltd,Capital Max Securities Ltd,2026-04-27 13:07:40.619439,Ankhu Khola Jalvidhyut Company Ltd
2026042704005123,AKJCL,97,38,2000,394.0,788000.0,2026-04-27,188032811,2788,R.B.B. Securities Company Ltd,Dipshikha Dhitopatra Karobar Co. Pvt Ltd.,2026-04-27 13:07:43.044224,Ankhu Khola Jalvidhyut Company Ltd
2026042704005128,AKJCL,97,38,2000,394.0,788000.0,2026-04-27,188032989,2788,R.B.B. Securities Company Ltd,Dipshikha Dhitopatra Karobar Co. Pvt Ltd.,2026-04-27 13:08:03.199154,Ankhu Khola Jalvidhyut Company Ltd
2026042704005130,AKJCL,58,46,20,395.0,7900.0,2026-04-27,188033042,2788,Naasa Securities Co. Ltd.,Kalika Securities Pvt. Ltd.,2026-04-27 13:08:13.503064,Ankhu Khola Jalvidhyut Company Ltd
2026042704005131,AKJCL,58,64,10,395.9,3959.0,2026-04-27,188033076,2788,Naasa Securities Co. Ltd.,SUN SECURITIES PVT LTD,2026-04-27 13:08:20.490093,Ankhu Khola Jalvidhyut Company Ltd
2026042704005132,AKJCL,97,67,500,394.0,197000.0,2026-04-27,188033078,2788,R.B.B. Securities Company Ltd,Property Wiard Limited,2026-04-27 13:08:20.835760,Ankhu Khola Jalvidhyut Company Ltd
2026042704005133,AKJCL,97,67,1600,394.0,630400.0,2026-04-27,188033079,2788,R.B.B. Securities Company Ltd,Property Wiard Limited,2026-04-27 13:08:20.836227,Ankhu Khola Jalvidhyut Company Ltd
2026042704005135,AKJCL,58,64,10,395.9,3959.0,2026-04-27,188033102,2788,Naasa Securities Co. Ltd.,SUN SECURITIES PVT LTD,2026-04-27 13:08:25.384516,Ankhu Khola Jalvidhyut Company Ltd
2026042704005160,AKJCL,48,98,900,394.1,354690.0,2026-04-27,188033596,2788,Trishakti Securities Public Limited,Trademow Securities Private Limited,2026-04-27 13:09:34.056104,Ankhu Khola Jalvidhyut Company Ltd
2026042704005161,AKJCL,97,98,4100,394.0,1615400.0,2026-04-27,188033597,2788,R.B.B. Securities Company Ltd,Trademow Securities Private Limited,2026-04-27 13:09:34.057385,Ankhu Khola Jalvidhyut Company Ltd
2026042704005283,AKJCL,64,64,1000,394.1,394100.0,2026-04-27,188035061,2788,SUN SECURITIES PVT LTD,SUN SECURITIES PVT LTD,2026-04-27 13:12:50.594442,Ankhu Khola Jalvidhyut Company Ltd
2026042704005284,AKJCL,97,45,1500,394.0,591000.0,2026-04-27,188035073,2788,R.B.B. Securities Company Ltd,Imperial Securities Company Pvt. Ltd.,2026-04-27 13:12:52.765019,Ankhu Khola Jalvidhyut Company Ltd
2026042704005324,AKJCL,91,42,100,395.6,39560.0,2026-04-27,188035261,2788,Citizens Share Broker Limited,Sani Securities Company Ltd.,2026-04-27 13:13:12.928698,Ankhu Khola Jalvidhyut Company Ltd
2026042704005325,AKJCL,91,32,200,395.7,79140.0,2026-04-27,188035263,2788,Citizens Share Broker Limited,Premier Securities Company Ltd.,2026-04-27 13:13:12.928832,Ankhu Khola Jalvidhyut Company Ltd
2026042704005326,AKJCL,91,64,500,395.7,197850.0,2026-04-27,188035265,2788,Citizens Share Broker Limited,SUN SECURITIES PVT LTD,2026-04-27 13:13:12.928917,Ankhu Khola Jalvidhyut Company Ltd
2026042704005327,AKJCL,91,42,100,395.8,39580.0,2026-04-27,188035267,2788,Citizens Share Broker Limited,Sani Securities Company Ltd.,2026-04-27 13:13:12.929007,Ankhu Khola Jalvidhyut Company Ltd
2026042704005328,AKJCL,91,58,800,395.8,316640.0,2026-04-27,188035270,2788,Citizens Share Broker Limited,Naasa Securities Co. Ltd.,2026-04-27 13:13:12.929086,Ankhu Khola Jalvidhyut Company Ltd
2026042704005347,AKJCL,97,62,10,394.0,3940.0,2026-04-27,188035689,2788,R.B.B. Securities Company Ltd,Capital Max Securities Ltd,2026-04-27 13:14:18.276999,Ankhu Khola Jalvidhyut Company Ltd
2026042704005351,AKJCL,91,58,130,395.8,51454.0,2026-04-27,188035717,2788,Citizens Share Broker Limited,Naasa Securities Co. Ltd.,2026-04-27 13:14:24.032983,Ankhu Khola Jalvidhyut Company Ltd
2026042704005352,AKJCL,91,45,40,395.8,15832.0,2026-04-27,188035719,2788,Citizens Share Broker Limited,Imperial Securities Company Pvt. Ltd.,2026-04-27 13:14:24.033050,Ankhu Khola Jalvidhyut Company Ltd
2026042704005353,AKJCL,91,64,1000,395.8,395800.0,2026-04-27,188035722,2788,Citizens Share Broker Limited,SUN SECURITIES PVT LTD,2026-04-27 13:14:24.033078,Ankhu Khola Jalvidhyut Company Ltd
2026042704005383,AKJCL,58,64,980,395.9,387982.0,2026-04-27,188036041,2788,Naasa Securities Co. Ltd.,SUN SECURITIES PVT LTD,2026-04-27 13:14:58.936385,Ankhu Khola Jalvidhyut Company Ltd
2026042704005384,AKJCL,58,43,1000,395.9,395900.0,2026-04-27,188036043,2788,Naasa Securities Co. Ltd.,South Asian Bulls Pvt. Ltd.,2026-04-27 13:14:58.936449,Ankhu Khola Jalvidhyut Company Ltd
2026042704005385,AKJCL,58,19,850,396.0,336600.0,2026-04-27,188036045,2788,Naasa Securities Co. Ltd.,Nepal Investment And Securities Trading Private Limited,2026-04-27 13:14:58.936477,Ankhu Khola Jalvidhyut Company Ltd
2026042704005386,AKJCL,58,97,2170,396.0,859320.0,2026-04-27,188036048,2788,Naasa Securities Co. Ltd.,R.B.B. Securities Company Ltd,2026-04-27 13:14:58.936521,Ankhu Khola Jalvidhyut Company Ltd
2026042704005573,AKJCL,14,47,25,395.0,9875.0,2026-04-27,188038073,2788,Nepal Stock House (PVT) Ltd.,Neev Securities Pvt. Ltd.,2026-04-27 13:19:04.347594,Ankhu Khola Jalvidhyut Company Ltd
2026042704005582,AKJCL,42,50,10,395.9,3959.0,2026-04-27,188038222,2788,Sani Securities Company Ltd.,Cristal Kanchanjanga Securites Pvt. Ltd.,2026-04-27 13:19:17.783270,Ankhu Khola Jalvidhyut Company Ltd
2026042704005611,AKJCL,14,64,75,395.0,29625.0,2026-04-27,188038380,2788,Nepal Stock House (PVT) Ltd.,SUN SECURITIES PVT LTD,2026-04-27 13:19:31.780872,Ankhu Khola Jalvidhyut Company Ltd
2026042704005684,AKJCL,21,64,225,395.0,88875.0,2026-04-27,188039015,2788,Midas Stock Broking Company Private Limited,SUN SECURITIES PVT LTD,2026-04-27 13:20:33.722474,Ankhu Khola Jalvidhyut Company Ltd
2026042704005685,AKJCL,21,91,100,395.0,39500.0,2026-04-27,188039017,2788,Midas Stock Broking Company Private Limited,Citizens Share Broker Limited,2026-04-27 13:20:33.723058,Ankhu Khola Jalvidhyut Company Ltd
2026042704005731,AKJCL,43,58,2000,395.5,791000.0,2026-04-27,188039596,2788,South Asian Bulls Pvt. Ltd.,Naasa Securities Co. Ltd.,2026-04-27 13:21:28.418803,Ankhu Khola Jalvidhyut Company Ltd
2026042704005743,AKJCL,21,83,400,395.0,158000.0,2026-04-27,188039859,2788,Midas Stock Broking Company Private Limited,Sanima Securities Limited,2026-04-27 13:21:47.233802,Ankhu Khola Jalvidhyut Company Ltd
2026042704005776,AKJCL,21,88,110,395.0,43450.0,2026-04-27,188040201,2788,Midas Stock Broking Company Private Limited,Blue Chip Securities Ltd,2026-04-27 13:22:23.982035,Ankhu Khola Jalvidhyut Company Ltd
2026042704005902,AKJCL,57,50,10,395.9,3959.0,2026-04-27,188042195,2788,Aryatara Investment & Securities,Cristal Kanchanjanga Securites Pvt. Ltd.,2026-04-27 13:24:50.645337,Ankhu Khola Jalvidhyut Company Ltd
2026042704005903,AKJCL,57,64,490,395.9,193991.0,2026-04-27,188042198,2788,Aryatara Investment & Securities,SUN SECURITIES PVT LTD,2026-04-27 13:24:50.645456,Ankhu Khola Jalvidhyut Company Ltd
2026042704005929,AKJCL,21,32,100,395.0,39500.0,2026-04-27,188042417,2788,Midas Stock Broking Company Private Limited,Premier Securities Company Ltd.,2026-04-27 13:25:06.571167,Ankhu Khola Jalvidhyut Company Ltd
2026042704005936,AKJCL,28,42,10,395.8,3958.0,2026-04-27,188042576,2788,Shree Krishna Securities Ltd.,Sani Securities Company Ltd.,2026-04-27 13:25:25.540288,Ankhu Khola Jalvidhyut Company Ltd
2026042704006020,AKJCL,32,42,90,395.8,35622.0,2026-04-27,188043507,2788,Premier Securities Company Ltd.,Sani Securities Company Ltd.,2026-04-27 13:27:05.324786,Ankhu Khola Jalvidhyut Company Ltd
2026042704006021,AKJCL,32,43,410,395.8,162278.0,2026-04-27,188043510,2788,Premier Securities Company Ltd.,South Asian Bulls Pvt. Ltd.,2026-04-27 13:27:05.325367,Ankhu Khola Jalvidhyut Company Ltd
2026042704006057,AKJCL,21,21,65,395.0,25675.0,2026-04-27,188043967,2788,Midas Stock Broking Company Private Limited,Midas Stock Broking Company Private Limited,2026-04-27 13:27:56.944985,Ankhu Khola Jalvidhyut Company Ltd
2026042704006072,AKJCL,19,43,90,395.8,35622.0,2026-04-27,188044085,2788,Nepal Investment And Securities Trading Private Limited,South Asian Bulls Pvt. Ltd.,2026-04-27 13:28:13.160722,Ankhu Khola Jalvidhyut Company Ltd
2026042704006073,AKJCL,19,64,510,395.9,201909.0,2026-04-27,188044087,2788,Nepal Investment And Securities Trading Private Limited,SUN SECURITIES PVT LTD,2026-04-27 13:28:13.161373,Ankhu Khola Jalvidhyut Company Ltd
2026042704006074,AKJCL,19,43,11,395.9,4354.9,2026-04-27,188044089,2788,Nepal Investment And Securities Trading Private Limited,South Asian Bulls Pvt. Ltd.,2026-04-27 13:28:13.161810,Ankhu Khola Jalvidhyut Company Ltd
2026042704006075,AKJCL,19,97,740,396.0,293040.0,2026-04-27,188044091,2788,Nepal Investment And Securities Trading Private Limited,R.B.B. Securities Company Ltd,2026-04-27 13:28:13.162266,Ankhu Khola Jalvidhyut Company Ltd
2026042704006076,AKJCL,19,49,300,396.0,118800.0,2026-04-27,188044093,2788,Nepal Investment And Securities Trading Private Limited,Online Securities Pvt. Ltd.,2026-04-27 13:28:13.162618,Ankhu Khola Jalvidhyut Company Ltd
2026042704006077,AKJCL,19,14,200,396.0,79200.0,2026-04-27,188044095,2788,Nepal Investment And Securities Trading Private Limited,Nepal Stock House (PVT) Ltd.,2026-04-27 13:28:13.162917,Ankhu Khola Jalvidhyut Company Ltd
2026042704006078,AKJCL,19,44,15,396.0,5940.0,2026-04-27,188044097,2788,Nepal Investment And Securities Trading Private Limited,Dynamic Money Managers Securities Pvt. Ltd.,2026-04-27 13:28:13.163543,Ankhu Khola Jalvidhyut Company Ltd
2026042704006079,AKJCL,19,48,100,396.0,39600.0,2026-04-27,188044099,2788,Nepal Investment And Securities Trading Private Limited,Trishakti Securities Public Limited,2026-04-27 13:28:13.163937,Ankhu Khola Jalvidhyut Company Ltd
2026042704006080,AKJCL,19,21,34,396.0,13464.0,2026-04-27,188044102,2788,Nepal Investment And Securities Trading Private Limited,Midas Stock Broking Company Private Limited,2026-04-27 13:28:13.164369,Ankhu Khola Jalvidhyut Company Ltd
2026042704006136,AKJCL,29,71,2000,395.0,790000.0,2026-04-27,188044845,2788,Trisul Securities & Invt. Ltd.,SHUBHAKAMANA SECURITIES PVT. LTD,2026-04-27 13:29:22.289843,Ankhu Khola Jalvidhyut Company Ltd
2026042704006264,AKJCL,29,58,30,395.0,11850.0,2026-04-27,188046551,2788,Trisul Securities & Invt. Ltd.,Naasa Securities Co. Ltd.,2026-04-27 13:32:43.743334,Ankhu Khola Jalvidhyut Company Ltd
2026042704006265,AKJCL,29,58,2970,395.0,1173150.0,2026-04-27,188046554,2788,Trisul Securities & Invt. Ltd.,Naasa Securities Co. Ltd.,2026-04-27 13:32:43.744522,Ankhu Khola Jalvidhyut Company Ltd
2026042704006322,AKJCL,43,58,30,395.0,11850.0,2026-04-27,188047289,2788,South Asian Bulls Pvt. Ltd.,Naasa Securities Co. Ltd.,2026-04-27 13:33:55.003965,Ankhu Khola Jalvidhyut Company Ltd
2026042704006356,AKJCL,43,98,970,394.7,382859.0,2026-04-27,188047656,2788,South Asian Bulls Pvt. Ltd.,Trademow Securities Private Limited,2026-04-27 13:34:18.715886,Ankhu Khola Jalvidhyut Company Ltd
2026042704006357,AKJCL,56,98,2000,394.6,789200.0,2026-04-27,188047658,2788,Sri Hari Securities Pvt. Ltd.,Trademow Securities Private Limited,2026-04-27 13:34:18.715974,Ankhu Khola Jalvidhyut Company Ltd
2026042704006358,AKJCL,29,98,2000,394.5,789000.0,2026-04-27,188047660,2788,Trisul Securities & Invt. Ltd.,Trademow Securities Private Limited,2026-04-27 13:34:18.716047,Ankhu Khola Jalvidhyut Company Ltd
2026042704006359,AKJCL,29,98,100,394.5,39450.0,2026-04-27,188047662,2788,Trisul Securities & Invt. Ltd.,Trademow Securities Private Limited,2026-04-27 13:34:18.716125,Ankhu Khola Jalvidhyut Company Ltd
2026042704006360,AKJCL,41,98,2000,394.4,788800.0,2026-04-27,188047664,2788,Linch Stock Market Ltd.,Trademow Securities Private Limited,2026-04-27 13:34:18.716202,Ankhu Khola Jalvidhyut Company Ltd
2026042704006361,AKJCL,48,98,1000,394.3,394300.0,2026-04-27,188047666,2788,Trishakti Securities Public Limited,Trademow Securities Private Limited,2026-04-27 13:34:18.716275,Ankhu Khola Jalvidhyut Company Ltd
2026042704006362,AKJCL,62,98,1700,394.2,670140.0,2026-04-27,188047668,2788,Capital Max Securities Ltd,Trademow Securities Private Limited,2026-04-27 13:34:18.716380,Ankhu Khola Jalvidhyut Company Ltd
2026042704006363,AKJCL,58,98,230,394.2,90666.0,2026-04-27,188047669,2788,Naasa Securities Co. Ltd.,Trademow Securities Private Limited,2026-04-27 13:34:18.716472,Ankhu Khola Jalvidhyut Company Ltd
2026042704006452,AKJCL,45,58,20,395.0,7900.0,2026-04-27,188049425,2788,Imperial Securities Company Pvt. Ltd.,Naasa Securities Co. Ltd.,2026-04-27 13:37:48.407779,Ankhu Khola Jalvidhyut Company Ltd
2026042704006459,AKJCL,28,42,50,395.7,19785.0,2026-04-27,188049507,2788,Shree Krishna Securities Ltd.,Sani Securities Company Ltd.,2026-04-27 13:38:01.852908,Ankhu Khola Jalvidhyut Company Ltd
2026042704006460,AKJCL,28,41,50,395.8,19790.0,2026-04-27,188049510,2788,Shree Krishna Securities Ltd.,Linch Stock Market Ltd.,2026-04-27 13:38:01.853039,Ankhu Khola Jalvidhyut Company Ltd
2026042704006532,AKJCL,66,41,50,395.8,19790.0,2026-04-27,188050334,2788,Miyo Securities Pvt Ltd,Linch Stock Market Ltd.,2026-04-27 13:39:34.939864,Ankhu Khola Jalvidhyut Company Ltd
2026042704006541,AKJCL,19,57,1000,395.0,395000.0,2026-04-27,188050449,2788,Nepal Investment And Securities Trading Private Limited,Aryatara Investment & Securities,2026-04-27 13:39:51.257170,Ankhu Khola Jalvidhyut Company Ltd
2026042704006547,AKJCL,28,41,10,395.8,3958.0,2026-04-27,188050572,2788,Shree Krishna Securities Ltd.,Linch Stock Market Ltd.,2026-04-27 13:40:05.911613,Ankhu Khola Jalvidhyut Company Ltd
2026042704006554,AKJCL,29,41,30,395.8,11874.0,2026-04-27,188050695,2788,Trisul Securities & Invt. Ltd.,Linch Stock Market Ltd.,2026-04-27 13:40:23.418096,Ankhu Khola Jalvidhyut Company Ltd
2026042704006555,AKJCL,29,20,100,395.8,39580.0,2026-04-27,188050697,2788,Trisul Securities & Invt. Ltd.,Sipla Securities Private Limited,2026-04-27 13:40:23.418719,Ankhu Khola Jalvidhyut Company Ltd
2026042704006556,AKJCL,29,87,250,395.9,98975.0,2026-04-27,188050699,2788,Trisul Securities & Invt. Ltd.,S.P.S.A. Securities Limited,2026-04-27 13:40:23.419019,Ankhu Khola Jalvidhyut Company Ltd
2026042704006557,AKJCL,29,21,66,396.0,26136.0,2026-04-27,188050701,2788,Trisul Securities & Invt. Ltd.,Midas Stock Broking Company Private Limited,2026-04-27 13:40:23.419352,Ankhu Khola Jalvidhyut Company Ltd
2026042704006558,AKJCL,29,47,500,396.0,198000.0,2026-04-27,188050703,2788,Trisul Securities & Invt. Ltd.,Neev Securities Pvt. Ltd.,2026-04-27 13:40:23.419655,Ankhu Khola Jalvidhyut Company Ltd
2026042704006559,AKJCL,29,58,240,396.0,95040.0,2026-04-27,188050705,2788,Trisul Securities & Invt. Ltd.,Naasa Securities Co. Ltd.,2026-04-27 13:40:23.419945,Ankhu Khola Jalvidhyut Company Ltd
2026042704006560,AKJCL,29,49,90,396.0,35640.0,2026-04-27,188050707,2788,Trisul Securities & Invt. Ltd.,Online Securities Pvt. Ltd.,2026-04-27 13:40:23.420238,Ankhu Khola Jalvidhyut Company Ltd
2026042704006561,AKJCL,29,34,500,396.0,198000.0,2026-04-27,188050709,2788,Trisul Securities & Invt. Ltd.,Vision Securities Pvt. Ltd,2026-04-27 13:40:23.420533,Ankhu Khola Jalvidhyut Company Ltd
2026042704006562,AKJCL,29,43,1100,396.0,435600.0,2026-04-27,188050711,2788,Trisul Securities & Invt. Ltd.,South Asian Bulls Pvt. Ltd.,2026-04-27 13:40:23.420821,Ankhu Khola Jalvidhyut Company Ltd
2026042704006563,AKJCL,29,69,500,396.0,198000.0,2026-04-27,188050713,2788,Trisul Securities & Invt. Ltd.,INDEX SECURITIES LIMITED,2026-04-27 13:40:23.421111,Ankhu Khola Jalvidhyut Company Ltd
2026042704006564,AKJCL,29,71,20,396.3,7926.0,2026-04-27,188050715,2788,Trisul Securities & Invt. Ltd.,SHUBHAKAMANA SECURITIES PVT. LTD,2026-04-27 13:40:23.421425,Ankhu Khola Jalvidhyut Company Ltd
2026042704006565,AKJCL,29,42,100,396.3,39630.0,2026-04-27,188050717,2788,Trisul Securities & Invt. Ltd.,Sani Securities Company Ltd.,2026-04-27 13:40:23.421717,Ankhu Khola Jalvidhyut Company Ltd
2026042704006566,AKJCL,29,86,1000,396.4,396400.0,2026-04-27,188050719,2788,Trisul Securities & Invt. Ltd.,Stoxkarts Securities Limited,2026-04-27 13:40:23.422006,Ankhu Khola Jalvidhyut Company Ltd
2026042704006567,AKJCL,29,62,1504,396.5,596336.0,2026-04-27,188050722,2788,Trisul Securities & Invt. Ltd.,Capital Max Securities Ltd,2026-04-27 13:40:23.422296,Ankhu Khola Jalvidhyut Company Ltd
2026042704006569,AKJCL,58,48,780,395.1,308178.0,2026-04-27,188050782,2788,Naasa Securities Co. Ltd.,Trishakti Securities Public Limited,2026-04-27 13:40:32.093303,Ankhu Khola Jalvidhyut Company Ltd
2026042704006570,AKJCL,19,48,9000,395.0,3555000.0,2026-04-27,188050784,2788,Nepal Investment And Securities Trading Private Limited,Trishakti Securities Public Limited,2026-04-27 13:40:32.093438,Ankhu Khola Jalvidhyut Company Ltd
2026042704006571,AKJCL,58,48,220,395.0,86900.0,2026-04-27,188050785,2788,Naasa Securities Co. Ltd.,Trishakti Securities Public Limited,2026-04-27 13:40:32.093538,Ankhu Khola Jalvidhyut Company Ltd
2026042704006572,AKJCL,28,62,10,396.5,3965.0,2026-04-27,188050798,2788,Shree Krishna Securities Ltd.,Capital Max Securities Ltd,2026-04-27 13:40:34.330273,Ankhu Khola Jalvidhyut Company Ltd
2026042704006580,AKJCL,29,62,486,396.5,192699.0,2026-04-27,188050853,2788,Trisul Securities & Invt. Ltd.,Capital Max Securities Ltd,2026-04-27 13:40:44.712671,Ankhu Khola Jalvidhyut Company Ltd
2026042704006581,AKJCL,29,58,10,396.5,3965.0,2026-04-27,188050855,2788,Trisul Securities & Invt. Ltd.,Naasa Securities Co. Ltd.,2026-04-27 13:40:44.712765,Ankhu Khola Jalvidhyut Company Ltd
2026042704006582,AKJCL,29,70,500,396.9,198450.0,2026-04-27,188050857,2788,Trisul Securities & Invt. Ltd.,Infinity Securities Limited,2026-04-27 13:40:44.712793,Ankhu Khola Jalvidhyut Company Ltd
2026042704006583,AKJCL,29,38,400,396.9,158760.0,2026-04-27,188050859,2788,Trisul Securities & Invt. Ltd.,Dipshikha Dhitopatra Karobar Co. Pvt Ltd.,2026-04-27 13:40:44.712816,Ankhu Khola Jalvidhyut Company Ltd
2026042704006584,AKJCL,29,35,290,396.9,115101.0,2026-04-27,188050861,2788,Trisul Securities & Invt. Ltd.,Kohinoor Investment & Securities Pvt. Ltd.,2026-04-27 13:40:44.712841,Ankhu Khola Jalvidhyut Company Ltd
2026042704006585,AKJCL,29,57,314,397.0,124658.0,2026-04-27,188050864,2788,Trisul Securities & Invt. Ltd.,Aryatara Investment & Securities,2026-04-27 13:40:44.712864,Ankhu Khola Jalvidhyut Company Ltd
2026042704006633,AKJCL,28,42,10,396.9,3969.0,2026-04-27,188051844,2788,Shree Krishna Securities Ltd.,Sani Securities Company Ltd.,2026-04-27 13:42:44.846821,Ankhu Khola Jalvidhyut Company Ltd
2026042704006639,AKJCL,28,42,40,396.9,15876.0,2026-04-27,188051933,2788,Shree Krishna Securities Ltd.,Sani Securities Company Ltd.,2026-04-27 13:42:53.547409,Ankhu Khola Jalvidhyut Company Ltd
2026042704006640,AKJCL,28,17,10,396.9,3969.0,2026-04-27,188051936,2788,Shree Krishna Securities Ltd.,ABC Securities Private Limited,2026-04-27 13:42:53.547528,Ankhu Khola Jalvidhyut Company Ltd
2026042704006672,AKJCL,80,39,1000,395.3,395300.0,2026-04-27,188052227,2788,Indira securities pvt. ltd,Sumeru Securities Pvt. Ltd.,2026-04-27 13:43:26.430424,Ankhu Khola Jalvidhyut Company Ltd
2026042704006748,AKJCL,28,71,10,396.7,3967.0,2026-04-27,188053658,2788,Shree Krishna Securities Ltd.,SHUBHAKAMANA SECURITIES PVT. LTD,2026-04-27 13:45:30.954635,Ankhu Khola Jalvidhyut Company Ltd
2026042704006883,AKJCL,65,71,40,396.7,15868.0,2026-04-27,188054789,2788,Sharepro Securities Private Limited,SHUBHAKAMANA SECURITIES PVT. LTD,2026-04-27 13:47:36.998660,Ankhu Khola Jalvidhyut Company Ltd
2026042704006884,AKJCL,65,28,460,396.7,182482.0,2026-04-27,188054792,2788,Sharepro Securities Private Limited,Shree Krishna Securities Ltd.,2026-04-27 13:47:36.999274,Ankhu Khola Jalvidhyut Company Ltd
2026042704006990,AKJCL,35,14,20,395.5,7910.0,2026-04-27,188055631,2788,Kohinoor Investment & Securities Pvt. Ltd.,Nepal Stock House (PVT) Ltd.,2026-04-27 13:48:53.718656,Ankhu Khola Jalvidhyut Company Ltd
2026042704007004,AKJCL,28,41,10,396.0,3960.0,2026-04-27,188055776,2788,Shree Krishna Securities Ltd.,Linch Stock Market Ltd.,2026-04-27 13:49:11.792933,Ankhu Khola Jalvidhyut Company Ltd
