contractId,stockSymbol,buyerMemberId,sellerMemberId,quantity,rate,amount,businessDate,tradeBookId,stockId,buyerBrokerName,sellerBrokerName,transaction_time,securityName
2026042704000188,BARUN,32,48,10,346.8,3468.0,2026-04-27,187956935,686,Premier Securities Company Ltd.,Trishakti Securities Public Limited,2026-04-27 11:05:04.608356,Barun Hydropower Co. Ltd.
2026042704000247,BARUN,32,28,52,347.2,18054.4,2026-04-27,187958041,686,Premier Securities Company Ltd.,Shree Krishna Securities Ltd.,2026-04-27 11:06:35.544747,Barun Hydropower Co. Ltd.
2026042704000276,BARUN,32,33,11,347.2,3819.2,2026-04-27,187958659,686,Premier Securities Company Ltd.,Dakshinkali Investment & Securities Pvt. Ltd.,2026-04-27 11:07:23.125158,Barun Hydropower Co. Ltd.
2026042704000297,BARUN,11,34,19,351.0,6669.0,2026-04-27,187959601,686,Malla & Malla Stock Broking Company Pvt. Limited,Vision Securities Pvt. Ltd,2026-04-27 11:08:17.454983,Barun Hydropower Co. Ltd.
2026042704000311,BARUN,11,46,81,352.0,28512.0,2026-04-27,187960080,686,Malla & Malla Stock Broking Company Pvt. Limited,Kalika Securities Pvt. Ltd.,2026-04-27 11:08:41.040515,Barun Hydropower Co. Ltd.
2026042704000317,BARUN,68,46,19,352.0,6688.0,2026-04-27,187960393,686,Elite Stock House Limited,Kalika Securities Pvt. Ltd.,2026-04-27 11:08:56.490096,Barun Hydropower Co. Ltd.
2026042704000330,BARUN,68,57,31,352.0,10912.0,2026-04-27,187960661,686,Elite Stock House Limited,Aryatara Investment & Securities,2026-04-27 11:09:12.270531,Barun Hydropower Co. Ltd.
2026042704000804,BARUN,6,62,10,351.7,3517.0,2026-04-27,187970488,686,Agrawal Securities (PVT) Ltd.,Capital Max Securities Ltd,2026-04-27 11:20:01.806531,Barun Hydropower Co. Ltd.
2026042704000849,BARUN,77,57,9,345.0,3105.0,2026-04-27,187971051,686,Nabil Stock Dealer Ltd.,Aryatara Investment & Securities,2026-04-27 11:20:46.101803,Barun Hydropower Co. Ltd.
2026042704000882,BARUN,77,53,41,351.6,14415.6,2026-04-27,187971524,686,Nabil Stock Dealer Ltd.,Investment Management Nepal Pvt. Ltd.,2026-04-27 11:21:25.068466,Barun Hydropower Co. Ltd.
2026042704001103,BARUN,39,46,500,348.2,174100.0,2026-04-27,187975120,686,Sumeru Securities Pvt. Ltd.,Kalika Securities Pvt. Ltd.,2026-04-27 11:26:03.759860,Barun Hydropower Co. Ltd.
2026042704001104,BARUN,22,46,10,348.1,3481.0,2026-04-27,187975122,686,Siprabi Securities Pvt. Ltd.,Kalika Securities Pvt. Ltd.,2026-04-27 11:26:03.760107,Barun Hydropower Co. Ltd.
2026042704001105,BARUN,58,46,50,348.0,17400.0,2026-04-27,187975124,686,Naasa Securities Co. Ltd.,Kalika Securities Pvt. Ltd.,2026-04-27 11:26:03.760271,Barun Hydropower Co. Ltd.
2026042704001106,BARUN,52,46,882,348.0,306936.0,2026-04-27,187975125,686,Sundhara Securities Limited,Kalika Securities Pvt. Ltd.,2026-04-27 11:26:03.760454,Barun Hydropower Co. Ltd.
2026042704001168,BARUN,77,46,50,350.6,17530.0,2026-04-27,187976112,686,Nabil Stock Dealer Ltd.,Kalika Securities Pvt. Ltd.,2026-04-27 11:27:20.295232,Barun Hydropower Co. Ltd.
2026042704001220,BARUN,42,45,50,350.0,17500.0,2026-04-27,187976685,686,Sani Securities Company Ltd.,Imperial Securities Company Pvt. Ltd.,2026-04-27 11:28:06.577146,Barun Hydropower Co. Ltd.
2026042704001421,BARUN,52,46,118,348.0,41064.0,2026-04-27,187979244,686,Sundhara Securities Limited,Kalika Securities Pvt. Ltd.,2026-04-27 11:31:20.270564,Barun Hydropower Co. Ltd.
2026042704001422,BARUN,38,46,500,347.9,173950.0,2026-04-27,187979246,686,Dipshikha Dhitopatra Karobar Co. Pvt Ltd.,Kalika Securities Pvt. Ltd.,2026-04-27 11:31:20.270808,Barun Hydropower Co. Ltd.
2026042704001423,BARUN,57,46,32,347.8,11129.6,2026-04-27,187979247,686,Aryatara Investment & Securities,Kalika Securities Pvt. Ltd.,2026-04-27 11:31:20.270976,Barun Hydropower Co. Ltd.
2026042704001469,BARUN,96,42,75,350.0,26250.0,2026-04-27,187979718,686,Himalayan Securities Limited,Sani Securities Company Ltd.,2026-04-27 11:32:01.726909,Barun Hydropower Co. Ltd.
2026042704001627,BARUN,74,56,50,349.9,17495.0,2026-04-27,187981770,686,KALASH STOCK MARKET PVT. LTD.,Sri Hari Securities Pvt. Ltd.,2026-04-27 11:34:41.050197,Barun Hydropower Co. Ltd.
2026042704001742,BARUN,62,22,10,348.1,3481.0,2026-04-27,187983017,686,Capital Max Securities Ltd,Siprabi Securities Pvt. Ltd.,2026-04-27 11:36:17.120020,Barun Hydropower Co. Ltd.
2026042704001757,BARUN,35,49,60,349.0,20940.0,2026-04-27,187983239,686,Kohinoor Investment & Securities Pvt. Ltd.,Online Securities Pvt. Ltd.,2026-04-27 11:36:36.242271,Barun Hydropower Co. Ltd.
2026042704001882,BARUN,57,57,10,349.5,3495.0,2026-04-27,187986010,686,Aryatara Investment & Securities,Aryatara Investment & Securities,2026-04-27 11:40:39.849278,Barun Hydropower Co. Ltd.
2026042704001909,BARUN,35,56,40,349.0,13960.0,2026-04-27,187986576,686,Kohinoor Investment & Securities Pvt. Ltd.,Sri Hari Securities Pvt. Ltd.,2026-04-27 11:41:32.883247,Barun Hydropower Co. Ltd.
2026042704001910,BARUN,74,56,50,349.0,17450.0,2026-04-27,187986578,686,KALASH STOCK MARKET PVT. LTD.,Sri Hari Securities Pvt. Ltd.,2026-04-27 11:41:32.883396,Barun Hydropower Co. Ltd.
2026042704001911,BARUN,62,56,240,348.1,83544.0,2026-04-27,187986580,686,Capital Max Securities Ltd,Sri Hari Securities Pvt. Ltd.,2026-04-27 11:41:32.883464,Barun Hydropower Co. Ltd.
2026042704001912,BARUN,58,56,1000,348.0,348000.0,2026-04-27,187986582,686,Naasa Securities Co. Ltd.,Sri Hari Securities Pvt. Ltd.,2026-04-27 11:41:32.883522,Barun Hydropower Co. Ltd.
2026042704002111,BARUN,57,45,50,347.8,17390.0,2026-04-27,187989213,686,Aryatara Investment & Securities,Imperial Securities Company Pvt. Ltd.,2026-04-27 11:45:32.286743,Barun Hydropower Co. Ltd.
2026042704002231,BARUN,58,56,30,349.2,10476.0,2026-04-27,187990926,686,Naasa Securities Co. Ltd.,Sri Hari Securities Pvt. Ltd.,2026-04-27 11:48:20.187791,Barun Hydropower Co. Ltd.
2026042704002312,BARUN,35,1,100,347.9,34790.0,2026-04-27,187992398,686,Kohinoor Investment & Securities Pvt. Ltd.,Kumari Securities Private Limited,2026-04-27 11:50:44.500055,Barun Hydropower Co. Ltd.
2026042704002313,BARUN,57,1,18,347.8,6260.4,2026-04-27,187992400,686,Aryatara Investment & Securities,Kumari Securities Private Limited,2026-04-27 11:50:44.500349,Barun Hydropower Co. Ltd.
2026042704002314,BARUN,42,1,50,347.8,17390.0,2026-04-27,187992402,686,Sani Securities Company Ltd.,Kumari Securities Private Limited,2026-04-27 11:50:44.500522,Barun Hydropower Co. Ltd.
2026042704002315,BARUN,13,1,100,347.5,34750.0,2026-04-27,187992404,686,Thrive Brokerage House Pvt. Ltd,Kumari Securities Private Limited,2026-04-27 11:50:44.500696,Barun Hydropower Co. Ltd.
2026042704002316,BARUN,49,1,618,347.5,214755.0,2026-04-27,187992406,686,Online Securities Pvt. Ltd.,Kumari Securities Private Limited,2026-04-27 11:50:44.500861,Barun Hydropower Co. Ltd.
2026042704002317,BARUN,58,1,114,347.4,39603.6,2026-04-27,187992407,686,Naasa Securities Co. Ltd.,Kumari Securities Private Limited,2026-04-27 11:50:44.501038,Barun Hydropower Co. Ltd.
2026042704002371,BARUN,29,1,250,348.0,87000.0,2026-04-27,187993370,686,Trisul Securities & Invt. Ltd.,Kumari Securities Private Limited,2026-04-27 11:51:53.469724,Barun Hydropower Co. Ltd.
2026042704002648,BARUN,34,89,10,348.0,3480.0,2026-04-27,187998560,686,Vision Securities Pvt. Ltd,Global IME Securities Limited,2026-04-27 12:00:09.186040,Barun Hydropower Co. Ltd.
2026042704002688,BARUN,57,89,100,348.0,34800.0,2026-04-27,187999126,686,Aryatara Investment & Securities,Global IME Securities Limited,2026-04-27 12:01:08.599666,Barun Hydropower Co. Ltd.
2026042704002780,BARUN,58,89,14,348.0,4872.0,2026-04-27,188000292,686,Naasa Securities Co. Ltd.,Global IME Securities Limited,2026-04-27 12:03:37.491286,Barun Hydropower Co. Ltd.
2026042704002790,BARUN,35,36,100,347.5,34750.0,2026-04-27,188000462,686,Kohinoor Investment & Securities Pvt. Ltd.,Secured Securities Ltd.,2026-04-27 12:03:56.686889,Barun Hydropower Co. Ltd.
2026042704002851,BARUN,4,36,285,347.5,99037.5,2026-04-27,188001352,686,Opal Securities Investment (PVT) Ltd.,Secured Securities Ltd.,2026-04-27 12:05:37.691842,Barun Hydropower Co. Ltd.
2026042704003023,BARUN,49,36,400,347.5,139000.0,2026-04-27,188003490,686,Online Securities Pvt. Ltd.,Secured Securities Ltd.,2026-04-27 12:09:51.180017,Barun Hydropower Co. Ltd.
2026042704003119,BARUN,33,56,1000,347.4,347400.0,2026-04-27,188004382,686,Dakshinkali Investment & Securities Pvt. Ltd.,Sri Hari Securities Pvt. Ltd.,2026-04-27 12:11:47.832175,Barun Hydropower Co. Ltd.
2026042704003120,BARUN,13,56,100,347.3,34730.0,2026-04-27,188004384,686,Thrive Brokerage House Pvt. Ltd,Sri Hari Securities Pvt. Ltd.,2026-04-27 12:11:47.832508,Barun Hydropower Co. Ltd.
2026042704003121,BARUN,58,56,300,347.3,104190.0,2026-04-27,188004385,686,Naasa Securities Co. Ltd.,Sri Hari Securities Pvt. Ltd.,2026-04-27 12:11:47.832708,Barun Hydropower Co. Ltd.
2026042704003142,BARUN,26,36,190,347.5,66025.0,2026-04-27,188004754,686,Asian Securities Private Ltd.,Secured Securities Ltd.,2026-04-27 12:12:36.406772,Barun Hydropower Co. Ltd.
2026042704003281,BARUN,58,38,250,347.3,86825.0,2026-04-27,188006503,686,Naasa Securities Co. Ltd.,Dipshikha Dhitopatra Karobar Co. Pvt Ltd.,2026-04-27 12:15:56.818758,Barun Hydropower Co. Ltd.
2026042704003342,BARUN,77,32,50,347.4,17370.0,2026-04-27,188007986,686,Nabil Stock Dealer Ltd.,Premier Securities Company Ltd.,2026-04-27 12:18:23.694522,Barun Hydropower Co. Ltd.
2026042704003343,BARUN,45,32,50,347.4,17370.0,2026-04-27,188007987,686,Imperial Securities Company Pvt. Ltd.,Premier Securities Company Ltd.,2026-04-27 12:18:23.694711,Barun Hydropower Co. Ltd.
2026042704003389,BARUN,13,57,100,347.5,34750.0,2026-04-27,188009040,686,Thrive Brokerage House Pvt. Ltd,Aryatara Investment & Securities,2026-04-27 12:20:13.528777,Barun Hydropower Co. Ltd.
2026042704003390,BARUN,45,57,50,347.4,17370.0,2026-04-27,188009042,686,Imperial Securities Company Pvt. Ltd.,Aryatara Investment & Securities,2026-04-27 12:20:13.528959,Barun Hydropower Co. Ltd.
2026042704003391,BARUN,58,57,350,347.3,121555.0,2026-04-27,188009043,686,Naasa Securities Co. Ltd.,Aryatara Investment & Securities,2026-04-27 12:20:13.529029,Barun Hydropower Co. Ltd.
2026042704003404,BARUN,58,56,100,347.3,34730.0,2026-04-27,188009105,686,Naasa Securities Co. Ltd.,Sri Hari Securities Pvt. Ltd.,2026-04-27 12:20:21.484702,Barun Hydropower Co. Ltd.
2026042704003458,BARUN,58,34,19,347.3,6598.7,2026-04-27,188009869,686,Naasa Securities Co. Ltd.,Vision Securities Pvt. Ltd,2026-04-27 12:21:49.255409,Barun Hydropower Co. Ltd.
2026042704003735,BARUN,58,57,100,347.3,34730.0,2026-04-27,188014371,686,Naasa Securities Co. Ltd.,Aryatara Investment & Securities,2026-04-27 12:30:48.286758,Barun Hydropower Co. Ltd.
2026042704003781,BARUN,58,89,36,347.3,12502.8,2026-04-27,188015059,686,Naasa Securities Co. Ltd.,Global IME Securities Limited,2026-04-27 12:32:25.621351,Barun Hydropower Co. Ltd.
2026042704003807,BARUN,29,58,10,347.5,3475.0,2026-04-27,188015493,686,Trisul Securities & Invt. Ltd.,Naasa Securities Co. Ltd.,2026-04-27 12:33:22.144251,Barun Hydropower Co. Ltd.
2026042704003851,BARUN,45,32,29,347.7,10083.3,2026-04-27,188016268,686,Imperial Securities Company Pvt. Ltd.,Premier Securities Company Ltd.,2026-04-27 12:34:54.410592,Barun Hydropower Co. Ltd.
2026042704004015,BARUN,29,28,43,347.5,14942.5,2026-04-27,188018381,686,Trisul Securities & Invt. Ltd.,Shree Krishna Securities Ltd.,2026-04-27 12:39:19.050186,Barun Hydropower Co. Ltd.
2026042704004183,BARUN,29,45,47,347.5,16332.5,2026-04-27,188020404,686,Trisul Securities & Invt. Ltd.,Imperial Securities Company Pvt. Ltd.,2026-04-27 12:43:00.774898,Barun Hydropower Co. Ltd.
2026042704004184,BARUN,58,45,212,347.5,73670.0,2026-04-27,188020405,686,Naasa Securities Co. Ltd.,Imperial Securities Company Pvt. Ltd.,2026-04-27 12:43:00.775247,Barun Hydropower Co. Ltd.
2026042704004263,BARUN,34,42,62,347.6,21551.2,2026-04-27,188021527,686,Vision Securities Pvt. Ltd,Sani Securities Company Ltd.,2026-04-27 12:45:16.651399,Barun Hydropower Co. Ltd.
2026042704004371,BARUN,34,13,47,347.6,16337.2,2026-04-27,188022379,686,Vision Securities Pvt. Ltd,Thrive Brokerage House Pvt. Ltd,2026-04-27 12:46:52.537620,Barun Hydropower Co. Ltd.
2026042704004534,BARUN,34,58,10,347.6,3476.0,2026-04-27,188024463,686,Vision Securities Pvt. Ltd,Naasa Securities Co. Ltd.,2026-04-27 12:51:28.269770,Barun Hydropower Co. Ltd.
2026042704004542,BARUN,34,26,379,347.6,131740.4,2026-04-27,188024580,686,Vision Securities Pvt. Ltd,Asian Securities Private Ltd.,2026-04-27 12:51:50.838114,Barun Hydropower Co. Ltd.
2026042704004565,BARUN,58,26,88,347.5,30580.0,2026-04-27,188024912,686,Naasa Securities Co. Ltd.,Asian Securities Private Ltd.,2026-04-27 12:52:36.328208,Barun Hydropower Co. Ltd.
2026042704004566,BARUN,91,26,533,347.5,185217.5,2026-04-27,188024913,686,Citizens Share Broker Limited,Asian Securities Private Ltd.,2026-04-27 12:52:36.328447,Barun Hydropower Co. Ltd.
2026042704004571,BARUN,91,34,140,347.5,48650.0,2026-04-27,188025029,686,Citizens Share Broker Limited,Vision Securities Pvt. Ltd,2026-04-27 12:52:50.436915,Barun Hydropower Co. Ltd.
2026042704004679,BARUN,22,32,10,347.7,3477.0,2026-04-27,188026588,686,Siprabi Securities Pvt. Ltd.,Premier Securities Company Ltd.,2026-04-27 12:56:12.132663,Barun Hydropower Co. Ltd.
2026042704004770,BARUN,1,32,30,347.7,10431.0,2026-04-27,188027860,686,Kumari Securities Private Limited,Premier Securities Company Ltd.,2026-04-27 12:58:42.115577,Barun Hydropower Co. Ltd.
2026042704004917,BARUN,47,32,31,347.7,10778.7,2026-04-27,188029953,686,Neev Securities Pvt. Ltd.,Premier Securities Company Ltd.,2026-04-27 13:02:17.578177,Barun Hydropower Co. Ltd.
2026042704004918,BARUN,47,72,3,348.0,1044.0,2026-04-27,188029955,686,Neev Securities Pvt. Ltd.,Hatemalo Financial Services Private Limited,2026-04-27 13:02:17.578446,Barun Hydropower Co. Ltd.
2026042704004927,BARUN,47,58,10,348.0,3480.0,2026-04-27,188030157,686,Neev Securities Pvt. Ltd.,Naasa Securities Co. Ltd.,2026-04-27 13:02:34.857781,Barun Hydropower Co. Ltd.
2026042704005045,BARUN,26,5,1,337.6,337.6,2026-04-27,188031503,686,Asian Securities Private Ltd.,Market Securities & Exchange (PVT) Ltd.,2026-04-27 13:05:20.697990,Barun Hydropower Co. Ltd.
2026042704005085,BARUN,57,1,250,348.9,87225.0,2026-04-27,188032054,686,Aryatara Investment & Securities,Kumari Securities Private Limited,2026-04-27 13:06:26.349114,Barun Hydropower Co. Ltd.
2026042704005093,BARUN,22,22,1,350.0,350.0,2026-04-27,188032313,686,Siprabi Securities Pvt. Ltd.,Siprabi Securities Pvt. Ltd.,2026-04-27 13:06:47.823820,Barun Hydropower Co. Ltd.
2026042704005388,BARUN,26,48,1,338.5,338.5,2026-04-27,188036063,686,Asian Securities Private Ltd.,Trishakti Securities Public Limited,2026-04-27 13:15:01.876519,Barun Hydropower Co. Ltd.
2026042704005399,BARUN,91,1,50,348.9,17445.0,2026-04-27,188036109,686,Citizens Share Broker Limited,Kumari Securities Private Limited,2026-04-27 13:15:08.733144,Barun Hydropower Co. Ltd.
2026042704005400,BARUN,91,90,150,348.9,52335.0,2026-04-27,188036111,686,Citizens Share Broker Limited,Sajilo Broker Limited,2026-04-27 13:15:08.733527,Barun Hydropower Co. Ltd.
2026042704005401,BARUN,91,42,1300,349.0,453700.0,2026-04-27,188036114,686,Citizens Share Broker Limited,Sani Securities Company Ltd.,2026-04-27 13:15:08.733760,Barun Hydropower Co. Ltd.
2026042704005885,BARUN,38,42,60,349.0,20940.0,2026-04-27,188041915,686,Dipshikha Dhitopatra Karobar Co. Pvt Ltd.,Sani Securities Company Ltd.,2026-04-27 13:24:28.477111,Barun Hydropower Co. Ltd.
2026042704005886,BARUN,38,19,40,349.0,13960.0,2026-04-27,188041918,686,Dipshikha Dhitopatra Karobar Co. Pvt Ltd.,Nepal Investment And Securities Trading Private Limited,2026-04-27 13:24:28.477378,Barun Hydropower Co. Ltd.
2026042704005909,BARUN,84,56,20,349.4,6988.0,2026-04-27,188042233,686,MILKY WAY SHARE BROKER COMPANY LTD ,Sri Hari Securities Pvt. Ltd.,2026-04-27 13:24:55.446029,Barun Hydropower Co. Ltd.
2026042704005910,BARUN,84,57,90,349.5,31455.0,2026-04-27,188042235,686,MILKY WAY SHARE BROKER COMPANY LTD ,Aryatara Investment & Securities,2026-04-27 13:24:55.446421,Barun Hydropower Co. Ltd.
2026042704005911,BARUN,84,90,100,349.5,34950.0,2026-04-27,188042237,686,MILKY WAY SHARE BROKER COMPANY LTD ,Sajilo Broker Limited,2026-04-27 13:24:55.446650,Barun Hydropower Co. Ltd.
2026042704005912,BARUN,84,14,100,349.9,34990.0,2026-04-27,188042239,686,MILKY WAY SHARE BROKER COMPANY LTD ,Nepal Stock House (PVT) Ltd.,2026-04-27 13:24:55.446902,Barun Hydropower Co. Ltd.
2026042704005913,BARUN,84,42,425,350.0,148750.0,2026-04-27,188042241,686,MILKY WAY SHARE BROKER COMPANY LTD ,Sani Securities Company Ltd.,2026-04-27 13:24:55.447126,Barun Hydropower Co. Ltd.
2026042704005914,BARUN,84,58,10,350.0,3500.0,2026-04-27,188042243,686,MILKY WAY SHARE BROKER COMPANY LTD ,Naasa Securities Co. Ltd.,2026-04-27 13:24:55.447360,Barun Hydropower Co. Ltd.
2026042704005915,BARUN,84,39,24,350.0,8400.0,2026-04-27,188042245,686,MILKY WAY SHARE BROKER COMPANY LTD ,Sumeru Securities Pvt. Ltd.,2026-04-27 13:24:55.447571,Barun Hydropower Co. Ltd.
2026042704005916,BARUN,84,39,50,350.0,17500.0,2026-04-27,188042247,686,MILKY WAY SHARE BROKER COMPANY LTD ,Sumeru Securities Pvt. Ltd.,2026-04-27 13:24:55.447799,Barun Hydropower Co. Ltd.
2026042704005917,BARUN,84,38,104,350.0,36400.0,2026-04-27,188042249,686,MILKY WAY SHARE BROKER COMPANY LTD ,Dipshikha Dhitopatra Karobar Co. Pvt Ltd.,2026-04-27 13:24:55.448000,Barun Hydropower Co. Ltd.
2026042704005918,BARUN,84,38,48,350.0,16800.0,2026-04-27,188042251,686,MILKY WAY SHARE BROKER COMPANY LTD ,Dipshikha Dhitopatra Karobar Co. Pvt Ltd.,2026-04-27 13:24:55.448219,Barun Hydropower Co. Ltd.
2026042704005919,BARUN,84,58,500,350.0,175000.0,2026-04-27,188042253,686,MILKY WAY SHARE BROKER COMPANY LTD ,Naasa Securities Co. Ltd.,2026-04-27 13:24:55.448444,Barun Hydropower Co. Ltd.
2026042704005920,BARUN,84,32,79,350.0,27650.0,2026-04-27,188042255,686,MILKY WAY SHARE BROKER COMPANY LTD ,Premier Securities Company Ltd.,2026-04-27 13:24:55.448671,Barun Hydropower Co. Ltd.
2026042704005921,BARUN,84,54,50,350.0,17500.0,2026-04-27,188042257,686,MILKY WAY SHARE BROKER COMPANY LTD ,Sewa Securities Pvt. Ltd.,2026-04-27 13:24:55.448878,Barun Hydropower Co. Ltd.
2026042704006011,BARUN,45,48,10,351.2,3512.0,2026-04-27,188043410,686,Imperial Securities Company Pvt. Ltd.,Trishakti Securities Public Limited,2026-04-27 13:26:56.658425,Barun Hydropower Co. Ltd.
2026042704006047,BARUN,48,48,10,351.2,3512.0,2026-04-27,188043844,686,Trishakti Securities Public Limited,Trishakti Securities Public Limited,2026-04-27 13:27:45.038358,Barun Hydropower Co. Ltd.
2026042704006750,BARUN,59,50,150,351.1,52665.0,2026-04-27,188053720,686,Deevyaa Securities & Stock House Pvt. Ltd,Cristal Kanchanjanga Securites Pvt. Ltd.,2026-04-27 13:45:35.617763,Barun Hydropower Co. Ltd.
2026042704006792,BARUN,45,45,100,350.0,35000.0,2026-04-27,188054098,686,Imperial Securities Company Pvt. Ltd.,Imperial Securities Company Pvt. Ltd.,2026-04-27 13:46:20.524145,Barun Hydropower Co. Ltd.
2026042704006793,BARUN,58,45,14,350.0,4900.0,2026-04-27,188054099,686,Naasa Securities Co. Ltd.,Imperial Securities Company Pvt. Ltd.,2026-04-27 13:46:20.524373,Barun Hydropower Co. Ltd.
2026042704006979,BARUN,26,37,1,340.0,340.0,2026-04-27,188055541,686,Asian Securities Private Ltd.,Swarna Laxmi Securities Pvt. Ltd.,2026-04-27 13:48:43.460713,Barun Hydropower Co. Ltd.
2026042704006986,BARUN,26,38,1,340.0,340.0,2026-04-27,188055603,686,Asian Securities Private Ltd.,Dipshikha Dhitopatra Karobar Co. Pvt Ltd.,2026-04-27 13:48:50.543821,Barun Hydropower Co. Ltd.
2026042704007053,BARUN,58,56,11,350.0,3850.0,2026-04-27,188056167,686,Naasa Securities Co. Ltd.,Sri Hari Securities Pvt. Ltd.,2026-04-27 13:49:58.806988,Barun Hydropower Co. Ltd.
2026042704007060,BARUN,91,71,11,349.2,3841.2,2026-04-27,188056253,686,Citizens Share Broker Limited,SHUBHAKAMANA SECURITIES PVT. LTD,2026-04-27 13:50:09.019599,Barun Hydropower Co. Ltd.
2026042704007120,BARUN,58,71,10,350.0,3500.0,2026-04-27,188056807,686,Naasa Securities Co. Ltd.,SHUBHAKAMANA SECURITIES PVT. LTD,2026-04-27 13:50:59.968538,Barun Hydropower Co. Ltd.
2026042704007213,BARUN,58,40,10,350.0,3500.0,2026-04-27,188057872,686,Naasa Securities Co. Ltd.,Creative Securities Pvt Ltd,2026-04-27 13:52:54.414670,Barun Hydropower Co. Ltd.
2026042704007364,BARUN,38,49,100,349.3,34930.0,2026-04-27,188059890,686,Dipshikha Dhitopatra Karobar Co. Pvt Ltd.,Online Securities Pvt. Ltd.,2026-04-27 13:57:10.682729,Barun Hydropower Co. Ltd.
2026042704007365,BARUN,91,49,216,349.2,75427.2,2026-04-27,188059892,686,Citizens Share Broker Limited,Online Securities Pvt. Ltd.,2026-04-27 13:57:10.683151,Barun Hydropower Co. Ltd.
2026042704007366,BARUN,42,49,40,349.2,13968.0,2026-04-27,188059894,686,Sani Securities Company Ltd.,Online Securities Pvt. Ltd.,2026-04-27 13:57:10.683414,Barun Hydropower Co. Ltd.
2026042704007367,BARUN,58,49,20,349.0,6980.0,2026-04-27,188059896,686,Naasa Securities Co. Ltd.,Online Securities Pvt. Ltd.,2026-04-27 13:57:10.683656,Barun Hydropower Co. Ltd.
2026042704007386,BARUN,38,49,10,349.0,3490.0,2026-04-27,188060144,686,Dipshikha Dhitopatra Karobar Co. Pvt Ltd.,Online Securities Pvt. Ltd.,2026-04-27 13:57:47.505709,Barun Hydropower Co. Ltd.
2026042704007576,BARUN,42,49,34,348.3,11842.2,2026-04-27,188062421,686,Sani Securities Company Ltd.,Online Securities Pvt. Ltd.,2026-04-27 14:02:13.302574,Barun Hydropower Co. Ltd.
2026042704007620,BARUN,48,34,30,349.0,10470.0,2026-04-27,188063006,686,Trishakti Securities Public Limited,Vision Securities Pvt. Ltd,2026-04-27 14:03:32.140338,Barun Hydropower Co. Ltd.
2026042704007631,BARUN,52,34,250,349.0,87250.0,2026-04-27,188063174,686,Sundhara Securities Limited,Vision Securities Pvt. Ltd,2026-04-27 14:03:48.397459,Barun Hydropower Co. Ltd.
2026042704007634,BARUN,48,34,30,349.0,10470.0,2026-04-27,188063202,686,Trishakti Securities Public Limited,Vision Securities Pvt. Ltd,2026-04-27 14:03:50.743373,Barun Hydropower Co. Ltd.
2026042704007652,BARUN,48,34,30,349.0,10470.0,2026-04-27,188063436,686,Trishakti Securities Public Limited,Vision Securities Pvt. Ltd,2026-04-27 14:04:27.415669,Barun Hydropower Co. Ltd.
2026042704007661,BARUN,42,34,46,349.0,16054.0,2026-04-27,188064104,686,Sani Securities Company Ltd.,Vision Securities Pvt. Ltd,2026-04-27 14:05:07.394083,Barun Hydropower Co. Ltd.
2026042704007788,BARUN,32,34,114,349.0,39786.0,2026-04-27,188065611,686,Premier Securities Company Ltd.,Vision Securities Pvt. Ltd,2026-04-27 14:08:01.624968,Barun Hydropower Co. Ltd.
2026042704007797,BARUN,32,45,100,349.0,34900.0,2026-04-27,188065813,686,Premier Securities Company Ltd.,Imperial Securities Company Pvt. Ltd.,2026-04-27 14:08:23.061066,Barun Hydropower Co. Ltd.
2026042704007941,BARUN,10,40,14,350.0,4900.0,2026-04-27,188067653,686,Pragyan Securities (PVT) Ltd.,Creative Securities Pvt Ltd,2026-04-27 14:11:38.100190,Barun Hydropower Co. Ltd.
2026042704007952,BARUN,32,40,24,350.0,8400.0,2026-04-27,188067783,686,Premier Securities Company Ltd.,Creative Securities Pvt Ltd,2026-04-27 14:11:50.661303,Barun Hydropower Co. Ltd.
2026042704007953,BARUN,32,8,30,350.8,10524.0,2026-04-27,188067785,686,Premier Securities Company Ltd.,Brilliant Securities Pvt. Ltd.,2026-04-27 14:11:50.661737,Barun Hydropower Co. Ltd.
2026042704007954,BARUN,32,42,580,351.0,203580.0,2026-04-27,188067787,686,Premier Securities Company Ltd.,Sani Securities Company Ltd.,2026-04-27 14:11:50.661978,Barun Hydropower Co. Ltd.
2026042704007955,BARUN,32,11,152,351.0,53352.0,2026-04-27,188067790,686,Premier Securities Company Ltd.,Malla & Malla Stock Broking Company Pvt. Limited,2026-04-27 14:11:50.662227,Barun Hydropower Co. Ltd.
2026042704008019,BARUN,42,58,140,350.5,49070.0,2026-04-27,188068674,686,Sani Securities Company Ltd.,Naasa Securities Co. Ltd.,2026-04-27 14:12:54.403772,Barun Hydropower Co. Ltd.
2026042704008220,BARUN,32,33,500,350.0,175000.0,2026-04-27,188070847,686,Premier Securities Company Ltd.,Dakshinkali Investment & Securities Pvt. Ltd.,2026-04-27 14:16:41.843483,Barun Hydropower Co. Ltd.
2026042704008249,BARUN,32,40,24,350.0,8400.0,2026-04-27,188071195,686,Premier Securities Company Ltd.,Creative Securities Pvt Ltd,2026-04-27 14:17:14.646295,Barun Hydropower Co. Ltd.
2026042704008261,BARUN,32,51,100,350.0,35000.0,2026-04-27,188071313,686,Premier Securities Company Ltd.,Oxford Securities Pvt. Ltd.,2026-04-27 14:17:27.462955,Barun Hydropower Co. Ltd.
2026042704008294,BARUN,45,58,100,350.5,35050.0,2026-04-27,188071632,686,Imperial Securities Company Pvt. Ltd.,Naasa Securities Co. Ltd.,2026-04-27 14:18:00.326575,Barun Hydropower Co. Ltd.
2026042704008295,BARUN,32,11,48,350.0,16800.0,2026-04-27,188071641,686,Premier Securities Company Ltd.,Malla & Malla Stock Broking Company Pvt. Limited,2026-04-27 14:18:02.137151,Barun Hydropower Co. Ltd.
2026042704008405,BARUN,32,35,100,350.0,35000.0,2026-04-27,188072389,686,Premier Securities Company Ltd.,Kohinoor Investment & Securities Pvt. Ltd.,2026-04-27 14:19:11.520146,Barun Hydropower Co. Ltd.
2026042704008459,BARUN,32,5,150,350.0,52500.0,2026-04-27,188072613,686,Premier Securities Company Ltd.,Market Securities & Exchange (PVT) Ltd.,2026-04-27 14:19:29.558538,Barun Hydropower Co. Ltd.
2026042704008468,BARUN,32,32,78,350.0,27300.0,2026-04-27,188072826,686,Premier Securities Company Ltd.,Premier Securities Company Ltd.,2026-04-27 14:19:53.032785,Barun Hydropower Co. Ltd.
2026042704008510,BARUN,35,32,22,349.4,7686.8,2026-04-27,188073431,686,Kohinoor Investment & Securities Pvt. Ltd.,Premier Securities Company Ltd.,2026-04-27 14:20:50.559869,Barun Hydropower Co. Ltd.
2026042704008668,BARUN,35,58,41,349.4,14325.4,2026-04-27,188074819,686,Kohinoor Investment & Securities Pvt. Ltd.,Naasa Securities Co. Ltd.,2026-04-27 14:22:40.121654,Barun Hydropower Co. Ltd.
2026042704008724,BARUN,35,26,937,349.4,327387.8,2026-04-27,188075320,686,Kohinoor Investment & Securities Pvt. Ltd.,Asian Securities Private Ltd.,2026-04-27 14:23:15.081222,Barun Hydropower Co. Ltd.
2026042704008725,BARUN,13,26,263,349.3,91865.9,2026-04-27,188075321,686,Thrive Brokerage House Pvt. Ltd,Asian Securities Private Ltd.,2026-04-27 14:23:15.081442,Barun Hydropower Co. Ltd.
2026042704008822,BARUN,13,17,1537,349.3,536874.1,2026-04-27,188076654,686,Thrive Brokerage House Pvt. Ltd,ABC Securities Private Limited,2026-04-27 14:24:36.371827,Barun Hydropower Co. Ltd.
2026042704008823,BARUN,58,17,80,349.3,27944.0,2026-04-27,188076656,686,Naasa Securities Co. Ltd.,ABC Securities Private Limited,2026-04-27 14:24:36.371901,Barun Hydropower Co. Ltd.
2026042704008824,BARUN,91,17,900,349.2,314280.0,2026-04-27,188076658,686,Citizens Share Broker Limited,ABC Securities Private Limited,2026-04-27 14:24:36.371931,Barun Hydropower Co. Ltd.
2026042704008825,BARUN,91,17,900,349.1,314190.0,2026-04-27,188076660,686,Citizens Share Broker Limited,ABC Securities Private Limited,2026-04-27 14:24:36.371956,Barun Hydropower Co. Ltd.
2026042704008826,BARUN,91,17,83,349.0,28967.0,2026-04-27,188076661,686,Citizens Share Broker Limited,ABC Securities Private Limited,2026-04-27 14:24:36.371985,Barun Hydropower Co. Ltd.
2026042704008943,BARUN,91,56,20,349.0,6980.0,2026-04-27,188077549,686,Citizens Share Broker Limited,Sri Hari Securities Pvt. Ltd.,2026-04-27 14:25:39.331983,Barun Hydropower Co. Ltd.
2026042704009112,BARUN,91,39,45,349.0,15705.0,2026-04-27,188079615,686,Citizens Share Broker Limited,Sumeru Securities Pvt. Ltd.,2026-04-27 14:28:20.454308,Barun Hydropower Co. Ltd.
2026042704009141,BARUN,91,91,440,349.0,153560.0,2026-04-27,188080033,686,Citizens Share Broker Limited,Citizens Share Broker Limited,2026-04-27 14:28:54.616888,Barun Hydropower Co. Ltd.
2026042704009142,BARUN,91,48,312,349.0,108888.0,2026-04-27,188080040,686,Citizens Share Broker Limited,Trishakti Securities Public Limited,2026-04-27 14:28:55.134025,Barun Hydropower Co. Ltd.
2026042704009143,BARUN,91,48,2188,349.0,763612.0,2026-04-27,188080041,686,Citizens Share Broker Limited,Trishakti Securities Public Limited,2026-04-27 14:28:55.134240,Barun Hydropower Co. Ltd.
2026042704009217,BARUN,91,49,2000,349.0,698000.0,2026-04-27,188080915,686,Citizens Share Broker Limited,Online Securities Pvt. Ltd.,2026-04-27 14:30:17.390203,Barun Hydropower Co. Ltd.
2026042704009227,BARUN,91,67,150,349.0,52350.0,2026-04-27,188080999,686,Citizens Share Broker Limited,Property Wiard Limited,2026-04-27 14:30:26.774044,Barun Hydropower Co. Ltd.
2026042704009253,BARUN,91,6,250,349.0,87250.0,2026-04-27,188081445,686,Citizens Share Broker Limited,Agrawal Securities (PVT) Ltd.,2026-04-27 14:31:09.680821,Barun Hydropower Co. Ltd.
2026042704009409,BARUN,91,78,412,349.0,143788.0,2026-04-27,188082956,686,Citizens Share Broker Limited,Garima Securities Limited,2026-04-27 14:33:17.871941,Barun Hydropower Co. Ltd.
2026042704009410,BARUN,45,78,1000,348.1,348100.0,2026-04-27,188082958,686,Imperial Securities Company Pvt. Ltd.,Garima Securities Limited,2026-04-27 14:33:17.872342,Barun Hydropower Co. Ltd.
2026042704009411,BARUN,47,78,24,348.0,8352.0,2026-04-27,188082960,686,Neev Securities Pvt. Ltd.,Garima Securities Limited,2026-04-27 14:33:17.872586,Barun Hydropower Co. Ltd.
2026042704009412,BARUN,49,78,10,348.0,3480.0,2026-04-27,188082962,686,Online Securities Pvt. Ltd.,Garima Securities Limited,2026-04-27 14:33:17.872815,Barun Hydropower Co. Ltd.
2026042704009413,BARUN,41,78,10,348.0,3480.0,2026-04-27,188082964,686,Linch Stock Market Ltd.,Garima Securities Limited,2026-04-27 14:33:17.873043,Barun Hydropower Co. Ltd.
2026042704009414,BARUN,44,78,100,348.0,34800.0,2026-04-27,188082966,686,Dynamic Money Managers Securities Pvt. Ltd.,Garima Securities Limited,2026-04-27 14:33:17.873267,Barun Hydropower Co. Ltd.
2026042704009415,BARUN,5,78,200,348.0,69600.0,2026-04-27,188082968,686,Market Securities & Exchange (PVT) Ltd.,Garima Securities Limited,2026-04-27 14:33:17.873504,Barun Hydropower Co. Ltd.
2026042704009424,BARUN,13,78,100,347.6,34760.0,2026-04-27,188083288,686,Thrive Brokerage House Pvt. Ltd,Garima Securities Limited,2026-04-27 14:33:48.910815,Barun Hydropower Co. Ltd.
2026042704009425,BARUN,58,78,144,347.6,50054.4,2026-04-27,188083289,686,Naasa Securities Co. Ltd.,Garima Securities Limited,2026-04-27 14:33:48.911208,Barun Hydropower Co. Ltd.
2026042704009437,BARUN,58,59,150,347.6,52140.0,2026-04-27,188083479,686,Naasa Securities Co. Ltd.,Deevyaa Securities & Stock House Pvt. Ltd,2026-04-27 14:34:07.253006,Barun Hydropower Co. Ltd.
2026042704009452,BARUN,26,57,1,338.5,338.5,2026-04-27,188083647,686,Asian Securities Private Ltd.,Aryatara Investment & Securities,2026-04-27 14:34:20.013838,Barun Hydropower Co. Ltd.
2026042704009457,BARUN,26,4,1,338.5,338.5,2026-04-27,188083665,686,Asian Securities Private Ltd.,Opal Securities Investment (PVT) Ltd.,2026-04-27 14:34:21.628146,Barun Hydropower Co. Ltd.
2026042704010119,BARUN,32,41,85,350.0,29750.0,2026-04-27,188092334,686,Premier Securities Company Ltd.,Linch Stock Market Ltd.,2026-04-27 14:45:35.013222,Barun Hydropower Co. Ltd.
2026042704010161,BARUN,57,41,170,350.0,59500.0,2026-04-27,188092866,686,Aryatara Investment & Securities,Linch Stock Market Ltd.,2026-04-27 14:46:13.272609,Barun Hydropower Co. Ltd.
2026042704010613,BARUN,45,7,60,348.0,20880.0,2026-04-27,188098254,686,Imperial Securities Company Pvt. Ltd.,J.F. Securites (PVT) Ltd.,2026-04-27 14:51:22.258388,Barun Hydropower Co. Ltd.
2026042704010688,BARUN,14,36,108,347.8,37562.4,2026-04-27,188099173,686,Nepal Stock House (PVT) Ltd.,Secured Securities Ltd.,2026-04-27 14:52:00.277937,Barun Hydropower Co. Ltd.
2026042704010775,BARUN,19,7,11,348.0,3828.0,2026-04-27,188099906,686,Nepal Investment And Securities Trading Private Limited,J.F. Securites (PVT) Ltd.,2026-04-27 14:52:41.167058,Barun Hydropower Co. Ltd.
2026042704010845,BARUN,60,7,440,348.0,153120.0,2026-04-27,188100474,686,Nagarik Stock Dealer ,J.F. Securites (PVT) Ltd.,2026-04-27 14:53:06.993821,Barun Hydropower Co. Ltd.
2026042704010851,BARUN,14,42,10,347.8,3478.0,2026-04-27,188100579,686,Nepal Stock House (PVT) Ltd.,Sani Securities Company Ltd.,2026-04-27 14:53:10.773625,Barun Hydropower Co. Ltd.
2026042704010905,BARUN,14,36,82,347.8,28519.6,2026-04-27,188101186,686,Nepal Stock House (PVT) Ltd.,Secured Securities Ltd.,2026-04-27 14:53:40.419184,Barun Hydropower Co. Ltd.
2026042704010907,BARUN,42,36,918,347.8,319280.4,2026-04-27,188101205,686,Sani Securities Company Ltd.,Secured Securities Ltd.,2026-04-27 14:53:41.261687,Barun Hydropower Co. Ltd.
2026042704010928,BARUN,42,91,227,347.9,78973.3,2026-04-27,188101342,686,Sani Securities Company Ltd.,Citizens Share Broker Limited,2026-04-27 14:53:47.575178,Barun Hydropower Co. Ltd.
2026042704011043,BARUN,58,49,11,347.6,3823.6,2026-04-27,188102271,686,Naasa Securities Co. Ltd.,Online Securities Pvt. Ltd.,2026-04-27 14:54:30.816377,Barun Hydropower Co. Ltd.
2026042704011120,BARUN,58,45,100,347.6,34760.0,2026-04-27,188103011,686,Naasa Securities Co. Ltd.,Imperial Securities Company Pvt. Ltd.,2026-04-27 14:55:05.213818,Barun Hydropower Co. Ltd.
2026042704011156,BARUN,35,91,200,347.8,69560.0,2026-04-27,188103428,686,Kohinoor Investment & Securities Pvt. Ltd.,Citizens Share Broker Limited,2026-04-27 14:55:22.662132,Barun Hydropower Co. Ltd.
2026042704011175,BARUN,38,91,13,347.8,4521.4,2026-04-27,188103655,686,Dipshikha Dhitopatra Karobar Co. Pvt Ltd.,Citizens Share Broker Limited,2026-04-27 14:55:34.335337,Barun Hydropower Co. Ltd.
2026042704011176,BARUN,38,26,40,347.8,13912.0,2026-04-27,188103657,686,Dipshikha Dhitopatra Karobar Co. Pvt Ltd.,Asian Securities Private Ltd.,2026-04-27 14:55:34.335714,Barun Hydropower Co. Ltd.
2026042704011286,BARUN,60,14,300,348.0,104400.0,2026-04-27,188104628,686,Nagarik Stock Dealer ,Nepal Stock House (PVT) Ltd.,2026-04-27 14:56:11.044364,Barun Hydropower Co. Ltd.
2026042704011287,BARUN,38,14,47,347.8,16346.6,2026-04-27,188104630,686,Dipshikha Dhitopatra Karobar Co. Pvt Ltd.,Nepal Stock House (PVT) Ltd.,2026-04-27 14:56:11.044555,Barun Hydropower Co. Ltd.
2026042704011288,BARUN,58,14,39,347.6,13556.4,2026-04-27,188104632,686,Naasa Securities Co. Ltd.,Nepal Stock House (PVT) Ltd.,2026-04-27 14:56:11.044645,Barun Hydropower Co. Ltd.
2026042704011289,BARUN,48,14,614,347.6,213426.4,2026-04-27,188104633,686,Trishakti Securities Public Limited,Nepal Stock House (PVT) Ltd.,2026-04-27 14:56:11.044732,Barun Hydropower Co. Ltd.
2026042704011362,BARUN,48,41,1755,347.6,610038.0,2026-04-27,188105039,686,Trishakti Securities Public Limited,Linch Stock Market Ltd.,2026-04-27 14:56:26.632232,Barun Hydropower Co. Ltd.
2026042704011456,BARUN,48,91,300,347.6,104280.0,2026-04-27,188105751,686,Trishakti Securities Public Limited,Citizens Share Broker Limited,2026-04-27 14:56:47.420041,Barun Hydropower Co. Ltd.
2026042704011603,BARUN,66,42,200,347.7,69540.0,2026-04-27,188106897,686,Miyo Securities Pvt Ltd,Sani Securities Company Ltd.,2026-04-27 14:57:25.392014,Barun Hydropower Co. Ltd.
2026042704011627,BARUN,66,58,100,347.7,34770.0,2026-04-27,188107150,686,Miyo Securities Pvt Ltd,Naasa Securities Co. Ltd.,2026-04-27 14:57:31.395371,Barun Hydropower Co. Ltd.
2026042704011628,BARUN,48,58,52,347.6,18075.2,2026-04-27,188107151,686,Trishakti Securities Public Limited,Naasa Securities Co. Ltd.,2026-04-27 14:57:31.395464,Barun Hydropower Co. Ltd.
2026042704011669,BARUN,48,50,279,347.6,96980.4,2026-04-27,188107526,686,Trishakti Securities Public Limited,Cristal Kanchanjanga Securites Pvt. Ltd.,2026-04-27 14:57:45.611298,Barun Hydropower Co. Ltd.
2026042704011670,BARUN,51,50,221,347.6,76819.6,2026-04-27,188107527,686,Oxford Securities Pvt. Ltd.,Cristal Kanchanjanga Securites Pvt. Ltd.,2026-04-27 14:57:45.611585,Barun Hydropower Co. Ltd.
2026042704012155,BARUN,42,1,10,347.9,3479.0,2026-04-27,188111779,686,Sani Securities Company Ltd.,Kumari Securities Private Limited,2026-04-27 14:59:29.012497,Barun Hydropower Co. Ltd.
2026042704012156,BARUN,41,1,300,347.8,104340.0,2026-04-27,188111781,686,Linch Stock Market Ltd.,Kumari Securities Private Limited,2026-04-27 14:59:29.012758,Barun Hydropower Co. Ltd.
2026042704012157,BARUN,51,1,490,347.6,170324.0,2026-04-27,188111782,686,Oxford Securities Pvt. Ltd.,Kumari Securities Private Limited,2026-04-27 14:59:29.012856,Barun Hydropower Co. Ltd.
2026042704012226,BARUN,42,89,100,347.7,34770.0,2026-04-27,188112920,686,Sani Securities Company Ltd.,Global IME Securities Limited,2026-04-27 14:59:41.340434,Barun Hydropower Co. Ltd.
2026042704012227,BARUN,51,89,289,347.6,100456.4,2026-04-27,188112922,686,Oxford Securities Pvt. Ltd.,Global IME Securities Limited,2026-04-27 14:59:41.340623,Barun Hydropower Co. Ltd.
2026042704012228,BARUN,51,89,111,347.6,38583.6,2026-04-27,188112923,686,Oxford Securities Pvt. Ltd.,Global IME Securities Limited,2026-04-27 14:59:41.340713,Barun Hydropower Co. Ltd.
