contractId,stockSymbol,buyerMemberId,sellerMemberId,quantity,rate,amount,businessDate,tradeBookId,stockId,buyerBrokerName,sellerBrokerName,transaction_time,securityName
2026042704000937,CGH,32,72,20,815.1,16302.0,2026-04-27,187972299,2917,Premier Securities Company Ltd.,Hatemalo Financial Services Private Limited,2026-04-27 11:22:26.066872,Chandragiri Hills Limited
2026042704001193,CGH,32,14,100,815.1,81510.0,2026-04-27,187976424,2917,Premier Securities Company Ltd.,Nepal Stock House (PVT) Ltd.,2026-04-27 11:27:44.229859,Chandragiri Hills Limited
2026042704001194,CGH,42,14,360,815.0,293400.0,2026-04-27,187976425,2917,Sani Securities Company Ltd.,Nepal Stock House (PVT) Ltd.,2026-04-27 11:27:44.230045,Chandragiri Hills Limited
2026042704001803,CGH,4,96,50,816.0,40800.0,2026-04-27,187984001,2917,Opal Securities Investment (PVT) Ltd.,Himalayan Securities Limited,2026-04-27 11:37:37.051304,Chandragiri Hills Limited
2026042704001828,CGH,60,96,20,816.1,16322.0,2026-04-27,187984755,2917,Nagarik Stock Dealer ,Himalayan Securities Limited,2026-04-27 11:38:47.415749,Chandragiri Hills Limited
2026042704001866,CGH,25,96,10,816.2,8162.0,2026-04-27,187985753,2917,Sweta Securities Private Limited,Himalayan Securities Limited,2026-04-27 11:40:12.026285,Chandragiri Hills Limited
2026042704001897,CGH,60,38,10,816.1,8161.0,2026-04-27,187986405,2917,Nagarik Stock Dealer ,Dipshikha Dhitopatra Karobar Co. Pvt Ltd.,2026-04-27 11:41:19.777026,Chandragiri Hills Limited
2026042704002174,CGH,25,42,24,819.9,19677.6,2026-04-27,187989926,2917,Sweta Securities Private Limited,Sani Securities Company Ltd.,2026-04-27 11:46:44.491270,Chandragiri Hills Limited
2026042704002619,CGH,58,19,10,816.5,8165.0,2026-04-27,187998048,2917,Naasa Securities Co. Ltd.,Nepal Investment And Securities Trading Private Limited,2026-04-27 11:59:05.650396,Chandragiri Hills Limited
2026042704002761,CGH,77,51,10,816.2,8162.0,2026-04-27,188000121,2917,Nabil Stock Dealer Ltd.,Oxford Securities Pvt. Ltd.,2026-04-27 12:03:21.033097,Chandragiri Hills Limited
2026042704003016,CGH,77,13,190,816.2,155078.0,2026-04-27,188003358,2917,Nabil Stock Dealer Ltd.,Thrive Brokerage House Pvt. Ltd,2026-04-27 12:09:36.331580,Chandragiri Hills Limited
2026042704003017,CGH,60,13,120,816.2,97944.0,2026-04-27,188003360,2917,Nagarik Stock Dealer ,Thrive Brokerage House Pvt. Ltd,2026-04-27 12:09:36.331772,Chandragiri Hills Limited
2026042704003018,CGH,4,13,190,816.0,155040.0,2026-04-27,188003361,2917,Opal Securities Investment (PVT) Ltd.,Thrive Brokerage House Pvt. Ltd,2026-04-27 12:09:36.331829,Chandragiri Hills Limited
2026042704003022,CGH,4,13,130,816.0,106080.0,2026-04-27,188003413,2917,Opal Securities Investment (PVT) Ltd.,Thrive Brokerage House Pvt. Ltd,2026-04-27 12:09:41.072835,Chandragiri Hills Limited
2026042704003103,CGH,4,45,100,816.0,81600.0,2026-04-27,188004185,2917,Opal Securities Investment (PVT) Ltd.,Imperial Securities Company Pvt. Ltd.,2026-04-27 12:11:21.537078,Chandragiri Hills Limited
2026042704003449,CGH,4,57,17,816.0,13872.0,2026-04-27,188009739,2917,Opal Securities Investment (PVT) Ltd.,Aryatara Investment & Securities,2026-04-27 12:21:30.319219,Chandragiri Hills Limited
2026042704003734,CGH,45,38,10,817.9,8179.0,2026-04-27,188014354,2917,Imperial Securities Company Pvt. Ltd.,Dipshikha Dhitopatra Karobar Co. Pvt Ltd.,2026-04-27 12:30:45.950228,Chandragiri Hills Limited
2026042704003794,CGH,4,36,10,816.0,8160.0,2026-04-27,188015181,2917,Opal Securities Investment (PVT) Ltd.,Secured Securities Ltd.,2026-04-27 12:32:37.492684,Chandragiri Hills Limited
2026042704003819,CGH,25,53,2,816.2,1632.4,2026-04-27,188015903,2917,Sweta Securities Private Limited,Investment Management Nepal Pvt. Ltd.,2026-04-27 12:34:05.287881,Chandragiri Hills Limited
2026042704003897,CGH,42,51,10,817.0,8170.0,2026-04-27,188016896,2917,Sani Securities Company Ltd.,Oxford Securities Pvt. Ltd.,2026-04-27 12:36:20.009934,Chandragiri Hills Limited
2026042704003968,CGH,45,38,100,817.9,81790.0,2026-04-27,188017540,2917,Imperial Securities Company Pvt. Ltd.,Dipshikha Dhitopatra Karobar Co. Pvt Ltd.,2026-04-27 12:37:39.058044,Chandragiri Hills Limited
2026042704004052,CGH,38,53,1,793.4,793.4,2026-04-27,188018891,2917,Dipshikha Dhitopatra Karobar Co. Pvt Ltd.,Investment Management Nepal Pvt. Ltd.,2026-04-27 12:40:03.264101,Chandragiri Hills Limited
2026042704004234,CGH,4,19,10,816.0,8160.0,2026-04-27,188020927,2917,Opal Securities Investment (PVT) Ltd.,Nepal Investment And Securities Trading Private Limited,2026-04-27 12:44:03.465256,Chandragiri Hills Limited
2026042704004239,CGH,48,58,10,817.0,8170.0,2026-04-27,188020987,2917,Trishakti Securities Public Limited,Naasa Securities Co. Ltd.,2026-04-27 12:44:12.476216,Chandragiri Hills Limited
2026042704004297,CGH,4,8,225,816.0,183600.0,2026-04-27,188021773,2917,Opal Securities Investment (PVT) Ltd.,Brilliant Securities Pvt. Ltd.,2026-04-27 12:45:46.623928,Chandragiri Hills Limited
2026042704004377,CGH,4,96,20,816.0,16320.0,2026-04-27,188022433,2917,Opal Securities Investment (PVT) Ltd.,Himalayan Securities Limited,2026-04-27 12:47:00.876555,Chandragiri Hills Limited
2026042704004414,CGH,4,96,30,816.0,24480.0,2026-04-27,188022871,2917,Opal Securities Investment (PVT) Ltd.,Himalayan Securities Limited,2026-04-27 12:48:05.126519,Chandragiri Hills Limited
2026042704004424,CGH,4,32,100,816.0,81600.0,2026-04-27,188023061,2917,Opal Securities Investment (PVT) Ltd.,Premier Securities Company Ltd.,2026-04-27 12:48:23.118927,Chandragiri Hills Limited
2026042704004971,CGH,4,34,118,816.0,96288.0,2026-04-27,188030796,2917,Opal Securities Investment (PVT) Ltd.,Vision Securities Pvt. Ltd,2026-04-27 13:03:57.492188,Chandragiri Hills Limited
2026042704004972,CGH,33,34,152,816.0,124032.0,2026-04-27,188030797,2917,Dakshinkali Investment & Securities Pvt. Ltd.,Vision Securities Pvt. Ltd,2026-04-27 13:03:57.492594,Chandragiri Hills Limited
2026042704005057,CGH,33,58,900,816.0,734400.0,2026-04-27,188031687,2917,Dakshinkali Investment & Securities Pvt. Ltd.,Naasa Securities Co. Ltd.,2026-04-27 13:05:50.119597,Chandragiri Hills Limited
2026042704005201,CGH,33,58,115,816.0,93840.0,2026-04-27,188034463,2917,Dakshinkali Investment & Securities Pvt. Ltd.,Naasa Securities Co. Ltd.,2026-04-27 13:11:26.775270,Chandragiri Hills Limited
2026042704005235,CGH,33,42,10,816.0,8160.0,2026-04-27,188034691,2917,Dakshinkali Investment & Securities Pvt. Ltd.,Sani Securities Company Ltd.,2026-04-27 13:12:02.047917,Chandragiri Hills Limited
2026042704005482,CGH,33,96,25,816.0,20400.0,2026-04-27,188036845,2917,Dakshinkali Investment & Securities Pvt. Ltd.,Himalayan Securities Limited,2026-04-27 13:16:19.746049,Chandragiri Hills Limited
2026042704005553,CGH,33,96,25,816.0,20400.0,2026-04-27,188037751,2917,Dakshinkali Investment & Securities Pvt. Ltd.,Himalayan Securities Limited,2026-04-27 13:18:19.493380,Chandragiri Hills Limited
2026042704005635,CGH,33,96,25,816.0,20400.0,2026-04-27,188038661,2917,Dakshinkali Investment & Securities Pvt. Ltd.,Himalayan Securities Limited,2026-04-27 13:20:07.289558,Chandragiri Hills Limited
2026042704005762,CGH,58,96,10,817.6,8176.0,2026-04-27,188040066,2917,Naasa Securities Co. Ltd.,Himalayan Securities Limited,2026-04-27 13:22:06.712182,Chandragiri Hills Limited
2026042704005858,CGH,53,38,175,817.7,143097.5,2026-04-27,188041426,2917,Investment Management Nepal Pvt. Ltd.,Dipshikha Dhitopatra Karobar Co. Pvt Ltd.,2026-04-27 13:23:49.507310,Chandragiri Hills Limited
2026042704006207,CGH,42,96,20,817.0,16340.0,2026-04-27,188045863,2917,Sani Securities Company Ltd.,Himalayan Securities Limited,2026-04-27 13:31:23.301384,Chandragiri Hills Limited
2026042704006386,CGH,57,58,10,816.1,8161.0,2026-04-27,188048205,2917,Aryatara Investment & Securities,Naasa Securities Co. Ltd.,2026-04-27 13:35:24.506355,Chandragiri Hills Limited
2026042704006674,CGH,48,11,20,817.0,16340.0,2026-04-27,188052232,2917,Trishakti Securities Public Limited,Malla & Malla Stock Broking Company Pvt. Limited,2026-04-27 13:43:27.007525,Chandragiri Hills Limited
2026042704006692,CGH,52,53,100,816.2,81620.0,2026-04-27,188052712,2917,Sundhara Securities Limited,Investment Management Nepal Pvt. Ltd.,2026-04-27 13:44:15.222663,Chandragiri Hills Limited
2026042704006747,CGH,60,53,30,816.2,24486.0,2026-04-27,188053650,2917,Nagarik Stock Dealer ,Investment Management Nepal Pvt. Ltd.,2026-04-27 13:45:30.177749,Chandragiri Hills Limited
2026042704006769,CGH,60,42,5,815.0,4075.0,2026-04-27,188053901,2917,Nagarik Stock Dealer ,Sani Securities Company Ltd.,2026-04-27 13:45:53.108889,Chandragiri Hills Limited
2026042704006818,CGH,45,53,17,816.2,13875.4,2026-04-27,188054203,2917,Imperial Securities Company Pvt. Ltd.,Investment Management Nepal Pvt. Ltd.,2026-04-27 13:46:30.818657,Chandragiri Hills Limited
2026042704007137,CGH,45,17,10,816.2,8162.0,2026-04-27,188057027,2917,Imperial Securities Company Pvt. Ltd.,ABC Securities Private Limited,2026-04-27 13:51:23.961782,Chandragiri Hills Limited
2026042704007782,CGH,34,38,180,816.9,147042.0,2026-04-27,188065505,2917,Vision Securities Pvt. Ltd,Dipshikha Dhitopatra Karobar Co. Pvt Ltd.,2026-04-27 14:07:53.154794,Chandragiri Hills Limited
2026042704007783,CGH,34,66,300,817.0,245100.0,2026-04-27,188065507,2917,Vision Securities Pvt. Ltd,Miyo Securities Pvt Ltd,2026-04-27 14:07:53.154942,Chandragiri Hills Limited
2026042704007808,CGH,58,40,10,817.6,8176.0,2026-04-27,188065908,2917,Naasa Securities Co. Ltd.,Creative Securities Pvt Ltd,2026-04-27 14:08:35.212098,Chandragiri Hills Limited
2026042704007863,CGH,33,40,90,817.6,73584.0,2026-04-27,188066791,2917,Dakshinkali Investment & Securities Pvt. Ltd.,Creative Securities Pvt Ltd,2026-04-27 14:10:10.738059,Chandragiri Hills Limited
2026042704007864,CGH,33,17,100,817.8,81780.0,2026-04-27,188066795,2917,Dakshinkali Investment & Securities Pvt. Ltd.,ABC Securities Private Limited,2026-04-27 14:10:10.738253,Chandragiri Hills Limited
2026042704007865,CGH,33,96,10,817.8,8178.0,2026-04-27,188066797,2917,Dakshinkali Investment & Securities Pvt. Ltd.,Himalayan Securities Limited,2026-04-27 14:10:10.738333,Chandragiri Hills Limited
2026042704007866,CGH,33,96,10,818.0,8180.0,2026-04-27,188066799,2917,Dakshinkali Investment & Securities Pvt. Ltd.,Himalayan Securities Limited,2026-04-27 14:10:10.738395,Chandragiri Hills Limited
2026042704007867,CGH,33,44,13,818.0,10634.0,2026-04-27,188066801,2917,Dakshinkali Investment & Securities Pvt. Ltd.,Dynamic Money Managers Securities Pvt. Ltd.,2026-04-27 14:10:10.738458,Chandragiri Hills Limited
2026042704007868,CGH,33,53,215,818.0,175870.0,2026-04-27,188066803,2917,Dakshinkali Investment & Securities Pvt. Ltd.,Investment Management Nepal Pvt. Ltd.,2026-04-27 14:10:10.738516,Chandragiri Hills Limited
2026042704007869,CGH,33,34,52,818.0,42536.0,2026-04-27,188066805,2917,Dakshinkali Investment & Securities Pvt. Ltd.,Vision Securities Pvt. Ltd,2026-04-27 14:10:10.738571,Chandragiri Hills Limited
2026042704007870,CGH,33,17,10,818.0,8180.0,2026-04-27,188066808,2917,Dakshinkali Investment & Securities Pvt. Ltd.,ABC Securities Private Limited,2026-04-27 14:10:10.738628,Chandragiri Hills Limited
2026042704008894,CGH,34,48,20,817.0,16340.0,2026-04-27,188077201,2917,Vision Securities Pvt. Ltd,Trishakti Securities Public Limited,2026-04-27 14:25:11.829364,Chandragiri Hills Limited
2026042704009176,CGH,46,48,15,817.0,12255.0,2026-04-27,188080364,2917,Kalika Securities Pvt. Ltd.,Trishakti Securities Public Limited,2026-04-27 14:29:25.945634,Chandragiri Hills Limited
2026042704009177,CGH,48,48,5,817.0,4085.0,2026-04-27,188080365,2917,Trishakti Securities Public Limited,Trishakti Securities Public Limited,2026-04-27 14:29:25.945796,Chandragiri Hills Limited
2026042704009751,CGH,38,44,10,816.3,8163.0,2026-04-27,188087416,2917,Dipshikha Dhitopatra Karobar Co. Pvt Ltd.,Dynamic Money Managers Securities Pvt. Ltd.,2026-04-27 14:39:33.551006,Chandragiri Hills Limited
2026042704009766,CGH,42,50,10,817.3,8173.0,2026-04-27,188087535,2917,Sani Securities Company Ltd.,Cristal Kanchanjanga Securites Pvt. Ltd.,2026-04-27 14:39:48.017777,Chandragiri Hills Limited
2026042704009824,CGH,42,89,10,817.3,8173.0,2026-04-27,188088457,2917,Sani Securities Company Ltd.,Global IME Securities Limited,2026-04-27 14:40:44.268546,Chandragiri Hills Limited
2026042704009839,CGH,34,44,26,816.3,21223.8,2026-04-27,188088685,2917,Vision Securities Pvt. Ltd,Dynamic Money Managers Securities Pvt. Ltd.,2026-04-27 14:41:02.290118,Chandragiri Hills Limited
2026042704009899,CGH,34,26,100,816.3,81630.0,2026-04-27,188089513,2917,Vision Securities Pvt. Ltd,Asian Securities Private Ltd.,2026-04-27 14:42:07.300250,Chandragiri Hills Limited
2026042704010244,CGH,34,44,11,816.3,8979.3,2026-04-27,188094161,2917,Vision Securities Pvt. Ltd,Dynamic Money Managers Securities Pvt. Ltd.,2026-04-27 14:47:23.782252,Chandragiri Hills Limited
2026042704010300,CGH,34,32,63,816.3,51426.9,2026-04-27,188094618,2917,Vision Securities Pvt. Ltd,Premier Securities Company Ltd.,2026-04-27 14:47:49.444351,Chandragiri Hills Limited
2026042704010301,CGH,6,32,200,816.3,163260.0,2026-04-27,188094620,2917,Agrawal Securities (PVT) Ltd.,Premier Securities Company Ltd.,2026-04-27 14:47:49.444440,Chandragiri Hills Limited
2026042704010302,CGH,45,32,56,816.2,45707.2,2026-04-27,188094622,2917,Imperial Securities Company Pvt. Ltd.,Premier Securities Company Ltd.,2026-04-27 14:47:49.444522,Chandragiri Hills Limited
2026042704010303,CGH,36,32,50,816.2,40810.0,2026-04-27,188094624,2917,Secured Securities Ltd.,Premier Securities Company Ltd.,2026-04-27 14:47:49.444595,Chandragiri Hills Limited
2026042704010304,CGH,57,32,40,816.1,32644.0,2026-04-27,188094626,2917,Aryatara Investment & Securities,Premier Securities Company Ltd.,2026-04-27 14:47:49.444669,Chandragiri Hills Limited
2026042704010305,CGH,13,32,91,816.1,74265.1,2026-04-27,188094627,2917,Thrive Brokerage House Pvt. Ltd,Premier Securities Company Ltd.,2026-04-27 14:47:49.444742,Chandragiri Hills Limited
2026042704010473,CGH,13,44,10,816.1,8161.0,2026-04-27,188096499,2917,Thrive Brokerage House Pvt. Ltd,Dynamic Money Managers Securities Pvt. Ltd.,2026-04-27 14:49:43.918516,Chandragiri Hills Limited
2026042704010565,CGH,13,13,50,816.1,40805.0,2026-04-27,188097529,2917,Thrive Brokerage House Pvt. Ltd,Thrive Brokerage House Pvt. Ltd,2026-04-27 14:50:42.206766,Chandragiri Hills Limited
2026042704010878,CGH,42,38,200,816.0,163200.0,2026-04-27,188100951,2917,Sani Securities Company Ltd.,Dipshikha Dhitopatra Karobar Co. Pvt Ltd.,2026-04-27 14:53:27.519472,Chandragiri Hills Limited
2026042704011059,CGH,42,11,10,816.0,8160.0,2026-04-27,188102463,2917,Sani Securities Company Ltd.,Malla & Malla Stock Broking Company Pvt. Limited,2026-04-27 14:54:39.933038,Chandragiri Hills Limited
2026042704011447,CGH,46,50,50,816.1,40805.0,2026-04-27,188105702,2917,Kalika Securities Pvt. Ltd.,Cristal Kanchanjanga Securites Pvt. Ltd.,2026-04-27 14:56:45.474530,Chandragiri Hills Limited
2026042704011695,CGH,42,32,20,816.5,16330.0,2026-04-27,188107699,2917,Sani Securities Company Ltd.,Premier Securities Company Ltd.,2026-04-27 14:57:51.471983,Chandragiri Hills Limited
2026042704011696,CGH,32,32,15,816.2,12243.0,2026-04-27,188107704,2917,Premier Securities Company Ltd.,Premier Securities Company Ltd.,2026-04-27 14:57:51.472051,Chandragiri Hills Limited
2026042704011697,CGH,46,32,150,816.1,122415.0,2026-04-27,188107706,2917,Kalika Securities Pvt. Ltd.,Premier Securities Company Ltd.,2026-04-27 14:57:51.472082,Chandragiri Hills Limited
2026042704011698,CGH,42,32,10,816.0,8160.0,2026-04-27,188107708,2917,Sani Securities Company Ltd.,Premier Securities Company Ltd.,2026-04-27 14:57:51.472138,Chandragiri Hills Limited
2026042704011699,CGH,25,32,10,816.0,8160.0,2026-04-27,188107710,2917,Sweta Securities Private Limited,Premier Securities Company Ltd.,2026-04-27 14:57:51.472169,Chandragiri Hills Limited
2026042704011700,CGH,41,32,27,815.5,22018.5,2026-04-27,188107712,2917,Linch Stock Market Ltd.,Premier Securities Company Ltd.,2026-04-27 14:57:51.472204,Chandragiri Hills Limited
2026042704011701,CGH,35,32,61,815.1,49721.1,2026-04-27,188107714,2917,Kohinoor Investment & Securities Pvt. Ltd.,Premier Securities Company Ltd.,2026-04-27 14:57:51.472232,Chandragiri Hills Limited
2026042704011702,CGH,51,32,50,815.0,40750.0,2026-04-27,188107716,2917,Oxford Securities Pvt. Ltd.,Premier Securities Company Ltd.,2026-04-27 14:57:51.472261,Chandragiri Hills Limited
2026042704011703,CGH,51,32,157,815.0,127955.0,2026-04-27,188107717,2917,Oxford Securities Pvt. Ltd.,Premier Securities Company Ltd.,2026-04-27 14:57:51.472286,Chandragiri Hills Limited
2026042704011753,CGH,51,59,20,815.0,16300.0,2026-04-27,188108261,2917,Oxford Securities Pvt. Ltd.,Deevyaa Securities & Stock House Pvt. Ltd,2026-04-27 14:58:08.298906,Chandragiri Hills Limited
2026042704012333,CGH,32,32,220,815.1,179322.0,2026-04-27,188113632,2917,Premier Securities Company Ltd.,Premier Securities Company Ltd.,2026-04-27 14:59:52.530602,Chandragiri Hills Limited
2026042704012334,CGH,51,32,23,815.0,18745.0,2026-04-27,188113634,2917,Oxford Securities Pvt. Ltd.,Premier Securities Company Ltd.,2026-04-27 14:59:52.530725,Chandragiri Hills Limited
2026042704012335,CGH,59,32,127,815.0,103505.0,2026-04-27,188113636,2917,Deevyaa Securities & Stock House Pvt. Ltd,Premier Securities Company Ltd.,2026-04-27 14:59:52.530828,Chandragiri Hills Limited
2026042704012336,CGH,42,32,572,815.0,466180.0,2026-04-27,188113637,2917,Sani Securities Company Ltd.,Premier Securities Company Ltd.,2026-04-27 14:59:52.530923,Chandragiri Hills Limited
