contractId,stockSymbol,buyerMemberId,sellerMemberId,quantity,rate,amount,businessDate,tradeBookId,stockId,buyerBrokerName,sellerBrokerName,transaction_time,securityName
2026042701002356,CZBIL,48,62,10,210.0,2100.0,2026-04-27,187959544,348,Trishakti Securities Public Limited,Capital Max Securities Ltd,2026-04-27 11:08:13.947084,Citizens Bank International Limited
2026042701005408,CZBIL,36,42,20,206.0,4120.0,2026-04-27,187967908,348,Secured Securities Ltd.,Sani Securities Company Ltd.,2026-04-27 11:17:15.716597,Citizens Bank International Limited
2026042701005583,CZBIL,49,42,488,206.0,100528.0,2026-04-27,187968385,348,Online Securities Pvt. Ltd.,Sani Securities Company Ltd.,2026-04-27 11:17:44.739076,Citizens Bank International Limited
2026042701006091,CZBIL,49,22,109,206.0,22454.0,2026-04-27,187970041,348,Online Securities Pvt. Ltd.,Siprabi Securities Pvt. Ltd.,2026-04-27 11:19:28.291439,Citizens Bank International Limited
2026042701006394,CZBIL,49,45,20,206.0,4120.0,2026-04-27,187971007,348,Online Securities Pvt. Ltd.,Imperial Securities Company Pvt. Ltd.,2026-04-27 11:20:43.493231,Citizens Bank International Limited
2026042701006485,CZBIL,48,32,10,209.7,2097.0,2026-04-27,187971272,348,Trishakti Securities Public Limited,Premier Securities Company Ltd.,2026-04-27 11:21:04.404930,Citizens Bank International Limited
2026042701009225,CZBIL,35,51,10,209.3,2093.0,2026-04-27,187980800,348,Kohinoor Investment & Securities Pvt. Ltd.,Oxford Securities Pvt. Ltd.,2026-04-27 11:33:28.667165,Citizens Bank International Limited
2026042701010326,CZBIL,42,39,14,209.0,2926.0,2026-04-27,187984728,348,Sani Securities Company Ltd.,Sumeru Securities Pvt. Ltd.,2026-04-27 11:38:44.559328,Citizens Bank International Limited
2026042701011564,CZBIL,4,34,15,207.0,3105.0,2026-04-27,187988970,348,Opal Securities Investment (PVT) Ltd.,Vision Securities Pvt. Ltd,2026-04-27 11:45:08.991403,Citizens Bank International Limited
2026042701011565,CZBIL,22,34,85,206.4,17544.0,2026-04-27,187988971,348,Siprabi Securities Pvt. Ltd.,Vision Securities Pvt. Ltd,2026-04-27 11:45:08.991638,Citizens Bank International Limited
2026042701012351,CZBIL,22,54,60,206.4,12384.0,2026-04-27,187991459,348,Siprabi Securities Pvt. Ltd.,Sewa Securities Pvt. Ltd.,2026-04-27 11:49:09.496389,Citizens Bank International Limited
2026042701012372,CZBIL,22,25,27,206.4,5572.8,2026-04-27,187991537,348,Siprabi Securities Pvt. Ltd.,Sweta Securities Private Limited,2026-04-27 11:49:17.739885,Citizens Bank International Limited
2026042701012884,CZBIL,22,45,14,207.0,2898.0,2026-04-27,187993081,348,Siprabi Securities Pvt. Ltd.,Imperial Securities Company Pvt. Ltd.,2026-04-27 11:51:36.594888,Citizens Bank International Limited
2026042701012885,CZBIL,22,32,10,207.9,2079.0,2026-04-27,187993084,348,Siprabi Securities Pvt. Ltd.,Premier Securities Company Ltd.,2026-04-27 11:51:36.594930,Citizens Bank International Limited
2026042701013628,CZBIL,81,32,32,207.9,6652.8,2026-04-27,187995201,348,Aakashbhairab Securities Ltd.,Premier Securities Company Ltd.,2026-04-27 11:54:18.309488,Citizens Bank International Limited
2026042701013629,CZBIL,81,19,38,207.9,7900.2,2026-04-27,187995204,348,Aakashbhairab Securities Ltd.,Nepal Investment And Securities Trading Private Limited,2026-04-27 11:54:18.309758,Citizens Bank International Limited
2026042701015263,CZBIL,42,19,20,207.9,4158.0,2026-04-27,188000628,348,Sani Securities Company Ltd.,Nepal Investment And Securities Trading Private Limited,2026-04-27 12:04:18.026635,Citizens Bank International Limited
2026042701015964,CZBIL,22,4,218,206.4,44995.2,2026-04-27,188003053,348,Siprabi Securities Pvt. Ltd.,Opal Securities Investment (PVT) Ltd.,2026-04-27 12:08:58.983776,Citizens Bank International Limited
2026042701017478,CZBIL,4,10,23,207.0,4761.0,2026-04-27,188008271,348,Opal Securities Investment (PVT) Ltd.,Pragyan Securities (PVT) Ltd.,2026-04-27 12:18:55.850758,Citizens Bank International Limited
2026042701017479,CZBIL,4,33,1,207.0,207.0,2026-04-27,188008273,348,Opal Securities Investment (PVT) Ltd.,Dakshinkali Investment & Securities Pvt. Ltd.,2026-04-27 12:18:55.850999,Citizens Bank International Limited
2026042701019134,CZBIL,14,13,300,207.2,62160.0,2026-04-27,188013973,348,Nepal Stock House (PVT) Ltd.,Thrive Brokerage House Pvt. Ltd,2026-04-27 12:29:49.736763,Citizens Bank International Limited
2026042701019917,CZBIL,14,36,10,207.2,2072.0,2026-04-27,188016717,348,Nepal Stock House (PVT) Ltd.,Secured Securities Ltd.,2026-04-27 12:35:52.323372,Citizens Bank International Limited
2026042701020205,CZBIL,14,29,190,207.2,39368.0,2026-04-27,188017792,348,Nepal Stock House (PVT) Ltd.,Trisul Securities & Invt. Ltd.,2026-04-27 12:38:05.726175,Citizens Bank International Limited
2026042701020206,CZBIL,14,29,500,207.1,103550.0,2026-04-27,188017794,348,Nepal Stock House (PVT) Ltd.,Trisul Securities & Invt. Ltd.,2026-04-27 12:38:05.726375,Citizens Bank International Limited
2026042701020207,CZBIL,36,29,190,206.5,39235.0,2026-04-27,188017796,348,Secured Securities Ltd.,Trisul Securities & Invt. Ltd.,2026-04-27 12:38:05.726444,Citizens Bank International Limited
2026042701020208,CZBIL,22,29,610,206.4,125904.0,2026-04-27,188017798,348,Siprabi Securities Pvt. Ltd.,Trisul Securities & Invt. Ltd.,2026-04-27 12:38:05.726506,Citizens Bank International Limited
2026042701020209,CZBIL,41,29,1000,206.4,206400.0,2026-04-27,188017800,348,Linch Stock Market Ltd.,Trisul Securities & Invt. Ltd.,2026-04-27 12:38:05.726569,Citizens Bank International Limited
2026042701020210,CZBIL,62,29,1000,206.3,206300.0,2026-04-27,188017802,348,Capital Max Securities Ltd,Trisul Securities & Invt. Ltd.,2026-04-27 12:38:05.726632,Citizens Bank International Limited
2026042701020211,CZBIL,49,29,11,206.0,2266.0,2026-04-27,188017804,348,Online Securities Pvt. Ltd.,Trisul Securities & Invt. Ltd.,2026-04-27 12:38:05.726693,Citizens Bank International Limited
2026042701020212,CZBIL,57,29,150,206.0,30900.0,2026-04-27,188017806,348,Aryatara Investment & Securities,Trisul Securities & Invt. Ltd.,2026-04-27 12:38:05.726754,Citizens Bank International Limited
2026042701020213,CZBIL,29,29,1000,206.0,206000.0,2026-04-27,188017808,348,Trisul Securities & Invt. Ltd.,Trisul Securities & Invt. Ltd.,2026-04-27 12:38:05.726813,Citizens Bank International Limited
2026042701020214,CZBIL,6,29,40,206.0,8240.0,2026-04-27,188017810,348,Agrawal Securities (PVT) Ltd.,Trisul Securities & Invt. Ltd.,2026-04-27 12:38:05.726873,Citizens Bank International Limited
2026042701020811,CZBIL,4,11,13,206.0,2678.0,2026-04-27,188019951,348,Opal Securities Investment (PVT) Ltd.,Malla & Malla Stock Broking Company Pvt. Limited,2026-04-27 12:41:58.436462,Citizens Bank International Limited
2026042701021002,CZBIL,21,16,40,206.0,8240.0,2026-04-27,188020718,348,Midas Stock Broking Company Private Limited,Primo Securities (PVT) Ltd.,2026-04-27 12:43:40.045045,Citizens Bank International Limited
2026042701021003,CZBIL,36,16,71,205.7,14604.7,2026-04-27,188020720,348,Secured Securities Ltd.,Primo Securities (PVT) Ltd.,2026-04-27 12:43:40.045218,Citizens Bank International Limited
2026042701021004,CZBIL,52,16,100,205.0,20500.0,2026-04-27,188020722,348,Sundhara Securities Limited,Primo Securities (PVT) Ltd.,2026-04-27 12:43:40.045284,Citizens Bank International Limited
2026042701022329,CZBIL,45,71,15,205.7,3085.5,2026-04-27,188026127,348,Imperial Securities Company Pvt. Ltd.,SHUBHAKAMANA SECURITIES PVT. LTD,2026-04-27 12:55:15.164558,Citizens Bank International Limited
2026042701022841,CZBIL,48,41,10,207.0,2070.0,2026-04-27,188028102,348,Trishakti Securities Public Limited,Linch Stock Market Ltd.,2026-04-27 12:59:06.633351,Citizens Bank International Limited
2026042701023031,CZBIL,45,57,10,205.7,2057.0,2026-04-27,188028835,348,Imperial Securities Company Pvt. Ltd.,Aryatara Investment & Securities,2026-04-27 13:00:22.942247,Citizens Bank International Limited
2026042701023061,CZBIL,48,4,10,207.0,2070.0,2026-04-27,188028960,348,Trishakti Securities Public Limited,Opal Securities Investment (PVT) Ltd.,2026-04-27 13:00:31.258200,Citizens Bank International Limited
2026042701023608,CZBIL,64,4,40,207.0,8280.0,2026-04-27,188031355,348,SUN SECURITIES PVT LTD,Opal Securities Investment (PVT) Ltd.,2026-04-27 13:05:05.201435,Citizens Bank International Limited
2026042701023609,CZBIL,64,19,1792,207.6,372019.2,2026-04-27,188031357,348,SUN SECURITIES PVT LTD,Nepal Investment And Securities Trading Private Limited,2026-04-27 13:05:05.201504,Citizens Bank International Limited
2026042701023610,CZBIL,64,52,21,207.7,4361.7,2026-04-27,188031359,348,SUN SECURITIES PVT LTD,Sundhara Securities Limited,2026-04-27 13:05:05.201532,Citizens Bank International Limited
2026042701023611,CZBIL,64,29,309,207.8,64210.2,2026-04-27,188031361,348,SUN SECURITIES PVT LTD,Trisul Securities & Invt. Ltd.,2026-04-27 13:05:05.201557,Citizens Bank International Limited
2026042701023612,CZBIL,64,82,38,208.0,7904.0,2026-04-27,188031364,348,SUN SECURITIES PVT LTD,N.M.B. SECURITIES LIMITED,2026-04-27 13:05:05.201581,Citizens Bank International Limited
2026042701023661,CZBIL,36,57,50,206.0,10300.0,2026-04-27,188031604,348,Secured Securities Ltd.,Aryatara Investment & Securities,2026-04-27 13:05:34.388215,Citizens Bank International Limited
2026042701023662,CZBIL,45,57,10,205.7,2057.0,2026-04-27,188031605,348,Imperial Securities Company Pvt. Ltd.,Aryatara Investment & Securities,2026-04-27 13:05:34.388566,Citizens Bank International Limited
2026042701023693,CZBIL,64,82,62,208.0,12896.0,2026-04-27,188031745,348,SUN SECURITIES PVT LTD,N.M.B. SECURITIES LIMITED,2026-04-27 13:05:54.248798,Citizens Bank International Limited
2026042701023694,CZBIL,64,58,2014,208.9,420724.6,2026-04-27,188031747,348,SUN SECURITIES PVT LTD,Naasa Securities Co. Ltd.,2026-04-27 13:05:54.248895,Citizens Bank International Limited
2026042701023695,CZBIL,64,39,236,209.0,49324.0,2026-04-27,188031749,348,SUN SECURITIES PVT LTD,Sumeru Securities Pvt. Ltd.,2026-04-27 13:05:54.248974,Citizens Bank International Limited
2026042701023696,CZBIL,64,57,1000,209.0,209000.0,2026-04-27,188031751,348,SUN SECURITIES PVT LTD,Aryatara Investment & Securities,2026-04-27 13:05:54.249075,Citizens Bank International Limited
2026042701023697,CZBIL,64,11,188,209.0,39292.0,2026-04-27,188031754,348,SUN SECURITIES PVT LTD,Malla & Malla Stock Broking Company Pvt. Limited,2026-04-27 13:05:54.249136,Citizens Bank International Limited
2026042701023736,CZBIL,64,11,12,209.0,2508.0,2026-04-27,188031921,348,SUN SECURITIES PVT LTD,Malla & Malla Stock Broking Company Pvt. Limited,2026-04-27 13:06:13.272842,Citizens Bank International Limited
2026042701023737,CZBIL,64,50,200,209.2,41840.0,2026-04-27,188031923,348,SUN SECURITIES PVT LTD,Cristal Kanchanjanga Securites Pvt. Ltd.,2026-04-27 13:06:13.272885,Citizens Bank International Limited
2026042701023738,CZBIL,64,51,90,209.3,18837.0,2026-04-27,188031925,348,SUN SECURITIES PVT LTD,Oxford Securities Pvt. Ltd.,2026-04-27 13:06:13.272926,Citizens Bank International Limited
2026042701023739,CZBIL,64,34,500,209.8,104900.0,2026-04-27,188031927,348,SUN SECURITIES PVT LTD,Vision Securities Pvt. Ltd,2026-04-27 13:06:13.272951,Citizens Bank International Limited
2026042701023740,CZBIL,64,13,1000,209.8,209800.0,2026-04-27,188031929,348,SUN SECURITIES PVT LTD,Thrive Brokerage House Pvt. Ltd,2026-04-27 13:06:13.272975,Citizens Bank International Limited
2026042701023741,CZBIL,64,59,491,209.9,103060.9,2026-04-27,188031931,348,SUN SECURITIES PVT LTD,Deevyaa Securities & Stock House Pvt. Ltd,2026-04-27 13:06:13.273000,Citizens Bank International Limited
2026042701023742,CZBIL,64,29,907,209.9,190379.3,2026-04-27,188031934,348,SUN SECURITIES PVT LTD,Trisul Securities & Invt. Ltd.,2026-04-27 13:06:13.273043,Citizens Bank International Limited
2026042701023789,CZBIL,64,29,93,209.9,19520.7,2026-04-27,188032109,348,SUN SECURITIES PVT LTD,Trisul Securities & Invt. Ltd.,2026-04-27 13:06:31.572504,Citizens Bank International Limited
2026042701023790,CZBIL,64,62,490,210.0,102900.0,2026-04-27,188032111,348,SUN SECURITIES PVT LTD,Capital Max Securities Ltd,2026-04-27 13:06:31.572575,Citizens Bank International Limited
2026042701023791,CZBIL,64,45,30,210.0,6300.0,2026-04-27,188032113,348,SUN SECURITIES PVT LTD,Imperial Securities Company Pvt. Ltd.,2026-04-27 13:06:31.572607,Citizens Bank International Limited
2026042701023792,CZBIL,64,57,1000,210.0,210000.0,2026-04-27,188032115,348,SUN SECURITIES PVT LTD,Aryatara Investment & Securities,2026-04-27 13:06:31.572635,Citizens Bank International Limited
2026042701023793,CZBIL,64,74,20,210.0,4200.0,2026-04-27,188032117,348,SUN SECURITIES PVT LTD,KALASH STOCK MARKET PVT. LTD.,2026-04-27 13:06:31.572660,Citizens Bank International Limited
2026042701023794,CZBIL,64,58,122,210.0,25620.0,2026-04-27,188032119,348,SUN SECURITIES PVT LTD,Naasa Securities Co. Ltd.,2026-04-27 13:06:31.572686,Citizens Bank International Limited
2026042701023795,CZBIL,64,58,10,210.0,2100.0,2026-04-27,188032121,348,SUN SECURITIES PVT LTD,Naasa Securities Co. Ltd.,2026-04-27 13:06:31.572711,Citizens Bank International Limited
2026042701023796,CZBIL,64,5,100,210.0,21000.0,2026-04-27,188032123,348,SUN SECURITIES PVT LTD,Market Securities & Exchange (PVT) Ltd.,2026-04-27 13:06:31.572737,Citizens Bank International Limited
2026042701023797,CZBIL,64,57,500,210.0,105000.0,2026-04-27,188032125,348,SUN SECURITIES PVT LTD,Aryatara Investment & Securities,2026-04-27 13:06:31.572764,Citizens Bank International Limited
2026042701023798,CZBIL,64,41,10,210.0,2100.0,2026-04-27,188032127,348,SUN SECURITIES PVT LTD,Linch Stock Market Ltd.,2026-04-27 13:06:31.572821,Citizens Bank International Limited
2026042701023799,CZBIL,64,41,1000,210.0,210000.0,2026-04-27,188032129,348,SUN SECURITIES PVT LTD,Linch Stock Market Ltd.,2026-04-27 13:06:31.572848,Citizens Bank International Limited
2026042701023800,CZBIL,64,34,350,211.9,74165.0,2026-04-27,188032131,348,SUN SECURITIES PVT LTD,Vision Securities Pvt. Ltd,2026-04-27 13:06:31.572872,Citizens Bank International Limited
2026042701023801,CZBIL,64,13,1000,211.9,211900.0,2026-04-27,188032133,348,SUN SECURITIES PVT LTD,Thrive Brokerage House Pvt. Ltd,2026-04-27 13:06:31.572898,Citizens Bank International Limited
2026042701023802,CZBIL,64,62,1000,212.0,212000.0,2026-04-27,188032135,348,SUN SECURITIES PVT LTD,Capital Max Securities Ltd,2026-04-27 13:06:31.572922,Citizens Bank International Limited
2026042701023803,CZBIL,64,45,100,212.0,21200.0,2026-04-27,188032137,348,SUN SECURITIES PVT LTD,Imperial Securities Company Pvt. Ltd.,2026-04-27 13:06:31.572948,Citizens Bank International Limited
2026042701023804,CZBIL,64,45,250,212.0,53000.0,2026-04-27,188032139,348,SUN SECURITIES PVT LTD,Imperial Securities Company Pvt. Ltd.,2026-04-27 13:06:31.572975,Citizens Bank International Limited
2026042701023805,CZBIL,64,57,100,212.0,21200.0,2026-04-27,188032141,348,SUN SECURITIES PVT LTD,Aryatara Investment & Securities,2026-04-27 13:06:31.573000,Citizens Bank International Limited
2026042701023806,CZBIL,64,42,500,212.0,106000.0,2026-04-27,188032143,348,SUN SECURITIES PVT LTD,Sani Securities Company Ltd.,2026-04-27 13:06:31.573031,Citizens Bank International Limited
2026042701023807,CZBIL,64,34,500,212.0,106000.0,2026-04-27,188032145,348,SUN SECURITIES PVT LTD,Vision Securities Pvt. Ltd,2026-04-27 13:06:31.573053,Citizens Bank International Limited
2026042701023808,CZBIL,64,50,13,212.0,2756.0,2026-04-27,188032147,348,SUN SECURITIES PVT LTD,Cristal Kanchanjanga Securites Pvt. Ltd.,2026-04-27 13:06:31.573076,Citizens Bank International Limited
2026042701023809,CZBIL,64,57,100,212.0,21200.0,2026-04-27,188032149,348,SUN SECURITIES PVT LTD,Aryatara Investment & Securities,2026-04-27 13:06:31.573136,Citizens Bank International Limited
2026042701023810,CZBIL,64,52,60,212.0,12720.0,2026-04-27,188032151,348,SUN SECURITIES PVT LTD,Sundhara Securities Limited,2026-04-27 13:06:31.573165,Citizens Bank International Limited
2026042701023811,CZBIL,64,74,2000,212.0,424000.0,2026-04-27,188032153,348,SUN SECURITIES PVT LTD,KALASH STOCK MARKET PVT. LTD.,2026-04-27 13:06:31.573200,Citizens Bank International Limited
2026042701023812,CZBIL,64,17,200,212.0,42400.0,2026-04-27,188032155,348,SUN SECURITIES PVT LTD,ABC Securities Private Limited,2026-04-27 13:06:31.573223,Citizens Bank International Limited
2026042701023813,CZBIL,64,25,30,212.1,6363.0,2026-04-27,188032157,348,SUN SECURITIES PVT LTD,Sweta Securities Private Limited,2026-04-27 13:06:31.573248,Citizens Bank International Limited
2026042701023814,CZBIL,64,74,20,212.5,4250.0,2026-04-27,188032159,348,SUN SECURITIES PVT LTD,KALASH STOCK MARKET PVT. LTD.,2026-04-27 13:06:31.573282,Citizens Bank International Limited
2026042701023815,CZBIL,64,29,402,213.0,85626.0,2026-04-27,188032162,348,SUN SECURITIES PVT LTD,Trisul Securities & Invt. Ltd.,2026-04-27 13:06:31.573311,Citizens Bank International Limited
2026042701023856,CZBIL,64,32,125,212.0,26500.0,2026-04-27,188032291,348,SUN SECURITIES PVT LTD,Premier Securities Company Ltd.,2026-04-27 13:06:46.403532,Citizens Bank International Limited
2026042701023857,CZBIL,64,29,598,213.0,127374.0,2026-04-27,188032293,348,SUN SECURITIES PVT LTD,Trisul Securities & Invt. Ltd.,2026-04-27 13:06:46.403606,Citizens Bank International Limited
2026042701023858,CZBIL,64,1,100,213.0,21300.0,2026-04-27,188032295,348,SUN SECURITIES PVT LTD,Kumari Securities Private Limited,2026-04-27 13:06:46.403650,Citizens Bank International Limited
2026042701023859,CZBIL,64,44,13,213.0,2769.0,2026-04-27,188032297,348,SUN SECURITIES PVT LTD,Dynamic Money Managers Securities Pvt. Ltd.,2026-04-27 13:06:46.403677,Citizens Bank International Limited
2026042701023860,CZBIL,64,14,100,213.2,21320.0,2026-04-27,188032299,348,SUN SECURITIES PVT LTD,Nepal Stock House (PVT) Ltd.,2026-04-27 13:06:46.403702,Citizens Bank International Limited
2026042701023861,CZBIL,64,42,825,213.2,175890.0,2026-04-27,188032301,348,SUN SECURITIES PVT LTD,Sani Securities Company Ltd.,2026-04-27 13:06:46.403727,Citizens Bank International Limited
2026042701023862,CZBIL,64,43,100,213.7,21370.0,2026-04-27,188032303,348,SUN SECURITIES PVT LTD,South Asian Bulls Pvt. Ltd.,2026-04-27 13:06:46.403751,Citizens Bank International Limited
2026042701023863,CZBIL,64,48,500,213.8,106900.0,2026-04-27,188032305,348,SUN SECURITIES PVT LTD,Trishakti Securities Public Limited,2026-04-27 13:06:46.403774,Citizens Bank International Limited
2026042701023864,CZBIL,64,48,139,213.9,29732.1,2026-04-27,188032308,348,SUN SECURITIES PVT LTD,Trishakti Securities Public Limited,2026-04-27 13:06:46.403798,Citizens Bank International Limited
2026042701023913,CZBIL,64,25,100,212.6,21260.0,2026-04-27,188032513,348,SUN SECURITIES PVT LTD,Sweta Securities Private Limited,2026-04-27 13:07:04.638604,Citizens Bank International Limited
2026042701023914,CZBIL,64,57,60,213.7,12822.0,2026-04-27,188032515,348,SUN SECURITIES PVT LTD,Aryatara Investment & Securities,2026-04-27 13:07:04.638659,Citizens Bank International Limited
2026042701023915,CZBIL,64,52,440,213.8,94072.0,2026-04-27,188032517,348,SUN SECURITIES PVT LTD,Sundhara Securities Limited,2026-04-27 13:07:04.638710,Citizens Bank International Limited
2026042701023916,CZBIL,64,48,853,213.9,182456.7,2026-04-27,188032519,348,SUN SECURITIES PVT LTD,Trishakti Securities Public Limited,2026-04-27 13:07:04.638733,Citizens Bank International Limited
2026042701023917,CZBIL,64,52,200,214.0,42800.0,2026-04-27,188032521,348,SUN SECURITIES PVT LTD,Sundhara Securities Limited,2026-04-27 13:07:04.638760,Citizens Bank International Limited
2026042701023918,CZBIL,64,62,1000,214.0,214000.0,2026-04-27,188032523,348,SUN SECURITIES PVT LTD,Capital Max Securities Ltd,2026-04-27 13:07:04.638789,Citizens Bank International Limited
2026042701023919,CZBIL,64,59,13,214.0,2782.0,2026-04-27,188032525,348,SUN SECURITIES PVT LTD,Deevyaa Securities & Stock House Pvt. Ltd,2026-04-27 13:07:04.638825,Citizens Bank International Limited
2026042701023920,CZBIL,64,28,200,214.0,42800.0,2026-04-27,188032527,348,SUN SECURITIES PVT LTD,Shree Krishna Securities Ltd.,2026-04-27 13:07:04.638860,Citizens Bank International Limited
2026042701023921,CZBIL,64,59,200,214.0,42800.0,2026-04-27,188032529,348,SUN SECURITIES PVT LTD,Deevyaa Securities & Stock House Pvt. Ltd,2026-04-27 13:07:04.638886,Citizens Bank International Limited
2026042701023922,CZBIL,64,58,300,214.0,64200.0,2026-04-27,188032531,348,SUN SECURITIES PVT LTD,Naasa Securities Co. Ltd.,2026-04-27 13:07:04.638917,Citizens Bank International Limited
2026042701023923,CZBIL,64,48,1000,214.1,214100.0,2026-04-27,188032533,348,SUN SECURITIES PVT LTD,Trishakti Securities Public Limited,2026-04-27 13:07:04.638957,Citizens Bank International Limited
2026042701023924,CZBIL,64,4,84,214.1,17984.4,2026-04-27,188032535,348,SUN SECURITIES PVT LTD,Opal Securities Investment (PVT) Ltd.,2026-04-27 13:07:04.638990,Citizens Bank International Limited
2026042701023925,CZBIL,64,13,100,214.2,21420.0,2026-04-27,188032537,348,SUN SECURITIES PVT LTD,Thrive Brokerage House Pvt. Ltd,2026-04-27 13:07:04.639064,Citizens Bank International Limited
2026042701023926,CZBIL,64,41,3370,214.2,721854.0,2026-04-27,188032539,348,SUN SECURITIES PVT LTD,Linch Stock Market Ltd.,2026-04-27 13:07:04.639095,Citizens Bank International Limited
2026042701023927,CZBIL,64,16,3564,214.2,763408.8,2026-04-27,188032541,348,SUN SECURITIES PVT LTD,Primo Securities (PVT) Ltd.,2026-04-27 13:07:04.639116,Citizens Bank International Limited
2026042701023928,CZBIL,64,45,387,214.5,83011.5,2026-04-27,188032543,348,SUN SECURITIES PVT LTD,Imperial Securities Company Pvt. Ltd.,2026-04-27 13:07:04.639154,Citizens Bank International Limited
2026042701023929,CZBIL,64,25,129,214.6,27683.4,2026-04-27,188032546,348,SUN SECURITIES PVT LTD,Sweta Securities Private Limited,2026-04-27 13:07:04.639189,Citizens Bank International Limited
2026042701024293,CZBIL,49,57,1000,210.0,210000.0,2026-04-27,188033877,348,Online Securities Pvt. Ltd.,Aryatara Investment & Securities,2026-04-27 13:10:03.424541,Citizens Bank International Limited
2026042701024637,CZBIL,57,36,60,206.1,12366.0,2026-04-27,188035414,348,Aryatara Investment & Securities,Secured Securities Ltd.,2026-04-27 13:13:36.695515,Citizens Bank International Limited
2026042701024638,CZBIL,41,36,190,206.1,39159.0,2026-04-27,188035415,348,Linch Stock Market Ltd.,Secured Securities Ltd.,2026-04-27 13:13:36.695886,Citizens Bank International Limited
2026042701024676,CZBIL,57,16,7,204.0,1428.0,2026-04-27,188035531,348,Aryatara Investment & Securities,Primo Securities (PVT) Ltd.,2026-04-27 13:13:55.271835,Citizens Bank International Limited
2026042701025074,CZBIL,57,58,10,210.0,2100.0,2026-04-27,188037000,348,Aryatara Investment & Securities,Naasa Securities Co. Ltd.,2026-04-27 13:16:39.131343,Citizens Bank International Limited
2026042701026605,CZBIL,14,11,17,207.0,3519.0,2026-04-27,188042347,348,Nepal Stock House (PVT) Ltd.,Malla & Malla Stock Broking Company Pvt. Limited,2026-04-27 13:25:00.908507,Citizens Bank International Limited
2026042701026658,CZBIL,48,58,10,209.0,2090.0,2026-04-27,188042534,348,Trishakti Securities Public Limited,Naasa Securities Co. Ltd.,2026-04-27 13:25:22.085103,Citizens Bank International Limited
2026042701027069,CZBIL,22,58,480,207.1,99408.0,2026-04-27,188044181,348,Siprabi Securities Pvt. Ltd.,Naasa Securities Co. Ltd.,2026-04-27 13:28:20.947227,Citizens Bank International Limited
2026042701027136,CZBIL,48,11,51,208.0,10608.0,2026-04-27,188044445,348,Trishakti Securities Public Limited,Malla & Malla Stock Broking Company Pvt. Limited,2026-04-27 13:28:46.117012,Citizens Bank International Limited
2026042701027137,CZBIL,48,57,14,209.9,2938.6,2026-04-27,188044448,348,Trishakti Securities Public Limited,Aryatara Investment & Securities,2026-04-27 13:28:46.117151,Citizens Bank International Limited
2026042701027208,CZBIL,36,49,5,205.0,1025.0,2026-04-27,188044687,348,Secured Securities Ltd.,Online Securities Pvt. Ltd.,2026-04-27 13:29:07.839327,Citizens Bank International Limited
2026042701027810,CZBIL,36,42,1,205.0,205.0,2026-04-27,188046793,348,Secured Securities Ltd.,Sani Securities Company Ltd.,2026-04-27 13:33:01.447292,Citizens Bank International Limited
2026042701028639,CZBIL,48,4,10,208.0,2080.0,2026-04-27,188049982,348,Trishakti Securities Public Limited,Opal Securities Investment (PVT) Ltd.,2026-04-27 13:38:54.568442,Citizens Bank International Limited
2026042701028640,CZBIL,74,4,16,208.0,3328.0,2026-04-27,188049983,348,KALASH STOCK MARKET PVT. LTD.,Opal Securities Investment (PVT) Ltd.,2026-04-27 13:38:54.568805,Citizens Bank International Limited
2026042701028782,CZBIL,49,44,173,209.0,36157.0,2026-04-27,188050514,348,Online Securities Pvt. Ltd.,Dynamic Money Managers Securities Pvt. Ltd.,2026-04-27 13:39:56.841240,Citizens Bank International Limited
2026042701030203,CZBIL,74,44,100,209.0,20900.0,2026-04-27,188056312,348,KALASH STOCK MARKET PVT. LTD.,Dynamic Money Managers Securities Pvt. Ltd.,2026-04-27 13:50:15.245654,Citizens Bank International Limited
2026042701030652,CZBIL,57,4,200,208.0,41600.0,2026-04-27,188058113,348,Aryatara Investment & Securities,Opal Securities Investment (PVT) Ltd.,2026-04-27 13:53:27.497697,Citizens Bank International Limited
2026042701030690,CZBIL,74,44,84,209.0,17556.0,2026-04-27,188058274,348,KALASH STOCK MARKET PVT. LTD.,Dynamic Money Managers Securities Pvt. Ltd.,2026-04-27 13:53:52.096513,Citizens Bank International Limited
2026042701030889,CZBIL,1,44,15,209.0,3135.0,2026-04-27,188059030,348,Kumari Securities Private Limited,Dynamic Money Managers Securities Pvt. Ltd.,2026-04-27 13:55:14.315409,Citizens Bank International Limited
2026042701031119,CZBIL,29,44,57,209.0,11913.0,2026-04-27,188059768,348,Trisul Securities & Invt. Ltd.,Dynamic Money Managers Securities Pvt. Ltd.,2026-04-27 13:56:52.917923,Citizens Bank International Limited
2026042701031594,CZBIL,57,58,48,208.0,9984.0,2026-04-27,188061771,348,Aryatara Investment & Securities,Naasa Securities Co. Ltd.,2026-04-27 14:00:55.016475,Citizens Bank International Limited
2026042701032208,CZBIL,42,58,1,203.0,203.0,2026-04-27,188063979,348,Sani Securities Company Ltd.,Naasa Securities Co. Ltd.,2026-04-27 14:05:02.545723,Citizens Bank International Limited
2026042701032326,CZBIL,48,44,10,209.0,2090.0,2026-04-27,188064388,348,Trishakti Securities Public Limited,Dynamic Money Managers Securities Pvt. Ltd.,2026-04-27 14:05:33.364591,Citizens Bank International Limited
2026042701034007,CZBIL,57,35,10,208.0,2080.0,2026-04-27,188071189,348,Aryatara Investment & Securities,Kohinoor Investment & Securities Pvt. Ltd.,2026-04-27 14:17:14.215512,Citizens Bank International Limited
2026042701035051,CZBIL,57,42,158,208.0,32864.0,2026-04-27,188075481,348,Aryatara Investment & Securities,Sani Securities Company Ltd.,2026-04-27 14:23:28.784910,Citizens Bank International Limited
2026042701035591,CZBIL,13,37,97,208.2,20195.4,2026-04-27,188078053,348,Thrive Brokerage House Pvt. Ltd,Swarna Laxmi Securities Pvt. Ltd.,2026-04-27 14:26:19.112285,Citizens Bank International Limited
2026042701036502,CZBIL,4,44,10,209.0,2090.0,2026-04-27,188081632,348,Opal Securities Investment (PVT) Ltd.,Dynamic Money Managers Securities Pvt. Ltd.,2026-04-27 14:31:24.742066,Citizens Bank International Limited
2026042701037226,CZBIL,41,44,95,209.0,19855.0,2026-04-27,188084552,348,Linch Stock Market Ltd.,Dynamic Money Managers Securities Pvt. Ltd.,2026-04-27 14:35:34.215214,Citizens Bank International Limited
2026042701038262,CZBIL,41,29,1500,208.4,312600.0,2026-04-27,188088184,348,Linch Stock Market Ltd.,Trisul Securities & Invt. Ltd.,2026-04-27 14:40:23.310570,Citizens Bank International Limited
2026042701038263,CZBIL,41,29,1490,208.3,310367.0,2026-04-27,188088185,348,Linch Stock Market Ltd.,Trisul Securities & Invt. Ltd.,2026-04-27 14:40:23.310993,Citizens Bank International Limited
2026042701038300,CZBIL,41,52,245,208.3,51033.5,2026-04-27,188088337,348,Linch Stock Market Ltd.,Sundhara Securities Limited,2026-04-27 14:40:36.638971,Citizens Bank International Limited
2026042701038392,CZBIL,41,4,14,208.3,2916.2,2026-04-27,188088679,348,Linch Stock Market Ltd.,Opal Securities Investment (PVT) Ltd.,2026-04-27 14:41:00.901282,Citizens Bank International Limited
2026042701038847,CZBIL,56,82,5,208.0,1040.0,2026-04-27,188090427,348,Sri Hari Securities Pvt. Ltd.,N.M.B. SECURITIES LIMITED,2026-04-27 14:43:19.043566,Citizens Bank International Limited
2026042701038978,CZBIL,41,26,1061,208.3,221006.3,2026-04-27,188090896,348,Linch Stock Market Ltd.,Asian Securities Private Ltd.,2026-04-27 14:43:48.287434,Citizens Bank International Limited
2026042701039090,CZBIL,64,59,20,208.2,4164.0,2026-04-27,188091415,348,SUN SECURITIES PVT LTD,Deevyaa Securities & Stock House Pvt. Ltd,2026-04-27 14:44:22.409929,Citizens Bank International Limited
2026042701039232,CZBIL,64,42,100,208.2,20820.0,2026-04-27,188092001,348,SUN SECURITIES PVT LTD,Sani Securities Company Ltd.,2026-04-27 14:45:07.683500,Citizens Bank International Limited
2026042701039547,CZBIL,64,26,869,208.2,180925.8,2026-04-27,188093245,348,SUN SECURITIES PVT LTD,Asian Securities Private Ltd.,2026-04-27 14:46:33.907062,Citizens Bank International Limited
2026042701040146,CZBIL,64,42,32,208.2,6662.4,2026-04-27,188095733,348,SUN SECURITIES PVT LTD,Sani Securities Company Ltd.,2026-04-27 14:48:56.876766,Citizens Bank International Limited
2026042701040917,CZBIL,19,18,76,208.5,15846.0,2026-04-27,188099148,348,Nepal Investment And Securities Trading Private Limited,Sagarmatha Securities Private Limited,2026-04-27 14:51:58.288517,Citizens Bank International Limited
2026042701040918,CZBIL,64,18,924,208.2,192376.8,2026-04-27,188099149,348,SUN SECURITIES PVT LTD,Sagarmatha Securities Private Limited,2026-04-27 14:51:58.288952,Citizens Bank International Limited
2026042701041185,CZBIL,64,4,300,208.2,62460.0,2026-04-27,188100623,348,SUN SECURITIES PVT LTD,Opal Securities Investment (PVT) Ltd.,2026-04-27 14:53:13.039698,Citizens Bank International Limited
2026042701041241,CZBIL,64,45,22,208.2,4580.4,2026-04-27,188100875,348,SUN SECURITIES PVT LTD,Imperial Securities Company Pvt. Ltd.,2026-04-27 14:53:24.253289,Citizens Bank International Limited
2026042701041507,CZBIL,64,22,90,208.2,18738.0,2026-04-27,188102221,348,SUN SECURITIES PVT LTD,Siprabi Securities Pvt. Ltd.,2026-04-27 14:54:28.194721,Citizens Bank International Limited
2026042701041739,CZBIL,64,13,200,208.2,41640.0,2026-04-27,188103227,348,SUN SECURITIES PVT LTD,Thrive Brokerage House Pvt. Ltd,2026-04-27 14:55:12.050203,Citizens Bank International Limited
2026042701041745,CZBIL,64,43,68,208.2,14157.6,2026-04-27,188103243,348,SUN SECURITIES PVT LTD,South Asian Bulls Pvt. Ltd.,2026-04-27 14:55:13.557451,Citizens Bank International Limited
2026042701041948,CZBIL,64,35,107,208.2,22277.4,2026-04-27,188104057,348,SUN SECURITIES PVT LTD,Kohinoor Investment & Securities Pvt. Ltd.,2026-04-27 14:55:51.338246,Citizens Bank International Limited
2026042701042648,CZBIL,88,39,66,208.3,13747.8,2026-04-27,188107303,348,Blue Chip Securities Ltd,Sumeru Securities Pvt. Ltd.,2026-04-27 14:57:38.496702,Citizens Bank International Limited
2026042701043992,CZBIL,32,11,51,208.4,10628.4,2026-04-27,188113148,348,Premier Securities Company Ltd.,Malla & Malla Stock Broking Company Pvt. Limited,2026-04-27 14:59:45.229036,Citizens Bank International Limited
2026042701043993,CZBIL,88,11,249,208.3,51866.7,2026-04-27,188113149,348,Blue Chip Securities Ltd,Malla & Malla Stock Broking Company Pvt. Limited,2026-04-27 14:59:45.229214,Citizens Bank International Limited
2026042701044077,CZBIL,22,59,100,208.9,20890.0,2026-04-27,188113608,348,Siprabi Securities Pvt. Ltd.,Deevyaa Securities & Stock House Pvt. Ltd,2026-04-27 14:59:52.071394,Citizens Bank International Limited
