contractId,stockSymbol,buyerMemberId,sellerMemberId,quantity,rate,amount,businessDate,tradeBookId,stockId,buyerBrokerName,sellerBrokerName,transaction_time,securityName
2026042703000503,GBBL,37,26,10,414.0,4140.0,2026-04-27,187970696,417,Swarna Laxmi Securities Pvt. Ltd.,Asian Securities Private Ltd.,2026-04-27 11:20:17.672151,Garima Bikas Bank Limited
2026042703000594,GBBL,50,51,20,414.0,8280.0,2026-04-27,187973392,417,Cristal Kanchanjanga Securites Pvt. Ltd.,Oxford Securities Pvt. Ltd.,2026-04-27 11:23:43.405366,Garima Bikas Bank Limited
2026042703000602,GBBL,28,51,10,414.0,4140.0,2026-04-27,187973920,417,Shree Krishna Securities Ltd.,Oxford Securities Pvt. Ltd.,2026-04-27 11:24:25.267482,Garima Bikas Bank Limited
2026042703000631,GBBL,4,47,27,408.1,11018.7,2026-04-27,187974556,417,Opal Securities Investment (PVT) Ltd.,Neev Securities Pvt. Ltd.,2026-04-27 11:25:19.870111,Garima Bikas Bank Limited
2026042703000632,GBBL,66,47,25,408.0,10200.0,2026-04-27,187974558,417,Miyo Securities Pvt Ltd,Neev Securities Pvt. Ltd.,2026-04-27 11:25:19.870280,Garima Bikas Bank Limited
2026042703000633,GBBL,58,47,26,407.5,10595.0,2026-04-27,187974560,417,Naasa Securities Co. Ltd.,Neev Securities Pvt. Ltd.,2026-04-27 11:25:19.870397,Garima Bikas Bank Limited
2026042703000634,GBBL,42,47,17,407.0,6919.0,2026-04-27,187974562,417,Sani Securities Company Ltd.,Neev Securities Pvt. Ltd.,2026-04-27 11:25:19.870522,Garima Bikas Bank Limited
2026042703000635,GBBL,72,47,135,406.0,54810.0,2026-04-27,187974563,417,Hatemalo Financial Services Private Limited,Neev Securities Pvt. Ltd.,2026-04-27 11:25:19.870644,Garima Bikas Bank Limited
2026042703000883,GBBL,72,4,65,406.0,26390.0,2026-04-27,187981782,417,Hatemalo Financial Services Private Limited,Opal Securities Investment (PVT) Ltd.,2026-04-27 11:34:42.136916,Garima Bikas Bank Limited
2026042703000963,GBBL,42,1,50,410.0,20500.0,2026-04-27,187984228,417,Sani Securities Company Ltd.,Kumari Securities Private Limited,2026-04-27 11:37:56.308720,Garima Bikas Bank Limited
2026042703001137,GBBL,54,1,10,410.0,4100.0,2026-04-27,187987510,417,Sewa Securities Pvt. Ltd.,Kumari Securities Private Limited,2026-04-27 11:42:52.636555,Garima Bikas Bank Limited
2026042703001462,GBBL,54,1,40,410.0,16400.0,2026-04-27,187996145,417,Sewa Securities Pvt. Ltd.,Kumari Securities Private Limited,2026-04-27 11:55:59.460158,Garima Bikas Bank Limited
2026042703001463,GBBL,54,49,60,410.0,24600.0,2026-04-27,187996148,417,Sewa Securities Pvt. Ltd.,Online Securities Pvt. Ltd.,2026-04-27 11:55:59.460406,Garima Bikas Bank Limited
2026042703001650,GBBL,35,32,100,410.0,41000.0,2026-04-27,188001828,417,Kohinoor Investment & Securities Pvt. Ltd.,Premier Securities Company Ltd.,2026-04-27 12:06:33.896076,Garima Bikas Bank Limited
2026042703001651,GBBL,58,32,45,409.0,18405.0,2026-04-27,188001830,417,Naasa Securities Co. Ltd.,Premier Securities Company Ltd.,2026-04-27 12:06:33.896254,Garima Bikas Bank Limited
2026042703001652,GBBL,22,32,50,409.0,20450.0,2026-04-27,188001832,417,Siprabi Securities Pvt. Ltd.,Premier Securities Company Ltd.,2026-04-27 12:06:33.896308,Garima Bikas Bank Limited
2026042703001653,GBBL,42,32,268,407.0,109076.0,2026-04-27,188001834,417,Sani Securities Company Ltd.,Premier Securities Company Ltd.,2026-04-27 12:06:33.896356,Garima Bikas Bank Limited
2026042703001654,GBBL,82,32,191,407.0,77737.0,2026-04-27,188001836,417,N.M.B. SECURITIES LIMITED,Premier Securities Company Ltd.,2026-04-27 12:06:33.896427,Garima Bikas Bank Limited
2026042703001655,GBBL,82,32,108,407.0,43956.0,2026-04-27,188001838,417,N.M.B. SECURITIES LIMITED,Premier Securities Company Ltd.,2026-04-27 12:06:33.896488,Garima Bikas Bank Limited
2026042703001656,GBBL,82,32,200,407.0,81400.0,2026-04-27,188001840,417,N.M.B. SECURITIES LIMITED,Premier Securities Company Ltd.,2026-04-27 12:06:33.896529,Garima Bikas Bank Limited
2026042703001663,GBBL,26,38,1,400.0,400.0,2026-04-27,188002033,417,Asian Securities Private Ltd.,Dipshikha Dhitopatra Karobar Co. Pvt Ltd.,2026-04-27 12:06:48.966920,Garima Bikas Bank Limited
2026042703001682,GBBL,57,32,138,407.0,56166.0,2026-04-27,188002707,417,Aryatara Investment & Securities,Premier Securities Company Ltd.,2026-04-27 12:08:28.287157,Garima Bikas Bank Limited
2026042703001683,GBBL,57,29,30,407.0,12210.0,2026-04-27,188002709,417,Aryatara Investment & Securities,Trisul Securities & Invt. Ltd.,2026-04-27 12:08:28.287487,Garima Bikas Bank Limited
2026042703001949,GBBL,57,7,60,407.0,24420.0,2026-04-27,188009881,417,Aryatara Investment & Securities,J.F. Securites (PVT) Ltd.,2026-04-27 12:21:51.418363,Garima Bikas Bank Limited
2026042703001960,GBBL,57,45,167,407.0,67969.0,2026-04-27,188010053,417,Aryatara Investment & Securities,Imperial Securities Company Pvt. Ltd.,2026-04-27 12:22:05.010240,Garima Bikas Bank Limited
2026042703002153,GBBL,45,64,10,410.0,4100.0,2026-04-27,188014494,417,Imperial Securities Company Pvt. Ltd.,SUN SECURITIES PVT LTD,2026-04-27 12:31:06.825247,Garima Bikas Bank Limited
2026042703002175,GBBL,57,43,22,407.0,8954.0,2026-04-27,188015083,417,Aryatara Investment & Securities,South Asian Bulls Pvt. Ltd.,2026-04-27 12:32:29.578537,Garima Bikas Bank Limited
2026042703002674,GBBL,57,43,46,407.0,18722.0,2026-04-27,188023877,417,Aryatara Investment & Securities,South Asian Bulls Pvt. Ltd.,2026-04-27 12:50:10.699200,Garima Bikas Bank Limited
2026042703002704,GBBL,47,25,10,409.7,4097.0,2026-04-27,188024300,417,Neev Securities Pvt. Ltd.,Sweta Securities Private Limited,2026-04-27 12:51:08.465830,Garima Bikas Bank Limited
2026042703003357,GBBL,77,58,10,409.0,4090.0,2026-04-27,188033418,417,Nabil Stock Dealer Ltd.,Naasa Securities Co. Ltd.,2026-04-27 13:09:16.398911,Garima Bikas Bank Limited
2026042703003406,GBBL,17,58,200,409.0,81800.0,2026-04-27,188034006,417,ABC Securities Private Limited,Naasa Securities Co. Ltd.,2026-04-27 13:10:22.238622,Garima Bikas Bank Limited
2026042703003431,GBBL,20,14,1880,407.5,766100.0,2026-04-27,188034197,417,Sipla Securities Private Limited,Nepal Stock House (PVT) Ltd.,2026-04-27 13:10:54.002004,Garima Bikas Bank Limited
2026042703003460,GBBL,20,28,40,407.5,16300.0,2026-04-27,188034669,417,Sipla Securities Private Limited,Shree Krishna Securities Ltd.,2026-04-27 13:11:59.204630,Garima Bikas Bank Limited
2026042703003668,GBBL,47,58,10,409.0,4090.0,2026-04-27,188039474,417,Neev Securities Pvt. Ltd.,Naasa Securities Co. Ltd.,2026-04-27 13:21:17.655033,Garima Bikas Bank Limited
2026042703003712,GBBL,45,57,20,409.0,8180.0,2026-04-27,188041283,417,Imperial Securities Company Pvt. Ltd.,Aryatara Investment & Securities,2026-04-27 13:23:38.030649,Garima Bikas Bank Limited
2026042703003713,GBBL,45,25,75,409.7,30727.5,2026-04-27,188041286,417,Imperial Securities Company Pvt. Ltd.,Sweta Securities Private Limited,2026-04-27 13:23:38.030868,Garima Bikas Bank Limited
2026042703004605,GBBL,58,25,10,409.7,4097.0,2026-04-27,188059550,417,Naasa Securities Co. Ltd.,Sweta Securities Private Limited,2026-04-27 13:56:27.776442,Garima Bikas Bank Limited
2026042703004715,GBBL,1,25,10,409.7,4097.0,2026-04-27,188061162,417,Kumari Securities Private Limited,Sweta Securities Private Limited,2026-04-27 13:59:45.724876,Garima Bikas Bank Limited
2026042703004808,GBBL,20,25,58,407.5,23635.0,2026-04-27,188063175,417,Sipla Securities Private Limited,Sweta Securities Private Limited,2026-04-27 14:03:48.913856,Garima Bikas Bank Limited
2026042703005079,GBBL,26,57,14,408.0,5712.0,2026-04-27,188068487,417,Asian Securities Private Ltd.,Aryatara Investment & Securities,2026-04-27 14:12:37.678420,Garima Bikas Bank Limited
2026042703005133,GBBL,20,83,22,407.5,8965.0,2026-04-27,188069896,417,Sipla Securities Private Limited,Sanima Securities Limited,2026-04-27 14:15:04.108431,Garima Bikas Bank Limited
2026042703005134,GBBL,72,83,100,407.5,40750.0,2026-04-27,188069898,417,Hatemalo Financial Services Private Limited,Sanima Securities Limited,2026-04-27 14:15:04.108605,Garima Bikas Bank Limited
2026042703005135,GBBL,59,83,400,407.1,162840.0,2026-04-27,188069900,417,Deevyaa Securities & Stock House Pvt. Ltd,Sanima Securities Limited,2026-04-27 14:15:04.108669,Garima Bikas Bank Limited
2026042703005136,GBBL,57,83,37,407.0,15059.0,2026-04-27,188069902,417,Aryatara Investment & Securities,Sanima Securities Limited,2026-04-27 14:15:04.108733,Garima Bikas Bank Limited
2026042703005137,GBBL,53,83,10,407.0,4070.0,2026-04-27,188069904,417,Investment Management Nepal Pvt. Ltd.,Sanima Securities Limited,2026-04-27 14:15:04.108793,Garima Bikas Bank Limited
2026042703005138,GBBL,5,83,20,407.0,8140.0,2026-04-27,188069906,417,Market Securities & Exchange (PVT) Ltd.,Sanima Securities Limited,2026-04-27 14:15:04.108855,Garima Bikas Bank Limited
2026042703005139,GBBL,6,83,49,406.7,19928.3,2026-04-27,188069908,417,Agrawal Securities (PVT) Ltd.,Sanima Securities Limited,2026-04-27 14:15:04.108914,Garima Bikas Bank Limited
2026042703005140,GBBL,18,83,494,406.6,200860.4,2026-04-27,188069909,417,Sagarmatha Securities Private Limited,Sanima Securities Limited,2026-04-27 14:15:04.108974,Garima Bikas Bank Limited
2026042703005398,GBBL,45,49,22,407.2,8958.4,2026-04-27,188074930,417,Imperial Securities Company Pvt. Ltd.,Online Securities Pvt. Ltd.,2026-04-27 14:22:51.481263,Garima Bikas Bank Limited
2026042703005399,GBBL,42,49,100,407.1,40710.0,2026-04-27,188074932,417,Sani Securities Company Ltd.,Online Securities Pvt. Ltd.,2026-04-27 14:22:51.481559,Garima Bikas Bank Limited
2026042703005400,GBBL,17,49,378,407.0,153846.0,2026-04-27,188074933,417,ABC Securities Private Limited,Online Securities Pvt. Ltd.,2026-04-27 14:22:51.481740,Garima Bikas Bank Limited
2026042703005401,GBBL,13,57,4,403.0,1612.0,2026-04-27,188074935,417,Thrive Brokerage House Pvt. Ltd,Aryatara Investment & Securities,2026-04-27 14:22:51.714046,Garima Bikas Bank Limited
2026042703005465,GBBL,13,25,1,405.0,405.0,2026-04-27,188076087,417,Thrive Brokerage House Pvt. Ltd,Sweta Securities Private Limited,2026-04-27 14:24:14.237586,Garima Bikas Bank Limited
2026042703005538,GBBL,17,51,70,407.0,28490.0,2026-04-27,188077355,417,ABC Securities Private Limited,Oxford Securities Pvt. Ltd.,2026-04-27 14:25:23.157847,Garima Bikas Bank Limited
2026042703005586,GBBL,17,49,52,407.0,21164.0,2026-04-27,188078136,417,ABC Securities Private Limited,Online Securities Pvt. Ltd.,2026-04-27 14:26:25.066112,Garima Bikas Bank Limited
2026042703005587,GBBL,16,49,39,407.0,15873.0,2026-04-27,188078137,417,Primo Securities (PVT) Ltd.,Online Securities Pvt. Ltd.,2026-04-27 14:26:25.066270,Garima Bikas Bank Limited
2026042703005598,GBBL,39,52,83,407.9,33855.7,2026-04-27,188078378,417,Sumeru Securities Pvt. Ltd.,Sundhara Securities Limited,2026-04-27 14:26:42.935283,Garima Bikas Bank Limited
2026042703005638,GBBL,42,49,100,407.0,40700.0,2026-04-27,188078923,417,Sani Securities Company Ltd.,Online Securities Pvt. Ltd.,2026-04-27 14:27:22.136999,Garima Bikas Bank Limited
2026042703005733,GBBL,58,49,100,407.0,40700.0,2026-04-27,188080738,417,Naasa Securities Co. Ltd.,Online Securities Pvt. Ltd.,2026-04-27 14:29:59.424573,Garima Bikas Bank Limited
2026042703005734,GBBL,57,49,10,407.0,4070.0,2026-04-27,188080739,417,Aryatara Investment & Securities,Online Securities Pvt. Ltd.,2026-04-27 14:29:59.424863,Garima Bikas Bank Limited
2026042703005772,GBBL,52,49,300,406.7,122010.0,2026-04-27,188081663,417,Sundhara Securities Limited,Online Securities Pvt. Ltd.,2026-04-27 14:31:27.856656,Garima Bikas Bank Limited
2026042703005846,GBBL,18,44,486,406.6,197607.6,2026-04-27,188082937,417,Sagarmatha Securities Private Limited,Dynamic Money Managers Securities Pvt. Ltd.,2026-04-27 14:33:16.347465,Garima Bikas Bank Limited
2026042703005862,GBBL,18,49,500,406.6,203300.0,2026-04-27,188083137,417,Sagarmatha Securities Private Limited,Online Securities Pvt. Ltd.,2026-04-27 14:33:32.380458,Garima Bikas Bank Limited
2026042703005926,GBBL,45,49,50,407.0,20350.0,2026-04-27,188084562,417,Imperial Securities Company Pvt. Ltd.,Online Securities Pvt. Ltd.,2026-04-27 14:35:35.222767,Garima Bikas Bank Limited
2026042703005927,GBBL,18,49,541,406.6,219970.6,2026-04-27,188084563,417,Sagarmatha Securities Private Limited,Online Securities Pvt. Ltd.,2026-04-27 14:35:35.222964,Garima Bikas Bank Limited
2026042703005948,GBBL,18,21,786,406.6,319587.6,2026-04-27,188085151,417,Sagarmatha Securities Private Limited,Midas Stock Broking Company Private Limited,2026-04-27 14:36:26.727105,Garima Bikas Bank Limited
2026042703005996,GBBL,18,49,193,406.6,78473.8,2026-04-27,188086536,417,Sagarmatha Securities Private Limited,Online Securities Pvt. Ltd.,2026-04-27 14:38:16.728593,Garima Bikas Bank Limited
2026042703005997,GBBL,20,49,807,406.5,328045.5,2026-04-27,188086537,417,Sipla Securities Private Limited,Online Securities Pvt. Ltd.,2026-04-27 14:38:16.728745,Garima Bikas Bank Limited
2026042703006014,GBBL,42,45,30,407.0,12210.0,2026-04-27,188087016,417,Sani Securities Company Ltd.,Imperial Securities Company Pvt. Ltd.,2026-04-27 14:38:58.142426,Garima Bikas Bank Limited
2026042703006045,GBBL,20,47,250,406.5,101625.0,2026-04-27,188087425,417,Sipla Securities Private Limited,Neev Securities Pvt. Ltd.,2026-04-27 14:39:34.570260,Garima Bikas Bank Limited
2026042703006049,GBBL,20,65,150,406.5,60975.0,2026-04-27,188087511,417,Sipla Securities Private Limited,Sharepro Securities Private Limited,2026-04-27 14:39:43.884633,Garima Bikas Bank Limited
2026042703006096,GBBL,20,50,60,406.5,24390.0,2026-04-27,188088787,417,Sipla Securities Private Limited,Cristal Kanchanjanga Securites Pvt. Ltd.,2026-04-27 14:41:12.456544,Garima Bikas Bank Limited
2026042703006113,GBBL,20,57,733,406.5,297964.5,2026-04-27,188088938,417,Sipla Securities Private Limited,Aryatara Investment & Securities,2026-04-27 14:41:20.612145,Garima Bikas Bank Limited
2026042703006114,GBBL,44,57,240,406.5,97560.0,2026-04-27,188088939,417,Dynamic Money Managers Securities Pvt. Ltd.,Aryatara Investment & Securities,2026-04-27 14:41:20.612443,Garima Bikas Bank Limited
2026042703006122,GBBL,35,57,500,406.0,203000.0,2026-04-27,188089104,417,Kohinoor Investment & Securities Pvt. Ltd.,Aryatara Investment & Securities,2026-04-27 14:41:31.497992,Garima Bikas Bank Limited
2026042703006123,GBBL,49,57,100,406.0,40600.0,2026-04-27,188089106,417,Online Securities Pvt. Ltd.,Aryatara Investment & Securities,2026-04-27 14:41:31.498198,Garima Bikas Bank Limited
2026042703006124,GBBL,41,57,100,406.0,40600.0,2026-04-27,188089108,417,Linch Stock Market Ltd.,Aryatara Investment & Securities,2026-04-27 14:41:31.498261,Garima Bikas Bank Limited
2026042703006125,GBBL,49,57,1000,406.0,406000.0,2026-04-27,188089110,417,Online Securities Pvt. Ltd.,Aryatara Investment & Securities,2026-04-27 14:41:31.498321,Garima Bikas Bank Limited
2026042703006126,GBBL,58,57,10,406.0,4060.0,2026-04-27,188089112,417,Naasa Securities Co. Ltd.,Aryatara Investment & Securities,2026-04-27 14:41:31.498377,Garima Bikas Bank Limited
2026042703006127,GBBL,89,57,60,406.0,24360.0,2026-04-27,188089114,417,Global IME Securities Limited,Aryatara Investment & Securities,2026-04-27 14:41:31.498437,Garima Bikas Bank Limited
2026042703006128,GBBL,19,57,200,406.0,81200.0,2026-04-27,188089115,417,Nepal Investment And Securities Trading Private Limited,Aryatara Investment & Securities,2026-04-27 14:41:31.498497,Garima Bikas Bank Limited
2026042703006223,GBBL,74,74,10,406.0,4060.0,2026-04-27,188091217,417,KALASH STOCK MARKET PVT. LTD.,KALASH STOCK MARKET PVT. LTD.,2026-04-27 14:44:10.370527,Garima Bikas Bank Limited
2026042703006388,GBBL,34,21,12,407.0,4884.0,2026-04-27,188094491,417,Vision Securities Pvt. Ltd,Midas Stock Broking Company Private Limited,2026-04-27 14:47:43.253229,Garima Bikas Bank Limited
2026042703006389,GBBL,34,52,42,407.9,17131.8,2026-04-27,188094493,417,Vision Securities Pvt. Ltd,Sundhara Securities Limited,2026-04-27 14:47:43.253320,Garima Bikas Bank Limited
2026042703006390,GBBL,34,49,100,408.0,40800.0,2026-04-27,188094495,417,Vision Securities Pvt. Ltd,Online Securities Pvt. Ltd.,2026-04-27 14:47:43.253349,Garima Bikas Bank Limited
2026042703006391,GBBL,34,34,20,409.0,8180.0,2026-04-27,188094497,417,Vision Securities Pvt. Ltd,Vision Securities Pvt. Ltd,2026-04-27 14:47:43.253373,Garima Bikas Bank Limited
2026042703006392,GBBL,34,26,187,409.0,76483.0,2026-04-27,188094499,417,Vision Securities Pvt. Ltd,Asian Securities Private Ltd.,2026-04-27 14:47:43.253413,Garima Bikas Bank Limited
2026042703006393,GBBL,34,64,90,410.0,36900.0,2026-04-27,188094501,417,Vision Securities Pvt. Ltd,SUN SECURITIES PVT LTD,2026-04-27 14:47:43.253453,Garima Bikas Bank Limited
2026042703006394,GBBL,34,16,106,410.0,43460.0,2026-04-27,188094503,417,Vision Securities Pvt. Ltd,Primo Securities (PVT) Ltd.,2026-04-27 14:47:43.253477,Garima Bikas Bank Limited
2026042703006395,GBBL,34,38,443,410.0,181630.0,2026-04-27,188094506,417,Vision Securities Pvt. Ltd,Dipshikha Dhitopatra Karobar Co. Pvt Ltd.,2026-04-27 14:47:43.253500,Garima Bikas Bank Limited
2026042703006760,GBBL,26,21,10,408.0,4080.0,2026-04-27,188100978,417,Asian Securities Private Ltd.,Midas Stock Broking Company Private Limited,2026-04-27 14:53:28.116682,Garima Bikas Bank Limited
2026042703006981,GBBL,33,6,900,406.1,365490.0,2026-04-27,188106468,417,Dakshinkali Investment & Securities Pvt. Ltd.,Agrawal Securities (PVT) Ltd.,2026-04-27 14:57:09.956436,Garima Bikas Bank Limited
2026042703006982,GBBL,74,6,109,406.0,44254.0,2026-04-27,188106469,417,KALASH STOCK MARKET PVT. LTD.,Agrawal Securities (PVT) Ltd.,2026-04-27 14:57:09.956480,Garima Bikas Bank Limited
2026042703007158,GBBL,74,49,90,406.0,36540.0,2026-04-27,188110174,417,KALASH STOCK MARKET PVT. LTD.,Online Securities Pvt. Ltd.,2026-04-27 14:58:59.333721,Garima Bikas Bank Limited
