contract_id,symbol,buyer_member_id,seller_member_id,volume,price,amount,buyer_broker,seller_broker,transaction_time
2026042701001089,GBIME,42,41,10,232.5,2325.0,Sani Securities Company Ltd.,Linch Stock Market Ltd.,2026-04-27 11:03:58.478563
2026042701001941,GBIME,43,62,26,234.0,6084.0,South Asian Bulls Pvt. Ltd.,Capital Max Securities Ltd,2026-04-27 11:07:14.901954
2026042701001962,GBIME,76,62,10,234.0,2340.0,Machhapuchchhre Securities Limited,Capital Max Securities Ltd,2026-04-27 11:07:20.048065
2026042701002382,GBIME,58,37,122,233.9,28535.8,Naasa Securities Co. Ltd.,Swarna Laxmi Securities Pvt. Ltd.,2026-04-27 11:08:17.903895
2026042701002383,GBIME,58,62,178,234.0,41652.0,Naasa Securities Co. Ltd.,Capital Max Securities Ltd,2026-04-27 11:08:17.903964
2026042701002746,GBIME,48,62,50,234.0,11700.0,Trishakti Securities Public Limited,Capital Max Securities Ltd,2026-04-27 11:09:06.205789
2026042701002838,GBIME,51,62,10,234.0,2340.0,Oxford Securities Pvt. Ltd.,Capital Max Securities Ltd,2026-04-27 11:09:17.258509
2026042701003712,GBIME,4,62,115,234.0,26910.0,Opal Securities Investment (PVT) Ltd.,Capital Max Securities Ltd,2026-04-27 11:11:20.130284
2026042701003802,GBIME,14,62,50,234.0,11700.0,Nepal Stock House (PVT) Ltd.,Capital Max Securities Ltd,2026-04-27 11:11:36.008186
2026042701004310,GBIME,14,62,20,234.0,4680.0,Nepal Stock House (PVT) Ltd.,Capital Max Securities Ltd,2026-04-27 11:13:23.203916
2026042701004657,GBIME,4,62,40,234.0,9360.0,Opal Securities Investment (PVT) Ltd.,Capital Max Securities Ltd,2026-04-27 11:14:36.536675
2026042701004986,GBIME,57,53,40,234.0,9360.0,Aryatara Investment & Securities,Investment Management Nepal Pvt. Ltd.,2026-04-27 11:15:44.201776
2026042701005038,GBIME,3,42,14,233.5,3269.0,Arun Securities (PVT) Ltd.,Sani Securities Company Ltd.,2026-04-27 11:15:52.316123
2026042701005130,GBIME,34,53,160,234.0,37440.0,Vision Securities Pvt. Ltd,Investment Management Nepal Pvt. Ltd.,2026-04-27 11:16:12.430170
2026042701005613,GBIME,18,16,200,234.5,46900.0,Sagarmatha Securities Private Limited,Primo Securities (PVT) Ltd.,2026-04-27 11:17:53.290579
2026042701006729,GBIME,58,58,200,234.8,46960.0,Naasa Securities Co. Ltd.,Naasa Securities Co. Ltd.,2026-04-27 11:22:12.536877
2026042701006730,GBIME,58,36,60,234.9,14094.0,Naasa Securities Co. Ltd.,Secured Securities Ltd.,2026-04-27 11:22:12.537132
2026042701006970,GBIME,58,7,1,228.0,228.0,Naasa Securities Co. Ltd.,J.F. Securites (PVT) Ltd.,2026-04-27 11:23:06.628730
2026042701007075,GBIME,72,36,30,234.9,7047.0,Hatemalo Financial Services Private Limited,Secured Securities Ltd.,2026-04-27 11:23:34.651140
2026042701007472,GBIME,3,36,10,234.9,2349.0,Arun Securities (PVT) Ltd.,Secured Securities Ltd.,2026-04-27 11:25:10.272505
2026042701007475,GBIME,3,49,65,234.9,15268.5,Arun Securities (PVT) Ltd.,Online Securities Pvt. Ltd.,2026-04-27 11:25:11.027957
2026042701007476,GBIME,6,49,55,234.5,12897.5,Agrawal Securities (PVT) Ltd.,Online Securities Pvt. Ltd.,2026-04-27 11:25:11.028124
2026042701007477,GBIME,62,49,10,234.5,2345.0,Capital Max Securities Ltd,Online Securities Pvt. Ltd.,2026-04-27 11:25:11.028181
2026042701007478,GBIME,22,49,47,234.5,11021.5,Siprabi Securities Pvt. Ltd.,Online Securities Pvt. Ltd.,2026-04-27 11:25:11.028253
2026042701007479,GBIME,48,49,340,234.1,79594.0,Trishakti Securities Public Limited,Online Securities Pvt. Ltd.,2026-04-27 11:25:11.028311
2026042701007610,GBIME,48,35,124,234.1,29028.4,Trishakti Securities Public Limited,Kohinoor Investment & Securities Pvt. Ltd.,2026-04-27 11:25:47.443030
2026042701007908,GBIME,34,49,10,234.2,2342.0,Vision Securities Pvt. Ltd,Online Securities Pvt. Ltd.,2026-04-27 11:27:07.668882
2026042701008034,GBIME,34,45,10,234.2,2342.0,Vision Securities Pvt. Ltd,Imperial Securities Company Pvt. Ltd.,2026-04-27 11:27:43.715512
2026042701008451,GBIME,34,94,10,234.2,2342.0,Vision Securities Pvt. Ltd,K.B.L. Securities Limited ,2026-04-27 11:29:27.379986
2026042701008591,GBIME,34,14,10,234.2,2342.0,Vision Securities Pvt. Ltd,Nepal Stock House (PVT) Ltd.,2026-04-27 11:30:11.405960
2026042701008592,GBIME,48,14,536,234.1,125477.6,Trishakti Securities Public Limited,Nepal Stock House (PVT) Ltd.,2026-04-27 11:30:11.406254
2026042701008593,GBIME,53,14,200,234.1,46820.0,Investment Management Nepal Pvt. Ltd.,Nepal Stock House (PVT) Ltd.,2026-04-27 11:30:11.406430
2026042701008594,GBIME,34,14,254,234.0,59436.0,Vision Securities Pvt. Ltd,Nepal Stock House (PVT) Ltd.,2026-04-27 11:30:11.406617
2026042701008614,GBIME,76,46,10,235.0,2350.0,Machhapuchchhre Securities Limited,Kalika Securities Pvt. Ltd.,2026-04-27 11:30:14.799668
2026042701009195,GBIME,34,28,1586,234.0,371124.0,Vision Securities Pvt. Ltd,Shree Krishna Securities Ltd.,2026-04-27 11:33:20.211169
2026042701009196,GBIME,58,28,100,234.0,23400.0,Naasa Securities Co. Ltd.,Shree Krishna Securities Ltd.,2026-04-27 11:33:20.211324
2026042701009197,GBIME,49,28,100,234.0,23400.0,Online Securities Pvt. Ltd.,Shree Krishna Securities Ltd.,2026-04-27 11:33:20.211381
2026042701009214,GBIME,54,28,30,234.0,7020.0,Sewa Securities Pvt. Ltd.,Shree Krishna Securities Ltd.,2026-04-27 11:33:25.326712
2026042701009937,GBIME,58,28,30,234.0,7020.0,Naasa Securities Co. Ltd.,Shree Krishna Securities Ltd.,2026-04-27 11:36:43.467114
2026042701010171,GBIME,57,28,35,234.0,8190.0,Aryatara Investment & Securities,Shree Krishna Securities Ltd.,2026-04-27 11:37:51.983034
2026042701010252,GBIME,58,28,25,234.0,5850.0,Naasa Securities Co. Ltd.,Shree Krishna Securities Ltd.,2026-04-27 11:38:20.595558
2026042701010536,GBIME,48,57,80,233.5,18680.0,Trishakti Securities Public Limited,Aryatara Investment & Securities,2026-04-27 11:39:42.926760
2026042701010537,GBIME,58,57,43,233.1,10023.3,Naasa Securities Co. Ltd.,Aryatara Investment & Securities,2026-04-27 11:39:42.926803
2026042701010538,GBIME,43,57,40,233.0,9320.0,South Asian Bulls Pvt. Ltd.,Aryatara Investment & Securities,2026-04-27 11:39:42.926852
2026042701010539,GBIME,59,57,10,233.0,2330.0,Deevyaa Securities & Stock House Pvt. Ltd,Aryatara Investment & Securities,2026-04-27 11:39:42.926878
2026042701010540,GBIME,58,57,121,232.6,28144.6,Naasa Securities Co. Ltd.,Aryatara Investment & Securities,2026-04-27 11:39:42.926917
2026042701010541,GBIME,42,57,131,232.5,30457.5,Sani Securities Company Ltd.,Aryatara Investment & Securities,2026-04-27 11:39:42.926945
2026042701010634,GBIME,76,28,10,234.0,2340.0,Machhapuchchhre Securities Limited,Shree Krishna Securities Ltd.,2026-04-27 11:40:14.306752
2026042701010738,GBIME,42,77,20,232.5,4650.0,Sani Securities Company Ltd.,Nabil Stock Dealer Ltd.,2026-04-27 11:40:54.949364
2026042701011041,GBIME,58,28,10,234.0,2340.0,Naasa Securities Co. Ltd.,Shree Krishna Securities Ltd.,2026-04-27 11:42:10.865596
2026042701011650,GBIME,36,28,30,234.0,7020.0,Secured Securities Ltd.,Shree Krishna Securities Ltd.,2026-04-27 11:45:35.825734
2026042701011906,GBIME,34,39,10,233.0,2330.0,Vision Securities Pvt. Ltd,Sumeru Securities Pvt. Ltd.,2026-04-27 11:46:57.992948
2026042701011907,GBIME,34,39,90,233.0,20970.0,Vision Securities Pvt. Ltd,Sumeru Securities Pvt. Ltd.,2026-04-27 11:46:57.993136
2026042701011954,GBIME,62,28,65,234.0,15210.0,Capital Max Securities Ltd,Shree Krishna Securities Ltd.,2026-04-27 11:47:09.882991
2026042701011986,GBIME,58,28,10,234.0,2340.0,Naasa Securities Co. Ltd.,Shree Krishna Securities Ltd.,2026-04-27 11:47:20.432217
2026042701012430,GBIME,49,28,84,234.0,19656.0,Online Securities Pvt. Ltd.,Shree Krishna Securities Ltd.,2026-04-27 11:49:37.382789
2026042701012514,GBIME,34,58,10,233.0,2330.0,Vision Securities Pvt. Ltd,Naasa Securities Co. Ltd.,2026-04-27 11:50:09.015965
2026042701012515,GBIME,6,58,90,233.0,20970.0,Agrawal Securities (PVT) Ltd.,Naasa Securities Co. Ltd.,2026-04-27 11:50:09.016299
2026042701012711,GBIME,63,58,10,233.9,2339.0,Himalayan Brokerage Company Limited,Naasa Securities Co. Ltd.,2026-04-27 11:51:06.330828
2026042701012973,GBIME,22,28,40,234.0,9360.0,Siprabi Securities Pvt. Ltd.,Shree Krishna Securities Ltd.,2026-04-27 11:51:45.113902
2026042701013015,GBIME,63,19,30,233.9,7017.0,Himalayan Brokerage Company Limited,Nepal Investment And Securities Trading Private Limited,2026-04-27 11:52:01.085755
2026042701013299,GBIME,6,25,10,233.0,2330.0,Agrawal Securities (PVT) Ltd.,Sweta Securities Private Limited,2026-04-27 11:53:06.721136
2026042701013791,GBIME,14,44,50,233.8,11690.0,Nepal Stock House (PVT) Ltd.,Dynamic Money Managers Securities Pvt. Ltd.,2026-04-27 11:55:28.911884
2026042701013916,GBIME,44,4,2,232.5,465.0,Dynamic Money Managers Securities Pvt. Ltd.,Opal Securities Investment (PVT) Ltd.,2026-04-27 11:56:18.438369
2026042701014069,GBIME,42,44,50,233.8,11690.0,Sani Securities Company Ltd.,Dynamic Money Managers Securities Pvt. Ltd.,2026-04-27 11:56:55.367131
2026042701014117,GBIME,41,58,44,233.5,10274.0,Linch Stock Market Ltd.,Naasa Securities Co. Ltd.,2026-04-27 11:57:12.475972
2026042701014118,GBIME,49,58,56,233.1,13053.6,Online Securities Pvt. Ltd.,Naasa Securities Co. Ltd.,2026-04-27 11:57:12.476179
2026042701014385,GBIME,76,44,10,233.8,2338.0,Machhapuchchhre Securities Limited,Dynamic Money Managers Securities Pvt. Ltd.,2026-04-27 11:58:31.028743
2026042701014644,GBIME,49,25,50,233.1,11655.0,Online Securities Pvt. Ltd.,Sweta Securities Private Limited,2026-04-27 12:00:01.926314
2026042701014710,GBIME,76,21,10,233.5,2335.0,Machhapuchchhre Securities Limited,Midas Stock Broking Company Private Limited,2026-04-27 12:00:28.250663
2026042701014869,GBIME,49,53,16,233.1,3729.6,Online Securities Pvt. Ltd.,Investment Management Nepal Pvt. Ltd.,2026-04-27 12:01:26.302942
2026042701014895,GBIME,49,58,28,233.1,6526.8,Online Securities Pvt. Ltd.,Naasa Securities Co. Ltd.,2026-04-27 12:01:34.220550
2026042701014896,GBIME,41,58,100,233.1,23310.0,Linch Stock Market Ltd.,Naasa Securities Co. Ltd.,2026-04-27 12:01:34.220792
2026042701014897,GBIME,34,58,30,233.0,6990.0,Vision Securities Pvt. Ltd,Naasa Securities Co. Ltd.,2026-04-27 12:01:34.220894
2026042701014898,GBIME,43,58,53,233.0,12349.0,South Asian Bulls Pvt. Ltd.,Naasa Securities Co. Ltd.,2026-04-27 12:01:34.220991
2026042701014956,GBIME,43,58,32,233.0,7456.0,South Asian Bulls Pvt. Ltd.,Naasa Securities Co. Ltd.,2026-04-27 12:02:02.837304
2026042701015050,GBIME,43,1,15,233.0,3495.0,South Asian Bulls Pvt. Ltd.,Kumari Securities Private Limited,2026-04-27 12:02:46.527727
2026042701015051,GBIME,42,1,50,233.0,11650.0,Sani Securities Company Ltd.,Kumari Securities Private Limited,2026-04-27 12:02:46.528113
2026042701015052,GBIME,42,1,35,233.0,8155.0,Sani Securities Company Ltd.,Kumari Securities Private Limited,2026-04-27 12:02:46.528369
2026042701015053,GBIME,34,1,10,233.0,2330.0,Vision Securities Pvt. Ltd,Kumari Securities Private Limited,2026-04-27 12:02:46.528623
2026042701015054,GBIME,58,1,40,233.0,9320.0,Naasa Securities Co. Ltd.,Kumari Securities Private Limited,2026-04-27 12:02:46.528878
2026042701015055,GBIME,58,1,65,233.0,15145.0,Naasa Securities Co. Ltd.,Kumari Securities Private Limited,2026-04-27 12:02:46.529153
2026042701015056,GBIME,48,1,85,233.0,19805.0,Trishakti Securities Public Limited,Kumari Securities Private Limited,2026-04-27 12:02:46.529417
2026042701015167,GBIME,58,21,40,233.5,9340.0,Naasa Securities Co. Ltd.,Midas Stock Broking Company Private Limited,2026-04-27 12:03:39.586479
2026042701015169,GBIME,58,1,10,233.5,2335.0,Naasa Securities Co. Ltd.,Kumari Securities Private Limited,2026-04-27 12:03:40.710182
2026042701015170,GBIME,48,1,115,233.0,26795.0,Trishakti Securities Public Limited,Kumari Securities Private Limited,2026-04-27 12:03:40.710611
2026042701015267,GBIME,13,57,10,232.9,2329.0,Thrive Brokerage House Pvt. Ltd,Aryatara Investment & Securities,2026-04-27 12:04:21.641377
2026042701015462,GBIME,58,43,8,231.0,1848.0,Naasa Securities Co. Ltd.,South Asian Bulls Pvt. Ltd.,2026-04-27 12:05:16.699751
2026042701015571,GBIME,38,1,90,233.0,20970.0,Dipshikha Dhitopatra Karobar Co. Pvt Ltd.,Kumari Securities Private Limited,2026-04-27 12:06:08.578564
2026042701015607,GBIME,53,1,30,233.0,6990.0,Investment Management Nepal Pvt. Ltd.,Kumari Securities Private Limited,2026-04-27 12:06:27.390070
2026042701015656,GBIME,58,1,10,233.0,2330.0,Naasa Securities Co. Ltd.,Kumari Securities Private Limited,2026-04-27 12:06:49.431979
2026042701015808,GBIME,62,1,20,233.0,4660.0,Capital Max Securities Ltd,Kumari Securities Private Limited,2026-04-27 12:08:01.435113
2026042701015840,GBIME,34,1,170,233.0,39610.0,Vision Securities Pvt. Ltd,Kumari Securities Private Limited,2026-04-27 12:08:19.376294
2026042701015859,GBIME,34,42,30,233.0,6990.0,Vision Securities Pvt. Ltd,Sani Securities Company Ltd.,2026-04-27 12:08:30.828384
2026042701015923,GBIME,49,42,10,233.0,2330.0,Online Securities Pvt. Ltd.,Sani Securities Company Ltd.,2026-04-27 12:08:39.363190
2026042701015995,GBIME,13,4,175,232.9,40757.5,Thrive Brokerage House Pvt. Ltd,Opal Securities Investment (PVT) Ltd.,2026-04-27 12:09:11.604209
2026042701016000,GBIME,44,42,50,233.0,11650.0,Dynamic Money Managers Securities Pvt. Ltd.,Sani Securities Company Ltd.,2026-04-27 12:09:15.238684
2026042701016050,GBIME,58,42,10,233.0,2330.0,Naasa Securities Co. Ltd.,Sani Securities Company Ltd.,2026-04-27 12:09:36.946990
2026042701016089,GBIME,13,49,109,232.9,25386.1,Thrive Brokerage House Pvt. Ltd,Online Securities Pvt. Ltd.,2026-04-27 12:09:52.482000
2026042701016219,GBIME,76,44,10,233.8,2338.0,Machhapuchchhre Securities Limited,Dynamic Money Managers Securities Pvt. Ltd.,2026-04-27 12:11:07.983565
2026042701016313,GBIME,58,44,15,233.8,3507.0,Naasa Securities Co. Ltd.,Dynamic Money Managers Securities Pvt. Ltd.,2026-04-27 12:11:48.672287
2026042701016349,GBIME,58,44,10,233.8,2338.0,Naasa Securities Co. Ltd.,Dynamic Money Managers Securities Pvt. Ltd.,2026-04-27 12:12:07.131849
2026042701016550,GBIME,34,6,31,233.6,7241.6,Vision Securities Pvt. Ltd,Agrawal Securities (PVT) Ltd.,2026-04-27 12:13:30.691837
2026042701016734,GBIME,49,44,20,233.8,4676.0,Online Securities Pvt. Ltd.,Dynamic Money Managers Securities Pvt. Ltd.,2026-04-27 12:14:32.503818
2026042701016860,GBIME,58,36,10,233.7,2337.0,Naasa Securities Co. Ltd.,Secured Securities Ltd.,2026-04-27 12:15:39.893574
2026042701016871,GBIME,34,21,50,233.6,11680.0,Vision Securities Pvt. Ltd,Midas Stock Broking Company Private Limited,2026-04-27 12:15:46.702429
2026042701017107,GBIME,58,44,133,233.8,31095.4,Naasa Securities Co. Ltd.,Dynamic Money Managers Securities Pvt. Ltd.,2026-04-27 12:17:05.636706
2026042701017300,GBIME,58,21,10,233.5,2335.0,Naasa Securities Co. Ltd.,Midas Stock Broking Company Private Limited,2026-04-27 12:17:55.020302
2026042701017301,GBIME,49,21,40,233.5,9340.0,Online Securities Pvt. Ltd.,Midas Stock Broking Company Private Limited,2026-04-27 12:17:55.020505
2026042701017686,GBIME,58,45,70,233.1,16317.0,Naasa Securities Co. Ltd.,Imperial Securities Company Pvt. Ltd.,2026-04-27 12:20:05.556915
2026042701017687,GBIME,42,45,400,233.0,93200.0,Sani Securities Company Ltd.,Imperial Securities Company Pvt. Ltd.,2026-04-27 12:20:05.556958
2026042701017688,GBIME,19,45,30,233.0,6990.0,Nepal Investment And Securities Trading Private Limited,Imperial Securities Company Pvt. Ltd.,2026-04-27 12:20:05.556986
2026042701017689,GBIME,4,45,12,233.0,2796.0,Opal Securities Investment (PVT) Ltd.,Imperial Securities Company Pvt. Ltd.,2026-04-27 12:20:05.557047
2026042701017690,GBIME,58,45,40,233.0,9320.0,Naasa Securities Co. Ltd.,Imperial Securities Company Pvt. Ltd.,2026-04-27 12:20:05.557073
2026042701017691,GBIME,13,45,206,232.9,47977.4,Thrive Brokerage House Pvt. Ltd,Imperial Securities Company Pvt. Ltd.,2026-04-27 12:20:05.557099
2026042701017692,GBIME,11,45,602,232.8,140145.6,Malla & Malla Stock Broking Company Pvt. Limited,Imperial Securities Company Pvt. Ltd.,2026-04-27 12:20:05.557127
2026042701018099,GBIME,76,42,10,233.7,2337.0,Machhapuchchhre Securities Limited,Sani Securities Company Ltd.,2026-04-27 12:22:44.724105
2026042701018488,GBIME,11,49,308,232.8,71702.4,Malla & Malla Stock Broking Company Pvt. Limited,Online Securities Pvt. Ltd.,2026-04-27 12:25:34.225097
2026042701018493,GBIME,3,42,10,233.7,2337.0,Arun Securities (PVT) Ltd.,Sani Securities Company Ltd.,2026-04-27 12:25:37.815972
2026042701018530,GBIME,58,42,50,233.7,11685.0,Naasa Securities Co. Ltd.,Sani Securities Company Ltd.,2026-04-27 12:26:01.158163
2026042701018627,GBIME,41,42,60,233.7,14022.0,Linch Stock Market Ltd.,Sani Securities Company Ltd.,2026-04-27 12:26:36.882859
2026042701018628,GBIME,41,45,20,233.7,4674.0,Linch Stock Market Ltd.,Imperial Securities Company Pvt. Ltd.,2026-04-27 12:26:36.883371
2026042701018723,GBIME,41,44,20,233.8,4676.0,Linch Stock Market Ltd.,Dynamic Money Managers Securities Pvt. Ltd.,2026-04-27 12:27:09.283806
2026042701018777,GBIME,89,44,55,233.8,12859.0,Global IME Securities Limited,Dynamic Money Managers Securities Pvt. Ltd.,2026-04-27 12:27:32.155938
2026042701018798,GBIME,38,44,10,233.8,2338.0,Dipshikha Dhitopatra Karobar Co. Pvt Ltd.,Dynamic Money Managers Securities Pvt. Ltd.,2026-04-27 12:27:39.033272
2026042701019158,GBIME,58,22,10,233.5,2335.0,Naasa Securities Co. Ltd.,Siprabi Securities Pvt. Ltd.,2026-04-27 12:29:58.596902
2026042701019159,GBIME,49,45,120,233.0,27960.0,Online Securities Pvt. Ltd.,Imperial Securities Company Pvt. Ltd.,2026-04-27 12:29:59.708053
2026042701019261,GBIME,49,19,60,233.0,13980.0,Online Securities Pvt. Ltd.,Nepal Investment And Securities Trading Private Limited,2026-04-27 12:30:51.061017
2026042701019315,GBIME,49,22,102,233.0,23766.0,Online Securities Pvt. Ltd.,Siprabi Securities Pvt. Ltd.,2026-04-27 12:31:16.791245
2026042701019701,GBIME,49,52,288,233.0,67104.0,Online Securities Pvt. Ltd.,Sundhara Securities Limited,2026-04-27 12:34:15.620508
2026042701019702,GBIME,35,52,30,233.0,6990.0,Kohinoor Investment & Securities Pvt. Ltd.,Sundhara Securities Limited,2026-04-27 12:34:15.620802
2026042701019703,GBIME,48,52,500,233.0,116500.0,Trishakti Securities Public Limited,Sundhara Securities Limited,2026-04-27 12:34:15.620927
2026042701019704,GBIME,41,52,10,233.0,2330.0,Linch Stock Market Ltd.,Sundhara Securities Limited,2026-04-27 12:34:15.621041
2026042701019711,GBIME,42,52,100,233.0,23300.0,Sani Securities Company Ltd.,Sundhara Securities Limited,2026-04-27 12:34:17.826608
2026042701019759,GBIME,38,52,10,233.0,2330.0,Dipshikha Dhitopatra Karobar Co. Pvt Ltd.,Sundhara Securities Limited,2026-04-27 12:34:42.496479
2026042701019786,GBIME,49,52,426,233.0,99258.0,Online Securities Pvt. Ltd.,Sundhara Securities Limited,2026-04-27 12:34:54.831154
2026042701019907,GBIME,42,52,20,233.0,4660.0,Sani Securities Company Ltd.,Sundhara Securities Limited,2026-04-27 12:35:46.750634
2026042701019978,GBIME,62,52,20,233.0,4660.0,Capital Max Securities Ltd,Sundhara Securities Limited,2026-04-27 12:36:27.943915
2026042701020550,GBIME,34,57,57,233.0,13281.0,Vision Securities Pvt. Ltd,Aryatara Investment & Securities,2026-04-27 12:40:12.090227
2026042701020610,GBIME,34,13,13,233.0,3029.0,Vision Securities Pvt. Ltd,Thrive Brokerage House Pvt. Ltd,2026-04-27 12:40:38.252228
2026042701020611,GBIME,11,13,90,232.8,20952.0,Malla & Malla Stock Broking Company Pvt. Limited,Thrive Brokerage House Pvt. Ltd,2026-04-27 12:40:38.252695
2026042701020612,GBIME,58,13,10,232.8,2328.0,Naasa Securities Co. Ltd.,Thrive Brokerage House Pvt. Ltd,2026-04-27 12:40:38.253045
2026042701020613,GBIME,58,13,10,232.8,2328.0,Naasa Securities Co. Ltd.,Thrive Brokerage House Pvt. Ltd,2026-04-27 12:40:38.253388
2026042701020614,GBIME,34,13,195,232.8,45396.0,Vision Securities Pvt. Ltd,Thrive Brokerage House Pvt. Ltd,2026-04-27 12:40:38.253719
2026042701020615,GBIME,58,13,20,232.8,4656.0,Naasa Securities Co. Ltd.,Thrive Brokerage House Pvt. Ltd,2026-04-27 12:40:38.254060
2026042701020616,GBIME,77,13,1662,232.8,386913.6,Nabil Stock Dealer Ltd.,Thrive Brokerage House Pvt. Ltd,2026-04-27 12:40:38.254379
2026042701021214,GBIME,58,1,856,233.0,199448.0,Naasa Securities Co. Ltd.,Kumari Securities Private Limited,2026-04-27 12:45:05.493543
2026042701021689,GBIME,58,36,50,233.1,11655.0,Naasa Securities Co. Ltd.,Secured Securities Ltd.,2026-04-27 12:49:14.852147
2026042701021690,GBIME,41,36,20,233.0,4660.0,Linch Stock Market Ltd.,Secured Securities Ltd.,2026-04-27 12:49:14.852487
2026042701021691,GBIME,58,36,10,233.0,2330.0,Naasa Securities Co. Ltd.,Secured Securities Ltd.,2026-04-27 12:49:14.852618
2026042701021732,GBIME,62,36,20,233.0,4660.0,Capital Max Securities Ltd,Secured Securities Ltd.,2026-04-27 12:49:41.969467
2026042701021744,GBIME,62,19,80,233.7,18696.0,Capital Max Securities Ltd,Nepal Investment And Securities Trading Private Limited,2026-04-27 12:49:48.900729
2026042701021790,GBIME,91,19,10,233.7,2337.0,Citizens Share Broker Limited,Nepal Investment And Securities Trading Private Limited,2026-04-27 12:50:04.446892
2026042701021851,GBIME,53,58,5,227.0,1135.0,Investment Management Nepal Pvt. Ltd.,Naasa Securities Co. Ltd.,2026-04-27 12:50:35.023100
2026042701021920,GBIME,47,46,10,233.5,2335.0,Neev Securities Pvt. Ltd.,Kalika Securities Pvt. Ltd.,2026-04-27 12:51:18.140264
2026042701021961,GBIME,48,46,35,233.5,8172.5,Trishakti Securities Public Limited,Kalika Securities Pvt. Ltd.,2026-04-27 12:51:52.508854
2026042701021974,GBIME,62,7,30,233.0,6990.0,Capital Max Securities Ltd,J.F. Securites (PVT) Ltd.,2026-04-27 12:51:59.372599
2026042701021975,GBIME,58,7,23,232.9,5356.7,Naasa Securities Co. Ltd.,J.F. Securites (PVT) Ltd.,2026-04-27 12:51:59.372862
2026042701021976,GBIME,77,7,447,232.8,104061.6,Nabil Stock Dealer Ltd.,J.F. Securites (PVT) Ltd.,2026-04-27 12:51:59.372983
2026042701022094,GBIME,53,26,5,226.0,1130.0,Investment Management Nepal Pvt. Ltd.,Asian Securities Private Ltd.,2026-04-27 12:53:07.237152
2026042701022200,GBIME,77,59,500,232.8,116400.0,Nabil Stock Dealer Ltd.,Deevyaa Securities & Stock House Pvt. Ltd,2026-04-27 12:54:17.154770
2026042701022541,GBIME,71,58,150,233.0,34950.0,SHUBHAKAMANA SECURITIES PVT. LTD,Naasa Securities Co. Ltd.,2026-04-27 12:56:53.845385
2026042701022727,GBIME,59,58,25,233.0,5825.0,Deevyaa Securities & Stock House Pvt. Ltd,Naasa Securities Co. Ltd.,2026-04-27 12:58:31.001370
2026042701022895,GBIME,57,58,84,233.0,19572.0,Aryatara Investment & Securities,Naasa Securities Co. Ltd.,2026-04-27 12:59:21.671551
2026042701023148,GBIME,57,77,16,233.0,3728.0,Aryatara Investment & Securities,Nabil Stock Dealer Ltd.,2026-04-27 13:01:05.376425
2026042701023149,GBIME,77,77,65,232.8,15132.0,Nabil Stock Dealer Ltd.,Nabil Stock Dealer Ltd.,2026-04-27 13:01:05.376933
2026042701023236,GBIME,17,77,10,232.9,2329.0,ABC Securities Private Limited,Nabil Stock Dealer Ltd.,2026-04-27 13:01:49.425181
2026042701023732,GBIME,17,89,10,232.9,2329.0,ABC Securities Private Limited,Global IME Securities Limited,2026-04-27 13:06:10.433160
2026042701023935,GBIME,17,58,119,232.9,27715.1,ABC Securities Private Limited,Naasa Securities Co. Ltd.,2026-04-27 13:07:13.042150
2026042701023952,GBIME,17,6,45,232.9,10480.5,ABC Securities Private Limited,Agrawal Securities (PVT) Ltd.,2026-04-27 13:07:24.583769
2026042701024019,GBIME,39,46,385,233.5,89897.5,Sumeru Securities Pvt. Ltd.,Kalika Securities Pvt. Ltd.,2026-04-27 13:07:54.550292
2026042701024020,GBIME,39,17,115,233.5,26852.5,Sumeru Securities Pvt. Ltd.,ABC Securities Private Limited,2026-04-27 13:07:54.550829
2026042701024313,GBIME,38,14,10,233.5,2335.0,Dipshikha Dhitopatra Karobar Co. Pvt Ltd.,Nepal Stock House (PVT) Ltd.,2026-04-27 13:10:14.510563
2026042701024472,GBIME,59,58,10,233.0,2330.0,Deevyaa Securities & Stock House Pvt. Ltd,Naasa Securities Co. Ltd.,2026-04-27 13:11:51.947374
2026042701024473,GBIME,17,58,90,232.9,20961.0,ABC Securities Private Limited,Naasa Securities Co. Ltd.,2026-04-27 13:11:51.947481
2026042701024488,GBIME,8,58,258,233.0,60114.0,Brilliant Securities Pvt. Ltd.,Naasa Securities Co. Ltd.,2026-04-27 13:12:03.350098
2026042701024525,GBIME,8,1,200,233.0,46600.0,Brilliant Securities Pvt. Ltd.,Kumari Securities Private Limited,2026-04-27 13:12:30.821387
2026042701024532,GBIME,8,58,20,233.0,4660.0,Brilliant Securities Pvt. Ltd.,Naasa Securities Co. Ltd.,2026-04-27 13:12:36.681595
2026042701024737,GBIME,8,22,20,233.0,4660.0,Brilliant Securities Pvt. Ltd.,Siprabi Securities Pvt. Ltd.,2026-04-27 13:14:35.284198
2026042701024812,GBIME,17,21,10,233.0,2330.0,ABC Securities Private Limited,Midas Stock Broking Company Private Limited,2026-04-27 13:14:54.674917
2026042701024813,GBIME,42,21,20,233.0,4660.0,Sani Securities Company Ltd.,Midas Stock Broking Company Private Limited,2026-04-27 13:14:54.675471
2026042701025434,GBIME,45,25,6,233.0,1398.0,Imperial Securities Company Pvt. Ltd.,Sweta Securities Private Limited,2026-04-27 13:19:19.365569
2026042701025511,GBIME,45,58,1,232.8,232.8,Imperial Securities Company Pvt. Ltd.,Naasa Securities Co. Ltd.,2026-04-27 13:19:55.341576
2026042701025559,GBIME,45,57,1,233.0,233.0,Imperial Securities Company Pvt. Ltd.,Aryatara Investment & Securities,2026-04-27 13:20:13.597261
2026042701025634,GBIME,45,35,1,233.5,233.5,Imperial Securities Company Pvt. Ltd.,Kohinoor Investment & Securities Pvt. Ltd.,2026-04-27 13:20:39.674415
2026042701025650,GBIME,3,14,20,233.5,4670.0,Arun Securities (PVT) Ltd.,Nepal Stock House (PVT) Ltd.,2026-04-27 13:20:44.707725
2026042701026547,GBIME,28,42,10,233.6,2336.0,Shree Krishna Securities Ltd.,Sani Securities Company Ltd.,2026-04-27 13:24:44.291436
2026042701026675,GBIME,42,17,159,233.0,37047.0,Sani Securities Company Ltd.,ABC Securities Private Limited,2026-04-27 13:25:27.317907
2026042701026910,GBIME,45,49,25,233.1,5827.5,Imperial Securities Company Pvt. Ltd.,Online Securities Pvt. Ltd.,2026-04-27 13:27:06.529116
2026042701027147,GBIME,32,42,300,233.6,70080.0,Premier Securities Company Ltd.,Sani Securities Company Ltd.,2026-04-27 13:28:47.696592
2026042701027266,GBIME,60,42,478,233.6,111660.8,Nagarik Stock Dealer ,Sani Securities Company Ltd.,2026-04-27 13:29:22.979005
2026042701027267,GBIME,60,14,189,233.6,44150.4,Nagarik Stock Dealer ,Nepal Stock House (PVT) Ltd.,2026-04-27 13:29:22.979762
2026042701027268,GBIME,60,19,2512,233.7,587054.4,Nagarik Stock Dealer ,Nepal Investment And Securities Trading Private Limited,2026-04-27 13:29:22.980198
2026042701027280,GBIME,60,34,21,233.7,4907.7,Nagarik Stock Dealer ,Vision Securities Pvt. Ltd,2026-04-27 13:29:28.988788
2026042701027281,GBIME,56,34,40,233.5,9340.0,Sri Hari Securities Pvt. Ltd.,Vision Securities Pvt. Ltd,2026-04-27 13:29:28.989397
2026042701027485,GBIME,49,34,39,233.5,9106.5,Online Securities Pvt. Ltd.,Vision Securities Pvt. Ltd,2026-04-27 13:30:56.793423
2026042701027634,GBIME,74,44,17,233.8,3974.6,KALASH STOCK MARKET PVT. LTD.,Dynamic Money Managers Securities Pvt. Ltd.,2026-04-27 13:32:11.743687
2026042701027635,GBIME,74,17,83,233.8,19405.4,KALASH STOCK MARKET PVT. LTD.,ABC Securities Private Limited,2026-04-27 13:32:11.744320
2026042701027702,GBIME,74,17,100,233.8,23380.0,KALASH STOCK MARKET PVT. LTD.,ABC Securities Private Limited,2026-04-27 13:32:34.792815
2026042701027881,GBIME,45,17,42,233.8,9819.6,Imperial Securities Company Pvt. Ltd.,ABC Securities Private Limited,2026-04-27 13:33:13.814272
2026042701028281,GBIME,36,17,40,233.8,9352.0,Secured Securities Ltd.,ABC Securities Private Limited,2026-04-27 13:36:10.629833
2026042701028312,GBIME,42,17,30,233.8,7014.0,Sani Securities Company Ltd.,ABC Securities Private Limited,2026-04-27 13:36:25.484597
2026042701028322,GBIME,17,17,10,233.8,2338.0,ABC Securities Private Limited,ABC Securities Private Limited,2026-04-27 13:36:34.059856
2026042701028328,GBIME,35,17,10,233.8,2338.0,Kohinoor Investment & Securities Pvt. Ltd.,ABC Securities Private Limited,2026-04-27 13:36:37.511360
2026042701028343,GBIME,49,49,56,233.3,13064.8,Online Securities Pvt. Ltd.,Online Securities Pvt. Ltd.,2026-04-27 13:36:41.768721
2026042701028389,GBIME,7,17,88,233.8,20574.4,J.F. Securites (PVT) Ltd.,ABC Securities Private Limited,2026-04-27 13:37:07.259779
2026042701028390,GBIME,7,35,304,233.9,71105.6,J.F. Securites (PVT) Ltd.,Kohinoor Investment & Securities Pvt. Ltd.,2026-04-27 13:37:07.260383
2026042701028391,GBIME,7,21,108,233.9,25261.2,J.F. Securites (PVT) Ltd.,Midas Stock Broking Company Private Limited,2026-04-27 13:37:07.260801
2026042701028474,GBIME,62,21,30,233.9,7017.0,Capital Max Securities Ltd,Midas Stock Broking Company Private Limited,2026-04-27 13:37:39.641749
2026042701028712,GBIME,7,21,21,233.9,4911.9,J.F. Securites (PVT) Ltd.,Midas Stock Broking Company Private Limited,2026-04-27 13:39:22.647741
2026042701028713,GBIME,7,58,72,233.9,16840.8,J.F. Securites (PVT) Ltd.,Naasa Securities Co. Ltd.,2026-04-27 13:39:22.648422
2026042701028714,GBIME,7,35,118,234.0,27612.0,J.F. Securites (PVT) Ltd.,Kohinoor Investment & Securities Pvt. Ltd.,2026-04-27 13:39:22.648830
2026042701028941,GBIME,8,49,12,233.9,2806.8,Brilliant Securities Pvt. Ltd.,Online Securities Pvt. Ltd.,2026-04-27 13:41:24.390781
2026042701029224,GBIME,58,16,50,233.9,11695.0,Naasa Securities Co. Ltd.,Primo Securities (PVT) Ltd.,2026-04-27 13:43:39.077500
2026042701029356,GBIME,32,52,40,233.9,9356.0,Premier Securities Company Ltd.,Sundhara Securities Limited,2026-04-27 13:44:14.727564
2026042701029826,GBIME,41,52,20,233.9,4678.0,Linch Stock Market Ltd.,Sundhara Securities Limited,2026-04-27 13:47:13.924702
2026042701030032,GBIME,58,28,7,234.7,1642.9,Naasa Securities Co. Ltd.,Shree Krishna Securities Ltd.,2026-04-27 13:48:41.667065
2026042701030117,GBIME,48,52,137,233.9,32044.3,Trishakti Securities Public Limited,Sundhara Securities Limited,2026-04-27 13:49:33.734055
2026042701030505,GBIME,49,35,29,234.0,6786.0,Online Securities Pvt. Ltd.,Kohinoor Investment & Securities Pvt. Ltd.,2026-04-27 13:52:10.250294
2026042701030574,GBIME,42,35,23,234.0,5382.0,Sani Securities Company Ltd.,Kohinoor Investment & Securities Pvt. Ltd.,2026-04-27 13:52:46.689864
2026042701030899,GBIME,58,35,11,234.0,2574.0,Naasa Securities Co. Ltd.,Kohinoor Investment & Securities Pvt. Ltd.,2026-04-27 13:55:20.798654
2026042701030959,GBIME,48,28,76,233.9,17776.4,Trishakti Securities Public Limited,Shree Krishna Securities Ltd.,2026-04-27 13:55:43.540310
2026042701030960,GBIME,34,28,20,233.9,4678.0,Vision Securities Pvt. Ltd,Shree Krishna Securities Ltd.,2026-04-27 13:55:43.540416
2026042701030961,GBIME,7,28,20,233.6,4672.0,J.F. Securites (PVT) Ltd.,Shree Krishna Securities Ltd.,2026-04-27 13:55:43.540499
2026042701030962,GBIME,36,28,200,233.5,46700.0,Secured Securities Ltd.,Shree Krishna Securities Ltd.,2026-04-27 13:55:43.540572
2026042701030963,GBIME,58,28,100,233.5,23350.0,Naasa Securities Co. Ltd.,Shree Krishna Securities Ltd.,2026-04-27 13:55:43.540645
2026042701030964,GBIME,49,28,295,233.3,68823.5,Online Securities Pvt. Ltd.,Shree Krishna Securities Ltd.,2026-04-27 13:55:43.540719
2026042701030965,GBIME,58,28,40,233.3,9332.0,Naasa Securities Co. Ltd.,Shree Krishna Securities Ltd.,2026-04-27 13:55:43.540792
2026042701030966,GBIME,45,28,1749,233.1,407691.9,Imperial Securities Company Pvt. Ltd.,Shree Krishna Securities Ltd.,2026-04-27 13:55:43.540868
2026042701030980,GBIME,45,28,226,233.1,52680.6,Imperial Securities Company Pvt. Ltd.,Shree Krishna Securities Ltd.,2026-04-27 13:55:51.912890
2026042701030981,GBIME,58,28,50,233.1,11655.0,Naasa Securities Co. Ltd.,Shree Krishna Securities Ltd.,2026-04-27 13:55:51.912952
2026042701030982,GBIME,41,28,19,233.0,4427.0,Linch Stock Market Ltd.,Shree Krishna Securities Ltd.,2026-04-27 13:55:51.912979
2026042701030983,GBIME,25,28,46,233.0,10718.0,Sweta Securities Private Limited,Shree Krishna Securities Ltd.,2026-04-27 13:55:51.913006
2026042701030984,GBIME,42,28,100,233.0,23300.0,Sani Securities Company Ltd.,Shree Krishna Securities Ltd.,2026-04-27 13:55:51.913035
2026042701030985,GBIME,22,28,425,233.0,99025.0,Siprabi Securities Pvt. Ltd.,Shree Krishna Securities Ltd.,2026-04-27 13:55:51.913072
2026042701030986,GBIME,58,28,50,233.0,11650.0,Naasa Securities Co. Ltd.,Shree Krishna Securities Ltd.,2026-04-27 13:55:51.913097
2026042701030987,GBIME,48,28,500,233.0,116500.0,Trishakti Securities Public Limited,Shree Krishna Securities Ltd.,2026-04-27 13:55:51.913120
2026042701030988,GBIME,58,28,30,233.0,6990.0,Naasa Securities Co. Ltd.,Shree Krishna Securities Ltd.,2026-04-27 13:55:51.913143
2026042701030989,GBIME,42,28,12,233.0,2796.0,Sani Securities Company Ltd.,Shree Krishna Securities Ltd.,2026-04-27 13:55:51.913166
2026042701030990,GBIME,1,28,50,233.0,11650.0,Kumari Securities Private Limited,Shree Krishna Securities Ltd.,2026-04-27 13:55:51.913188
2026042701030991,GBIME,17,28,107,232.9,24920.3,ABC Securities Private Limited,Shree Krishna Securities Ltd.,2026-04-27 13:55:51.913215
2026042701030992,GBIME,58,28,40,232.8,9312.0,Naasa Securities Co. Ltd.,Shree Krishna Securities Ltd.,2026-04-27 13:55:51.913241
2026042701030993,GBIME,58,28,20,232.8,4656.0,Naasa Securities Co. Ltd.,Shree Krishna Securities Ltd.,2026-04-27 13:55:51.913263
2026042701030994,GBIME,16,28,825,232.8,192060.0,Primo Securities (PVT) Ltd.,Shree Krishna Securities Ltd.,2026-04-27 13:55:51.913286
2026042701031012,GBIME,3,14,2,233.5,467.0,Arun Securities (PVT) Ltd.,Nepal Stock House (PVT) Ltd.,2026-04-27 13:56:00.733761
2026042701031229,GBIME,16,49,175,232.8,40740.0,Primo Securities (PVT) Ltd.,Online Securities Pvt. Ltd.,2026-04-27 13:57:55.921267
2026042701031506,GBIME,67,49,100,232.8,23280.0,Property Wiard Limited,Online Securities Pvt. Ltd.,2026-04-27 14:00:03.842082
2026042701031538,GBIME,41,49,25,232.7,5817.5,Linch Stock Market Ltd.,Online Securities Pvt. Ltd.,2026-04-27 14:00:20.079630
2026042701031566,GBIME,72,35,100,233.0,23300.0,Hatemalo Financial Services Private Limited,Kohinoor Investment & Securities Pvt. Ltd.,2026-04-27 14:00:36.562565
2026042701031606,GBIME,72,19,80,233.0,18640.0,Hatemalo Financial Services Private Limited,Nepal Investment And Securities Trading Private Limited,2026-04-27 14:01:03.304060
2026042701031820,GBIME,69,19,40,233.0,9320.0,INDEX SECURITIES LIMITED,Nepal Investment And Securities Trading Private Limited,2026-04-27 14:02:56.814280
2026042701031821,GBIME,69,65,60,233.0,13980.0,INDEX SECURITIES LIMITED,Sharepro Securities Private Limited,2026-04-27 14:02:56.814902
2026042701032216,GBIME,69,28,400,233.0,93200.0,INDEX SECURITIES LIMITED,Shree Krishna Securities Ltd.,2026-04-27 14:05:05.327463
2026042701032217,GBIME,57,28,2000,233.0,466000.0,Aryatara Investment & Securities,Shree Krishna Securities Ltd.,2026-04-27 14:05:05.327500
2026042701032218,GBIME,41,28,75,232.7,17452.5,Linch Stock Market Ltd.,Shree Krishna Securities Ltd.,2026-04-27 14:05:05.327527
2026042701032219,GBIME,85,28,2500,232.7,581750.0,Capital Hub P. Ltd,Shree Krishna Securities Ltd.,2026-04-27 14:05:05.327579
2026042701032220,GBIME,4,28,21,232.7,4886.7,Opal Securities Investment (PVT) Ltd.,Shree Krishna Securities Ltd.,2026-04-27 14:05:05.327606
2026042701032221,GBIME,47,28,13,232.7,3025.1,Neev Securities Pvt. Ltd.,Shree Krishna Securities Ltd.,2026-04-27 14:05:05.327631
2026042701032222,GBIME,22,28,1000,232.6,232600.0,Siprabi Securities Pvt. Ltd.,Shree Krishna Securities Ltd.,2026-04-27 14:05:05.327657
2026042701032223,GBIME,35,28,172,232.6,40007.2,Kohinoor Investment & Securities Pvt. Ltd.,Shree Krishna Securities Ltd.,2026-04-27 14:05:05.327695
2026042701032224,GBIME,49,28,365,232.5,84862.5,Online Securities Pvt. Ltd.,Shree Krishna Securities Ltd.,2026-04-27 14:05:05.327718
2026042701032225,GBIME,54,28,400,232.5,93000.0,Sewa Securities Pvt. Ltd.,Shree Krishna Securities Ltd.,2026-04-27 14:05:05.327739
2026042701032226,GBIME,32,28,46,232.5,10695.0,Premier Securities Company Ltd.,Shree Krishna Securities Ltd.,2026-04-27 14:05:05.327760
2026042701032227,GBIME,56,28,100,232.5,23250.0,Sri Hari Securities Pvt. Ltd.,Shree Krishna Securities Ltd.,2026-04-27 14:05:05.327781
2026042701032228,GBIME,35,28,1000,232.5,232500.0,Kohinoor Investment & Securities Pvt. Ltd.,Shree Krishna Securities Ltd.,2026-04-27 14:05:05.327803
2026042701032229,GBIME,49,28,15,232.5,3487.5,Online Securities Pvt. Ltd.,Shree Krishna Securities Ltd.,2026-04-27 14:05:05.327825
2026042701032230,GBIME,45,28,430,232.5,99975.0,Imperial Securities Company Pvt. Ltd.,Shree Krishna Securities Ltd.,2026-04-27 14:05:05.327848
2026042701032231,GBIME,42,28,10,232.5,2325.0,Sani Securities Company Ltd.,Shree Krishna Securities Ltd.,2026-04-27 14:05:05.327869
2026042701032232,GBIME,42,28,10,232.5,2325.0,Sani Securities Company Ltd.,Shree Krishna Securities Ltd.,2026-04-27 14:05:05.327890
2026042701032233,GBIME,91,28,20,232.5,4650.0,Citizens Share Broker Limited,Shree Krishna Securities Ltd.,2026-04-27 14:05:05.327918
2026042701032234,GBIME,6,28,20,232.5,4650.0,Agrawal Securities (PVT) Ltd.,Shree Krishna Securities Ltd.,2026-04-27 14:05:05.327938
2026042701032235,GBIME,19,28,250,232.5,58125.0,Nepal Investment And Securities Trading Private Limited,Shree Krishna Securities Ltd.,2026-04-27 14:05:05.327962
2026042701032236,GBIME,79,28,19,232.5,4417.5,pahiinvestment,Shree Krishna Securities Ltd.,2026-04-27 14:05:05.327985
2026042701032237,GBIME,46,28,19,232.3,4413.7,Kalika Securities Pvt. Ltd.,Shree Krishna Securities Ltd.,2026-04-27 14:05:05.328005
2026042701032238,GBIME,36,28,100,232.2,23220.0,Secured Securities Ltd.,Shree Krishna Securities Ltd.,2026-04-27 14:05:05.328040
2026042701032239,GBIME,42,28,50,232.2,11610.0,Sani Securities Company Ltd.,Shree Krishna Securities Ltd.,2026-04-27 14:05:05.328062
2026042701032240,GBIME,6,28,100,232.2,23220.0,Agrawal Securities (PVT) Ltd.,Shree Krishna Securities Ltd.,2026-04-27 14:05:05.328097
2026042701032241,GBIME,37,28,500,232.2,116100.0,Swarna Laxmi Securities Pvt. Ltd.,Shree Krishna Securities Ltd.,2026-04-27 14:05:05.328118
2026042701032242,GBIME,6,28,365,232.1,84716.5,Agrawal Securities (PVT) Ltd.,Shree Krishna Securities Ltd.,2026-04-27 14:05:05.328140
2026042701032265,GBIME,6,28,635,232.1,147383.5,Agrawal Securities (PVT) Ltd.,Shree Krishna Securities Ltd.,2026-04-27 14:05:14.288520
2026042701032266,GBIME,42,28,500,232.1,116050.0,Sani Securities Company Ltd.,Shree Krishna Securities Ltd.,2026-04-27 14:05:14.288633
2026042701032267,GBIME,6,28,50,232.0,11600.0,Agrawal Securities (PVT) Ltd.,Shree Krishna Securities Ltd.,2026-04-27 14:05:14.288792
2026042701032268,GBIME,42,28,20,232.0,4640.0,Sani Securities Company Ltd.,Shree Krishna Securities Ltd.,2026-04-27 14:05:14.288890
2026042701032269,GBIME,48,28,1000,232.0,232000.0,Trishakti Securities Public Limited,Shree Krishna Securities Ltd.,2026-04-27 14:05:14.288982
2026042701032270,GBIME,49,28,50,232.0,11600.0,Online Securities Pvt. Ltd.,Shree Krishna Securities Ltd.,2026-04-27 14:05:14.289102
2026042701032271,GBIME,33,28,100,232.0,23200.0,Dakshinkali Investment & Securities Pvt. Ltd.,Shree Krishna Securities Ltd.,2026-04-27 14:05:14.289190
2026042701032272,GBIME,35,28,100,232.0,23200.0,Kohinoor Investment & Securities Pvt. Ltd.,Shree Krishna Securities Ltd.,2026-04-27 14:05:14.289269
2026042701032273,GBIME,51,28,112,232.0,25984.0,Oxford Securities Pvt. Ltd.,Shree Krishna Securities Ltd.,2026-04-27 14:05:14.289333
2026042701032274,GBIME,17,28,10,232.0,2320.0,ABC Securities Private Limited,Shree Krishna Securities Ltd.,2026-04-27 14:05:14.289395
2026042701032275,GBIME,42,28,50,232.0,11600.0,Sani Securities Company Ltd.,Shree Krishna Securities Ltd.,2026-04-27 14:05:14.289464
2026042701032276,GBIME,89,28,100,232.0,23200.0,Global IME Securities Limited,Shree Krishna Securities Ltd.,2026-04-27 14:05:14.289525
2026042701032277,GBIME,58,28,210,232.0,48720.0,Naasa Securities Co. Ltd.,Shree Krishna Securities Ltd.,2026-04-27 14:05:14.289606
2026042701032278,GBIME,46,28,30,232.0,6960.0,Kalika Securities Pvt. Ltd.,Shree Krishna Securities Ltd.,2026-04-27 14:05:14.289661
2026042701032279,GBIME,59,28,100,232.0,23200.0,Deevyaa Securities & Stock House Pvt. Ltd,Shree Krishna Securities Ltd.,2026-04-27 14:05:14.289728
2026042701032280,GBIME,42,28,1000,232.0,232000.0,Sani Securities Company Ltd.,Shree Krishna Securities Ltd.,2026-04-27 14:05:14.289804
2026042701032281,GBIME,32,28,14,232.0,3248.0,Premier Securities Company Ltd.,Shree Krishna Securities Ltd.,2026-04-27 14:05:14.289869
2026042701032282,GBIME,57,28,500,232.0,116000.0,Aryatara Investment & Securities,Shree Krishna Securities Ltd.,2026-04-27 14:05:14.289931
2026042701032283,GBIME,49,28,10,232.0,2320.0,Online Securities Pvt. Ltd.,Shree Krishna Securities Ltd.,2026-04-27 14:05:14.289995
2026042701032284,GBIME,41,28,100,232.0,23200.0,Linch Stock Market Ltd.,Shree Krishna Securities Ltd.,2026-04-27 14:05:14.290067
2026042701032285,GBIME,44,28,100,232.0,23200.0,Dynamic Money Managers Securities Pvt. Ltd.,Shree Krishna Securities Ltd.,2026-04-27 14:05:14.290129
2026042701032286,GBIME,4,28,209,232.0,48488.0,Opal Securities Investment (PVT) Ltd.,Shree Krishna Securities Ltd.,2026-04-27 14:05:14.290214
2026042701032414,GBIME,4,35,41,232.0,9512.0,Opal Securities Investment (PVT) Ltd.,Kohinoor Investment & Securities Pvt. Ltd.,2026-04-27 14:06:15.798429
2026042701032415,GBIME,59,35,10,232.0,2320.0,Deevyaa Securities & Stock House Pvt. Ltd,Kohinoor Investment & Securities Pvt. Ltd.,2026-04-27 14:06:15.799002
2026042701032416,GBIME,6,35,49,232.0,11368.0,Agrawal Securities (PVT) Ltd.,Kohinoor Investment & Securities Pvt. Ltd.,2026-04-27 14:06:15.799461
2026042701032709,GBIME,21,25,9,235.0,2115.0,Midas Stock Broking Company Private Limited,Sweta Securities Private Limited,2026-04-27 14:08:32.448626
2026042701032802,GBIME,38,35,10,234.0,2340.0,Dipshikha Dhitopatra Karobar Co. Pvt Ltd.,Kohinoor Investment & Securities Pvt. Ltd.,2026-04-27 14:08:57.865640
2026042701033019,GBIME,42,26,10,233.0,2330.0,Sani Securities Company Ltd.,Asian Securities Private Ltd.,2026-04-27 14:10:41.964228
2026042701033701,GBIME,41,26,52,233.0,12116.0,Linch Stock Market Ltd.,Asian Securities Private Ltd.,2026-04-27 14:15:02.942487
2026042701033847,GBIME,69,32,200,233.0,46600.0,INDEX SECURITIES LIMITED,Premier Securities Company Ltd.,2026-04-27 14:16:08.343857
2026042701034003,GBIME,39,28,200,232.6,46520.0,Sumeru Securities Pvt. Ltd.,Shree Krishna Securities Ltd.,2026-04-27 14:17:13.716972
2026042701034004,GBIME,21,28,860,232.5,199950.0,Midas Stock Broking Company Private Limited,Shree Krishna Securities Ltd.,2026-04-27 14:17:13.717033
2026042701034005,GBIME,34,28,100,232.5,23250.0,Vision Securities Pvt. Ltd,Shree Krishna Securities Ltd.,2026-04-27 14:17:13.717056
2026042701034006,GBIME,57,28,900,232.5,209250.0,Aryatara Investment & Securities,Shree Krishna Securities Ltd.,2026-04-27 14:17:13.717078
2026042701034146,GBIME,34,5,1,225.6,225.6,Vision Securities Pvt. Ltd,Market Securities & Exchange (PVT) Ltd.,2026-04-27 14:18:09.122019
2026042701034220,GBIME,43,32,44,233.0,10252.0,South Asian Bulls Pvt. Ltd.,Premier Securities Company Ltd.,2026-04-27 14:18:34.693278
2026042701034222,GBIME,74,49,78,233.0,18174.0,KALASH STOCK MARKET PVT. LTD.,Online Securities Pvt. Ltd.,2026-04-27 14:18:36.671238
2026042701034223,GBIME,74,6,22,233.0,5126.0,KALASH STOCK MARKET PVT. LTD.,Agrawal Securities (PVT) Ltd.,2026-04-27 14:18:36.671828
2026042701034291,GBIME,39,6,178,233.0,41474.0,Sumeru Securities Pvt. Ltd.,Agrawal Securities (PVT) Ltd.,2026-04-27 14:19:12.604385
2026042701034292,GBIME,39,45,22,233.0,5126.0,Sumeru Securities Pvt. Ltd.,Imperial Securities Company Pvt. Ltd.,2026-04-27 14:19:12.604896
2026042701034386,GBIME,58,45,12,233.0,2796.0,Naasa Securities Co. Ltd.,Imperial Securities Company Pvt. Ltd.,2026-04-27 14:19:54.675683
2026042701034444,GBIME,45,45,466,233.0,108578.0,Imperial Securities Company Pvt. Ltd.,Imperial Securities Company Pvt. Ltd.,2026-04-27 14:20:20.517859
2026042701034445,GBIME,45,7,12,233.0,2796.0,Imperial Securities Company Pvt. Ltd.,J.F. Securites (PVT) Ltd.,2026-04-27 14:20:20.517977
2026042701034446,GBIME,45,49,22,233.5,5137.0,Imperial Securities Company Pvt. Ltd.,Online Securities Pvt. Ltd.,2026-04-27 14:20:20.518097
2026042701034754,GBIME,22,49,16,232.6,3721.6,Siprabi Securities Pvt. Ltd.,Online Securities Pvt. Ltd.,2026-04-27 14:21:48.226178
2026042701034887,GBIME,29,49,20,233.5,4670.0,Trisul Securities & Invt. Ltd.,Online Securities Pvt. Ltd.,2026-04-27 14:22:40.634488
2026042701034939,GBIME,57,6,100,232.5,23250.0,Aryatara Investment & Securities,Agrawal Securities (PVT) Ltd.,2026-04-27 14:22:56.932672
2026042701035373,GBIME,13,14,10,232.5,2325.0,Thrive Brokerage House Pvt. Ltd,Nepal Stock House (PVT) Ltd.,2026-04-27 14:24:51.350488
2026042701035780,GBIME,44,49,958,233.0,223214.0,Dynamic Money Managers Securities Pvt. Ltd.,Online Securities Pvt. Ltd.,2026-04-27 14:27:14.486209
2026042701035980,GBIME,60,42,15,233.5,3502.5,Nagarik Stock Dealer ,Sani Securities Company Ltd.,2026-04-27 14:28:17.313414
2026042701035995,GBIME,60,35,209,233.5,48801.5,Nagarik Stock Dealer ,Kohinoor Investment & Securities Pvt. Ltd.,2026-04-27 14:28:21.948192
2026042701036127,GBIME,58,49,10,233.5,2335.0,Naasa Securities Co. Ltd.,Online Securities Pvt. Ltd.,2026-04-27 14:29:05.249660
2026042701036581,GBIME,4,45,2,232.3,464.6,Opal Securities Investment (PVT) Ltd.,Imperial Securities Company Pvt. Ltd.,2026-04-27 14:31:52.632968
2026042701036604,GBIME,58,58,10,233.5,2335.0,Naasa Securities Co. Ltd.,Naasa Securities Co. Ltd.,2026-04-27 14:32:00.141006
2026042701036681,GBIME,4,48,8,233.0,1864.0,Opal Securities Investment (PVT) Ltd.,Trishakti Securities Public Limited,2026-04-27 14:32:30.369463
2026042701036715,GBIME,4,29,1,233.0,233.0,Opal Securities Investment (PVT) Ltd.,Trisul Securities & Invt. Ltd.,2026-04-27 14:32:41.380310
2026042701036749,GBIME,4,7,7,233.0,1631.0,Opal Securities Investment (PVT) Ltd.,J.F. Securites (PVT) Ltd.,2026-04-27 14:32:57.600558
2026042701036822,GBIME,44,49,300,233.0,69900.0,Dynamic Money Managers Securities Pvt. Ltd.,Online Securities Pvt. Ltd.,2026-04-27 14:33:20.429962
2026042701036939,GBIME,4,50,1,233.5,233.5,Opal Securities Investment (PVT) Ltd.,Cristal Kanchanjanga Securites Pvt. Ltd.,2026-04-27 14:33:59.304522
2026042701036956,GBIME,34,34,20,233.9,4678.0,Vision Securities Pvt. Ltd,Vision Securities Pvt. Ltd,2026-04-27 14:34:05.715593
2026042701037049,GBIME,4,22,1,233.6,233.6,Opal Securities Investment (PVT) Ltd.,Siprabi Securities Pvt. Ltd.,2026-04-27 14:34:29.503437
2026042701037168,GBIME,44,25,3500,233.0,815500.0,Dynamic Money Managers Securities Pvt. Ltd.,Sweta Securities Private Limited,2026-04-27 14:35:11.327425
2026042701037401,GBIME,44,57,242,233.0,56386.0,Dynamic Money Managers Securities Pvt. Ltd.,Aryatara Investment & Securities,2026-04-27 14:36:27.748507
2026042701037402,GBIME,60,57,1084,233.0,252572.0,Nagarik Stock Dealer ,Aryatara Investment & Securities,2026-04-27 14:36:27.748818
2026042701037403,GBIME,42,57,20,233.0,4660.0,Sani Securities Company Ltd.,Aryatara Investment & Securities,2026-04-27 14:36:27.748954
2026042701037404,GBIME,58,57,30,233.0,6990.0,Naasa Securities Co. Ltd.,Aryatara Investment & Securities,2026-04-27 14:36:27.749098
2026042701037405,GBIME,57,57,83,233.0,19339.0,Aryatara Investment & Securities,Aryatara Investment & Securities,2026-04-27 14:36:27.749245
2026042701037513,GBIME,75,21,50,233.5,11675.0,N.I.M.B. Stock Markets Limited,Midas Stock Broking Company Private Limited,2026-04-27 14:36:54.185460
2026042701037514,GBIME,75,34,50,233.9,11695.0,N.I.M.B. Stock Markets Limited,Vision Securities Pvt. Ltd,2026-04-27 14:36:54.186077
2026042701037558,GBIME,8,17,4,234.0,936.0,Brilliant Securities Pvt. Ltd.,ABC Securities Private Limited,2026-04-27 14:37:08.342769
2026042701037569,GBIME,8,36,2,233.0,466.0,Brilliant Securities Pvt. Ltd.,Secured Securities Ltd.,2026-04-27 14:37:11.560951
2026042701037794,GBIME,57,54,17,233.0,3961.0,Aryatara Investment & Securities,Sewa Securities Pvt. Ltd.,2026-04-27 14:38:13.892313
2026042701037795,GBIME,49,54,40,233.0,9320.0,Online Securities Pvt. Ltd.,Sewa Securities Pvt. Ltd.,2026-04-27 14:38:13.892906
2026042701037796,GBIME,34,54,10,233.0,2330.0,Vision Securities Pvt. Ltd,Sewa Securities Pvt. Ltd.,2026-04-27 14:38:13.893520
2026042701037797,GBIME,13,54,53,232.5,12322.5,Thrive Brokerage House Pvt. Ltd,Sewa Securities Pvt. Ltd.,2026-04-27 14:38:13.894100
2026042701038270,GBIME,46,34,450,233.9,105255.0,Kalika Securities Pvt. Ltd.,Vision Securities Pvt. Ltd,2026-04-27 14:40:26.072215
2026042701038402,GBIME,21,21,20,234.0,4680.0,Midas Stock Broking Company Private Limited,Midas Stock Broking Company Private Limited,2026-04-27 14:41:04.841616
2026042701038726,GBIME,58,13,25,233.9,5847.5,Naasa Securities Co. Ltd.,Thrive Brokerage House Pvt. Ltd,2026-04-27 14:42:41.350071
2026042701038727,GBIME,58,21,15,234.0,3510.0,Naasa Securities Co. Ltd.,Midas Stock Broking Company Private Limited,2026-04-27 14:42:41.350159
2026042701038812,GBIME,45,21,15,234.0,3510.0,Imperial Securities Company Pvt. Ltd.,Midas Stock Broking Company Private Limited,2026-04-27 14:43:10.284667
2026042701038813,GBIME,45,57,10,234.0,2340.0,Imperial Securities Company Pvt. Ltd.,Aryatara Investment & Securities,2026-04-27 14:43:10.285300
2026042701038814,GBIME,45,1,25,234.0,5850.0,Imperial Securities Company Pvt. Ltd.,Kumari Securities Private Limited,2026-04-27 14:43:10.285812
2026042701039150,GBIME,91,74,10,233.0,2330.0,Citizens Share Broker Limited,KALASH STOCK MARKET PVT. LTD.,2026-04-27 14:44:42.021547
2026042701039251,GBIME,91,76,40,233.0,9320.0,Citizens Share Broker Limited,Machhapuchchhre Securities Limited,2026-04-27 14:45:17.798226
2026042701039252,GBIME,62,76,100,232.9,23290.0,Capital Max Securities Ltd,Machhapuchchhre Securities Limited,2026-04-27 14:45:17.798328
2026042701039253,GBIME,42,76,100,232.7,23270.0,Sani Securities Company Ltd.,Machhapuchchhre Securities Limited,2026-04-27 14:45:17.798404
2026042701039254,GBIME,51,76,260,232.6,60476.0,Oxford Securities Pvt. Ltd.,Machhapuchchhre Securities Limited,2026-04-27 14:45:17.798478
2026042701039596,GBIME,45,96,50,233.0,11650.0,Imperial Securities Company Pvt. Ltd.,Himalayan Securities Limited,2026-04-27 14:46:46.005367
2026042701039597,GBIME,51,96,165,232.6,38379.0,Oxford Securities Pvt. Ltd.,Himalayan Securities Limited,2026-04-27 14:46:46.005451
2026042701039598,GBIME,74,96,43,232.6,10001.8,KALASH STOCK MARKET PVT. LTD.,Himalayan Securities Limited,2026-04-27 14:46:46.005516
2026042701039969,GBIME,74,58,15,232.6,3489.0,KALASH STOCK MARKET PVT. LTD.,Naasa Securities Co. Ltd.,2026-04-27 14:48:08.317892
2026042701040082,GBIME,74,11,141,232.6,32796.6,KALASH STOCK MARKET PVT. LTD.,Malla & Malla Stock Broking Company Pvt. Limited,2026-04-27 14:48:40.951258
2026042701040406,GBIME,74,58,10,232.6,2326.0,KALASH STOCK MARKET PVT. LTD.,Naasa Securities Co. Ltd.,2026-04-27 14:50:12.084426
2026042701040571,GBIME,74,13,291,232.6,67686.6,KALASH STOCK MARKET PVT. LTD.,Thrive Brokerage House Pvt. Ltd,2026-04-27 14:50:42.770234
2026042701040572,GBIME,13,13,137,232.5,31852.5,Thrive Brokerage House Pvt. Ltd,Thrive Brokerage House Pvt. Ltd,2026-04-27 14:50:42.770547
2026042701040573,GBIME,26,13,200,232.5,46500.0,Asian Securities Private Ltd.,Thrive Brokerage House Pvt. Ltd,2026-04-27 14:50:42.770693
2026042701040574,GBIME,88,13,38,232.5,8835.0,Blue Chip Securities Ltd,Thrive Brokerage House Pvt. Ltd,2026-04-27 14:50:42.770831
2026042701040575,GBIME,58,13,20,232.5,4650.0,Naasa Securities Co. Ltd.,Thrive Brokerage House Pvt. Ltd,2026-04-27 14:50:42.770982
2026042701040576,GBIME,42,13,260,232.5,60450.0,Sani Securities Company Ltd.,Thrive Brokerage House Pvt. Ltd,2026-04-27 14:50:42.771178
2026042701040711,GBIME,22,13,50,232.4,11620.0,Siprabi Securities Pvt. Ltd.,Thrive Brokerage House Pvt. Ltd,2026-04-27 14:51:12.815672
2026042701040791,GBIME,58,46,10,232.2,2322.0,Naasa Securities Co. Ltd.,Kalika Securities Pvt. Ltd.,2026-04-27 14:51:28.317484
2026042701040792,GBIME,38,46,500,232.2,116100.0,Dipshikha Dhitopatra Karobar Co. Pvt Ltd.,Kalika Securities Pvt. Ltd.,2026-04-27 14:51:28.317756
2026042701040858,GBIME,35,46,10,232.2,2322.0,Kohinoor Investment & Securities Pvt. Ltd.,Kalika Securities Pvt. Ltd.,2026-04-27 14:51:44.303621
2026042701040969,GBIME,34,11,25,232.1,5802.5,Vision Securities Pvt. Ltd,Malla & Malla Stock Broking Company Pvt. Limited,2026-04-27 14:52:15.231834
2026042701040970,GBIME,47,11,500,232.1,116050.0,Neev Securities Pvt. Ltd.,Malla & Malla Stock Broking Company Pvt. Limited,2026-04-27 14:52:15.232415
2026042701040971,GBIME,94,11,400,232.1,92840.0,K.B.L. Securities Limited ,Malla & Malla Stock Broking Company Pvt. Limited,2026-04-27 14:52:15.232825
2026042701041144,GBIME,14,11,69,232.1,16014.9,Nepal Stock House (PVT) Ltd.,Malla & Malla Stock Broking Company Pvt. Limited,2026-04-27 14:53:04.760971
2026042701041184,GBIME,6,11,122,232.0,28304.0,Agrawal Securities (PVT) Ltd.,Malla & Malla Stock Broking Company Pvt. Limited,2026-04-27 14:53:12.605157
2026042701041486,GBIME,6,14,37,232.0,8584.0,Agrawal Securities (PVT) Ltd.,Nepal Stock House (PVT) Ltd.,2026-04-27 14:54:22.218079
2026042701041806,GBIME,58,58,5,234.0,1170.0,Naasa Securities Co. Ltd.,Naasa Securities Co. Ltd.,2026-04-27 14:55:26.806233
2026042701042103,GBIME,21,46,80,232.2,18576.0,Midas Stock Broking Company Private Limited,Kalika Securities Pvt. Ltd.,2026-04-27 14:56:22.926147
2026042701042104,GBIME,21,13,140,232.4,32536.0,Midas Stock Broking Company Private Limited,Thrive Brokerage House Pvt. Ltd,2026-04-27 14:56:22.926828
2026042701042310,GBIME,41,13,810,232.4,188244.0,Linch Stock Market Ltd.,Thrive Brokerage House Pvt. Ltd,2026-04-27 14:56:51.284554
2026042701042612,GBIME,41,13,190,232.5,44175.0,Linch Stock Market Ltd.,Thrive Brokerage House Pvt. Ltd,2026-04-27 14:57:30.043749
2026042701042772,GBIME,38,7,24,232.2,5572.8,Dipshikha Dhitopatra Karobar Co. Pvt Ltd.,J.F. Securites (PVT) Ltd.,2026-04-27 14:57:57.239189
2026042701042833,GBIME,51,13,864,232.5,200880.0,Oxford Securities Pvt. Ltd.,Thrive Brokerage House Pvt. Ltd,2026-04-27 14:58:07.735346
2026042701042834,GBIME,51,41,50,232.5,11625.0,Oxford Securities Pvt. Ltd.,Linch Stock Market Ltd.,2026-04-27 14:58:07.735948
2026042701042954,GBIME,1,26,30,233.0,6990.0,Kumari Securities Private Limited,Asian Securities Private Ltd.,2026-04-27 14:58:20.409927
2026042701043296,GBIME,38,26,570,233.0,132810.0,Dipshikha Dhitopatra Karobar Co. Pvt Ltd.,Asian Securities Private Ltd.,2026-04-27 14:59:03.516427
2026042701043297,GBIME,38,22,140,233.0,32620.0,Dipshikha Dhitopatra Karobar Co. Pvt Ltd.,Siprabi Securities Pvt. Ltd.,2026-04-27 14:59:03.516993
2026042701043298,GBIME,38,49,50,233.0,11650.0,Dipshikha Dhitopatra Karobar Co. Pvt Ltd.,Online Securities Pvt. Ltd.,2026-04-27 14:59:03.517424
2026042701043299,GBIME,38,32,50,233.8,11690.0,Dipshikha Dhitopatra Karobar Co. Pvt Ltd.,Premier Securities Company Ltd.,2026-04-27 14:59:03.517876
2026042701043300,GBIME,38,1,35,234.0,8190.0,Dipshikha Dhitopatra Karobar Co. Pvt Ltd.,Kumari Securities Private Limited,2026-04-27 14:59:03.518300
2026042701043301,GBIME,38,41,50,234.0,11700.0,Dipshikha Dhitopatra Karobar Co. Pvt Ltd.,Linch Stock Market Ltd.,2026-04-27 14:59:03.518729
2026042701043302,GBIME,38,13,25,234.0,5850.0,Dipshikha Dhitopatra Karobar Co. Pvt Ltd.,Thrive Brokerage House Pvt. Ltd,2026-04-27 14:59:03.519155
2026042701043303,GBIME,38,58,300,234.0,70200.0,Dipshikha Dhitopatra Karobar Co. Pvt Ltd.,Naasa Securities Co. Ltd.,2026-04-27 14:59:03.519552
2026042701043304,GBIME,38,58,42,234.0,9828.0,Dipshikha Dhitopatra Karobar Co. Pvt Ltd.,Naasa Securities Co. Ltd.,2026-04-27 14:59:03.519928
2026042701043305,GBIME,38,26,300,234.0,70200.0,Dipshikha Dhitopatra Karobar Co. Pvt Ltd.,Asian Securities Private Ltd.,2026-04-27 14:59:03.520340
2026042701043306,GBIME,38,58,20,234.1,4682.0,Dipshikha Dhitopatra Karobar Co. Pvt Ltd.,Naasa Securities Co. Ltd.,2026-04-27 14:59:03.520744
2026042701043307,GBIME,38,14,1000,234.5,234500.0,Dipshikha Dhitopatra Karobar Co. Pvt Ltd.,Nepal Stock House (PVT) Ltd.,2026-04-27 14:59:03.521143
2026042701043308,GBIME,38,44,500,234.8,117400.0,Dipshikha Dhitopatra Karobar Co. Pvt Ltd.,Dynamic Money Managers Securities Pvt. Ltd.,2026-04-27 14:59:03.521550
2026042701043309,GBIME,38,50,50,234.9,11745.0,Dipshikha Dhitopatra Karobar Co. Pvt Ltd.,Cristal Kanchanjanga Securites Pvt. Ltd.,2026-04-27 14:59:03.521954
2026042701043310,GBIME,38,36,100,234.9,23490.0,Dipshikha Dhitopatra Karobar Co. Pvt Ltd.,Secured Securities Ltd.,2026-04-27 14:59:03.522371
2026042701043311,GBIME,38,21,1000,234.9,234900.0,Dipshikha Dhitopatra Karobar Co. Pvt Ltd.,Midas Stock Broking Company Private Limited,2026-04-27 14:59:03.522762
2026042701043312,GBIME,38,32,768,234.9,180403.2,Dipshikha Dhitopatra Karobar Co. Pvt Ltd.,Premier Securities Company Ltd.,2026-04-27 14:59:03.523176
2026042701043358,GBIME,3,25,50,232.3,11615.0,Arun Securities (PVT) Ltd.,Sweta Securities Private Limited,2026-04-27 14:59:09.013275
2026042701043359,GBIME,38,25,26,232.2,6037.2,Dipshikha Dhitopatra Karobar Co. Pvt Ltd.,Sweta Securities Private Limited,2026-04-27 14:59:09.013571
2026042701043360,GBIME,44,25,44,232.2,10216.8,Dynamic Money Managers Securities Pvt. Ltd.,Sweta Securities Private Limited,2026-04-27 14:59:09.013729
2026042701043439,GBIME,38,32,32,234.9,7516.8,Dipshikha Dhitopatra Karobar Co. Pvt Ltd.,Premier Securities Company Ltd.,2026-04-27 14:59:15.138440
2026042701043440,GBIME,38,91,40,235.0,9400.0,Dipshikha Dhitopatra Karobar Co. Pvt Ltd.,Citizens Share Broker Limited,2026-04-27 14:59:15.138688
2026042701043441,GBIME,38,42,10,235.0,2350.0,Dipshikha Dhitopatra Karobar Co. Pvt Ltd.,Sani Securities Company Ltd.,2026-04-27 14:59:15.138821
2026042701043442,GBIME,38,57,50,235.0,11750.0,Dipshikha Dhitopatra Karobar Co. Pvt Ltd.,Aryatara Investment & Securities,2026-04-27 14:59:15.138951
2026042701043443,GBIME,38,25,4868,235.0,1143980.0,Dipshikha Dhitopatra Karobar Co. Pvt Ltd.,Sweta Securities Private Limited,2026-04-27 14:59:15.139088
2026042701043731,GBIME,38,25,132,235.0,31020.0,Dipshikha Dhitopatra Karobar Co. Pvt Ltd.,Sweta Securities Private Limited,2026-04-27 14:59:34.229903
2026042701043732,GBIME,38,57,500,235.0,117500.0,Dipshikha Dhitopatra Karobar Co. Pvt Ltd.,Aryatara Investment & Securities,2026-04-27 14:59:34.230470
2026042701043733,GBIME,38,44,2900,235.0,681500.0,Dipshikha Dhitopatra Karobar Co. Pvt Ltd.,Dynamic Money Managers Securities Pvt. Ltd.,2026-04-27 14:59:34.230851
2026042701043734,GBIME,38,42,97,235.0,22795.0,Dipshikha Dhitopatra Karobar Co. Pvt Ltd.,Sani Securities Company Ltd.,2026-04-27 14:59:34.231235
2026042701043735,GBIME,38,57,100,235.0,23500.0,Dipshikha Dhitopatra Karobar Co. Pvt Ltd.,Aryatara Investment & Securities,2026-04-27 14:59:34.231642
2026042701043736,GBIME,38,58,300,235.0,70500.0,Dipshikha Dhitopatra Karobar Co. Pvt Ltd.,Naasa Securities Co. Ltd.,2026-04-27 14:59:34.232009
2026042701043737,GBIME,38,32,971,235.0,228185.0,Dipshikha Dhitopatra Karobar Co. Pvt Ltd.,Premier Securities Company Ltd.,2026-04-27 14:59:34.232386
2026042701044052,GBIME,53,32,71,235.0,16685.0,Investment Management Nepal Pvt. Ltd.,Premier Securities Company Ltd.,2026-04-27 14:59:49.023570
