contract_id,symbol,buyer_member_id,seller_member_id,volume,price,amount,buyer_broker,seller_broker,transaction_time
2026042704000136,HDHPC,45,57,10,230.0,2300.0,Imperial Securities Company Pvt. Ltd.,Aryatara Investment & Securities,2026-04-27 11:03:50.141886
2026042704000207,HDHPC,42,42,415,230.0,95450.0,Sani Securities Company Ltd.,Sani Securities Company Ltd.,2026-04-27 11:05:28.047284
2026042704000214,HDHPC,42,49,585,230.0,134550.0,Sani Securities Company Ltd.,Online Securities Pvt. Ltd.,2026-04-27 11:05:39.873456
2026042704000215,HDHPC,42,49,415,230.0,95450.0,Sani Securities Company Ltd.,Online Securities Pvt. Ltd.,2026-04-27 11:05:40.531043
2026042704000236,HDHPC,46,45,50,230.0,11500.0,Kalika Securities Pvt. Ltd.,Imperial Securities Company Pvt. Ltd.,2026-04-27 11:06:14.945643
2026042704000237,HDHPC,46,49,240,230.0,55200.0,Kalika Securities Pvt. Ltd.,Online Securities Pvt. Ltd.,2026-04-27 11:06:14.945737
2026042704000238,HDHPC,46,62,300,231.0,69300.0,Kalika Securities Pvt. Ltd.,Capital Max Securities Ltd,2026-04-27 11:06:14.945784
2026042704000239,HDHPC,46,45,210,231.0,48510.0,Kalika Securities Pvt. Ltd.,Imperial Securities Company Pvt. Ltd.,2026-04-27 11:06:14.945831
2026042704000256,HDHPC,46,45,290,231.0,66990.0,Kalika Securities Pvt. Ltd.,Imperial Securities Company Pvt. Ltd.,2026-04-27 11:06:51.456994
2026042704000257,HDHPC,46,95,110,232.9,25619.0,Kalika Securities Pvt. Ltd.,Magnet Securities and Investment Company Private Limited,2026-04-27 11:06:51.457111
2026042704000303,HDHPC,44,91,290,231.0,66990.0,Dynamic Money Managers Securities Pvt. Ltd.,Citizens Share Broker Limited,2026-04-27 11:08:30.688576
2026042704000376,HDHPC,50,58,400,231.2,92480.0,Cristal Kanchanjanga Securites Pvt. Ltd.,Naasa Securities Co. Ltd.,2026-04-27 11:10:20.257877
2026042704000406,HDHPC,37,34,44,232.0,10208.0,Swarna Laxmi Securities Pvt. Ltd.,Vision Securities Pvt. Ltd,2026-04-27 11:10:56.726157
2026042704000411,HDHPC,37,34,44,232.0,10208.0,Swarna Laxmi Securities Pvt. Ltd.,Vision Securities Pvt. Ltd,2026-04-27 11:11:11.423082
2026042704000414,HDHPC,19,34,112,232.0,25984.0,Nepal Investment And Securities Trading Private Limited,Vision Securities Pvt. Ltd,2026-04-27 11:11:16.025351
2026042704000431,HDHPC,19,38,88,232.0,20416.0,Nepal Investment And Securities Trading Private Limited,Dipshikha Dhitopatra Karobar Co. Pvt Ltd.,2026-04-27 11:11:30.484366
2026042704000443,HDHPC,4,91,100,231.7,23170.0,Opal Securities Investment (PVT) Ltd.,Citizens Share Broker Limited,2026-04-27 11:11:47.846780
2026042704000530,HDHPC,50,39,100,231.2,23120.0,Cristal Kanchanjanga Securites Pvt. Ltd.,Sumeru Securities Pvt. Ltd.,2026-04-27 11:14:54.813979
2026042704000531,HDHPC,97,39,400,231.1,92440.0,R.B.B. Securities Company Ltd,Sumeru Securities Pvt. Ltd.,2026-04-27 11:14:54.814081
2026042704000635,HDHPC,97,48,600,231.1,138660.0,R.B.B. Securities Company Ltd,Trishakti Securities Public Limited,2026-04-27 11:16:51.437392
2026042704000636,HDHPC,97,48,10,231.1,2311.0,R.B.B. Securities Company Ltd,Trishakti Securities Public Limited,2026-04-27 11:16:51.437582
2026042704000650,HDHPC,39,53,200,231.5,46300.0,Sumeru Securities Pvt. Ltd.,Investment Management Nepal Pvt. Ltd.,2026-04-27 11:17:31.330407
2026042704000666,HDHPC,22,38,10,232.0,2320.0,Siprabi Securities Pvt. Ltd.,Dipshikha Dhitopatra Karobar Co. Pvt Ltd.,2026-04-27 11:17:53.767876
2026042704000686,HDHPC,49,38,400,232.0,92800.0,Online Securities Pvt. Ltd.,Dipshikha Dhitopatra Karobar Co. Pvt Ltd.,2026-04-27 11:18:12.076588
2026042704000721,HDHPC,35,38,502,232.0,116464.0,Kohinoor Investment & Securities Pvt. Ltd.,Dipshikha Dhitopatra Karobar Co. Pvt Ltd.,2026-04-27 11:18:42.513574
2026042704000722,HDHPC,35,91,200,232.0,46400.0,Kohinoor Investment & Securities Pvt. Ltd.,Citizens Share Broker Limited,2026-04-27 11:18:42.513726
2026042704000723,HDHPC,35,34,300,232.0,69600.0,Kohinoor Investment & Securities Pvt. Ltd.,Vision Securities Pvt. Ltd,2026-04-27 11:18:42.513799
2026042704000724,HDHPC,35,41,556,232.0,128992.0,Kohinoor Investment & Securities Pvt. Ltd.,Linch Stock Market Ltd.,2026-04-27 11:18:42.513869
2026042704000725,HDHPC,35,91,100,232.0,23200.0,Kohinoor Investment & Securities Pvt. Ltd.,Citizens Share Broker Limited,2026-04-27 11:18:42.513935
2026042704000741,HDHPC,62,28,105,232.8,24444.0,Capital Max Securities Ltd,Shree Krishna Securities Ltd.,2026-04-27 11:19:05.242914
2026042704000764,HDHPC,35,25,100,232.0,23200.0,Kohinoor Investment & Securities Pvt. Ltd.,Sweta Securities Private Limited,2026-04-27 11:19:21.560139
2026042704000787,HDHPC,35,11,18,232.0,4176.0,Kohinoor Investment & Securities Pvt. Ltd.,Malla & Malla Stock Broking Company Pvt. Limited,2026-04-27 11:19:45.266752
2026042704000789,HDHPC,35,92,130,232.0,30160.0,Kohinoor Investment & Securities Pvt. Ltd.,Roadshow securities limited,2026-04-27 11:19:47.861447
2026042704000792,HDHPC,35,57,40,232.0,9280.0,Kohinoor Investment & Securities Pvt. Ltd.,Aryatara Investment & Securities,2026-04-27 11:19:51.831136
2026042704000806,HDHPC,35,91,70,232.0,16240.0,Kohinoor Investment & Securities Pvt. Ltd.,Citizens Share Broker Limited,2026-04-27 11:20:02.764053
2026042704000816,HDHPC,35,44,484,232.0,112288.0,Kohinoor Investment & Securities Pvt. Ltd.,Dynamic Money Managers Securities Pvt. Ltd.,2026-04-27 11:20:11.342092
2026042704000817,HDHPC,22,44,12,232.0,2784.0,Siprabi Securities Pvt. Ltd.,Dynamic Money Managers Securities Pvt. Ltd.,2026-04-27 11:20:11.342322
2026042704000818,HDHPC,80,44,20,232.0,4640.0,Indira securities pvt. ltd,Dynamic Money Managers Securities Pvt. Ltd.,2026-04-27 11:20:11.342398
2026042704000884,HDHPC,39,13,50,231.5,11575.0,Sumeru Securities Pvt. Ltd.,Thrive Brokerage House Pvt. Ltd,2026-04-27 11:21:26.352383
2026042704000885,HDHPC,97,13,950,231.1,219545.0,R.B.B. Securities Company Ltd,Thrive Brokerage House Pvt. Ltd,2026-04-27 11:21:26.352576
2026042704000918,HDHPC,49,44,2155,232.0,499960.0,Online Securities Pvt. Ltd.,Dynamic Money Managers Securities Pvt. Ltd.,2026-04-27 11:22:08.833053
2026042704000938,HDHPC,49,44,2155,232.0,499960.0,Online Securities Pvt. Ltd.,Dynamic Money Managers Securities Pvt. Ltd.,2026-04-27 11:22:26.892112
2026042704000942,HDHPC,48,44,100,232.0,23200.0,Trishakti Securities Public Limited,Dynamic Money Managers Securities Pvt. Ltd.,2026-04-27 11:22:29.805347
2026042704000952,HDHPC,42,44,74,232.0,17168.0,Sani Securities Company Ltd.,Dynamic Money Managers Securities Pvt. Ltd.,2026-04-27 11:22:51.877220
2026042704000965,HDHPC,42,39,26,232.0,6032.0,Sani Securities Company Ltd.,Sumeru Securities Pvt. Ltd.,2026-04-27 11:23:07.497323
2026042704000966,HDHPC,101,39,1000,231.2,231200.0,APPLE SECURITIES PRIVATE LIMITED,Sumeru Securities Pvt. Ltd.,2026-04-27 11:23:07.497385
2026042704000967,HDHPC,97,39,40,231.1,9244.0,R.B.B. Securities Company Ltd,Sumeru Securities Pvt. Ltd.,2026-04-27 11:23:07.497407
2026042704000968,HDHPC,97,39,934,231.1,215847.4,R.B.B. Securities Company Ltd,Sumeru Securities Pvt. Ltd.,2026-04-27 11:23:07.497429
2026042704001122,HDHPC,58,57,100,232.0,23200.0,Naasa Securities Co. Ltd.,Aryatara Investment & Securities,2026-04-27 11:26:23.216718
2026042704001123,HDHPC,58,94,100,232.7,23270.0,Naasa Securities Co. Ltd.,K.B.L. Securities Limited ,2026-04-27 11:26:23.216769
2026042704001124,HDHPC,58,28,395,232.8,91956.0,Naasa Securities Co. Ltd.,Shree Krishna Securities Ltd.,2026-04-27 11:26:23.216802
2026042704001125,HDHPC,58,95,1405,232.9,327224.5,Naasa Securities Co. Ltd.,Magnet Securities and Investment Company Private Limited,2026-04-27 11:26:23.216832
2026042704001204,HDHPC,89,95,10,232.9,2329.0,Global IME Securities Limited,Magnet Securities and Investment Company Private Limited,2026-04-27 11:27:50.186929
2026042704001273,HDHPC,49,84,70,231.6,16212.0,Online Securities Pvt. Ltd.,MILKY WAY SHARE BROKER COMPANY LTD ,2026-04-27 11:28:58.924559
2026042704001274,HDHPC,58,84,310,231.6,71796.0,Naasa Securities Co. Ltd.,MILKY WAY SHARE BROKER COMPANY LTD ,2026-04-27 11:28:58.924797
2026042704001275,HDHPC,49,84,1620,231.5,375030.0,Online Securities Pvt. Ltd.,MILKY WAY SHARE BROKER COMPANY LTD ,2026-04-27 11:28:58.924911
2026042704001311,HDHPC,49,84,535,231.5,123852.5,Online Securities Pvt. Ltd.,MILKY WAY SHARE BROKER COMPANY LTD ,2026-04-27 11:29:46.367081
2026042704001312,HDHPC,97,84,66,231.1,15252.6,R.B.B. Securities Company Ltd,MILKY WAY SHARE BROKER COMPANY LTD ,2026-04-27 11:29:46.367510
2026042704001313,HDHPC,48,84,20,231.1,4622.0,Trishakti Securities Public Limited,MILKY WAY SHARE BROKER COMPANY LTD ,2026-04-27 11:29:46.367770
2026042704001314,HDHPC,43,84,500,231.0,115500.0,South Asian Bulls Pvt. Ltd.,MILKY WAY SHARE BROKER COMPANY LTD ,2026-04-27 11:29:46.368051
2026042704001315,HDHPC,58,84,50,231.0,11550.0,Naasa Securities Co. Ltd.,MILKY WAY SHARE BROKER COMPANY LTD ,2026-04-27 11:29:46.368329
2026042704001316,HDHPC,58,84,20,231.0,4620.0,Naasa Securities Co. Ltd.,MILKY WAY SHARE BROKER COMPANY LTD ,2026-04-27 11:29:46.368571
2026042704001317,HDHPC,51,84,1000,231.0,231000.0,Oxford Securities Pvt. Ltd.,MILKY WAY SHARE BROKER COMPANY LTD ,2026-04-27 11:29:46.368831
2026042704001361,HDHPC,49,57,50,230.5,11525.0,Online Securities Pvt. Ltd.,Aryatara Investment & Securities,2026-04-27 11:30:30.904255
2026042704001407,HDHPC,49,36,30,230.5,6915.0,Online Securities Pvt. Ltd.,Secured Securities Ltd.,2026-04-27 11:31:06.536367
2026042704001425,HDHPC,44,36,200,230.1,46020.0,Dynamic Money Managers Securities Pvt. Ltd.,Secured Securities Ltd.,2026-04-27 11:31:20.958294
2026042704001435,HDHPC,34,36,220,230.1,50622.0,Vision Securities Pvt. Ltd,Secured Securities Ltd.,2026-04-27 11:31:26.321206
2026042704001436,HDHPC,34,84,809,231.0,186879.0,Vision Securities Pvt. Ltd,MILKY WAY SHARE BROKER COMPANY LTD ,2026-04-27 11:31:26.321467
2026042704001437,HDHPC,34,34,71,231.0,16401.0,Vision Securities Pvt. Ltd,Vision Securities Pvt. Ltd,2026-04-27 11:31:26.321570
2026042704001485,HDHPC,29,34,229,231.0,52899.0,Trisul Securities & Invt. Ltd.,Vision Securities Pvt. Ltd,2026-04-27 11:32:21.099460
2026042704001486,HDHPC,29,5,271,231.0,62601.0,Trisul Securities & Invt. Ltd.,Market Securities & Exchange (PVT) Ltd.,2026-04-27 11:32:21.099692
2026042704001490,HDHPC,42,17,50,230.0,11500.0,Sani Securities Company Ltd.,ABC Securities Private Limited,2026-04-27 11:32:22.490514
2026042704001491,HDHPC,58,17,25,230.0,5750.0,Naasa Securities Co. Ltd.,ABC Securities Private Limited,2026-04-27 11:32:22.490935
2026042704001492,HDHPC,4,17,200,230.0,46000.0,Opal Securities Investment (PVT) Ltd.,ABC Securities Private Limited,2026-04-27 11:32:22.491201
2026042704001493,HDHPC,35,17,400,230.0,92000.0,Kohinoor Investment & Securities Pvt. Ltd.,ABC Securities Private Limited,2026-04-27 11:32:22.491470
2026042704001494,HDHPC,11,17,100,230.0,23000.0,Malla & Malla Stock Broking Company Pvt. Limited,ABC Securities Private Limited,2026-04-27 11:32:22.491739
2026042704001495,HDHPC,42,17,30,230.0,6900.0,Sani Securities Company Ltd.,ABC Securities Private Limited,2026-04-27 11:32:22.491991
2026042704001496,HDHPC,35,17,45,230.0,10350.0,Kohinoor Investment & Securities Pvt. Ltd.,ABC Securities Private Limited,2026-04-27 11:32:22.492233
2026042704001497,HDHPC,34,17,50,230.0,11500.0,Vision Securities Pvt. Ltd,ABC Securities Private Limited,2026-04-27 11:32:22.492506
2026042704001498,HDHPC,59,17,200,230.0,46000.0,Deevyaa Securities & Stock House Pvt. Ltd,ABC Securities Private Limited,2026-04-27 11:32:22.492761
2026042704001499,HDHPC,57,17,400,230.0,92000.0,Aryatara Investment & Securities,ABC Securities Private Limited,2026-04-27 11:32:22.493008
2026042704001500,HDHPC,4,17,100,230.0,23000.0,Opal Securities Investment (PVT) Ltd.,ABC Securities Private Limited,2026-04-27 11:32:22.493245
2026042704001542,HDHPC,58,17,32,230.0,7360.0,Naasa Securities Co. Ltd.,ABC Securities Private Limited,2026-04-27 11:33:08.018124
2026042704001573,HDHPC,36,77,300,230.0,69000.0,Secured Securities Ltd.,Nabil Stock Dealer Ltd.,2026-04-27 11:33:38.421996
2026042704001626,HDHPC,58,44,10,230.0,2300.0,Naasa Securities Co. Ltd.,Dynamic Money Managers Securities Pvt. Ltd.,2026-04-27 11:34:40.815852
2026042704001735,HDHPC,42,33,500,229.2,114600.0,Sani Securities Company Ltd.,Dakshinkali Investment & Securities Pvt. Ltd.,2026-04-27 11:36:15.182204
2026042704001751,HDHPC,25,34,50,230.0,11500.0,Sweta Securities Private Limited,Vision Securities Pvt. Ltd,2026-04-27 11:36:24.407730
2026042704001762,HDHPC,58,34,150,230.0,34500.0,Naasa Securities Co. Ltd.,Vision Securities Pvt. Ltd,2026-04-27 11:36:38.297148
2026042704001781,HDHPC,49,5,729,231.0,168399.0,Online Securities Pvt. Ltd.,Market Securities & Exchange (PVT) Ltd.,2026-04-27 11:37:09.445193
2026042704001782,HDHPC,49,45,100,231.0,23100.0,Online Securities Pvt. Ltd.,Imperial Securities Company Pvt. Ltd.,2026-04-27 11:37:09.445455
2026042704001816,HDHPC,49,49,1335,231.0,308385.0,Online Securities Pvt. Ltd.,Online Securities Pvt. Ltd.,2026-04-27 11:38:10.382843
2026042704001817,HDHPC,36,49,200,231.0,46200.0,Secured Securities Ltd.,Online Securities Pvt. Ltd.,2026-04-27 11:38:10.383347
2026042704001878,HDHPC,45,49,10,231.0,2310.0,Imperial Securities Company Pvt. Ltd.,Online Securities Pvt. Ltd.,2026-04-27 11:40:36.820516
2026042704001920,HDHPC,58,8,70,230.0,16100.0,Naasa Securities Co. Ltd.,Brilliant Securities Pvt. Ltd.,2026-04-27 11:41:40.506072
2026042704001921,HDHPC,36,8,10,230.0,2300.0,Secured Securities Ltd.,Brilliant Securities Pvt. Ltd.,2026-04-27 11:41:40.506542
2026042704001922,HDHPC,47,8,300,230.0,69000.0,Neev Securities Pvt. Ltd.,Brilliant Securities Pvt. Ltd.,2026-04-27 11:41:40.506849
2026042704001934,HDHPC,49,8,2173,230.0,499790.0,Online Securities Pvt. Ltd.,Brilliant Securities Pvt. Ltd.,2026-04-27 11:42:04.990489
2026042704001946,HDHPC,52,8,50,230.0,11500.0,Sundhara Securities Limited,Brilliant Securities Pvt. Ltd.,2026-04-27 11:42:14.800200
2026042704001982,HDHPC,49,62,500,229.9,114950.0,Online Securities Pvt. Ltd.,Capital Max Securities Ltd,2026-04-27 11:43:06.614503
2026042704002000,HDHPC,42,8,1300,230.0,299000.0,Sani Securities Company Ltd.,Brilliant Securities Pvt. Ltd.,2026-04-27 11:43:38.441575
2026042704002039,HDHPC,58,8,47,230.0,10810.0,Naasa Securities Co. Ltd.,Brilliant Securities Pvt. Ltd.,2026-04-27 11:44:07.358798
2026042704002040,HDHPC,58,21,500,230.0,115000.0,Naasa Securities Co. Ltd.,Midas Stock Broking Company Private Limited,2026-04-27 11:44:07.359161
2026042704002042,HDHPC,58,60,453,230.0,104190.0,Naasa Securities Co. Ltd.,Nagarik Stock Dealer ,2026-04-27 11:44:10.569638
2026042704002043,HDHPC,49,60,547,229.9,125755.3,Online Securities Pvt. Ltd.,Nagarik Stock Dealer ,2026-04-27 11:44:10.570118
2026042704002083,HDHPC,29,84,150,230.0,34500.0,Trisul Securities & Invt. Ltd.,MILKY WAY SHARE BROKER COMPANY LTD ,2026-04-27 11:44:44.298118
2026042704002116,HDHPC,49,84,17,230.0,3910.0,Online Securities Pvt. Ltd.,MILKY WAY SHARE BROKER COMPANY LTD ,2026-04-27 11:45:37.500209
2026042704002164,HDHPC,57,84,50,230.0,11500.0,Aryatara Investment & Securities,MILKY WAY SHARE BROKER COMPANY LTD ,2026-04-27 11:46:30.529171
2026042704002168,HDHPC,49,38,335,229.9,77016.5,Online Securities Pvt. Ltd.,Dipshikha Dhitopatra Karobar Co. Pvt Ltd.,2026-04-27 11:46:33.637743
2026042704002175,HDHPC,49,19,18,229.9,4138.2,Online Securities Pvt. Ltd.,Nepal Investment And Securities Trading Private Limited,2026-04-27 11:46:45.811073
2026042704002203,HDHPC,42,84,1000,230.0,230000.0,Sani Securities Company Ltd.,MILKY WAY SHARE BROKER COMPANY LTD ,2026-04-27 11:47:30.616292
2026042704002228,HDHPC,71,84,500,230.0,115000.0,SHUBHAKAMANA SECURITIES PVT. LTD,MILKY WAY SHARE BROKER COMPANY LTD ,2026-04-27 11:48:16.563433
2026042704002246,HDHPC,38,84,283,230.0,65090.0,Dipshikha Dhitopatra Karobar Co. Pvt Ltd.,MILKY WAY SHARE BROKER COMPANY LTD ,2026-04-27 11:48:43.702518
2026042704002247,HDHPC,38,49,31,230.0,7130.0,Dipshikha Dhitopatra Karobar Co. Pvt Ltd.,Online Securities Pvt. Ltd.,2026-04-27 11:48:43.702796
2026042704002248,HDHPC,38,29,1186,230.0,272780.0,Dipshikha Dhitopatra Karobar Co. Pvt Ltd.,Trisul Securities & Invt. Ltd.,2026-04-27 11:48:43.702907
2026042704002255,HDHPC,49,29,129,230.0,29670.0,Online Securities Pvt. Ltd.,Trisul Securities & Invt. Ltd.,2026-04-27 11:49:08.633662
2026042704002279,HDHPC,58,29,60,230.0,13800.0,Naasa Securities Co. Ltd.,Trisul Securities & Invt. Ltd.,2026-04-27 11:49:46.221872
2026042704002283,HDHPC,44,29,300,230.0,69000.0,Dynamic Money Managers Securities Pvt. Ltd.,Trisul Securities & Invt. Ltd.,2026-04-27 11:50:00.727241
2026042704002355,HDHPC,57,29,1325,230.0,304750.0,Aryatara Investment & Securities,Trisul Securities & Invt. Ltd.,2026-04-27 11:51:30.444257
2026042704002356,HDHPC,57,1,1200,230.0,276000.0,Aryatara Investment & Securities,Kumari Securities Private Limited,2026-04-27 11:51:30.444528
2026042704002393,HDHPC,57,26,1000,230.9,230900.0,Aryatara Investment & Securities,Asian Securities Private Ltd.,2026-04-27 11:52:36.542454
2026042704002409,HDHPC,29,49,140,230.0,32200.0,Trisul Securities & Invt. Ltd.,Online Securities Pvt. Ltd.,2026-04-27 11:52:55.232448
2026042704002416,HDHPC,57,26,1000,230.9,230900.0,Aryatara Investment & Securities,Asian Securities Private Ltd.,2026-04-27 11:53:05.429783
2026042704002436,HDHPC,58,49,41,231.0,9471.0,Naasa Securities Co. Ltd.,Online Securities Pvt. Ltd.,2026-04-27 11:53:34.874283
2026042704002438,HDHPC,21,26,11,230.9,2539.9,Midas Stock Broking Company Private Limited,Asian Securities Private Ltd.,2026-04-27 11:53:43.650610
2026042704002449,HDHPC,57,26,989,230.9,228360.1,Aryatara Investment & Securities,Asian Securities Private Ltd.,2026-04-27 11:53:58.658880
2026042704002467,HDHPC,21,57,11,230.5,2535.5,Midas Stock Broking Company Private Limited,Aryatara Investment & Securities,2026-04-27 11:54:27.914997
2026042704002468,HDHPC,57,57,489,230.5,112714.5,Aryatara Investment & Securities,Aryatara Investment & Securities,2026-04-27 11:54:28.451081
2026042704002473,HDHPC,57,37,11,230.5,2535.5,Aryatara Investment & Securities,Swarna Laxmi Securities Pvt. Ltd.,2026-04-27 11:54:34.223141
2026042704002474,HDHPC,45,37,100,230.1,23010.0,Imperial Securities Company Pvt. Ltd.,Swarna Laxmi Securities Pvt. Ltd.,2026-04-27 11:54:34.223434
2026042704002475,HDHPC,29,37,360,230.0,82800.0,Trisul Securities & Invt. Ltd.,Swarna Laxmi Securities Pvt. Ltd.,2026-04-27 11:54:34.223547
2026042704002476,HDHPC,63,37,215,230.0,49450.0,Himalayan Brokerage Company Limited,Swarna Laxmi Securities Pvt. Ltd.,2026-04-27 11:54:34.223667
2026042704002477,HDHPC,42,37,314,230.0,72220.0,Sani Securities Company Ltd.,Swarna Laxmi Securities Pvt. Ltd.,2026-04-27 11:54:34.223781
2026042704002482,HDHPC,42,52,40,230.0,9200.0,Sani Securities Company Ltd.,Sundhara Securities Limited,2026-04-27 11:54:46.515195
2026042704002495,HDHPC,57,17,100,230.1,23010.0,Aryatara Investment & Securities,ABC Securities Private Limited,2026-04-27 11:55:14.983988
2026042704002501,HDHPC,57,29,900,230.1,207090.0,Aryatara Investment & Securities,Trisul Securities & Invt. Ltd.,2026-04-27 11:55:23.931860
2026042704002504,HDHPC,42,58,360,230.0,82800.0,Sani Securities Company Ltd.,Naasa Securities Co. Ltd.,2026-04-27 11:55:26.802035
2026042704002505,HDHPC,42,37,486,230.0,111780.0,Sani Securities Company Ltd.,Swarna Laxmi Securities Pvt. Ltd.,2026-04-27 11:55:28.016862
2026042704002506,HDHPC,57,37,100,230.0,23000.0,Aryatara Investment & Securities,Swarna Laxmi Securities Pvt. Ltd.,2026-04-27 11:55:28.017162
2026042704002527,HDHPC,58,37,170,230.0,39100.0,Naasa Securities Co. Ltd.,Swarna Laxmi Securities Pvt. Ltd.,2026-04-27 11:55:49.712323
2026042704002529,HDHPC,52,37,244,230.0,56120.0,Sundhara Securities Limited,Swarna Laxmi Securities Pvt. Ltd.,2026-04-27 11:55:52.234490
2026042704002530,HDHPC,52,54,27,230.0,6210.0,Sundhara Securities Limited,Sewa Securities Pvt. Ltd.,2026-04-27 11:55:52.234755
2026042704002539,HDHPC,21,84,25,230.8,5770.0,Midas Stock Broking Company Private Limited,MILKY WAY SHARE BROKER COMPANY LTD ,2026-04-27 11:56:20.857874
2026042704002544,HDHPC,52,37,29,230.0,6670.0,Sundhara Securities Limited,Swarna Laxmi Securities Pvt. Ltd.,2026-04-27 11:56:32.262883
2026042704002588,HDHPC,42,37,50,230.0,11500.0,Sani Securities Company Ltd.,Swarna Laxmi Securities Pvt. Ltd.,2026-04-27 11:58:01.683675
2026042704002601,HDHPC,42,58,199,229.7,45710.3,Sani Securities Company Ltd.,Naasa Securities Co. Ltd.,2026-04-27 11:58:24.475520
2026042704002614,HDHPC,42,26,101,229.7,23199.7,Sani Securities Company Ltd.,Asian Securities Private Ltd.,2026-04-27 11:59:03.116086
2026042704002615,HDHPC,34,26,250,229.5,57375.0,Vision Securities Pvt. Ltd,Asian Securities Private Ltd.,2026-04-27 11:59:03.116357
2026042704002616,HDHPC,28,26,100,229.4,22940.0,Shree Krishna Securities Ltd.,Asian Securities Private Ltd.,2026-04-27 11:59:03.116481
2026042704002617,HDHPC,28,26,100,229.2,22920.0,Shree Krishna Securities Ltd.,Asian Securities Private Ltd.,2026-04-27 11:59:03.116600
2026042704002618,HDHPC,42,26,449,229.2,102910.8,Sani Securities Company Ltd.,Asian Securities Private Ltd.,2026-04-27 11:59:03.116718
2026042704002630,HDHPC,48,26,990,229.7,227403.0,Trishakti Securities Public Limited,Asian Securities Private Ltd.,2026-04-27 11:59:32.165769
2026042704002632,HDHPC,57,28,500,229.9,114950.0,Aryatara Investment & Securities,Shree Krishna Securities Ltd.,2026-04-27 11:59:44.746546
2026042704002639,HDHPC,48,26,10,229.7,2297.0,Trishakti Securities Public Limited,Asian Securities Private Ltd.,2026-04-27 11:59:54.615175
2026042704002720,HDHPC,26,56,100,229.5,22950.0,Asian Securities Private Ltd.,Sri Hari Securities Pvt. Ltd.,2026-04-27 12:01:48.972915
2026042704002893,HDHPC,58,29,10,229.5,2295.0,Naasa Securities Co. Ltd.,Trisul Securities & Invt. Ltd.,2026-04-27 12:06:09.110902
2026042704002894,HDHPC,35,29,100,229.4,22940.0,Kohinoor Investment & Securities Pvt. Ltd.,Trisul Securities & Invt. Ltd.,2026-04-27 12:06:09.110987
2026042704002895,HDHPC,42,29,200,229.3,45860.0,Sani Securities Company Ltd.,Trisul Securities & Invt. Ltd.,2026-04-27 12:06:09.111009
2026042704002896,HDHPC,42,29,51,229.2,11689.2,Sani Securities Company Ltd.,Trisul Securities & Invt. Ltd.,2026-04-27 12:06:09.111037
2026042704002897,HDHPC,45,29,100,229.2,22920.0,Imperial Securities Company Pvt. Ltd.,Trisul Securities & Invt. Ltd.,2026-04-27 12:06:09.111061
2026042704002898,HDHPC,74,29,1000,229.2,229200.0,KALASH STOCK MARKET PVT. LTD.,Trisul Securities & Invt. Ltd.,2026-04-27 12:06:09.111097
2026042704002899,HDHPC,44,29,200,229.1,45820.0,Dynamic Money Managers Securities Pvt. Ltd.,Trisul Securities & Invt. Ltd.,2026-04-27 12:06:09.111120
2026042704002900,HDHPC,49,29,10,229.1,2291.0,Online Securities Pvt. Ltd.,Trisul Securities & Invt. Ltd.,2026-04-27 12:06:09.111159
2026042704002901,HDHPC,28,29,1500,229.1,343650.0,Shree Krishna Securities Ltd.,Trisul Securities & Invt. Ltd.,2026-04-27 12:06:09.111193
2026042704002902,HDHPC,33,29,329,229.1,75373.9,Dakshinkali Investment & Securities Pvt. Ltd.,Trisul Securities & Invt. Ltd.,2026-04-27 12:06:09.111213
2026042704002956,HDHPC,57,37,921,230.0,211830.0,Aryatara Investment & Securities,Swarna Laxmi Securities Pvt. Ltd.,2026-04-27 12:07:59.055342
2026042704002957,HDHPC,57,49,180,230.0,41400.0,Aryatara Investment & Securities,Online Securities Pvt. Ltd.,2026-04-27 12:07:59.055926
2026042704002958,HDHPC,57,84,1899,230.0,436770.0,Aryatara Investment & Securities,MILKY WAY SHARE BROKER COMPANY LTD ,2026-04-27 12:07:59.056338
2026042704002984,HDHPC,26,84,76,229.2,17419.2,Asian Securities Private Ltd.,MILKY WAY SHARE BROKER COMPANY LTD ,2026-04-27 12:08:52.293345
2026042704003123,HDHPC,42,57,40,230.0,9200.0,Sani Securities Company Ltd.,Aryatara Investment & Securities,2026-04-27 12:11:49.176460
2026042704003184,HDHPC,47,49,54,231.0,12474.0,Neev Securities Pvt. Ltd.,Online Securities Pvt. Ltd.,2026-04-27 12:13:51.290352
2026042704003275,HDHPC,57,45,200,230.5,46100.0,Aryatara Investment & Securities,Imperial Securities Company Pvt. Ltd.,2026-04-27 12:15:37.527521
2026042704003297,HDHPC,57,22,1100,230.0,253000.0,Aryatara Investment & Securities,Siprabi Securities Pvt. Ltd.,2026-04-27 12:16:32.639796
2026042704003395,HDHPC,1,45,500,229.5,114750.0,Kumari Securities Private Limited,Imperial Securities Company Pvt. Ltd.,2026-04-27 12:20:19.906657
2026042704003396,HDHPC,26,45,54,229.4,12387.6,Asian Securities Private Ltd.,Imperial Securities Company Pvt. Ltd.,2026-04-27 12:20:19.906763
2026042704003397,HDHPC,84,45,1000,229.2,229200.0,MILKY WAY SHARE BROKER COMPANY LTD ,Imperial Securities Company Pvt. Ltd.,2026-04-27 12:20:19.906877
2026042704003398,HDHPC,33,45,671,229.1,153726.1,Dakshinkali Investment & Securities Pvt. Ltd.,Imperial Securities Company Pvt. Ltd.,2026-04-27 12:20:19.906951
2026042704003399,HDHPC,36,45,100,229.1,22910.0,Secured Securities Ltd.,Imperial Securities Company Pvt. Ltd.,2026-04-27 12:20:19.907037
2026042704003400,HDHPC,45,45,1000,229.1,229100.0,Imperial Securities Company Pvt. Ltd.,Imperial Securities Company Pvt. Ltd.,2026-04-27 12:20:19.907106
2026042704003401,HDHPC,42,45,200,229.0,45800.0,Sani Securities Company Ltd.,Imperial Securities Company Pvt. Ltd.,2026-04-27 12:20:19.907184
2026042704003402,HDHPC,58,45,1615,229.0,369835.0,Naasa Securities Co. Ltd.,Imperial Securities Company Pvt. Ltd.,2026-04-27 12:20:19.907295
2026042704003403,HDHPC,58,45,1860,229.0,425940.0,Naasa Securities Co. Ltd.,Imperial Securities Company Pvt. Ltd.,2026-04-27 12:20:19.907382
2026042704003407,HDHPC,58,45,140,229.0,32060.0,Naasa Securities Co. Ltd.,Imperial Securities Company Pvt. Ltd.,2026-04-27 12:20:31.825715
2026042704003408,HDHPC,17,45,970,229.0,222130.0,ABC Securities Private Limited,Imperial Securities Company Pvt. Ltd.,2026-04-27 12:20:31.825773
2026042704003409,HDHPC,34,45,500,229.0,114500.0,Vision Securities Pvt. Ltd,Imperial Securities Company Pvt. Ltd.,2026-04-27 12:20:31.825829
2026042704003410,HDHPC,8,45,50,229.0,11450.0,Brilliant Securities Pvt. Ltd.,Imperial Securities Company Pvt. Ltd.,2026-04-27 12:20:31.825874
2026042704003411,HDHPC,22,45,50,229.0,11450.0,Siprabi Securities Pvt. Ltd.,Imperial Securities Company Pvt. Ltd.,2026-04-27 12:20:31.825897
2026042704003412,HDHPC,20,45,185,229.0,42365.0,Sipla Securities Private Limited,Imperial Securities Company Pvt. Ltd.,2026-04-27 12:20:31.825921
2026042704003413,HDHPC,36,45,110,229.0,25190.0,Secured Securities Ltd.,Imperial Securities Company Pvt. Ltd.,2026-04-27 12:20:31.825946
2026042704003414,HDHPC,65,45,500,228.2,114100.0,Sharepro Securities Private Limited,Imperial Securities Company Pvt. Ltd.,2026-04-27 12:20:31.825972
2026042704003415,HDHPC,40,45,500,228.2,114100.0,Creative Securities Pvt Ltd,Imperial Securities Company Pvt. Ltd.,2026-04-27 12:20:31.825998
2026042704003416,HDHPC,44,45,200,228.1,45620.0,Dynamic Money Managers Securities Pvt. Ltd.,Imperial Securities Company Pvt. Ltd.,2026-04-27 12:20:31.826043
2026042704003417,HDHPC,36,45,50,228.0,11400.0,Secured Securities Ltd.,Imperial Securities Company Pvt. Ltd.,2026-04-27 12:20:31.826067
2026042704003418,HDHPC,58,45,65,228.0,14820.0,Naasa Securities Co. Ltd.,Imperial Securities Company Pvt. Ltd.,2026-04-27 12:20:31.826090
2026042704003419,HDHPC,72,45,20,228.0,4560.0,Hatemalo Financial Services Private Limited,Imperial Securities Company Pvt. Ltd.,2026-04-27 12:20:31.826146
2026042704003420,HDHPC,16,45,200,228.0,45600.0,Primo Securities (PVT) Ltd.,Imperial Securities Company Pvt. Ltd.,2026-04-27 12:20:31.826175
2026042704003421,HDHPC,58,45,1000,228.0,228000.0,Naasa Securities Co. Ltd.,Imperial Securities Company Pvt. Ltd.,2026-04-27 12:20:31.826218
2026042704003422,HDHPC,45,45,1460,228.0,332880.0,Imperial Securities Company Pvt. Ltd.,Imperial Securities Company Pvt. Ltd.,2026-04-27 12:20:31.826250
2026042704003563,HDHPC,6,60,300,229.5,68850.0,Agrawal Securities (PVT) Ltd.,Nagarik Stock Dealer ,2026-04-27 12:25:19.203191
2026042704003627,HDHPC,58,60,16,229.5,3672.0,Naasa Securities Co. Ltd.,Nagarik Stock Dealer ,2026-04-27 12:27:06.800069
2026042704003629,HDHPC,57,60,84,229.5,19278.0,Aryatara Investment & Securities,Nagarik Stock Dealer ,2026-04-27 12:27:34.051646
2026042704003630,HDHPC,57,22,25,230.0,5750.0,Aryatara Investment & Securities,Siprabi Securities Pvt. Ltd.,2026-04-27 12:27:34.051994
2026042704003631,HDHPC,57,43,891,230.0,204930.0,Aryatara Investment & Securities,South Asian Bulls Pvt. Ltd.,2026-04-27 12:27:34.052139
2026042704003662,HDHPC,57,43,109,230.0,25070.0,Aryatara Investment & Securities,South Asian Bulls Pvt. Ltd.,2026-04-27 12:28:33.831743
2026042704003663,HDHPC,57,42,91,230.0,20930.0,Aryatara Investment & Securities,Sani Securities Company Ltd.,2026-04-27 12:28:33.832172
2026042704003671,HDHPC,57,42,300,230.0,69000.0,Aryatara Investment & Securities,Sani Securities Company Ltd.,2026-04-27 12:28:46.831140
2026042704003705,HDHPC,57,62,1000,230.0,230000.0,Aryatara Investment & Securities,Capital Max Securities Ltd,2026-04-27 12:29:53.225647
2026042704003785,HDHPC,57,49,18,230.0,4140.0,Aryatara Investment & Securities,Online Securities Pvt. Ltd.,2026-04-27 12:32:30.868993
2026042704003786,HDHPC,57,29,1982,230.0,455860.0,Aryatara Investment & Securities,Trisul Securities & Invt. Ltd.,2026-04-27 12:32:30.869771
2026042704003822,HDHPC,42,29,18,230.0,4140.0,Sani Securities Company Ltd.,Trisul Securities & Invt. Ltd.,2026-04-27 12:34:14.090344
2026042704003893,HDHPC,57,58,200,230.0,46000.0,Aryatara Investment & Securities,Naasa Securities Co. Ltd.,2026-04-27 12:36:15.269111
2026042704003894,HDHPC,57,62,863,230.0,198490.0,Aryatara Investment & Securities,Capital Max Securities Ltd,2026-04-27 12:36:15.269558
2026042704003972,HDHPC,7,33,80,230.0,18400.0,J.F. Securites (PVT) Ltd.,Dakshinkali Investment & Securities Pvt. Ltd.,2026-04-27 12:37:49.684880
2026042704003975,HDHPC,58,33,20,230.0,4600.0,Naasa Securities Co. Ltd.,Dakshinkali Investment & Securities Pvt. Ltd.,2026-04-27 12:37:59.041378
2026042704004060,HDHPC,58,62,60,230.0,13800.0,Naasa Securities Co. Ltd.,Capital Max Securities Ltd,2026-04-27 12:40:25.382110
2026042704004167,HDHPC,49,38,175,229.0,40075.0,Online Securities Pvt. Ltd.,Dipshikha Dhitopatra Karobar Co. Pvt Ltd.,2026-04-27 12:42:40.071987
2026042704004168,HDHPC,45,38,300,229.0,68700.0,Imperial Securities Company Pvt. Ltd.,Dipshikha Dhitopatra Karobar Co. Pvt Ltd.,2026-04-27 12:42:40.072085
2026042704004169,HDHPC,57,38,25,228.6,5715.0,Aryatara Investment & Securities,Dipshikha Dhitopatra Karobar Co. Pvt Ltd.,2026-04-27 12:42:40.072161
2026042704004578,HDHPC,57,62,77,230.0,17710.0,Aryatara Investment & Securities,Capital Max Securities Ltd,2026-04-27 12:53:07.772273
2026042704004579,HDHPC,57,38,100,230.0,23000.0,Aryatara Investment & Securities,Dipshikha Dhitopatra Karobar Co. Pvt Ltd.,2026-04-27 12:53:07.773009
2026042704004580,HDHPC,57,64,100,230.0,23000.0,Aryatara Investment & Securities,SUN SECURITIES PVT LTD,2026-04-27 12:53:07.773520
2026042704004581,HDHPC,57,17,1893,230.0,435390.0,Aryatara Investment & Securities,ABC Securities Private Limited,2026-04-27 12:53:07.773995
2026042704004606,HDHPC,57,17,107,230.0,24610.0,Aryatara Investment & Securities,ABC Securities Private Limited,2026-04-27 12:53:47.189228
2026042704004607,HDHPC,57,41,960,230.0,220800.0,Aryatara Investment & Securities,Linch Stock Market Ltd.,2026-04-27 12:53:47.189969
2026042704004608,HDHPC,57,57,500,230.0,115000.0,Aryatara Investment & Securities,Aryatara Investment & Securities,2026-04-27 12:53:47.190476
2026042704004609,HDHPC,57,57,500,230.0,115000.0,Aryatara Investment & Securities,Aryatara Investment & Securities,2026-04-27 12:53:47.190950
2026042704004610,HDHPC,57,42,88,230.0,20240.0,Aryatara Investment & Securities,Sani Securities Company Ltd.,2026-04-27 12:53:47.191432
2026042704004611,HDHPC,57,45,15,230.0,3450.0,Aryatara Investment & Securities,Imperial Securities Company Pvt. Ltd.,2026-04-27 12:53:47.191902
2026042704004636,HDHPC,57,45,225,230.0,51750.0,Aryatara Investment & Securities,Imperial Securities Company Pvt. Ltd.,2026-04-27 12:54:53.205181
2026042704004652,HDHPC,49,45,10,230.0,2300.0,Online Securities Pvt. Ltd.,Imperial Securities Company Pvt. Ltd.,2026-04-27 12:55:38.348239
2026042704004666,HDHPC,58,45,250,230.0,57500.0,Naasa Securities Co. Ltd.,Imperial Securities Company Pvt. Ltd.,2026-04-27 12:55:44.698736
2026042704004695,HDHPC,42,40,18,229.2,4125.6,Sani Securities Company Ltd.,Creative Securities Pvt Ltd,2026-04-27 12:56:28.519558
2026042704004729,HDHPC,42,45,82,229.2,18794.4,Sani Securities Company Ltd.,Imperial Securities Company Pvt. Ltd.,2026-04-27 12:57:17.269181
2026042704004730,HDHPC,39,45,220,229.0,50380.0,Sumeru Securities Pvt. Ltd.,Imperial Securities Company Pvt. Ltd.,2026-04-27 12:57:17.269939
2026042704004731,HDHPC,28,45,436,229.0,99844.0,Shree Krishna Securities Ltd.,Imperial Securities Company Pvt. Ltd.,2026-04-27 12:57:17.270443
2026042704004732,HDHPC,58,45,2000,228.9,457800.0,Naasa Securities Co. Ltd.,Imperial Securities Company Pvt. Ltd.,2026-04-27 12:57:17.270921
2026042704004748,HDHPC,58,45,300,228.9,68670.0,Naasa Securities Co. Ltd.,Imperial Securities Company Pvt. Ltd.,2026-04-27 12:58:00.879235
2026042704004781,HDHPC,45,45,1000,228.9,228900.0,Imperial Securities Company Pvt. Ltd.,Imperial Securities Company Pvt. Ltd.,2026-04-27 12:59:08.358989
2026042704004800,HDHPC,58,45,462,228.9,105751.8,Naasa Securities Co. Ltd.,Imperial Securities Company Pvt. Ltd.,2026-04-27 12:59:15.274004
2026042704004836,HDHPC,58,42,100,229.1,22910.0,Naasa Securities Co. Ltd.,Sani Securities Company Ltd.,2026-04-27 13:00:30.874768
2026042704004876,HDHPC,52,45,10,230.0,2300.0,Sundhara Securities Limited,Imperial Securities Company Pvt. Ltd.,2026-04-27 13:01:32.313660
2026042704004909,HDHPC,41,45,10,230.0,2300.0,Linch Stock Market Ltd.,Imperial Securities Company Pvt. Ltd.,2026-04-27 13:02:10.108436
2026042704004915,HDHPC,42,45,80,230.0,18400.0,Sani Securities Company Ltd.,Imperial Securities Company Pvt. Ltd.,2026-04-27 13:02:16.389324
2026042704004916,HDHPC,42,36,420,230.0,96600.0,Sani Securities Company Ltd.,Secured Securities Ltd.,2026-04-27 13:02:16.389720
2026042704004932,HDHPC,58,39,208,229.3,47694.4,Naasa Securities Co. Ltd.,Sumeru Securities Pvt. Ltd.,2026-04-27 13:02:40.639962
2026042704004933,HDHPC,56,39,261,229.2,59821.2,Sri Hari Securities Pvt. Ltd.,Sumeru Securities Pvt. Ltd.,2026-04-27 13:02:40.640901
2026042704004934,HDHPC,91,39,31,229.0,7099.0,Citizens Share Broker Limited,Sumeru Securities Pvt. Ltd.,2026-04-27 13:02:40.641658
2026042704004945,HDHPC,36,36,880,230.0,202400.0,Secured Securities Ltd.,Secured Securities Ltd.,2026-04-27 13:02:56.907084
2026042704004946,HDHPC,36,42,120,230.0,27600.0,Secured Securities Ltd.,Sani Securities Company Ltd.,2026-04-27 13:02:56.907844
2026042704004959,HDHPC,42,42,150,230.0,34500.0,Sani Securities Company Ltd.,Sani Securities Company Ltd.,2026-04-27 13:03:25.666993
2026042704005067,HDHPC,91,17,100,229.0,22900.0,Citizens Share Broker Limited,ABC Securities Private Limited,2026-04-27 13:06:00.742490
2026042704005084,HDHPC,36,42,200,230.0,46000.0,Secured Securities Ltd.,Sani Securities Company Ltd.,2026-04-27 13:06:21.480061
2026042704005225,HDHPC,56,11,11,229.2,2521.2,Sri Hari Securities Pvt. Ltd.,Malla & Malla Stock Broking Company Pvt. Limited,2026-04-27 13:11:30.840752
2026042704005230,HDHPC,14,11,89,229.1,20389.9,Nepal Stock House (PVT) Ltd.,Malla & Malla Stock Broking Company Pvt. Limited,2026-04-27 13:11:53.823619
2026042704005237,HDHPC,63,42,880,230.0,202400.0,Himalayan Brokerage Company Limited,Sani Securities Company Ltd.,2026-04-27 13:12:03.074255
2026042704005238,HDHPC,63,41,20,230.0,4600.0,Himalayan Brokerage Company Limited,Linch Stock Market Ltd.,2026-04-27 13:12:03.074378
2026042704005350,HDHPC,58,38,10,230.0,2300.0,Naasa Securities Co. Ltd.,Dipshikha Dhitopatra Karobar Co. Pvt Ltd.,2026-04-27 13:14:21.315131
2026042704005382,HDHPC,42,38,10,230.0,2300.0,Sani Securities Company Ltd.,Dipshikha Dhitopatra Karobar Co. Pvt Ltd.,2026-04-27 13:14:56.358633
2026042704005402,HDHPC,51,38,430,230.0,98900.0,Oxford Securities Pvt. Ltd.,Dipshikha Dhitopatra Karobar Co. Pvt Ltd.,2026-04-27 13:15:10.754521
2026042704005433,HDHPC,51,39,100,230.0,23000.0,Oxford Securities Pvt. Ltd.,Sumeru Securities Pvt. Ltd.,2026-04-27 13:15:48.324226
2026042704005444,HDHPC,42,11,10,230.5,2305.0,Sani Securities Company Ltd.,Malla & Malla Stock Broking Company Pvt. Limited,2026-04-27 13:16:07.282075
2026042704005502,HDHPC,42,11,10,230.5,2305.0,Sani Securities Company Ltd.,Malla & Malla Stock Broking Company Pvt. Limited,2026-04-27 13:17:18.327515
2026042704005525,HDHPC,14,39,900,230.0,207000.0,Nepal Stock House (PVT) Ltd.,Sumeru Securities Pvt. Ltd.,2026-04-27 13:17:39.788225
2026042704005535,HDHPC,14,58,11,230.0,2530.0,Nepal Stock House (PVT) Ltd.,Naasa Securities Co. Ltd.,2026-04-27 13:17:57.293279
2026042704005536,HDHPC,54,11,20,230.5,4610.0,Sewa Securities Pvt. Ltd.,Malla & Malla Stock Broking Company Pvt. Limited,2026-04-27 13:18:00.171387
2026042704005537,HDHPC,54,62,60,230.5,13830.0,Sewa Securities Pvt. Ltd.,Capital Max Securities Ltd,2026-04-27 13:18:00.172142
2026042704005547,HDHPC,4,39,50,230.0,11500.0,Opal Securities Investment (PVT) Ltd.,Sumeru Securities Pvt. Ltd.,2026-04-27 13:18:08.573468
2026042704005623,HDHPC,54,62,30,230.5,6915.0,Sewa Securities Pvt. Ltd.,Capital Max Securities Ltd,2026-04-27 13:19:46.021161
2026042704005643,HDHPC,58,62,410,230.5,94505.0,Naasa Securities Co. Ltd.,Capital Max Securities Ltd,2026-04-27 13:20:16.508571
2026042704005738,HDHPC,53,45,2000,230.7,461400.0,Investment Management Nepal Pvt. Ltd.,Imperial Securities Company Pvt. Ltd.,2026-04-27 13:21:39.690156
2026042704005756,HDHPC,58,39,590,230.6,136054.0,Naasa Securities Co. Ltd.,Sumeru Securities Pvt. Ltd.,2026-04-27 13:22:02.318171
2026042704005757,HDHPC,53,39,1000,230.1,230100.0,Investment Management Nepal Pvt. Ltd.,Sumeru Securities Pvt. Ltd.,2026-04-27 13:22:02.318281
2026042704005804,HDHPC,84,14,1000,230.1,230100.0,MILKY WAY SHARE BROKER COMPANY LTD ,Nepal Stock House (PVT) Ltd.,2026-04-27 13:23:00.434811
2026042704005817,HDHPC,1,45,2000,230.8,461600.0,Kumari Securities Private Limited,Imperial Securities Company Pvt. Ltd.,2026-04-27 13:23:29.186354
2026042704005818,HDHPC,1,45,2000,230.9,461800.0,Kumari Securities Private Limited,Imperial Securities Company Pvt. Ltd.,2026-04-27 13:23:29.187138
2026042704005819,HDHPC,1,57,10,230.9,2309.0,Kumari Securities Private Limited,Aryatara Investment & Securities,2026-04-27 13:23:29.187987
2026042704005820,HDHPC,1,49,60,231.0,13860.0,Kumari Securities Private Limited,Online Securities Pvt. Ltd.,2026-04-27 13:23:29.188739
2026042704005821,HDHPC,1,25,930,231.0,214830.0,Kumari Securities Private Limited,Sweta Securities Private Limited,2026-04-27 13:23:29.189458
2026042704005833,HDHPC,14,25,1000,231.0,231000.0,Nepal Stock House (PVT) Ltd.,Sweta Securities Private Limited,2026-04-27 13:23:45.529334
2026042704005860,HDHPC,91,47,35,230.0,8050.0,Citizens Share Broker Limited,Neev Securities Pvt. Ltd.,2026-04-27 13:23:54.323479
2026042704005861,HDHPC,42,25,70,231.0,16170.0,Sani Securities Company Ltd.,Sweta Securities Private Limited,2026-04-27 13:23:56.067333
2026042704005862,HDHPC,42,57,300,231.0,69300.0,Sani Securities Company Ltd.,Aryatara Investment & Securities,2026-04-27 13:23:56.067738
2026042704005863,HDHPC,42,45,10,231.0,2310.0,Sani Securities Company Ltd.,Imperial Securities Company Pvt. Ltd.,2026-04-27 13:23:56.067916
2026042704005864,HDHPC,42,52,620,231.4,143468.0,Sani Securities Company Ltd.,Sundhara Securities Limited,2026-04-27 13:23:56.068094
2026042704005880,HDHPC,86,39,1500,230.1,345150.0,Stoxkarts Securities Limited,Sumeru Securities Pvt. Ltd.,2026-04-27 13:24:21.275053
2026042704005890,HDHPC,86,39,500,230.1,115050.0,Stoxkarts Securities Limited,Sumeru Securities Pvt. Ltd.,2026-04-27 13:24:33.864775
2026042704005976,HDHPC,49,52,230,231.4,53222.0,Online Securities Pvt. Ltd.,Sundhara Securities Limited,2026-04-27 13:26:23.714286
2026042704005993,HDHPC,58,99,50,232.0,11600.0,Naasa Securities Co. Ltd.,Prabhu Stock Market Limited,2026-04-27 13:26:44.222581
2026042704006158,HDHPC,91,99,1100,232.0,255200.0,Citizens Share Broker Limited,Prabhu Stock Market Limited,2026-04-27 13:29:55.148293
2026042704006159,HDHPC,91,22,35,232.0,8120.0,Citizens Share Broker Limited,Siprabi Securities Pvt. Ltd.,2026-04-27 13:29:55.148723
2026042704006160,HDHPC,91,25,700,232.0,162400.0,Citizens Share Broker Limited,Sweta Securities Private Limited,2026-04-27 13:29:55.149092
2026042704006161,HDHPC,91,35,500,232.0,116000.0,Citizens Share Broker Limited,Kohinoor Investment & Securities Pvt. Ltd.,2026-04-27 13:29:55.149373
2026042704006162,HDHPC,91,47,150,232.0,34800.0,Citizens Share Broker Limited,Neev Securities Pvt. Ltd.,2026-04-27 13:29:55.149659
2026042704006163,HDHPC,91,57,500,232.0,116000.0,Citizens Share Broker Limited,Aryatara Investment & Securities,2026-04-27 13:29:55.149874
2026042704006164,HDHPC,91,41,8700,232.0,2018400.0,Citizens Share Broker Limited,Linch Stock Market Ltd.,2026-04-27 13:29:55.150104
2026042704006165,HDHPC,91,17,30,232.0,6960.0,Citizens Share Broker Limited,ABC Securities Private Limited,2026-04-27 13:29:55.150389
2026042704006166,HDHPC,91,22,10,232.0,2320.0,Citizens Share Broker Limited,Siprabi Securities Pvt. Ltd.,2026-04-27 13:29:55.150630
2026042704006167,HDHPC,91,4,487,232.0,112984.0,Citizens Share Broker Limited,Opal Securities Investment (PVT) Ltd.,2026-04-27 13:29:55.150880
2026042704006168,HDHPC,91,57,500,232.0,116000.0,Citizens Share Broker Limited,Aryatara Investment & Securities,2026-04-27 13:29:55.151159
2026042704006191,HDHPC,58,44,560,231.0,129360.0,Naasa Securities Co. Ltd.,Dynamic Money Managers Securities Pvt. Ltd.,2026-04-27 13:30:56.787413
2026042704006193,HDHPC,58,49,440,231.0,101640.0,Naasa Securities Co. Ltd.,Online Securities Pvt. Ltd.,2026-04-27 13:31:00.761840
2026042704006194,HDHPC,32,49,1060,230.5,244330.0,Premier Securities Company Ltd.,Online Securities Pvt. Ltd.,2026-04-27 13:31:00.762227
2026042704006198,HDHPC,32,49,1500,230.5,345750.0,Premier Securities Company Ltd.,Online Securities Pvt. Ltd.,2026-04-27 13:31:06.584176
2026042704006199,HDHPC,36,49,10,231.2,2312.0,Secured Securities Ltd.,Online Securities Pvt. Ltd.,2026-04-27 13:31:12.611739
2026042704006200,HDHPC,32,49,1590,230.5,366495.0,Premier Securities Company Ltd.,Online Securities Pvt. Ltd.,2026-04-27 13:31:12.612252
2026042704006205,HDHPC,49,49,770,231.0,177870.0,Online Securities Pvt. Ltd.,Online Securities Pvt. Ltd.,2026-04-27 13:31:22.191600
2026042704006206,HDHPC,32,49,830,230.5,191315.0,Premier Securities Company Ltd.,Online Securities Pvt. Ltd.,2026-04-27 13:31:22.192360
2026042704006270,HDHPC,11,14,100,232.3,23230.0,Malla & Malla Stock Broking Company Pvt. Limited,Nepal Stock House (PVT) Ltd.,2026-04-27 13:32:48.302861
2026042704006300,HDHPC,58,58,25,232.0,5800.0,Naasa Securities Co. Ltd.,Naasa Securities Co. Ltd.,2026-04-27 13:33:23.044540
2026042704006301,HDHPC,58,92,150,232.3,34845.0,Naasa Securities Co. Ltd.,Roadshow securities limited,2026-04-27 13:33:23.045352
2026042704006370,HDHPC,58,35,325,232.3,75497.5,Naasa Securities Co. Ltd.,Kohinoor Investment & Securities Pvt. Ltd.,2026-04-27 13:34:33.772376
2026042704006382,HDHPC,49,41,1000,232.0,232000.0,Online Securities Pvt. Ltd.,Linch Stock Market Ltd.,2026-04-27 13:35:00.149191
2026042704006402,HDHPC,58,58,1000,231.0,231000.0,Naasa Securities Co. Ltd.,Naasa Securities Co. Ltd.,2026-04-27 13:35:45.168350
2026042704006408,HDHPC,43,58,800,230.7,184560.0,South Asian Bulls Pvt. Ltd.,Naasa Securities Co. Ltd.,2026-04-27 13:36:00.267709
2026042704006466,HDHPC,43,89,20,231.0,4620.0,South Asian Bulls Pvt. Ltd.,Global IME Securities Limited,2026-04-27 13:38:05.533171
2026042704006484,HDHPC,43,33,180,231.0,41580.0,South Asian Bulls Pvt. Ltd.,Dakshinkali Investment & Securities Pvt. Ltd.,2026-04-27 13:38:18.525846
2026042704006485,HDHPC,26,33,100,231.0,23100.0,Asian Securities Private Ltd.,Dakshinkali Investment & Securities Pvt. Ltd.,2026-04-27 13:38:18.526725
2026042704006486,HDHPC,58,33,720,231.0,166320.0,Naasa Securities Co. Ltd.,Dakshinkali Investment & Securities Pvt. Ltd.,2026-04-27 13:38:18.527277
2026042704006539,HDHPC,54,42,100,232.0,23200.0,Sewa Securities Pvt. Ltd.,Sani Securities Company Ltd.,2026-04-27 13:39:48.749960
2026042704006540,HDHPC,54,47,88,232.0,20416.0,Sewa Securities Pvt. Ltd.,Neev Securities Pvt. Ltd.,2026-04-27 13:39:48.750753
2026042704006603,HDHPC,58,74,280,231.0,64680.0,Naasa Securities Co. Ltd.,KALASH STOCK MARKET PVT. LTD.,2026-04-27 13:41:27.781633
2026042704006604,HDHPC,52,74,75,231.0,17325.0,Sundhara Securities Limited,KALASH STOCK MARKET PVT. LTD.,2026-04-27 13:41:27.782461
2026042704006613,HDHPC,57,74,75,231.0,17325.0,Aryatara Investment & Securities,KALASH STOCK MARKET PVT. LTD.,2026-04-27 13:42:03.840357
2026042704006696,HDHPC,59,39,500,230.9,115450.0,Deevyaa Securities & Stock House Pvt. Ltd,Sumeru Securities Pvt. Ltd.,2026-04-27 13:44:30.247055
2026042704006860,HDHPC,54,74,100,231.0,23100.0,Sewa Securities Pvt. Ltd.,KALASH STOCK MARKET PVT. LTD.,2026-04-27 13:47:12.253263
2026042704006869,HDHPC,80,74,1464,231.0,338184.0,Indira securities pvt. ltd,KALASH STOCK MARKET PVT. LTD.,2026-04-27 13:47:26.500152
2026042704006870,HDHPC,80,59,536,231.0,123816.0,Indira securities pvt. ltd,Deevyaa Securities & Stock House Pvt. Ltd,2026-04-27 13:47:26.500598
2026042704006900,HDHPC,45,59,100,231.0,23100.0,Imperial Securities Company Pvt. Ltd.,Deevyaa Securities & Stock House Pvt. Ltd,2026-04-27 13:47:43.122562
2026042704006929,HDHPC,38,59,226,231.0,52206.0,Dipshikha Dhitopatra Karobar Co. Pvt Ltd.,Deevyaa Securities & Stock House Pvt. Ltd,2026-04-27 13:48:02.604461
2026042704006954,HDHPC,22,59,114,231.0,26334.0,Siprabi Securities Pvt. Ltd.,Deevyaa Securities & Stock House Pvt. Ltd,2026-04-27 13:48:31.606835
2026042704006994,HDHPC,34,59,24,231.0,5544.0,Vision Securities Pvt. Ltd,Deevyaa Securities & Stock House Pvt. Ltd,2026-04-27 13:49:02.122765
2026042704006995,HDHPC,34,50,100,231.0,23100.0,Vision Securities Pvt. Ltd,Cristal Kanchanjanga Securites Pvt. Ltd.,2026-04-27 13:49:02.122830
2026042704006996,HDHPC,34,34,16,232.0,3712.0,Vision Securities Pvt. Ltd,Vision Securities Pvt. Ltd,2026-04-27 13:49:02.122855
2026042704007063,HDHPC,54,54,24,231.0,5544.0,Sewa Securities Pvt. Ltd.,Sewa Securities Pvt. Ltd.,2026-04-27 13:50:10.221696
2026042704007064,HDHPC,17,54,500,231.0,115500.0,ABC Securities Private Limited,Sewa Securities Pvt. Ltd.,2026-04-27 13:50:10.221791
2026042704007065,HDHPC,26,54,270,230.9,62343.0,Asian Securities Private Ltd.,Sewa Securities Pvt. Ltd.,2026-04-27 13:50:10.221875
2026042704007066,HDHPC,57,54,206,230.9,47565.4,Aryatara Investment & Securities,Sewa Securities Pvt. Ltd.,2026-04-27 13:50:10.221953
2026042704007122,HDHPC,57,41,1000,230.9,230900.0,Aryatara Investment & Securities,Linch Stock Market Ltd.,2026-04-27 13:51:02.637652
2026042704007306,HDHPC,34,58,10,231.0,2310.0,Vision Securities Pvt. Ltd,Naasa Securities Co. Ltd.,2026-04-27 13:54:48.782278
2026042704007352,HDHPC,34,45,90,231.0,20790.0,Vision Securities Pvt. Ltd,Imperial Securities Company Pvt. Ltd.,2026-04-27 13:56:47.493970
2026042704007353,HDHPC,62,45,110,231.0,25410.0,Capital Max Securities Ltd,Imperial Securities Company Pvt. Ltd.,2026-04-27 13:56:47.494815
2026042704007435,HDHPC,62,62,1890,231.0,436590.0,Capital Max Securities Ltd,Capital Max Securities Ltd,2026-04-27 13:58:54.931153
2026042704007436,HDHPC,39,62,100,231.0,23100.0,Sumeru Securities Pvt. Ltd.,Capital Max Securities Ltd,2026-04-27 13:58:54.931990
2026042704007437,HDHPC,57,62,794,230.9,183334.6,Aryatara Investment & Securities,Capital Max Securities Ltd,2026-04-27 13:58:54.932558
2026042704007438,HDHPC,43,62,1200,230.8,276960.0,South Asian Bulls Pvt. Ltd.,Capital Max Securities Ltd,2026-04-27 13:58:54.933111
2026042704007439,HDHPC,54,62,2000,230.7,461400.0,Sewa Securities Pvt. Ltd.,Capital Max Securities Ltd,2026-04-27 13:58:54.933682
2026042704007440,HDHPC,54,62,2000,230.6,461200.0,Sewa Securities Pvt. Ltd.,Capital Max Securities Ltd,2026-04-27 13:58:54.934233
2026042704007441,HDHPC,65,62,2000,230.4,460800.0,Sharepro Securities Private Limited,Capital Max Securities Ltd,2026-04-27 13:58:54.934794
2026042704007442,HDHPC,22,62,500,230.4,115200.0,Siprabi Securities Pvt. Ltd.,Capital Max Securities Ltd,2026-04-27 13:58:54.935323
2026042704007443,HDHPC,54,62,1000,230.1,230100.0,Sewa Securities Pvt. Ltd.,Capital Max Securities Ltd,2026-04-27 13:58:54.935841
2026042704007444,HDHPC,22,62,93,230.1,21399.3,Siprabi Securities Pvt. Ltd.,Capital Max Securities Ltd,2026-04-27 13:58:54.936386
2026042704007445,HDHPC,91,62,965,230.0,221950.0,Citizens Share Broker Limited,Capital Max Securities Ltd,2026-04-27 13:58:54.936675
2026042704007446,HDHPC,95,62,30,230.0,6900.0,Magnet Securities and Investment Company Private Limited,Capital Max Securities Ltd,2026-04-27 13:58:54.936852
2026042704007447,HDHPC,49,62,1500,230.0,345000.0,Online Securities Pvt. Ltd.,Capital Max Securities Ltd,2026-04-27 13:58:54.937601
2026042704007448,HDHPC,49,62,1500,230.0,345000.0,Online Securities Pvt. Ltd.,Capital Max Securities Ltd,2026-04-27 13:58:54.938161
2026042704007449,HDHPC,49,62,1500,230.0,345000.0,Online Securities Pvt. Ltd.,Capital Max Securities Ltd,2026-04-27 13:58:54.938715
2026042704007450,HDHPC,49,62,1928,230.0,443440.0,Online Securities Pvt. Ltd.,Capital Max Securities Ltd,2026-04-27 13:58:54.939268
2026042704007470,HDHPC,34,62,500,231.1,115550.0,Vision Securities Pvt. Ltd,Capital Max Securities Ltd,2026-04-27 13:59:24.419153
2026042704007471,HDHPC,49,62,191,230.0,43930.0,Online Securities Pvt. Ltd.,Capital Max Securities Ltd,2026-04-27 13:59:24.419592
2026042704007508,HDHPC,85,62,20,231.9,4638.0,Capital Hub P. Ltd,Capital Max Securities Ltd,2026-04-27 14:00:41.688616
2026042704007568,HDHPC,74,62,980,231.9,227262.0,KALASH STOCK MARKET PVT. LTD.,Capital Max Securities Ltd,2026-04-27 14:02:03.049812
2026042704007569,HDHPC,74,45,20,231.9,4638.0,KALASH STOCK MARKET PVT. LTD.,Imperial Securities Company Pvt. Ltd.,2026-04-27 14:02:03.050248
2026042704007594,HDHPC,49,45,430,231.9,99717.0,Online Securities Pvt. Ltd.,Imperial Securities Company Pvt. Ltd.,2026-04-27 14:02:35.513269
2026042704007616,HDHPC,29,35,100,230.5,23050.0,Trisul Securities & Invt. Ltd.,Kohinoor Investment & Securities Pvt. Ltd.,2026-04-27 14:03:21.725808
2026042704007656,HDHPC,54,58,100,230.6,23060.0,Sewa Securities Pvt. Ltd.,Naasa Securities Co. Ltd.,2026-04-27 14:04:55.057500
2026042704007807,HDHPC,21,45,20,231.9,4638.0,Midas Stock Broking Company Private Limited,Imperial Securities Company Pvt. Ltd.,2026-04-27 14:08:35.045519
2026042704007860,HDHPC,16,101,10,230.9,2309.0,Primo Securities (PVT) Ltd.,APPLE SECURITIES PRIVATE LIMITED,2026-04-27 14:10:08.815267
2026042704007861,HDHPC,36,101,30,230.8,6924.0,Secured Securities Ltd.,APPLE SECURITIES PRIVATE LIMITED,2026-04-27 14:10:08.815393
2026042704007862,HDHPC,84,101,460,230.7,106122.0,MILKY WAY SHARE BROKER COMPANY LTD ,APPLE SECURITIES PRIVATE LIMITED,2026-04-27 14:10:08.815472
2026042704007901,HDHPC,13,38,500,231.0,115500.0,Thrive Brokerage House Pvt. Ltd,Dipshikha Dhitopatra Karobar Co. Pvt Ltd.,2026-04-27 14:10:54.870276
2026042704007944,HDHPC,1,38,250,231.0,57750.0,Kumari Securities Private Limited,Dipshikha Dhitopatra Karobar Co. Pvt Ltd.,2026-04-27 14:11:41.251149
2026042704007982,HDHPC,28,28,30,230.8,6924.0,Shree Krishna Securities Ltd.,Shree Krishna Securities Ltd.,2026-04-27 14:12:19.674122
2026042704008006,HDHPC,28,4,55,230.8,12694.0,Shree Krishna Securities Ltd.,Opal Securities Investment (PVT) Ltd.,2026-04-27 14:12:38.262193
2026042704008022,HDHPC,58,4,20,230.8,4616.0,Naasa Securities Co. Ltd.,Opal Securities Investment (PVT) Ltd.,2026-04-27 14:13:00.359966
2026042704008024,HDHPC,58,38,50,230.8,11540.0,Naasa Securities Co. Ltd.,Dipshikha Dhitopatra Karobar Co. Pvt Ltd.,2026-04-27 14:13:02.195110
2026042704008025,HDHPC,54,38,1250,230.6,288250.0,Sewa Securities Pvt. Ltd.,Dipshikha Dhitopatra Karobar Co. Pvt Ltd.,2026-04-27 14:13:02.195534
2026042704008150,HDHPC,58,58,15,230.8,3462.0,Naasa Securities Co. Ltd.,Naasa Securities Co. Ltd.,2026-04-27 14:15:31.816396
2026042704008151,HDHPC,26,58,165,230.7,38065.5,Asian Securities Private Ltd.,Naasa Securities Co. Ltd.,2026-04-27 14:15:31.816891
2026042704008255,HDHPC,26,48,35,230.7,8074.5,Asian Securities Private Ltd.,Trishakti Securities Public Limited,2026-04-27 14:17:21.829399
2026042704008266,HDHPC,36,48,50,230.7,11535.0,Secured Securities Ltd.,Trishakti Securities Public Limited,2026-04-27 14:17:29.494895
2026042704008290,HDHPC,54,7,250,230.6,57650.0,Sewa Securities Pvt. Ltd.,J.F. Securites (PVT) Ltd.,2026-04-27 14:17:59.589916
2026042704008307,HDHPC,54,51,10,230.6,2306.0,Sewa Securities Pvt. Ltd.,Oxford Securities Pvt. Ltd.,2026-04-27 14:18:31.275972
2026042704008368,HDHPC,54,45,390,230.6,89934.0,Sewa Securities Pvt. Ltd.,Imperial Securities Company Pvt. Ltd.,2026-04-27 14:18:54.759816
2026042704008369,HDHPC,62,45,1140,230.6,262884.0,Capital Max Securities Ltd,Imperial Securities Company Pvt. Ltd.,2026-04-27 14:18:54.760211
2026042704008371,HDHPC,62,48,615,230.7,141880.5,Capital Max Securities Ltd,Trishakti Securities Public Limited,2026-04-27 14:18:56.434427
2026042704008379,HDHPC,62,35,1385,230.7,319519.5,Capital Max Securities Ltd,Kohinoor Investment & Securities Pvt. Ltd.,2026-04-27 14:19:01.581354
2026042704008380,HDHPC,62,35,860,230.6,198316.0,Capital Max Securities Ltd,Kohinoor Investment & Securities Pvt. Ltd.,2026-04-27 14:19:01.581469
2026042704008381,HDHPC,29,35,200,230.5,46100.0,Trisul Securities & Invt. Ltd.,Kohinoor Investment & Securities Pvt. Ltd.,2026-04-27 14:19:01.581541
2026042704008382,HDHPC,75,35,70,230.5,16135.0,N.I.M.B. Stock Markets Limited,Kohinoor Investment & Securities Pvt. Ltd.,2026-04-27 14:19:01.581617
2026042704008383,HDHPC,58,35,1300,230.5,299650.0,Naasa Securities Co. Ltd.,Kohinoor Investment & Securities Pvt. Ltd.,2026-04-27 14:19:01.581754
2026042704008384,HDHPC,81,35,100,230.2,23020.0,Aakashbhairab Securities Ltd.,Kohinoor Investment & Securities Pvt. Ltd.,2026-04-27 14:19:01.581794
2026042704008385,HDHPC,62,35,1085,230.1,249658.5,Capital Max Securities Ltd,Kohinoor Investment & Securities Pvt. Ltd.,2026-04-27 14:19:01.581820
2026042704008409,HDHPC,58,59,600,230.7,138420.0,Naasa Securities Co. Ltd.,Deevyaa Securities & Stock House Pvt. Ltd,2026-04-27 14:19:20.751051
2026042704008410,HDHPC,62,59,915,230.1,210541.5,Capital Max Securities Ltd,Deevyaa Securities & Stock House Pvt. Ltd,2026-04-27 14:19:20.751481
2026042704008411,HDHPC,49,59,2881,230.0,662630.0,Online Securities Pvt. Ltd.,Deevyaa Securities & Stock House Pvt. Ltd,2026-04-27 14:19:20.751665
2026042704008412,HDHPC,34,59,652,230.0,149960.0,Vision Securities Pvt. Ltd,Deevyaa Securities & Stock House Pvt. Ltd,2026-04-27 14:19:20.751848
2026042704008413,HDHPC,49,59,1000,230.0,230000.0,Online Securities Pvt. Ltd.,Deevyaa Securities & Stock House Pvt. Ltd,2026-04-27 14:19:20.752024
2026042704008414,HDHPC,42,59,1500,230.0,345000.0,Sani Securities Company Ltd.,Deevyaa Securities & Stock House Pvt. Ltd,2026-04-27 14:19:20.752201
2026042704008415,HDHPC,40,59,217,230.0,49910.0,Creative Securities Pvt Ltd,Deevyaa Securities & Stock House Pvt. Ltd,2026-04-27 14:19:20.752381
2026042704008416,HDHPC,42,59,550,230.0,126500.0,Sani Securities Company Ltd.,Deevyaa Securities & Stock House Pvt. Ltd,2026-04-27 14:19:20.752559
2026042704008417,HDHPC,52,59,60,230.0,13800.0,Sundhara Securities Limited,Deevyaa Securities & Stock House Pvt. Ltd,2026-04-27 14:19:20.752729
2026042704008418,HDHPC,58,59,250,230.0,57500.0,Naasa Securities Co. Ltd.,Deevyaa Securities & Stock House Pvt. Ltd,2026-04-27 14:19:20.752904
2026042704008419,HDHPC,63,59,100,229.2,22920.0,Himalayan Brokerage Company Limited,Deevyaa Securities & Stock House Pvt. Ltd,2026-04-27 14:19:20.753107
2026042704008420,HDHPC,43,59,1000,229.2,229200.0,South Asian Bulls Pvt. Ltd.,Deevyaa Securities & Stock House Pvt. Ltd,2026-04-27 14:19:20.753323
2026042704008421,HDHPC,91,59,1869,229.0,428001.0,Citizens Share Broker Limited,Deevyaa Securities & Stock House Pvt. Ltd,2026-04-27 14:19:20.753498
2026042704008422,HDHPC,33,59,500,229.0,114500.0,Dakshinkali Investment & Securities Pvt. Ltd.,Deevyaa Securities & Stock House Pvt. Ltd,2026-04-27 14:19:20.753669
2026042704008423,HDHPC,91,59,2000,229.0,458000.0,Citizens Share Broker Limited,Deevyaa Securities & Stock House Pvt. Ltd,2026-04-27 14:19:20.753854
2026042704008424,HDHPC,6,59,456,229.0,104424.0,Agrawal Securities (PVT) Ltd.,Deevyaa Securities & Stock House Pvt. Ltd,2026-04-27 14:19:20.754025
2026042704008499,HDHPC,28,32,100,229.1,22910.0,Shree Krishna Securities Ltd.,Premier Securities Company Ltd.,2026-04-27 14:20:30.356395
2026042704008502,HDHPC,36,40,50,229.2,11460.0,Secured Securities Ltd.,Creative Securities Pvt Ltd,2026-04-27 14:20:42.530678
2026042704008503,HDHPC,28,40,900,229.1,206190.0,Shree Krishna Securities Ltd.,Creative Securities Pvt Ltd,2026-04-27 14:20:42.531107
2026042704008558,HDHPC,6,7,1544,229.0,353576.0,Agrawal Securities (PVT) Ltd.,J.F. Securites (PVT) Ltd.,2026-04-27 14:21:26.964304
2026042704008559,HDHPC,14,7,56,229.0,12824.0,Nepal Stock House (PVT) Ltd.,J.F. Securites (PVT) Ltd.,2026-04-27 14:21:26.965133
2026042704008568,HDHPC,14,58,10,229.0,2290.0,Nepal Stock House (PVT) Ltd.,Naasa Securities Co. Ltd.,2026-04-27 14:21:33.541526
2026042704008658,HDHPC,28,40,680,229.1,155788.0,Shree Krishna Securities Ltd.,Creative Securities Pvt Ltd,2026-04-27 14:22:29.526865
2026042704008876,HDHPC,36,32,20,229.9,4598.0,Secured Securities Ltd.,Premier Securities Company Ltd.,2026-04-27 14:25:05.099030
2026042704008909,HDHPC,62,57,300,230.0,69000.0,Capital Max Securities Ltd,Aryatara Investment & Securities,2026-04-27 14:25:19.838253
2026042704008910,HDHPC,62,17,428,230.0,98440.0,Capital Max Securities Ltd,ABC Securities Private Limited,2026-04-27 14:25:19.838717
2026042704008911,HDHPC,62,51,2000,230.0,460000.0,Capital Max Securities Ltd,Oxford Securities Pvt. Ltd.,2026-04-27 14:25:19.838902
2026042704008912,HDHPC,62,90,400,230.0,92000.0,Capital Max Securities Ltd,Sajilo Broker Limited,2026-04-27 14:25:19.839076
2026042704009001,HDHPC,62,17,1000,230.0,230000.0,Capital Max Securities Ltd,ABC Securities Private Limited,2026-04-27 14:26:28.043853
2026042704009010,HDHPC,62,62,500,230.0,115000.0,Capital Max Securities Ltd,Capital Max Securities Ltd,2026-04-27 14:26:35.104204
2026042704009066,HDHPC,74,35,100,230.8,23080.0,KALASH STOCK MARKET PVT. LTD.,Kohinoor Investment & Securities Pvt. Ltd.,2026-04-27 14:27:19.902225
2026042704009080,HDHPC,74,35,100,230.8,23080.0,KALASH STOCK MARKET PVT. LTD.,Kohinoor Investment & Securities Pvt. Ltd.,2026-04-27 14:27:48.226782
2026042704009139,HDHPC,62,62,372,230.0,85560.0,Capital Max Securities Ltd,Capital Max Securities Ltd,2026-04-27 14:28:49.065349
2026042704009140,HDHPC,49,62,20,230.0,4600.0,Online Securities Pvt. Ltd.,Capital Max Securities Ltd,2026-04-27 14:28:49.066096
2026042704009259,HDHPC,1,33,1000,230.0,230000.0,Kumari Securities Private Limited,Dakshinkali Investment & Securities Pvt. Ltd.,2026-04-27 14:31:23.260916
2026042704009294,HDHPC,7,62,50,230.0,11500.0,J.F. Securites (PVT) Ltd.,Capital Max Securities Ltd,2026-04-27 14:32:04.610919
2026042704009492,HDHPC,95,45,1000,229.3,229300.0,Magnet Securities and Investment Company Private Limited,Imperial Securities Company Pvt. Ltd.,2026-04-27 14:34:33.146511
2026042704009520,HDHPC,91,66,1000,230.0,230000.0,Citizens Share Broker Limited,Miyo Securities Pvt Ltd,2026-04-27 14:35:02.629630
2026042704009566,HDHPC,54,45,500,229.5,114750.0,Sewa Securities Pvt. Ltd.,Imperial Securities Company Pvt. Ltd.,2026-04-27 14:36:11.694477
2026042704009814,HDHPC,36,58,50,229.6,11480.0,Secured Securities Ltd.,Naasa Securities Co. Ltd.,2026-04-27 14:40:33.484061
2026042704009815,HDHPC,57,58,950,229.5,218025.0,Aryatara Investment & Securities,Naasa Securities Co. Ltd.,2026-04-27 14:40:33.484477
2026042704009841,HDHPC,22,22,100,229.9,22990.0,Siprabi Securities Pvt. Ltd.,Siprabi Securities Pvt. Ltd.,2026-04-27 14:41:05.130956
2026042704009845,HDHPC,22,26,40,229.9,9196.0,Siprabi Securities Pvt. Ltd.,Asian Securities Private Ltd.,2026-04-27 14:41:10.698913
2026042704009916,HDHPC,16,62,558,230.0,128340.0,Primo Securities (PVT) Ltd.,Capital Max Securities Ltd,2026-04-27 14:42:30.572510
2026042704009917,HDHPC,16,41,130,230.0,29900.0,Primo Securities (PVT) Ltd.,Linch Stock Market Ltd.,2026-04-27 14:42:30.573366
2026042704009961,HDHPC,16,35,1000,230.8,230800.0,Primo Securities (PVT) Ltd.,Kohinoor Investment & Securities Pvt. Ltd.,2026-04-27 14:43:31.257807
2026042704009985,HDHPC,16,100,1000,230.0,230000.0,Primo Securities (PVT) Ltd.,Sunrise Securities Limited,2026-04-27 14:43:49.964916
2026042704010085,HDHPC,28,48,200,230.1,46020.0,Shree Krishna Securities Ltd.,Trishakti Securities Public Limited,2026-04-27 14:45:10.333515
2026042704010086,HDHPC,16,48,3312,230.0,761760.0,Primo Securities (PVT) Ltd.,Trishakti Securities Public Limited,2026-04-27 14:45:10.333620
2026042704010087,HDHPC,16,48,46,230.0,10580.0,Primo Securities (PVT) Ltd.,Trishakti Securities Public Limited,2026-04-27 14:45:10.333700
2026042704010088,HDHPC,42,48,342,230.0,78660.0,Sani Securities Company Ltd.,Trishakti Securities Public Limited,2026-04-27 14:45:10.333781
2026042704010100,HDHPC,34,38,81,230.5,18670.5,Vision Securities Pvt. Ltd,Dipshikha Dhitopatra Karobar Co. Pvt Ltd.,2026-04-27 14:45:23.906429
2026042704010107,HDHPC,34,49,319,230.5,73529.5,Vision Securities Pvt. Ltd,Online Securities Pvt. Ltd.,2026-04-27 14:45:30.050417
2026042704010108,HDHPC,42,49,1458,230.0,335340.0,Sani Securities Company Ltd.,Online Securities Pvt. Ltd.,2026-04-27 14:45:30.050867
2026042704010109,HDHPC,45,49,200,230.0,46000.0,Imperial Securities Company Pvt. Ltd.,Online Securities Pvt. Ltd.,2026-04-27 14:45:30.051065
2026042704010127,HDHPC,22,58,25,229.9,5747.5,Siprabi Securities Pvt. Ltd.,Naasa Securities Co. Ltd.,2026-04-27 14:45:41.996617
2026042704010164,HDHPC,22,32,35,229.9,8046.5,Siprabi Securities Pvt. Ltd.,Premier Securities Company Ltd.,2026-04-27 14:46:14.205600
2026042704010165,HDHPC,42,32,100,229.9,22990.0,Sani Securities Company Ltd.,Premier Securities Company Ltd.,2026-04-27 14:46:14.206047
2026042704010166,HDHPC,58,32,374,229.9,85982.6,Naasa Securities Co. Ltd.,Premier Securities Company Ltd.,2026-04-27 14:46:14.206243
2026042704010167,HDHPC,36,32,50,229.8,11490.0,Secured Securities Ltd.,Premier Securities Company Ltd.,2026-04-27 14:46:14.206448
2026042704010168,HDHPC,42,32,200,229.7,45940.0,Sani Securities Company Ltd.,Premier Securities Company Ltd.,2026-04-27 14:46:14.206637
2026042704010169,HDHPC,46,32,241,229.6,55333.6,Kalika Securities Pvt. Ltd.,Premier Securities Company Ltd.,2026-04-27 14:46:14.206831
2026042704010227,HDHPC,46,96,150,229.6,34440.0,Kalika Securities Pvt. Ltd.,Himalayan Securities Limited,2026-04-27 14:47:05.736770
2026042704010324,HDHPC,42,65,500,229.9,114950.0,Sani Securities Company Ltd.,Sharepro Securities Private Limited,2026-04-27 14:48:03.247461
2026042704010351,HDHPC,42,59,500,229.9,114950.0,Sani Securities Company Ltd.,Deevyaa Securities & Stock House Pvt. Ltd,2026-04-27 14:48:31.094932
2026042704010397,HDHPC,22,59,415,229.9,95408.5,Siprabi Securities Pvt. Ltd.,Deevyaa Securities & Stock House Pvt. Ltd,2026-04-27 14:48:48.398984
2026042704010474,HDHPC,21,59,50,229.9,11495.0,Midas Stock Broking Company Private Limited,Deevyaa Securities & Stock House Pvt. Ltd,2026-04-27 14:49:44.124400
2026042704010547,HDHPC,57,44,227,229.5,52096.5,Aryatara Investment & Securities,Dynamic Money Managers Securities Pvt. Ltd.,2026-04-27 14:50:32.884600
2026042704010581,HDHPC,14,5,500,229.6,114800.0,Nepal Stock House (PVT) Ltd.,Market Securities & Exchange (PVT) Ltd.,2026-04-27 14:50:53.726892
2026042704010605,HDHPC,14,44,8,229.6,1836.8,Nepal Stock House (PVT) Ltd.,Dynamic Money Managers Securities Pvt. Ltd.,2026-04-27 14:51:16.348270
2026042704010608,HDHPC,14,50,500,229.6,114800.0,Nepal Stock House (PVT) Ltd.,Cristal Kanchanjanga Securites Pvt. Ltd.,2026-04-27 14:51:18.546093
2026042704010640,HDHPC,14,75,100,229.6,22960.0,Nepal Stock House (PVT) Ltd.,N.I.M.B. Stock Markets Limited,2026-04-27 14:51:38.430496
2026042704010660,HDHPC,36,59,30,229.9,6897.0,Secured Securities Ltd.,Deevyaa Securities & Stock House Pvt. Ltd,2026-04-27 14:51:48.381570
2026042704010707,HDHPC,8,43,125,229.7,28712.5,Brilliant Securities Pvt. Ltd.,South Asian Bulls Pvt. Ltd.,2026-04-27 14:52:10.450434
2026042704010708,HDHPC,52,43,200,229.6,45920.0,Sundhara Securities Limited,South Asian Bulls Pvt. Ltd.,2026-04-27 14:52:10.450876
2026042704010709,HDHPC,42,43,400,229.6,91840.0,Sani Securities Company Ltd.,South Asian Bulls Pvt. Ltd.,2026-04-27 14:52:10.451072
2026042704010710,HDHPC,14,43,275,229.6,63140.0,Nepal Stock House (PVT) Ltd.,South Asian Bulls Pvt. Ltd.,2026-04-27 14:52:10.451266
2026042704010808,HDHPC,14,44,350,229.6,80360.0,Nepal Stock House (PVT) Ltd.,Dynamic Money Managers Securities Pvt. Ltd.,2026-04-27 14:52:56.180779
2026042704010814,HDHPC,14,69,250,229.6,57400.0,Nepal Stock House (PVT) Ltd.,INDEX SECURITIES LIMITED,2026-04-27 14:52:59.824599
2026042704010817,HDHPC,14,95,1340,229.6,307664.0,Nepal Stock House (PVT) Ltd.,Magnet Securities and Investment Company Private Limited,2026-04-27 14:53:01.730954
2026042704010818,HDHPC,57,95,2823,229.5,647878.5,Aryatara Investment & Securities,Magnet Securities and Investment Company Private Limited,2026-04-27 14:53:01.731034
2026042704010819,HDHPC,45,95,100,229.4,22940.0,Imperial Securities Company Pvt. Ltd.,Magnet Securities and Investment Company Private Limited,2026-04-27 14:53:01.731065
2026042704010820,HDHPC,22,95,218,229.4,50009.2,Siprabi Securities Pvt. Ltd.,Magnet Securities and Investment Company Private Limited,2026-04-27 14:53:01.731088
2026042704010821,HDHPC,42,95,330,229.4,75702.0,Sani Securities Company Ltd.,Magnet Securities and Investment Company Private Limited,2026-04-27 14:53:01.731111
2026042704010822,HDHPC,95,95,1000,229.3,229300.0,Magnet Securities and Investment Company Private Limited,Magnet Securities and Investment Company Private Limited,2026-04-27 14:53:01.731141
2026042704010823,HDHPC,14,95,434,229.0,99386.0,Nepal Stock House (PVT) Ltd.,Magnet Securities and Investment Company Private Limited,2026-04-27 14:53:01.731168
2026042704010824,HDHPC,16,95,1000,229.0,229000.0,Primo Securities (PVT) Ltd.,Magnet Securities and Investment Company Private Limited,2026-04-27 14:53:01.731188
2026042704010825,HDHPC,74,95,100,229.0,22900.0,KALASH STOCK MARKET PVT. LTD.,Magnet Securities and Investment Company Private Limited,2026-04-27 14:53:01.731214
2026042704010826,HDHPC,54,95,88,229.0,20152.0,Sewa Securities Pvt. Ltd.,Magnet Securities and Investment Company Private Limited,2026-04-27 14:53:01.731294
2026042704010827,HDHPC,41,95,100,229.0,22900.0,Linch Stock Market Ltd.,Magnet Securities and Investment Company Private Limited,2026-04-27 14:53:01.731352
2026042704010828,HDHPC,20,95,100,229.0,22900.0,Sipla Securities Private Limited,Magnet Securities and Investment Company Private Limited,2026-04-27 14:53:01.731373
2026042704010829,HDHPC,16,95,100,229.0,22900.0,Primo Securities (PVT) Ltd.,Magnet Securities and Investment Company Private Limited,2026-04-27 14:53:01.731394
2026042704010830,HDHPC,29,95,300,229.0,68700.0,Trisul Securities & Invt. Ltd.,Magnet Securities and Investment Company Private Limited,2026-04-27 14:53:01.731421
2026042704010831,HDHPC,8,95,40,229.0,9160.0,Brilliant Securities Pvt. Ltd.,Magnet Securities and Investment Company Private Limited,2026-04-27 14:53:01.731441
2026042704010832,HDHPC,48,95,402,229.0,92058.0,Trishakti Securities Public Limited,Magnet Securities and Investment Company Private Limited,2026-04-27 14:53:01.731461
2026042704010924,HDHPC,48,62,98,229.0,22442.0,Trishakti Securities Public Limited,Capital Max Securities Ltd,2026-04-27 14:53:45.114305
2026042704010925,HDHPC,35,62,10,229.0,2290.0,Kohinoor Investment & Securities Pvt. Ltd.,Capital Max Securities Ltd,2026-04-27 14:53:45.114713
2026042704010926,HDHPC,17,62,892,229.0,204268.0,ABC Securities Private Limited,Capital Max Securities Ltd,2026-04-27 14:53:45.114895
2026042704010941,HDHPC,17,37,108,229.0,24732.0,ABC Securities Private Limited,Swarna Laxmi Securities Pvt. Ltd.,2026-04-27 14:53:54.422130
2026042704010942,HDHPC,49,37,200,229.0,45800.0,Online Securities Pvt. Ltd.,Swarna Laxmi Securities Pvt. Ltd.,2026-04-27 14:53:54.422937
2026042704010943,HDHPC,58,37,692,229.0,158468.0,Naasa Securities Co. Ltd.,Swarna Laxmi Securities Pvt. Ltd.,2026-04-27 14:53:54.423553
2026042704010956,HDHPC,58,74,100,229.0,22900.0,Naasa Securities Co. Ltd.,KALASH STOCK MARKET PVT. LTD.,2026-04-27 14:53:56.997222
2026042704010969,HDHPC,58,11,100,229.0,22900.0,Naasa Securities Co. Ltd.,Malla & Malla Stock Broking Company Pvt. Limited,2026-04-27 14:54:06.274083
2026042704011021,HDHPC,62,47,10,229.8,2298.0,Capital Max Securities Ltd,Neev Securities Pvt. Ltd.,2026-04-27 14:54:23.716115
2026042704011022,HDHPC,62,95,200,229.9,45980.0,Capital Max Securities Ltd,Magnet Securities and Investment Company Private Limited,2026-04-27 14:54:23.716579
2026042704011023,HDHPC,62,49,523,230.0,120290.0,Capital Max Securities Ltd,Online Securities Pvt. Ltd.,2026-04-27 14:54:23.716791
2026042704011024,HDHPC,62,11,567,230.0,130410.0,Capital Max Securities Ltd,Malla & Malla Stock Broking Company Pvt. Limited,2026-04-27 14:54:23.717027
2026042704011068,HDHPC,26,11,100,230.0,23000.0,Asian Securities Private Ltd.,Malla & Malla Stock Broking Company Pvt. Limited,2026-04-27 14:54:43.091007
2026042704011082,HDHPC,64,11,33,230.0,7590.0,SUN SECURITIES PVT LTD,Malla & Malla Stock Broking Company Pvt. Limited,2026-04-27 14:54:54.054971
2026042704011083,HDHPC,64,45,300,230.0,69000.0,SUN SECURITIES PVT LTD,Imperial Securities Company Pvt. Ltd.,2026-04-27 14:54:54.055791
2026042704011084,HDHPC,64,17,667,230.0,153410.0,SUN SECURITIES PVT LTD,ABC Securities Private Limited,2026-04-27 14:54:54.056436
2026042704011211,HDHPC,67,49,10,229.8,2298.0,Property Wiard Limited,Online Securities Pvt. Ltd.,2026-04-27 14:55:44.985096
2026042704011320,HDHPC,22,58,100,229.1,22910.0,Siprabi Securities Pvt. Ltd.,Naasa Securities Co. Ltd.,2026-04-27 14:56:20.475855
2026042704011321,HDHPC,39,58,900,229.1,206190.0,Sumeru Securities Pvt. Ltd.,Naasa Securities Co. Ltd.,2026-04-27 14:56:20.476293
2026042704011327,HDHPC,39,47,500,229.1,114550.0,Sumeru Securities Pvt. Ltd.,Neev Securities Pvt. Ltd.,2026-04-27 14:56:21.770115
2026042704011396,HDHPC,39,84,600,229.1,137460.0,Sumeru Securities Pvt. Ltd.,MILKY WAY SHARE BROKER COMPANY LTD ,2026-04-27 14:56:32.087706
2026042704011397,HDHPC,58,84,13,229.0,2977.0,Naasa Securities Co. Ltd.,MILKY WAY SHARE BROKER COMPANY LTD ,2026-04-27 14:56:32.088693
2026042704011398,HDHPC,6,84,1000,229.0,229000.0,Agrawal Securities (PVT) Ltd.,MILKY WAY SHARE BROKER COMPANY LTD ,2026-04-27 14:56:32.089544
2026042704011399,HDHPC,21,84,20,229.0,4580.0,Midas Stock Broking Company Private Limited,MILKY WAY SHARE BROKER COMPANY LTD ,2026-04-27 14:56:32.090384
2026042704011400,HDHPC,48,84,500,229.0,114500.0,Trishakti Securities Public Limited,MILKY WAY SHARE BROKER COMPANY LTD ,2026-04-27 14:56:32.091240
2026042704011401,HDHPC,49,84,100,229.0,22900.0,Online Securities Pvt. Ltd.,MILKY WAY SHARE BROKER COMPANY LTD ,2026-04-27 14:56:32.092090
2026042704011402,HDHPC,57,84,1767,229.0,404643.0,Aryatara Investment & Securities,MILKY WAY SHARE BROKER COMPANY LTD ,2026-04-27 14:56:32.092942
2026042704011408,HDHPC,57,45,403,229.0,92287.0,Aryatara Investment & Securities,Imperial Securities Company Pvt. Ltd.,2026-04-27 14:56:33.879680
2026042704011409,HDHPC,34,45,500,228.7,114350.0,Vision Securities Pvt. Ltd,Imperial Securities Company Pvt. Ltd.,2026-04-27 14:56:33.879788
2026042704011410,HDHPC,52,45,100,228.5,22850.0,Sundhara Securities Limited,Imperial Securities Company Pvt. Ltd.,2026-04-27 14:56:33.879885
2026042704011411,HDHPC,66,45,962,228.5,219817.0,Miyo Securities Pvt Ltd,Imperial Securities Company Pvt. Ltd.,2026-04-27 14:56:33.879962
2026042704011412,HDHPC,60,45,1000,228.3,228300.0,Nagarik Stock Dealer ,Imperial Securities Company Pvt. Ltd.,2026-04-27 14:56:33.880036
2026042704011413,HDHPC,42,45,90,228.1,20529.0,Sani Securities Company Ltd.,Imperial Securities Company Pvt. Ltd.,2026-04-27 14:56:33.880119
2026042704011414,HDHPC,71,45,1000,228.1,228100.0,SHUBHAKAMANA SECURITIES PVT. LTD,Imperial Securities Company Pvt. Ltd.,2026-04-27 14:56:33.880198
2026042704011415,HDHPC,21,45,100,228.0,22800.0,Midas Stock Broking Company Private Limited,Imperial Securities Company Pvt. Ltd.,2026-04-27 14:56:33.880294
2026042704011416,HDHPC,16,45,100,228.0,22800.0,Primo Securities (PVT) Ltd.,Imperial Securities Company Pvt. Ltd.,2026-04-27 14:56:33.880390
2026042704011430,HDHPC,67,37,300,229.1,68730.0,Property Wiard Limited,Swarna Laxmi Securities Pvt. Ltd.,2026-04-27 14:56:39.404444
2026042704011500,HDHPC,14,58,60,229.0,13740.0,Nepal Stock House (PVT) Ltd.,Naasa Securities Co. Ltd.,2026-04-27 14:56:54.938132
2026042704011506,HDHPC,78,38,30,228.0,6840.0,Garima Securities Limited,Dipshikha Dhitopatra Karobar Co. Pvt Ltd.,2026-04-27 14:56:58.125997
2026042704011507,HDHPC,45,38,300,228.0,68400.0,Imperial Securities Company Pvt. Ltd.,Dipshikha Dhitopatra Karobar Co. Pvt Ltd.,2026-04-27 14:56:58.126893
2026042704011508,HDHPC,45,38,100,228.0,22800.0,Imperial Securities Company Pvt. Ltd.,Dipshikha Dhitopatra Karobar Co. Pvt Ltd.,2026-04-27 14:56:58.127567
2026042704011509,HDHPC,58,38,110,228.0,25080.0,Naasa Securities Co. Ltd.,Dipshikha Dhitopatra Karobar Co. Pvt Ltd.,2026-04-27 14:56:58.128182
2026042704011510,HDHPC,21,38,1460,228.0,332880.0,Midas Stock Broking Company Private Limited,Dipshikha Dhitopatra Karobar Co. Pvt Ltd.,2026-04-27 14:56:58.128784
2026042704011527,HDHPC,58,58,144,229.0,32976.0,Naasa Securities Co. Ltd.,Naasa Securities Co. Ltd.,2026-04-27 14:57:05.988080
2026042704011530,HDHPC,1,58,296,229.0,67784.0,Kumari Securities Private Limited,Naasa Securities Co. Ltd.,2026-04-27 14:57:07.143571
2026042704011531,HDHPC,1,48,204,229.0,46716.0,Kumari Securities Private Limited,Trishakti Securities Public Limited,2026-04-27 14:57:07.143954
2026042704011557,HDHPC,49,58,1000,228.1,228100.0,Online Securities Pvt. Ltd.,Naasa Securities Co. Ltd.,2026-04-27 14:57:13.283840
2026042704011558,HDHPC,21,58,2010,228.0,458280.0,Midas Stock Broking Company Private Limited,Naasa Securities Co. Ltd.,2026-04-27 14:57:13.283967
2026042704011562,HDHPC,35,48,100,229.0,22900.0,Kohinoor Investment & Securities Pvt. Ltd.,Trishakti Securities Public Limited,2026-04-27 14:57:15.183495
2026042704011651,HDHPC,37,8,640,228.1,145984.0,Swarna Laxmi Securities Pvt. Ltd.,Brilliant Securities Pvt. Ltd.,2026-04-27 14:57:43.201855
2026042704011672,HDHPC,49,48,87,229.0,19923.0,Online Securities Pvt. Ltd.,Trishakti Securities Public Limited,2026-04-27 14:57:46.194472
2026042704011746,HDHPC,58,48,80,229.0,18320.0,Naasa Securities Co. Ltd.,Trishakti Securities Public Limited,2026-04-27 14:58:05.301333
2026042704011770,HDHPC,91,48,29,229.0,6641.0,Citizens Share Broker Limited,Trishakti Securities Public Limited,2026-04-27 14:58:14.583671
2026042704011804,HDHPC,91,84,971,229.0,222359.0,Citizens Share Broker Limited,MILKY WAY SHARE BROKER COMPANY LTD ,2026-04-27 14:58:27.798878
2026042704011805,HDHPC,36,84,29,229.0,6641.0,Secured Securities Ltd.,MILKY WAY SHARE BROKER COMPANY LTD ,2026-04-27 14:58:27.799300
2026042704011826,HDHPC,36,91,20,229.0,4580.0,Secured Securities Ltd.,Citizens Share Broker Limited,2026-04-27 14:58:31.897594
2026042704011905,HDHPC,54,58,100,229.0,22900.0,Sewa Securities Pvt. Ltd.,Naasa Securities Co. Ltd.,2026-04-27 14:58:49.004577
2026042704011911,HDHPC,54,74,67,229.0,15343.0,Sewa Securities Pvt. Ltd.,KALASH STOCK MARKET PVT. LTD.,2026-04-27 14:58:49.747015
2026042704011923,HDHPC,1,58,62,229.5,14229.0,Kumari Securities Private Limited,Naasa Securities Co. Ltd.,2026-04-27 14:58:51.949776
2026042704011924,HDHPC,1,84,438,229.7,100608.6,Kumari Securities Private Limited,MILKY WAY SHARE BROKER COMPANY LTD ,2026-04-27 14:58:51.950582
2026042704012077,HDHPC,34,84,42,229.7,9647.4,Vision Securities Pvt. Ltd,MILKY WAY SHARE BROKER COMPANY LTD ,2026-04-27 14:59:15.302826
2026042704012084,HDHPC,36,67,10,229.1,2291.0,Secured Securities Ltd.,Property Wiard Limited,2026-04-27 14:59:17.685582
2026042704012085,HDHPC,54,67,833,229.0,190757.0,Sewa Securities Pvt. Ltd.,Property Wiard Limited,2026-04-27 14:59:17.686419
2026042704012086,HDHPC,57,67,10,229.0,2290.0,Aryatara Investment & Securities,Property Wiard Limited,2026-04-27 14:59:17.687000
2026042704012087,HDHPC,39,67,147,229.0,33663.0,Sumeru Securities Pvt. Ltd.,Property Wiard Limited,2026-04-27 14:59:17.687569
2026042704012134,HDHPC,39,74,33,229.0,7557.0,Sumeru Securities Pvt. Ltd.,KALASH STOCK MARKET PVT. LTD.,2026-04-27 14:59:25.635279
2026042704012159,HDHPC,14,49,200,229.5,45900.0,Nepal Stock House (PVT) Ltd.,Online Securities Pvt. Ltd.,2026-04-27 14:59:29.326717
2026042704012186,HDHPC,39,58,320,229.0,73280.0,Sumeru Securities Pvt. Ltd.,Naasa Securities Co. Ltd.,2026-04-27 14:59:32.187067
2026042704012187,HDHPC,51,81,272,228.5,62152.0,Oxford Securities Pvt. Ltd.,Aakashbhairab Securities Ltd.,2026-04-27 14:59:32.365701
2026042704012188,HDHPC,37,81,228,228.2,52029.6,Swarna Laxmi Securities Pvt. Ltd.,Aakashbhairab Securities Ltd.,2026-04-27 14:59:32.365742
2026042704012212,HDHPC,33,58,100,229.0,22900.0,Dakshinkali Investment & Securities Pvt. Ltd.,Naasa Securities Co. Ltd.,2026-04-27 14:59:38.526279
2026042704012246,HDHPC,42,58,300,229.0,68700.0,Sani Securities Company Ltd.,Naasa Securities Co. Ltd.,2026-04-27 14:59:43.415542
2026042704012256,HDHPC,66,58,50,229.0,11450.0,Miyo Securities Pvt Ltd,Naasa Securities Co. Ltd.,2026-04-27 14:59:45.141291
2026042704012257,HDHPC,37,36,132,228.2,30122.4,Swarna Laxmi Securities Pvt. Ltd.,Secured Securities Ltd.,2026-04-27 14:59:45.201518
2026042704012258,HDHPC,34,36,118,228.1,26915.8,Vision Securities Pvt. Ltd,Secured Securities Ltd.,2026-04-27 14:59:45.201566
2026042704012324,HDHPC,34,50,382,228.1,87134.2,Vision Securities Pvt. Ltd,Cristal Kanchanjanga Securites Pvt. Ltd.,2026-04-27 14:59:50.408999
2026042704012325,HDHPC,21,50,3618,228.0,824904.0,Midas Stock Broking Company Private Limited,Cristal Kanchanjanga Securites Pvt. Ltd.,2026-04-27 14:59:50.409420
2026042704012359,HDHPC,53,65,38,228.1,8667.8,Investment Management Nepal Pvt. Ltd.,Sharepro Securities Private Limited,2026-04-27 14:59:56.069387
2026042704012381,HDHPC,39,58,230,229.0,52670.0,Sumeru Securities Pvt. Ltd.,Naasa Securities Co. Ltd.,2026-04-27 14:59:57.539772
2026042704012382,HDHPC,39,13,200,229.0,45800.0,Sumeru Securities Pvt. Ltd.,Thrive Brokerage House Pvt. Ltd,2026-04-27 14:59:57.540756
2026042704012383,HDHPC,39,36,100,229.0,22900.0,Sumeru Securities Pvt. Ltd.,Secured Securities Ltd.,2026-04-27 14:59:57.541680
2026042704012384,HDHPC,39,50,470,229.0,107630.0,Sumeru Securities Pvt. Ltd.,Cristal Kanchanjanga Securites Pvt. Ltd.,2026-04-27 14:59:57.542523
2026042704012419,HDHPC,65,50,50,229.0,11450.0,Sharepro Securities Private Limited,Cristal Kanchanjanga Securites Pvt. Ltd.,2026-04-27 14:59:58.398122
2026042704012445,HDHPC,53,84,962,228.1,219432.2,Investment Management Nepal Pvt. Ltd.,MILKY WAY SHARE BROKER COMPANY LTD ,2026-04-27 14:59:58.938396
2026042704012446,HDHPC,21,84,2912,228.0,663936.0,Midas Stock Broking Company Private Limited,MILKY WAY SHARE BROKER COMPANY LTD ,2026-04-27 14:59:58.938888
2026042704012447,HDHPC,17,84,100,228.0,22800.0,ABC Securities Private Limited,MILKY WAY SHARE BROKER COMPANY LTD ,2026-04-27 14:59:58.939877
2026042704012448,HDHPC,39,84,1000,228.0,228000.0,Sumeru Securities Pvt. Ltd.,MILKY WAY SHARE BROKER COMPANY LTD ,2026-04-27 14:59:58.940796
2026042704012449,HDHPC,57,84,26,228.0,5928.0,Aryatara Investment & Securities,MILKY WAY SHARE BROKER COMPANY LTD ,2026-04-27 14:59:58.941690
