contractId,stockSymbol,buyerMemberId,sellerMemberId,quantity,rate,amount,businessDate,tradeBookId,stockId,buyerBrokerName,sellerBrokerName,transaction_time,securityName
2026042704000050,JOSHI,42,38,10,295.0,2950.0,2026-04-27,187954008,2789,Sani Securities Company Ltd.,Dipshikha Dhitopatra Karobar Co. Pvt Ltd.,2026-04-27 11:00:52.342024,Joshi Hydropower Development Company Ltd
2026042704000309,JOSHI,13,34,50,290.0,14500.0,2026-04-27,187960001,2789,Thrive Brokerage House Pvt. Ltd,Vision Securities Pvt. Ltd,2026-04-27 11:08:36.704056,Joshi Hydropower Development Company Ltd
2026042704000334,JOSHI,4,8,200,290.0,58000.0,2026-04-27,187960754,2789,Opal Securities Investment (PVT) Ltd.,Brilliant Securities Pvt. Ltd.,2026-04-27 11:09:18.679824,Joshi Hydropower Development Company Ltd
2026042704000509,JOSHI,3,19,10,289.9,2899.0,2026-04-27,187965343,2789,Arun Securities (PVT) Ltd.,Nepal Investment And Securities Trading Private Limited,2026-04-27 11:14:20.320248,Joshi Hydropower Development Company Ltd
2026042704000654,JOSHI,58,8,10,290.0,2900.0,2026-04-27,187968182,2789,Naasa Securities Co. Ltd.,Brilliant Securities Pvt. Ltd.,2026-04-27 11:17:37.645614,Joshi Hydropower Development Company Ltd
2026042704000737,JOSHI,74,8,10,290.0,2900.0,2026-04-27,187969530,2789,KALASH STOCK MARKET PVT. LTD.,Brilliant Securities Pvt. Ltd.,2026-04-27 11:18:59.214077,Joshi Hydropower Development Company Ltd
2026042704000762,JOSHI,58,8,10,290.0,2900.0,2026-04-27,187969924,2789,Naasa Securities Co. Ltd.,Brilliant Securities Pvt. Ltd.,2026-04-27 11:19:20.066993,Joshi Hydropower Development Company Ltd
2026042704000781,JOSHI,3,11,67,289.9,19423.3,2026-04-27,187970256,2789,Arun Securities (PVT) Ltd.,Malla & Malla Stock Broking Company Pvt. Limited,2026-04-27 11:19:41.353344,Joshi Hydropower Development Company Ltd
2026042704000782,JOSHI,44,11,33,288.0,9504.0,2026-04-27,187970257,2789,Dynamic Money Managers Securities Pvt. Ltd.,Malla & Malla Stock Broking Company Pvt. Limited,2026-04-27 11:19:41.353439,Joshi Hydropower Development Company Ltd
2026042704001068,JOSHI,34,34,10,288.5,2885.0,2026-04-27,187974545,2789,Vision Securities Pvt. Ltd,Vision Securities Pvt. Ltd,2026-04-27 11:25:18.060960,Joshi Hydropower Development Company Ltd
2026042704001180,JOSHI,58,25,33,288.8,9530.4,2026-04-27,187976292,2789,Naasa Securities Co. Ltd.,Sweta Securities Private Limited,2026-04-27 11:27:34.205817,Joshi Hydropower Development Company Ltd
2026042704001249,JOSHI,35,94,60,288.6,17316.0,2026-04-27,187977067,2789,Kohinoor Investment & Securities Pvt. Ltd.,K.B.L. Securities Limited ,2026-04-27 11:28:28.167961,Joshi Hydropower Development Company Ltd
2026042704001659,JOSHI,47,34,20,288.7,5774.0,2026-04-27,187982066,2789,Neev Securities Pvt. Ltd.,Vision Securities Pvt. Ltd,2026-04-27 11:35:02.812024,Joshi Hydropower Development Company Ltd
2026042704001660,JOSHI,35,34,180,288.6,51948.0,2026-04-27,187982067,2789,Kohinoor Investment & Securities Pvt. Ltd.,Vision Securities Pvt. Ltd,2026-04-27 11:35:02.812098,Joshi Hydropower Development Company Ltd
2026042704001797,JOSHI,35,57,33,288.6,9523.8,2026-04-27,187983855,2789,Kohinoor Investment & Securities Pvt. Ltd.,Aryatara Investment & Securities,2026-04-27 11:37:25.725831,Joshi Hydropower Development Company Ltd
2026042704001798,JOSHI,35,97,147,288.6,42424.2,2026-04-27,187983858,2789,Kohinoor Investment & Securities Pvt. Ltd.,R.B.B. Securities Company Ltd,2026-04-27 11:37:25.788236,Joshi Hydropower Development Company Ltd
2026042704001820,JOSHI,44,97,17,288.6,4906.2,2026-04-27,187984392,2789,Dynamic Money Managers Securities Pvt. Ltd.,R.B.B. Securities Company Ltd,2026-04-27 11:38:11.991629,Joshi Hydropower Development Company Ltd
2026042704001821,JOSHI,34,97,50,288.5,14425.0,2026-04-27,187984403,2789,Vision Securities Pvt. Ltd,R.B.B. Securities Company Ltd,2026-04-27 11:38:13.806558,Joshi Hydropower Development Company Ltd
2026042704001823,JOSHI,58,97,10,288.6,2886.0,2026-04-27,187984436,2789,Naasa Securities Co. Ltd.,R.B.B. Securities Company Ltd,2026-04-27 11:38:18.159294,Joshi Hydropower Development Company Ltd
2026042704002483,JOSHI,58,57,91,288.6,26262.6,2026-04-27,187995454,2789,Naasa Securities Co. Ltd.,Aryatara Investment & Securities,2026-04-27 11:54:47.565951,Joshi Hydropower Development Company Ltd
2026042704002486,JOSHI,34,57,25,288.6,7215.0,2026-04-27,187995502,2789,Vision Securities Pvt. Ltd,Aryatara Investment & Securities,2026-04-27 11:54:53.940023,Joshi Hydropower Development Company Ltd
2026042704002516,JOSHI,58,36,10,288.0,2880.0,2026-04-27,187995908,2789,Naasa Securities Co. Ltd.,Secured Securities Ltd.,2026-04-27 11:55:31.632056,Joshi Hydropower Development Company Ltd
2026042704002517,JOSHI,42,36,20,288.0,5760.0,2026-04-27,187995910,2789,Sani Securities Company Ltd.,Secured Securities Ltd.,2026-04-27 11:55:31.632270,Joshi Hydropower Development Company Ltd
2026042704002518,JOSHI,45,36,50,288.0,14400.0,2026-04-27,187995912,2789,Imperial Securities Company Pvt. Ltd.,Secured Securities Ltd.,2026-04-27 11:55:31.632420,Joshi Hydropower Development Company Ltd
2026042704002777,JOSHI,58,8,30,287.0,8610.0,2026-04-27,188000278,2789,Naasa Securities Co. Ltd.,Brilliant Securities Pvt. Ltd.,2026-04-27 12:03:36.598601,Joshi Hydropower Development Company Ltd
2026042704002778,JOSHI,16,8,20,287.0,5740.0,2026-04-27,188000279,2789,Primo Securities (PVT) Ltd.,Brilliant Securities Pvt. Ltd.,2026-04-27 12:03:36.598818,Joshi Hydropower Development Company Ltd
2026042704002907,JOSHI,16,26,80,287.0,22960.0,2026-04-27,188001856,2789,Primo Securities (PVT) Ltd.,Asian Securities Private Ltd.,2026-04-27 12:06:34.281028,Joshi Hydropower Development Company Ltd
2026042704002908,JOSHI,51,26,45,286.5,12892.5,2026-04-27,188001858,2789,Oxford Securities Pvt. Ltd.,Asian Securities Private Ltd.,2026-04-27 12:06:34.281251,Joshi Hydropower Development Company Ltd
2026042704002909,JOSHI,43,26,100,286.2,28620.0,2026-04-27,188001860,2789,South Asian Bulls Pvt. Ltd.,Asian Securities Private Ltd.,2026-04-27 12:06:34.281419,Joshi Hydropower Development Company Ltd
2026042704002910,JOSHI,49,26,680,286.0,194480.0,2026-04-27,188001862,2789,Online Securities Pvt. Ltd.,Asian Securities Private Ltd.,2026-04-27 12:06:34.281555,Joshi Hydropower Development Company Ltd
2026042704002911,JOSHI,35,26,25,286.0,7150.0,2026-04-27,188001864,2789,Kohinoor Investment & Securities Pvt. Ltd.,Asian Securities Private Ltd.,2026-04-27 12:06:34.281690,Joshi Hydropower Development Company Ltd
2026042704002912,JOSHI,19,26,1000,285.3,285300.0,2026-04-27,188001866,2789,Nepal Investment And Securities Trading Private Limited,Asian Securities Private Ltd.,2026-04-27 12:06:34.281828,Joshi Hydropower Development Company Ltd
2026042704002913,JOSHI,19,26,30,285.1,8553.0,2026-04-27,188001868,2789,Nepal Investment And Securities Trading Private Limited,Asian Securities Private Ltd.,2026-04-27 12:06:34.281963,Joshi Hydropower Development Company Ltd
2026042704002914,JOSHI,21,26,350,285.0,99750.0,2026-04-27,188001870,2789,Midas Stock Broking Company Private Limited,Asian Securities Private Ltd.,2026-04-27 12:06:34.282094,Joshi Hydropower Development Company Ltd
2026042704002915,JOSHI,52,26,100,285.0,28500.0,2026-04-27,188001872,2789,Sundhara Securities Limited,Asian Securities Private Ltd.,2026-04-27 12:06:34.282226,Joshi Hydropower Development Company Ltd
2026042704002916,JOSHI,29,26,590,285.0,168150.0,2026-04-27,188001873,2789,Trisul Securities & Invt. Ltd.,Asian Securities Private Ltd.,2026-04-27 12:06:34.282369,Joshi Hydropower Development Company Ltd
2026042704003041,JOSHI,29,58,146,285.0,41610.0,2026-04-27,188003583,2789,Trisul Securities & Invt. Ltd.,Naasa Securities Co. Ltd.,2026-04-27 12:10:01.373171,Joshi Hydropower Development Company Ltd
2026042704003346,JOSHI,22,38,20,285.2,5704.0,2026-04-27,188008048,2789,Siprabi Securities Pvt. Ltd.,Dipshikha Dhitopatra Karobar Co. Pvt Ltd.,2026-04-27 12:18:31.666441,Joshi Hydropower Development Company Ltd
2026042704003584,JOSHI,43,57,90,285.1,25659.0,2026-04-27,188011974,2789,South Asian Bulls Pvt. Ltd.,Aryatara Investment & Securities,2026-04-27 12:25:56.995938,Joshi Hydropower Development Company Ltd
2026042704003585,JOSHI,43,57,100,285.1,28510.0,2026-04-27,188011976,2789,South Asian Bulls Pvt. Ltd.,Aryatara Investment & Securities,2026-04-27 12:25:56.996166,Joshi Hydropower Development Company Ltd
2026042704003586,JOSHI,29,57,184,285.0,52440.0,2026-04-27,188011978,2789,Trisul Securities & Invt. Ltd.,Aryatara Investment & Securities,2026-04-27 12:25:56.996347,Joshi Hydropower Development Company Ltd
2026042704003587,JOSHI,34,57,18,285.0,5130.0,2026-04-27,188011980,2789,Vision Securities Pvt. Ltd,Aryatara Investment & Securities,2026-04-27 12:25:56.996488,Joshi Hydropower Development Company Ltd
2026042704003588,JOSHI,34,57,10,285.0,2850.0,2026-04-27,188011982,2789,Vision Securities Pvt. Ltd,Aryatara Investment & Securities,2026-04-27 12:25:56.996626,Joshi Hydropower Development Company Ltd
2026042704003589,JOSHI,38,57,20,285.0,5700.0,2026-04-27,188011984,2789,Dipshikha Dhitopatra Karobar Co. Pvt Ltd.,Aryatara Investment & Securities,2026-04-27 12:25:56.996760,Joshi Hydropower Development Company Ltd
2026042704003590,JOSHI,42,57,50,285.0,14250.0,2026-04-27,188011986,2789,Sani Securities Company Ltd.,Aryatara Investment & Securities,2026-04-27 12:25:56.996890,Joshi Hydropower Development Company Ltd
2026042704003591,JOSHI,16,57,50,285.0,14250.0,2026-04-27,188011988,2789,Primo Securities (PVT) Ltd.,Aryatara Investment & Securities,2026-04-27 12:25:56.997018,Joshi Hydropower Development Company Ltd
2026042704003613,JOSHI,49,57,150,285.0,42750.0,2026-04-27,188012330,2789,Online Securities Pvt. Ltd.,Aryatara Investment & Securities,2026-04-27 12:26:37.115063,Joshi Hydropower Development Company Ltd
2026042704003628,JOSHI,57,38,30,284.0,8520.0,2026-04-27,188012783,2789,Aryatara Investment & Securities,Dipshikha Dhitopatra Karobar Co. Pvt Ltd.,2026-04-27 12:27:26.584792,Joshi Hydropower Development Company Ltd
2026042704003979,JOSHI,4,5,39,285.5,11134.5,2026-04-27,188017914,2789,Opal Securities Investment (PVT) Ltd.,Market Securities & Exchange (PVT) Ltd.,2026-04-27 12:38:24.215968,Joshi Hydropower Development Company Ltd
2026042704004252,JOSHI,49,43,10,286.0,2860.0,2026-04-27,188021088,2789,Online Securities Pvt. Ltd.,South Asian Bulls Pvt. Ltd.,2026-04-27 12:44:28.021137,Joshi Hydropower Development Company Ltd
2026042704004392,JOSHI,57,45,200,285.0,57000.0,2026-04-27,188022614,2789,Aryatara Investment & Securities,Imperial Securities Company Pvt. Ltd.,2026-04-27 12:47:25.683828,Joshi Hydropower Development Company Ltd
2026042704004466,JOSHI,38,45,40,285.0,11400.0,2026-04-27,188023590,2789,Dipshikha Dhitopatra Karobar Co. Pvt Ltd.,Imperial Securities Company Pvt. Ltd.,2026-04-27 12:49:35.765418,Joshi Hydropower Development Company Ltd
2026042704004481,JOSHI,81,45,10,285.0,2850.0,2026-04-27,188023773,2789,Aakashbhairab Securities Ltd.,Imperial Securities Company Pvt. Ltd.,2026-04-27 12:49:57.433296,Joshi Hydropower Development Company Ltd
2026042704004981,JOSHI,7,76,20,285.1,5702.0,2026-04-27,188030935,2789,J.F. Securites (PVT) Ltd.,Machhapuchchhre Securities Limited,2026-04-27 13:04:15.957617,Joshi Hydropower Development Company Ltd
2026042704005359,JOSHI,58,47,100,285.2,28520.0,2026-04-27,188035803,2789,Naasa Securities Co. Ltd.,Neev Securities Pvt. Ltd.,2026-04-27 13:14:36.837117,Joshi Hydropower Development Company Ltd
2026042704005481,JOSHI,58,45,10,287.0,2870.0,2026-04-27,188036843,2789,Naasa Securities Co. Ltd.,Imperial Securities Company Pvt. Ltd.,2026-04-27 13:16:19.504454,Joshi Hydropower Development Company Ltd
2026042704005549,JOSHI,57,36,87,287.5,25012.5,2026-04-27,188037700,2789,Aryatara Investment & Securities,Secured Securities Ltd.,2026-04-27 13:18:12.128800,Joshi Hydropower Development Company Ltd
2026042704005883,JOSHI,58,42,17,287.0,4879.0,2026-04-27,188041891,2789,Naasa Securities Co. Ltd.,Sani Securities Company Ltd.,2026-04-27 13:24:23.682412,Joshi Hydropower Development Company Ltd
2026042704005896,JOSHI,45,57,20,287.5,5750.0,2026-04-27,188042005,2789,Imperial Securities Company Pvt. Ltd.,Aryatara Investment & Securities,2026-04-27 13:24:37.083977,Joshi Hydropower Development Company Ltd
2026042704006003,JOSHI,45,49,110,287.5,31625.0,2026-04-27,188043346,2789,Imperial Securities Company Pvt. Ltd.,Online Securities Pvt. Ltd.,2026-04-27 13:26:46.674849,Joshi Hydropower Development Company Ltd
2026042704006004,JOSHI,58,21,11,287.0,3157.0,2026-04-27,188043350,2789,Naasa Securities Co. Ltd.,Midas Stock Broking Company Private Limited,2026-04-27 13:26:47.645387,Joshi Hydropower Development Company Ltd
2026042704006031,JOSHI,58,21,10,285.2,2852.0,2026-04-27,188043620,2789,Naasa Securities Co. Ltd.,Midas Stock Broking Company Private Limited,2026-04-27 13:27:21.529435,Joshi Hydropower Development Company Ltd
2026042704006032,JOSHI,94,21,20,285.2,5704.0,2026-04-27,188043622,2789,K.B.L. Securities Limited ,Midas Stock Broking Company Private Limited,2026-04-27 13:27:21.529582,Joshi Hydropower Development Company Ltd
2026042704006033,JOSHI,7,21,180,285.1,51318.0,2026-04-27,188043624,2789,J.F. Securites (PVT) Ltd.,Midas Stock Broking Company Private Limited,2026-04-27 13:27:21.529650,Joshi Hydropower Development Company Ltd
2026042704006238,JOSHI,45,16,13,286.0,3718.0,2026-04-27,188046137,2789,Imperial Securities Company Pvt. Ltd.,Primo Securities (PVT) Ltd.,2026-04-27 13:32:00.536502,Joshi Hydropower Development Company Ltd
2026042704006676,JOSHI,45,1,965,287.0,276955.0,2026-04-27,188052293,2789,Imperial Securities Company Pvt. Ltd.,Kumari Securities Private Limited,2026-04-27 13:43:32.890824,Joshi Hydropower Development Company Ltd
2026042704006753,JOSHI,36,49,28,287.5,8050.0,2026-04-27,188053728,2789,Secured Securities Ltd.,Online Securities Pvt. Ltd.,2026-04-27 13:45:37.009037,Joshi Hydropower Development Company Ltd
2026042704006864,JOSHI,45,94,272,287.0,78064.0,2026-04-27,188054574,2789,Imperial Securities Company Pvt. Ltd.,K.B.L. Securities Limited ,2026-04-27 13:47:18.990212,Joshi Hydropower Development Company Ltd
2026042704007153,JOSHI,58,17,15,285.3,4279.5,2026-04-27,188057139,2789,Naasa Securities Co. Ltd.,ABC Securities Private Limited,2026-04-27 13:51:39.083079,Joshi Hydropower Development Company Ltd
2026042704007520,JOSHI,58,60,88,285.6,25132.8,2026-04-27,188061853,2789,Naasa Securities Co. Ltd.,Nagarik Stock Dealer ,2026-04-27 14:01:08.230297,Joshi Hydropower Development Company Ltd
2026042704007554,JOSHI,48,6,1000,285.7,285700.0,2026-04-27,188062199,2789,Trishakti Securities Public Limited,Agrawal Securities (PVT) Ltd.,2026-04-27 14:01:46.808133,Joshi Hydropower Development Company Ltd
2026042704007600,JOSHI,63,94,1000,287.0,287000.0,2026-04-27,188062764,2789,Himalayan Brokerage Company Limited,K.B.L. Securities Limited ,2026-04-27 14:02:56.993685,Joshi Hydropower Development Company Ltd
2026042704007650,JOSHI,45,94,100,287.0,28700.0,2026-04-27,188063408,2789,Imperial Securities Company Pvt. Ltd.,K.B.L. Securities Limited ,2026-04-27 14:04:24.221057,Joshi Hydropower Development Company Ltd
2026042704007758,JOSHI,13,94,150,287.0,43050.0,2026-04-27,188065124,2789,Thrive Brokerage House Pvt. Ltd,K.B.L. Securities Limited ,2026-04-27 14:07:03.013854,Joshi Hydropower Development Company Ltd
2026042704007900,JOSHI,58,94,10,287.0,2870.0,2026-04-27,188067226,2789,Naasa Securities Co. Ltd.,K.B.L. Securities Limited ,2026-04-27 14:10:54.185511,Joshi Hydropower Development Company Ltd
2026042704008058,JOSHI,19,19,80,285.9,22872.0,2026-04-27,188069159,2789,Nepal Investment And Securities Trading Private Limited,Nepal Investment And Securities Trading Private Limited,2026-04-27 14:13:44.147020,Joshi Hydropower Development Company Ltd
2026042704008224,JOSHI,60,49,40,286.0,11440.0,2026-04-27,188070908,2789,Nagarik Stock Dealer ,Online Securities Pvt. Ltd.,2026-04-27 14:16:47.546608,Joshi Hydropower Development Company Ltd
2026042704008225,JOSHI,19,49,922,285.9,263599.8,2026-04-27,188070910,2789,Nepal Investment And Securities Trading Private Limited,Online Securities Pvt. Ltd.,2026-04-27 14:16:47.546769,Joshi Hydropower Development Company Ltd
2026042704008226,JOSHI,58,49,350,285.7,99995.0,2026-04-27,188070911,2789,Naasa Securities Co. Ltd.,Online Securities Pvt. Ltd.,2026-04-27 14:16:47.546832,Joshi Hydropower Development Company Ltd
2026042704008242,JOSHI,48,6,1000,286.0,286000.0,2026-04-27,188071081,2789,Trishakti Securities Public Limited,Agrawal Securities (PVT) Ltd.,2026-04-27 14:17:03.579626,Joshi Hydropower Development Company Ltd
2026042704008710,JOSHI,48,6,1000,286.0,286000.0,2026-04-27,188075111,2789,Trishakti Securities Public Limited,Agrawal Securities (PVT) Ltd.,2026-04-27 14:23:03.689169,Joshi Hydropower Development Company Ltd
2026042704008868,JOSHI,14,7,28,286.5,8022.0,2026-04-27,188076936,2789,Nepal Stock House (PVT) Ltd.,J.F. Securites (PVT) Ltd.,2026-04-27 14:24:50.676732,Joshi Hydropower Development Company Ltd
2026042704009219,JOSHI,52,17,100,286.0,28600.0,2026-04-27,188080925,2789,Sundhara Securities Limited,ABC Securities Private Limited,2026-04-27 14:30:18.119253,Joshi Hydropower Development Company Ltd
2026042704009500,JOSHI,58,50,300,286.1,85830.0,2026-04-27,188083925,2789,Naasa Securities Co. Ltd.,Cristal Kanchanjanga Securites Pvt. Ltd.,2026-04-27 14:34:38.979897,Joshi Hydropower Development Company Ltd
2026042704009540,JOSHI,17,45,100,286.5,28650.0,2026-04-27,188084518,2789,ABC Securities Private Limited,Imperial Securities Company Pvt. Ltd.,2026-04-27 14:35:28.992042,Joshi Hydropower Development Company Ltd
2026042704009561,JOSHI,17,94,468,287.0,134316.0,2026-04-27,188084883,2789,ABC Securities Private Limited,K.B.L. Securities Limited ,2026-04-27 14:36:04.121833,Joshi Hydropower Development Company Ltd
2026042704009562,JOSHI,17,52,500,287.0,143500.0,2026-04-27,188084885,2789,ABC Securities Private Limited,Sundhara Securities Limited,2026-04-27 14:36:04.122122,Joshi Hydropower Development Company Ltd
2026042704009597,JOSHI,17,45,30,287.0,8610.0,2026-04-27,188085375,2789,ABC Securities Private Limited,Imperial Securities Company Pvt. Ltd.,2026-04-27 14:36:46.042350,Joshi Hydropower Development Company Ltd
2026042704009610,JOSHI,58,52,106,287.5,30475.0,2026-04-27,188085638,2789,Naasa Securities Co. Ltd.,Sundhara Securities Limited,2026-04-27 14:37:08.960348,Joshi Hydropower Development Company Ltd
2026042704009647,JOSHI,48,6,1000,287.2,287200.0,2026-04-27,188086173,2789,Trishakti Securities Public Limited,Agrawal Securities (PVT) Ltd.,2026-04-27 14:37:46.310988,Joshi Hydropower Development Company Ltd
2026042704009703,JOSHI,19,36,18,286.3,5153.4,2026-04-27,188086901,2789,Nepal Investment And Securities Trading Private Limited,Secured Securities Ltd.,2026-04-27 14:38:51.514394,Joshi Hydropower Development Company Ltd
2026042704009764,JOSHI,48,6,1000,287.0,287000.0,2026-04-27,188087493,2789,Trishakti Securities Public Limited,Agrawal Securities (PVT) Ltd.,2026-04-27 14:39:40.801884,Joshi Hydropower Development Company Ltd
2026042704010170,JOSHI,58,36,25,287.0,7175.0,2026-04-27,188092898,2789,Naasa Securities Co. Ltd.,Secured Securities Ltd.,2026-04-27 14:46:14.940988,Joshi Hydropower Development Company Ltd
2026042704010235,JOSHI,38,96,20,286.4,5728.0,2026-04-27,188094014,2789,Dipshikha Dhitopatra Karobar Co. Pvt Ltd.,Himalayan Securities Limited,2026-04-27 14:47:16.542985,Joshi Hydropower Development Company Ltd
2026042704010236,JOSHI,19,96,13,286.3,3721.9,2026-04-27,188094015,2789,Nepal Investment And Securities Trading Private Limited,Himalayan Securities Limited,2026-04-27 14:47:16.543086,Joshi Hydropower Development Company Ltd
2026042704010570,JOSHI,19,53,500,286.4,143200.0,2026-04-27,188097619,2789,Nepal Investment And Securities Trading Private Limited,Investment Management Nepal Pvt. Ltd.,2026-04-27 14:50:45.070214,Joshi Hydropower Development Company Ltd
2026042704010589,JOSHI,45,62,10,287.0,2870.0,2026-04-27,188097918,2789,Imperial Securities Company Pvt. Ltd.,Capital Max Securities Ltd,2026-04-27 14:51:03.847356,Joshi Hydropower Development Company Ltd
2026042704010597,JOSHI,19,36,182,286.4,52124.8,2026-04-27,188097969,2789,Nepal Investment And Securities Trading Private Limited,Secured Securities Ltd.,2026-04-27 14:51:06.908787,Joshi Hydropower Development Company Ltd
2026042704011292,JOSHI,42,62,20,287.0,5740.0,2026-04-27,188104656,2789,Sani Securities Company Ltd.,Capital Max Securities Ltd,2026-04-27 14:56:13.230496,Joshi Hydropower Development Company Ltd
2026042704012082,JOSHI,58,52,394,287.5,113275.0,2026-04-27,188111049,2789,Naasa Securities Co. Ltd.,Sundhara Securities Limited,2026-04-27 14:59:17.484796,Joshi Hydropower Development Company Ltd
2026042704012222,JOSHI,50,51,167,288.0,48096.0,2026-04-27,188112881,2789,Cristal Kanchanjanga Securites Pvt. Ltd.,Oxford Securities Pvt. Ltd.,2026-04-27 14:59:40.949454,Joshi Hydropower Development Company Ltd
2026042704012223,JOSHI,50,34,42,288.0,12096.0,2026-04-27,188112883,2789,Cristal Kanchanjanga Securites Pvt. Ltd.,Vision Securities Pvt. Ltd,2026-04-27 14:59:40.949612,Joshi Hydropower Development Company Ltd
2026042704012224,JOSHI,50,52,91,288.0,26208.0,2026-04-27,188112886,2789,Cristal Kanchanjanga Securites Pvt. Ltd.,Sundhara Securities Limited,2026-04-27 14:59:40.949671,Joshi Hydropower Development Company Ltd
