contractId,stockSymbol,buyerMemberId,sellerMemberId,quantity,rate,amount,businessDate,tradeBookId,stockId,buyerBrokerName,sellerBrokerName,transaction_time,securityName
2026042704000055,KKHC,47,7,10,272.0,2720.0,2026-04-27,187954075,2751,Neev Securities Pvt. Ltd.,J.F. Securites (PVT) Ltd.,2026-04-27 11:00:58.077416,Khanikhola Hydropower Co. Ltd.
2026042704000186,KKHC,100,21,10,280.0,2800.0,2026-04-27,187956912,2751,Sunrise Securities Limited,Midas Stock Broking Company Private Limited,2026-04-27 11:05:00.339760,Khanikhola Hydropower Co. Ltd.
2026042704000234,KKHC,16,51,80,278.0,22240.0,2026-04-27,187957785,2751,Primo Securities (PVT) Ltd.,Oxford Securities Pvt. Ltd.,2026-04-27 11:06:12.379402,Khanikhola Hydropower Co. Ltd.
2026042704000248,KKHC,3,22,10,279.9,2799.0,2026-04-27,187958082,2751,Arun Securities (PVT) Ltd.,Siprabi Securities Pvt. Ltd.,2026-04-27 11:06:39.202240,Khanikhola Hydropower Co. Ltd.
2026042704000362,KKHC,94,21,70,278.9,19523.0,2026-04-27,187961506,2751,K.B.L. Securities Limited ,Midas Stock Broking Company Private Limited,2026-04-27 11:09:59.135442,Khanikhola Hydropower Co. Ltd.
2026042704000461,KKHC,14,87,10,276.0,2760.0,2026-04-27,187963911,2751,Nepal Stock House (PVT) Ltd.,S.P.S.A. Securities Limited,2026-04-27 11:12:28.092254,Khanikhola Hydropower Co. Ltd.
2026042704000545,KKHC,14,22,40,276.0,11040.0,2026-04-27,187966214,2751,Nepal Stock House (PVT) Ltd.,Siprabi Securities Pvt. Ltd.,2026-04-27 11:15:14.140259,Khanikhola Hydropower Co. Ltd.
2026042704000546,KKHC,49,22,16,276.0,4416.0,2026-04-27,187966215,2751,Online Securities Pvt. Ltd.,Siprabi Securities Pvt. Ltd.,2026-04-27 11:15:14.140396,Khanikhola Hydropower Co. Ltd.
2026042704000553,KKHC,100,48,10,278.4,2784.0,2026-04-27,187966410,2751,Sunrise Securities Limited,Trishakti Securities Public Limited,2026-04-27 11:15:30.658251,Khanikhola Hydropower Co. Ltd.
2026042704000588,KKHC,14,87,10,275.0,2750.0,2026-04-27,187966727,2751,Nepal Stock House (PVT) Ltd.,S.P.S.A. Securities Limited,2026-04-27 11:15:49.990921,Khanikhola Hydropower Co. Ltd.
2026042704000788,KKHC,58,48,10,278.4,2784.0,2026-04-27,187970312,2751,Naasa Securities Co. Ltd.,Trishakti Securities Public Limited,2026-04-27 11:19:47.240502,Khanikhola Hydropower Co. Ltd.
2026042704000902,KKHC,49,35,5,274.0,1370.0,2026-04-27,187971821,2751,Online Securities Pvt. Ltd.,Kohinoor Investment & Securities Pvt. Ltd.,2026-04-27 11:21:43.828736,Khanikhola Hydropower Co. Ltd.
2026042704000904,KKHC,58,11,18,278.0,5004.0,2026-04-27,187971874,2751,Naasa Securities Co. Ltd.,Malla & Malla Stock Broking Company Pvt. Limited,2026-04-27 11:21:47.778561,Khanikhola Hydropower Co. Ltd.
2026042704001129,KKHC,81,58,33,275.5,9091.5,2026-04-27,187975471,2751,Aakashbhairab Securities Ltd.,Naasa Securities Co. Ltd.,2026-04-27 11:26:32.569140,Khanikhola Hydropower Co. Ltd.
2026042704001206,KKHC,14,48,480,277.7,133296.0,2026-04-27,187976505,2751,Nepal Stock House (PVT) Ltd.,Trishakti Securities Public Limited,2026-04-27 11:27:52.340193,Khanikhola Hydropower Co. Ltd.
2026042704001207,KKHC,14,48,20,277.8,5556.0,2026-04-27,187976508,2751,Nepal Stock House (PVT) Ltd.,Trishakti Securities Public Limited,2026-04-27 11:27:52.340333,Khanikhola Hydropower Co. Ltd.
2026042704001330,KKHC,51,11,100,275.7,27570.0,2026-04-27,187978300,2751,Oxford Securities Pvt. Ltd.,Malla & Malla Stock Broking Company Pvt. Limited,2026-04-27 11:30:05.621404,Khanikhola Hydropower Co. Ltd.
2026042704001331,KKHC,81,11,47,275.7,12957.9,2026-04-27,187978302,2751,Aakashbhairab Securities Ltd.,Malla & Malla Stock Broking Company Pvt. Limited,2026-04-27 11:30:05.621536,Khanikhola Hydropower Co. Ltd.
2026042704001332,KKHC,13,11,100,275.6,27560.0,2026-04-27,187978304,2751,Thrive Brokerage House Pvt. Ltd,Malla & Malla Stock Broking Company Pvt. Limited,2026-04-27 11:30:05.621591,Khanikhola Hydropower Co. Ltd.
2026042704001333,KKHC,35,11,363,275.4,99970.2,2026-04-27,187978306,2751,Kohinoor Investment & Securities Pvt. Ltd.,Malla & Malla Stock Broking Company Pvt. Limited,2026-04-27 11:30:05.621643,Khanikhola Hydropower Co. Ltd.
2026042704001334,KKHC,14,11,40,275.0,11000.0,2026-04-27,187978308,2751,Nepal Stock House (PVT) Ltd.,Malla & Malla Stock Broking Company Pvt. Limited,2026-04-27 11:30:05.621717,Khanikhola Hydropower Co. Ltd.
2026042704001335,KKHC,58,11,200,275.0,55000.0,2026-04-27,187978310,2751,Naasa Securities Co. Ltd.,Malla & Malla Stock Broking Company Pvt. Limited,2026-04-27 11:30:05.621770,Khanikhola Hydropower Co. Ltd.
2026042704001336,KKHC,58,11,40,275.0,11000.0,2026-04-27,187978312,2751,Naasa Securities Co. Ltd.,Malla & Malla Stock Broking Company Pvt. Limited,2026-04-27 11:30:05.621837,Khanikhola Hydropower Co. Ltd.
2026042704001337,KKHC,58,11,35,275.0,9625.0,2026-04-27,187978314,2751,Naasa Securities Co. Ltd.,Malla & Malla Stock Broking Company Pvt. Limited,2026-04-27 11:30:05.621987,Khanikhola Hydropower Co. Ltd.
2026042704001338,KKHC,57,11,50,275.0,13750.0,2026-04-27,187978316,2751,Aryatara Investment & Securities,Malla & Malla Stock Broking Company Pvt. Limited,2026-04-27 11:30:05.622127,Khanikhola Hydropower Co. Ltd.
2026042704001342,KKHC,25,11,25,275.0,6875.0,2026-04-27,187978325,2751,Sweta Securities Private Limited,Malla & Malla Stock Broking Company Pvt. Limited,2026-04-27 11:30:06.358805,Khanikhola Hydropower Co. Ltd.
2026042704001343,KKHC,25,48,75,277.4,20805.0,2026-04-27,187978328,2751,Sweta Securities Private Limited,Trishakti Securities Public Limited,2026-04-27 11:30:06.358927,Khanikhola Hydropower Co. Ltd.
2026042704001393,KKHC,45,11,82,277.0,22714.0,2026-04-27,187978933,2751,Imperial Securities Company Pvt. Ltd.,Malla & Malla Stock Broking Company Pvt. Limited,2026-04-27 11:30:56.251339,Khanikhola Hydropower Co. Ltd.
2026042704001394,KKHC,45,41,16,277.0,4432.0,2026-04-27,187978935,2751,Imperial Securities Company Pvt. Ltd.,Linch Stock Market Ltd.,2026-04-27 11:30:56.251457,Khanikhola Hydropower Co. Ltd.
2026042704002129,KKHC,4,87,10,273.2,2732.0,2026-04-27,187989349,2751,Opal Securities Investment (PVT) Ltd.,S.P.S.A. Securities Limited,2026-04-27 11:45:45.351673,Khanikhola Hydropower Co. Ltd.
2026042704002135,KKHC,42,54,10,274.0,2740.0,2026-04-27,187989416,2751,Sani Securities Company Ltd.,Sewa Securities Pvt. Ltd.,2026-04-27 11:45:50.937671,Khanikhola Hydropower Co. Ltd.
2026042704002209,KKHC,4,87,10,273.2,2732.0,2026-04-27,187990545,2751,Opal Securities Investment (PVT) Ltd.,S.P.S.A. Securities Limited,2026-04-27 11:47:42.999728,Khanikhola Hydropower Co. Ltd.
2026042704002324,KKHC,89,54,10,274.0,2740.0,2026-04-27,187992594,2751,Global IME Securities Limited,Sewa Securities Pvt. Ltd.,2026-04-27 11:51:07.280504,Khanikhola Hydropower Co. Ltd.
2026042704002360,KKHC,29,54,120,274.0,32880.0,2026-04-27,187993100,2751,Trisul Securities & Invt. Ltd.,Sewa Securities Pvt. Ltd.,2026-04-27 11:51:37.034336,Khanikhola Hydropower Co. Ltd.
2026042704002384,KKHC,48,54,60,274.0,16440.0,2026-04-27,187993542,2751,Trishakti Securities Public Limited,Sewa Securities Pvt. Ltd.,2026-04-27 11:52:13.478935,Khanikhola Hydropower Co. Ltd.
2026042704002445,KKHC,42,54,300,274.0,82200.0,2026-04-27,187994978,2751,Sani Securities Company Ltd.,Sewa Securities Pvt. Ltd.,2026-04-27 11:53:51.366284,Khanikhola Hydropower Co. Ltd.
2026042704002502,KKHC,36,54,15,274.0,4110.0,2026-04-27,187995830,2751,Secured Securities Ltd.,Sewa Securities Pvt. Ltd.,2026-04-27 11:55:25.372634,Khanikhola Hydropower Co. Ltd.
2026042704002528,KKHC,25,54,26,274.0,7124.0,2026-04-27,187996052,2751,Sweta Securities Private Limited,Sewa Securities Pvt. Ltd.,2026-04-27 11:55:50.654227,Khanikhola Hydropower Co. Ltd.
2026042704002566,KKHC,25,54,70,274.0,19180.0,2026-04-27,187996852,2751,Sweta Securities Private Limited,Sewa Securities Pvt. Ltd.,2026-04-27 11:57:09.849258,Khanikhola Hydropower Co. Ltd.
2026042704002701,KKHC,42,54,199,274.0,54526.0,2026-04-27,187999267,2751,Sani Securities Company Ltd.,Sewa Securities Pvt. Ltd.,2026-04-27 12:01:20.653885,Khanikhola Hydropower Co. Ltd.
2026042704002702,KKHC,42,58,35,274.0,9590.0,2026-04-27,187999270,2751,Sani Securities Company Ltd.,Naasa Securities Co. Ltd.,2026-04-27 12:01:20.654396,Khanikhola Hydropower Co. Ltd.
2026042704002721,KKHC,87,25,10,276.8,2768.0,2026-04-27,187999500,2751,S.P.S.A. Securities Limited,Sweta Securities Private Limited,2026-04-27 12:01:50.240816,Khanikhola Hydropower Co. Ltd.
2026042704003090,KKHC,38,11,10,274.0,2740.0,2026-04-27,188004054,2751,Dipshikha Dhitopatra Karobar Co. Pvt Ltd.,Malla & Malla Stock Broking Company Pvt. Limited,2026-04-27 12:11:06.963626,Khanikhola Hydropower Co. Ltd.
2026042704003091,KKHC,58,11,10,274.0,2740.0,2026-04-27,188004056,2751,Naasa Securities Co. Ltd.,Malla & Malla Stock Broking Company Pvt. Limited,2026-04-27 12:11:06.963831,Khanikhola Hydropower Co. Ltd.
2026042704003092,KKHC,48,11,973,274.0,266602.0,2026-04-27,188004057,2751,Trishakti Securities Public Limited,Malla & Malla Stock Broking Company Pvt. Limited,2026-04-27 12:11:06.963924,Khanikhola Hydropower Co. Ltd.
2026042704003109,KKHC,48,8,27,274.0,7398.0,2026-04-27,188004284,2751,Trishakti Securities Public Limited,Brilliant Securities Pvt. Ltd.,2026-04-27 12:11:37.337267,Khanikhola Hydropower Co. Ltd.
2026042704003110,KKHC,42,8,100,274.0,27400.0,2026-04-27,188004286,2751,Sani Securities Company Ltd.,Brilliant Securities Pvt. Ltd.,2026-04-27 12:11:37.337644,Khanikhola Hydropower Co. Ltd.
2026042704003198,KKHC,87,51,10,276.5,2765.0,2026-04-27,188005714,2751,S.P.S.A. Securities Limited,Oxford Securities Pvt. Ltd.,2026-04-27 12:14:28.239970,Khanikhola Hydropower Co. Ltd.
2026042704003249,KKHC,58,51,19,276.5,5253.5,2026-04-27,188006172,2751,Naasa Securities Co. Ltd.,Oxford Securities Pvt. Ltd.,2026-04-27 12:15:08.286070,Khanikhola Hydropower Co. Ltd.
2026042704003574,KKHC,58,38,10,276.0,2760.0,2026-04-27,188011838,2751,Naasa Securities Co. Ltd.,Dipshikha Dhitopatra Karobar Co. Pvt Ltd.,2026-04-27 12:25:34.661138,Khanikhola Hydropower Co. Ltd.
2026042704003784,KKHC,41,58,10,275.0,2750.0,2026-04-27,188015096,2751,Linch Stock Market Ltd.,Naasa Securities Co. Ltd.,2026-04-27 12:32:30.220079,Khanikhola Hydropower Co. Ltd.
2026042704003802,KKHC,42,58,20,275.0,5500.0,2026-04-27,188015341,2751,Sani Securities Company Ltd.,Naasa Securities Co. Ltd.,2026-04-27 12:33:00.802972,Khanikhola Hydropower Co. Ltd.
2026042704003853,KKHC,75,4,32,275.1,8803.2,2026-04-27,188016273,2751,N.I.M.B. Stock Markets Limited,Opal Securities Investment (PVT) Ltd.,2026-04-27 12:34:55.918135,Khanikhola Hydropower Co. Ltd.
2026042704003973,KKHC,50,38,65,276.0,17940.0,2026-04-27,188017689,2751,Cristal Kanchanjanga Securites Pvt. Ltd.,Dipshikha Dhitopatra Karobar Co. Pvt Ltd.,2026-04-27 12:37:54.834305,Khanikhola Hydropower Co. Ltd.
2026042704003974,KKHC,50,45,435,276.0,120060.0,2026-04-27,188017692,2751,Cristal Kanchanjanga Securites Pvt. Ltd.,Imperial Securities Company Pvt. Ltd.,2026-04-27 12:37:54.834700,Khanikhola Hydropower Co. Ltd.
2026042704004029,KKHC,75,19,120,275.1,33012.0,2026-04-27,188018647,2751,N.I.M.B. Stock Markets Limited,Nepal Investment And Securities Trading Private Limited,2026-04-27 12:39:41.176101,Khanikhola Hydropower Co. Ltd.
2026042704004136,KKHC,75,13,20,275.1,5502.0,2026-04-27,188019973,2751,N.I.M.B. Stock Markets Limited,Thrive Brokerage House Pvt. Ltd,2026-04-27 12:42:00.662366,Khanikhola Hydropower Co. Ltd.
2026042704004298,KKHC,75,22,328,275.1,90232.8,2026-04-27,188021776,2751,N.I.M.B. Stock Markets Limited,Siprabi Securities Pvt. Ltd.,2026-04-27 12:45:47.122173,Khanikhola Hydropower Co. Ltd.
2026042704004299,KKHC,1,22,50,275.1,13755.0,2026-04-27,188021778,2751,Kumari Securities Private Limited,Siprabi Securities Pvt. Ltd.,2026-04-27 12:45:47.122435,Khanikhola Hydropower Co. Ltd.
2026042704004300,KKHC,42,22,20,275.1,5502.0,2026-04-27,188021780,2751,Sani Securities Company Ltd.,Siprabi Securities Pvt. Ltd.,2026-04-27 12:45:47.122522,Khanikhola Hydropower Co. Ltd.
2026042704004301,KKHC,42,22,366,275.0,100650.0,2026-04-27,188021781,2751,Sani Securities Company Ltd.,Siprabi Securities Pvt. Ltd.,2026-04-27 12:45:47.122605,Khanikhola Hydropower Co. Ltd.
2026042704004512,KKHC,100,45,65,276.0,17940.0,2026-04-27,188024325,2751,Sunrise Securities Limited,Imperial Securities Company Pvt. Ltd.,2026-04-27 12:51:13.502883,Khanikhola Hydropower Co. Ltd.
2026042704004513,KKHC,100,22,12,276.0,3312.0,2026-04-27,188024327,2751,Sunrise Securities Limited,Siprabi Securities Pvt. Ltd.,2026-04-27 12:51:13.503176,Khanikhola Hydropower Co. Ltd.
2026042704004514,KKHC,100,59,799,276.0,220524.0,2026-04-27,188024329,2751,Sunrise Securities Limited,Deevyaa Securities & Stock House Pvt. Ltd,2026-04-27 12:51:13.503275,Khanikhola Hydropower Co. Ltd.
2026042704004515,KKHC,100,38,200,276.0,55200.0,2026-04-27,188024332,2751,Sunrise Securities Limited,Dipshikha Dhitopatra Karobar Co. Pvt Ltd.,2026-04-27 12:51:13.503365,Khanikhola Hydropower Co. Ltd.
2026042704004778,KKHC,50,43,100,276.3,27630.0,2026-04-27,188027985,2751,Cristal Kanchanjanga Securites Pvt. Ltd.,South Asian Bulls Pvt. Ltd.,2026-04-27 12:58:55.552915,Khanikhola Hydropower Co. Ltd.
2026042704004779,KKHC,50,51,400,276.5,110600.0,2026-04-27,188027988,2751,Cristal Kanchanjanga Securites Pvt. Ltd.,Oxford Securities Pvt. Ltd.,2026-04-27 12:58:55.553363,Khanikhola Hydropower Co. Ltd.
2026042704004896,KKHC,45,51,101,276.5,27926.5,2026-04-27,188029637,2751,Imperial Securities Company Pvt. Ltd.,Oxford Securities Pvt. Ltd.,2026-04-27 13:01:44.030379,Khanikhola Hydropower Co. Ltd.
2026042704004897,KKHC,45,33,49,276.5,13548.5,2026-04-27,188029640,2751,Imperial Securities Company Pvt. Ltd.,Dakshinkali Investment & Securities Pvt. Ltd.,2026-04-27 13:01:44.030787,Khanikhola Hydropower Co. Ltd.
2026042704005194,KKHC,58,33,10,276.5,2765.0,2026-04-27,188034310,2751,Naasa Securities Co. Ltd.,Dakshinkali Investment & Securities Pvt. Ltd.,2026-04-27 13:11:11.616248,Khanikhola Hydropower Co. Ltd.
2026042704005240,KKHC,77,34,10,276.0,2760.0,2026-04-27,188034760,2751,Nabil Stock Dealer Ltd.,Vision Securities Pvt. Ltd,2026-04-27 13:12:08.201820,Khanikhola Hydropower Co. Ltd.
2026042704005241,KKHC,58,34,935,276.0,258060.0,2026-04-27,188034762,2751,Naasa Securities Co. Ltd.,Vision Securities Pvt. Ltd,2026-04-27 13:12:08.202217,Khanikhola Hydropower Co. Ltd.
2026042704005242,KKHC,13,34,100,275.5,27550.0,2026-04-27,188034764,2751,Thrive Brokerage House Pvt. Ltd,Vision Securities Pvt. Ltd,2026-04-27 13:12:08.202495,Khanikhola Hydropower Co. Ltd.
2026042704005243,KKHC,13,34,100,275.4,27540.0,2026-04-27,188034766,2751,Thrive Brokerage House Pvt. Ltd,Vision Securities Pvt. Ltd,2026-04-27 13:12:08.202759,Khanikhola Hydropower Co. Ltd.
2026042704005244,KKHC,13,34,100,275.2,27520.0,2026-04-27,188034768,2751,Thrive Brokerage House Pvt. Ltd,Vision Securities Pvt. Ltd,2026-04-27 13:12:08.203019,Khanikhola Hydropower Co. Ltd.
2026042704005245,KKHC,13,34,100,275.1,27510.0,2026-04-27,188034770,2751,Thrive Brokerage House Pvt. Ltd,Vision Securities Pvt. Ltd,2026-04-27 13:12:08.203286,Khanikhola Hydropower Co. Ltd.
2026042704005246,KKHC,42,34,44,275.0,12100.0,2026-04-27,188034772,2751,Sani Securities Company Ltd.,Vision Securities Pvt. Ltd,2026-04-27 13:12:08.203544,Khanikhola Hydropower Co. Ltd.
2026042704005247,KKHC,58,34,1000,275.0,275000.0,2026-04-27,188034774,2751,Naasa Securities Co. Ltd.,Vision Securities Pvt. Ltd,2026-04-27 13:12:08.203784,Khanikhola Hydropower Co. Ltd.
2026042704005248,KKHC,45,34,1815,275.0,499125.0,2026-04-27,188034776,2751,Imperial Securities Company Pvt. Ltd.,Vision Securities Pvt. Ltd,2026-04-27 13:12:08.204034,Khanikhola Hydropower Co. Ltd.
2026042704005249,KKHC,58,34,500,275.0,137500.0,2026-04-27,188034778,2751,Naasa Securities Co. Ltd.,Vision Securities Pvt. Ltd,2026-04-27 13:12:08.204277,Khanikhola Hydropower Co. Ltd.
2026042704005340,KKHC,51,34,20,275.0,5500.0,2026-04-27,188035548,2751,Oxford Securities Pvt. Ltd.,Vision Securities Pvt. Ltd,2026-04-27 13:13:57.395044,Khanikhola Hydropower Co. Ltd.
2026042704005550,KKHC,49,34,276,275.0,75900.0,2026-04-27,188037707,2751,Online Securities Pvt. Ltd.,Vision Securities Pvt. Ltd,2026-04-27 13:18:12.532447,Khanikhola Hydropower Co. Ltd.
2026042704005551,KKHC,49,99,724,275.0,199100.0,2026-04-27,188037710,2751,Online Securities Pvt. Ltd.,Prabhu Stock Market Limited,2026-04-27 13:18:12.532870,Khanikhola Hydropower Co. Ltd.
2026042704005579,KKHC,22,99,76,274.5,20862.0,2026-04-27,188038167,2751,Siprabi Securities Pvt. Ltd.,Prabhu Stock Market Limited,2026-04-27 13:19:14.568162,Khanikhola Hydropower Co. Ltd.
2026042704005729,KKHC,49,34,500,275.0,137500.0,2026-04-27,188039572,2751,Online Securities Pvt. Ltd.,Vision Securities Pvt. Ltd,2026-04-27 13:21:24.240769,Khanikhola Hydropower Co. Ltd.
2026042704005732,KKHC,41,34,100,275.0,27500.0,2026-04-27,188039604,2751,Linch Stock Market Ltd.,Vision Securities Pvt. Ltd,2026-04-27 13:21:29.530793,Khanikhola Hydropower Co. Ltd.
2026042704005908,KKHC,22,89,20,274.5,5490.0,2026-04-27,188042229,2751,Siprabi Securities Pvt. Ltd.,Global IME Securities Limited,2026-04-27 13:24:54.322792,Khanikhola Hydropower Co. Ltd.
2026042704005975,KKHC,84,34,4400,275.0,1210000.0,2026-04-27,188043108,2751,MILKY WAY SHARE BROKER COMPANY LTD ,Vision Securities Pvt. Ltd,2026-04-27 13:26:22.233095,Khanikhola Hydropower Co. Ltd.
2026042704006097,KKHC,45,34,320,275.0,88000.0,2026-04-27,188044266,2751,Imperial Securities Company Pvt. Ltd.,Vision Securities Pvt. Ltd,2026-04-27 13:28:31.082728,Khanikhola Hydropower Co. Ltd.
2026042704006251,KKHC,35,34,131,275.0,36025.0,2026-04-27,188046346,2751,Kohinoor Investment & Securities Pvt. Ltd.,Vision Securities Pvt. Ltd,2026-04-27 13:32:24.170799,Khanikhola Hydropower Co. Ltd.
2026042704006266,KKHC,22,34,1500,275.0,412500.0,2026-04-27,188046598,2751,Siprabi Securities Pvt. Ltd.,Vision Securities Pvt. Ltd,2026-04-27 13:32:45.818566,Khanikhola Hydropower Co. Ltd.
2026042704006443,KKHC,58,34,54,275.0,14850.0,2026-04-27,188049218,2751,Naasa Securities Co. Ltd.,Vision Securities Pvt. Ltd,2026-04-27 13:37:22.679077,Khanikhola Hydropower Co. Ltd.
2026042704006491,KKHC,21,34,20,275.0,5500.0,2026-04-27,188049828,2751,Midas Stock Broking Company Private Limited,Vision Securities Pvt. Ltd,2026-04-27 13:38:35.278059,Khanikhola Hydropower Co. Ltd.
2026042704006528,KKHC,19,34,65,275.0,17875.0,2026-04-27,188050262,2751,Nepal Investment And Securities Trading Private Limited,Vision Securities Pvt. Ltd,2026-04-27 13:39:27.992855,Khanikhola Hydropower Co. Ltd.
2026042704006534,KKHC,41,26,50,274.6,13730.0,2026-04-27,188050355,2751,Linch Stock Market Ltd.,Asian Securities Private Ltd.,2026-04-27 13:39:36.998794,Khanikhola Hydropower Co. Ltd.
2026042704006551,KKHC,49,48,300,274.6,82380.0,2026-04-27,188050637,2751,Online Securities Pvt. Ltd.,Trishakti Securities Public Limited,2026-04-27 13:40:16.137999,Khanikhola Hydropower Co. Ltd.
2026042704006576,KKHC,58,34,22,275.0,6050.0,2026-04-27,188050828,2751,Naasa Securities Co. Ltd.,Vision Securities Pvt. Ltd,2026-04-27 13:40:39.439203,Khanikhola Hydropower Co. Ltd.
2026042704006589,KKHC,34,34,100,275.0,27500.0,2026-04-27,188050990,2751,Vision Securities Pvt. Ltd,Vision Securities Pvt. Ltd,2026-04-27 13:40:58.922609,Khanikhola Hydropower Co. Ltd.
2026042704006819,KKHC,45,34,200,275.0,55000.0,2026-04-27,188054212,2751,Imperial Securities Company Pvt. Ltd.,Vision Securities Pvt. Ltd,2026-04-27 13:46:31.648198,Khanikhola Hydropower Co. Ltd.
2026042704006850,KKHC,32,34,2500,275.0,687500.0,2026-04-27,188054440,2751,Premier Securities Company Ltd.,Vision Securities Pvt. Ltd,2026-04-27 13:47:01.609659,Khanikhola Hydropower Co. Ltd.
2026042704006862,KKHC,49,34,88,275.0,24200.0,2026-04-27,188054543,2751,Online Securities Pvt. Ltd.,Vision Securities Pvt. Ltd,2026-04-27 13:47:15.572477,Khanikhola Hydropower Co. Ltd.
2026042704007052,KKHC,40,25,20,275.1,5502.0,2026-04-27,188056165,2751,Creative Securities Pvt Ltd,Sweta Securities Private Limited,2026-04-27 13:49:58.238391,Khanikhola Hydropower Co. Ltd.
2026042704007101,KKHC,40,3,50,275.1,13755.0,2026-04-27,188056593,2751,Creative Securities Pvt Ltd,Arun Securities (PVT) Ltd.,2026-04-27 13:50:44.211855,Khanikhola Hydropower Co. Ltd.
2026042704007290,KKHC,58,44,57,275.5,15703.5,2026-04-27,188058684,2751,Naasa Securities Co. Ltd.,Dynamic Money Managers Securities Pvt. Ltd.,2026-04-27 13:54:31.365726,Khanikhola Hydropower Co. Ltd.
2026042704007291,KKHC,40,44,31,275.1,8528.1,2026-04-27,188058686,2751,Creative Securities Pvt Ltd,Dynamic Money Managers Securities Pvt. Ltd.,2026-04-27 13:54:31.365997,Khanikhola Hydropower Co. Ltd.
2026042704007292,KKHC,58,44,10,275.0,2750.0,2026-04-27,188058688,2751,Naasa Securities Co. Ltd.,Dynamic Money Managers Securities Pvt. Ltd.,2026-04-27 13:54:31.366120,Khanikhola Hydropower Co. Ltd.
2026042704007491,KKHC,42,44,902,275.0,248050.0,2026-04-27,188061337,2751,Sani Securities Company Ltd.,Dynamic Money Managers Securities Pvt. Ltd.,2026-04-27 14:00:00.066471,Khanikhola Hydropower Co. Ltd.
2026042704007492,KKHC,42,34,98,275.0,26950.0,2026-04-27,188061340,2751,Sani Securities Company Ltd.,Vision Securities Pvt. Ltd,2026-04-27 14:00:00.066924,Khanikhola Hydropower Co. Ltd.
2026042704007495,KKHC,49,34,12,275.0,3300.0,2026-04-27,188061360,2751,Online Securities Pvt. Ltd.,Vision Securities Pvt. Ltd,2026-04-27 14:00:00.201361,Khanikhola Hydropower Co. Ltd.
2026042704007526,KKHC,35,34,50,275.0,13750.0,2026-04-27,188061892,2751,Kohinoor Investment & Securities Pvt. Ltd.,Vision Securities Pvt. Ltd,2026-04-27 14:01:12.200641,Khanikhola Hydropower Co. Ltd.
2026042704007578,KKHC,57,3,50,274.6,13730.0,2026-04-27,188062476,2751,Aryatara Investment & Securities,Arun Securities (PVT) Ltd.,2026-04-27 14:02:20.358978,Khanikhola Hydropower Co. Ltd.
2026042704007579,KKHC,51,3,200,274.5,54900.0,2026-04-27,188062478,2751,Oxford Securities Pvt. Ltd.,Arun Securities (PVT) Ltd.,2026-04-27 14:02:20.359458,Khanikhola Hydropower Co. Ltd.
2026042704007580,KKHC,59,3,105,274.2,28791.0,2026-04-27,188062480,2751,Deevyaa Securities & Stock House Pvt. Ltd,Arun Securities (PVT) Ltd.,2026-04-27 14:02:20.359745,Khanikhola Hydropower Co. Ltd.
2026042704007581,KKHC,41,3,10,274.2,2742.0,2026-04-27,188062482,2751,Linch Stock Market Ltd.,Arun Securities (PVT) Ltd.,2026-04-27 14:02:20.360016,Khanikhola Hydropower Co. Ltd.
2026042704007582,KKHC,17,3,100,274.1,27410.0,2026-04-27,188062484,2751,ABC Securities Private Limited,Arun Securities (PVT) Ltd.,2026-04-27 14:02:20.360303,Khanikhola Hydropower Co. Ltd.
2026042704007583,KKHC,19,3,50,274.0,13700.0,2026-04-27,188062486,2751,Nepal Investment And Securities Trading Private Limited,Arun Securities (PVT) Ltd.,2026-04-27 14:02:20.360588,Khanikhola Hydropower Co. Ltd.
2026042704007584,KKHC,41,3,15,274.0,4110.0,2026-04-27,188062488,2751,Linch Stock Market Ltd.,Arun Securities (PVT) Ltd.,2026-04-27 14:02:20.360850,Khanikhola Hydropower Co. Ltd.
2026042704007585,KKHC,56,3,50,274.0,13700.0,2026-04-27,188062490,2751,Sri Hari Securities Pvt. Ltd.,Arun Securities (PVT) Ltd.,2026-04-27 14:02:20.361129,Khanikhola Hydropower Co. Ltd.
2026042704007586,KKHC,56,3,362,274.0,99188.0,2026-04-27,188062492,2751,Sri Hari Securities Pvt. Ltd.,Arun Securities (PVT) Ltd.,2026-04-27 14:02:20.361397,Khanikhola Hydropower Co. Ltd.
2026042704007587,KKHC,58,3,158,274.0,43292.0,2026-04-27,188062493,2751,Naasa Securities Co. Ltd.,Arun Securities (PVT) Ltd.,2026-04-27 14:02:20.361664,Khanikhola Hydropower Co. Ltd.
2026042704007593,KKHC,58,34,40,275.0,11000.0,2026-04-27,188062608,2751,Naasa Securities Co. Ltd.,Vision Securities Pvt. Ltd,2026-04-27 14:02:34.888524,Khanikhola Hydropower Co. Ltd.
2026042704007624,KKHC,58,3,42,274.0,11508.0,2026-04-27,188063056,2751,Naasa Securities Co. Ltd.,Arun Securities (PVT) Ltd.,2026-04-27 14:03:38.273197,Khanikhola Hydropower Co. Ltd.
2026042704007625,KKHC,45,3,38,274.0,10412.0,2026-04-27,188063057,2751,Imperial Securities Company Pvt. Ltd.,Arun Securities (PVT) Ltd.,2026-04-27 14:03:38.273485,Khanikhola Hydropower Co. Ltd.
2026042704007790,KKHC,45,58,120,274.0,32880.0,2026-04-27,188065649,2751,Imperial Securities Company Pvt. Ltd.,Naasa Securities Co. Ltd.,2026-04-27 14:08:05.880909,Khanikhola Hydropower Co. Ltd.
2026042704007833,KKHC,45,22,717,274.0,196458.0,2026-04-27,188066424,2751,Imperial Securities Company Pvt. Ltd.,Siprabi Securities Pvt. Ltd.,2026-04-27 14:09:29.748182,Khanikhola Hydropower Co. Ltd.
2026042704007834,KKHC,42,22,320,274.0,87680.0,2026-04-27,188066426,2751,Sani Securities Company Ltd.,Siprabi Securities Pvt. Ltd.,2026-04-27 14:09:29.748654,Khanikhola Hydropower Co. Ltd.
2026042704007835,KKHC,34,22,300,274.0,82200.0,2026-04-27,188066428,2751,Vision Securities Pvt. Ltd,Siprabi Securities Pvt. Ltd.,2026-04-27 14:09:29.748924,Khanikhola Hydropower Co. Ltd.
2026042704007836,KKHC,49,22,30,274.0,8220.0,2026-04-27,188066430,2751,Online Securities Pvt. Ltd.,Siprabi Securities Pvt. Ltd.,2026-04-27 14:09:29.749188,Khanikhola Hydropower Co. Ltd.
2026042704007837,KKHC,62,22,100,274.0,27400.0,2026-04-27,188066432,2751,Capital Max Securities Ltd,Siprabi Securities Pvt. Ltd.,2026-04-27 14:09:29.749462,Khanikhola Hydropower Co. Ltd.
2026042704007838,KKHC,99,22,333,274.0,91242.0,2026-04-27,188066433,2751,Prabhu Stock Market Limited,Siprabi Securities Pvt. Ltd.,2026-04-27 14:09:29.749729,Khanikhola Hydropower Co. Ltd.
2026042704007886,KKHC,42,45,10,274.7,2747.0,2026-04-27,188067012,2751,Sani Securities Company Ltd.,Imperial Securities Company Pvt. Ltd.,2026-04-27 14:10:36.839417,Khanikhola Hydropower Co. Ltd.
2026042704007888,KKHC,41,45,10,274.7,2747.0,2026-04-27,188067125,2751,Linch Stock Market Ltd.,Imperial Securities Company Pvt. Ltd.,2026-04-27 14:10:40.397105,Khanikhola Hydropower Co. Ltd.
2026042704007921,KKHC,41,42,10,274.8,2748.0,2026-04-27,188067442,2751,Linch Stock Market Ltd.,Sani Securities Company Ltd.,2026-04-27 14:11:15.480632,Khanikhola Hydropower Co. Ltd.
2026042704007981,KKHC,99,21,420,274.0,115080.0,2026-04-27,188068015,2751,Prabhu Stock Market Limited,Midas Stock Broking Company Private Limited,2026-04-27 14:12:18.380176,Khanikhola Hydropower Co. Ltd.
2026042704008010,KKHC,99,99,247,274.0,67678.0,2026-04-27,188068576,2751,Prabhu Stock Market Limited,Prabhu Stock Market Limited,2026-04-27 14:12:44.953037,Khanikhola Hydropower Co. Ltd.
2026042704008011,KKHC,7,99,80,274.0,21920.0,2026-04-27,188068578,2751,J.F. Securites (PVT) Ltd.,Prabhu Stock Market Limited,2026-04-27 14:12:44.953343,Khanikhola Hydropower Co. Ltd.
2026042704008081,KKHC,52,99,30,274.0,8220.0,2026-04-27,188069354,2751,Sundhara Securities Limited,Prabhu Stock Market Limited,2026-04-27 14:14:06.303500,Khanikhola Hydropower Co. Ltd.
2026042704008121,KKHC,57,99,15,274.0,4110.0,2026-04-27,188069822,2751,Aryatara Investment & Securities,Prabhu Stock Market Limited,2026-04-27 14:14:56.162280,Khanikhola Hydropower Co. Ltd.
2026042704008190,KKHC,36,58,20,273.9,5478.0,2026-04-27,188070565,2751,Secured Securities Ltd.,Naasa Securities Co. Ltd.,2026-04-27 14:16:07.897238,Khanikhola Hydropower Co. Ltd.
2026042704008216,KKHC,36,42,27,273.9,7395.3,2026-04-27,188070809,2751,Secured Securities Ltd.,Sani Securities Company Ltd.,2026-04-27 14:16:34.850630,Khanikhola Hydropower Co. Ltd.
2026042704008268,KKHC,58,19,50,273.8,13690.0,2026-04-27,188071369,2751,Naasa Securities Co. Ltd.,Nepal Investment And Securities Trading Private Limited,2026-04-27 14:17:31.576945,Khanikhola Hydropower Co. Ltd.
2026042704008393,KKHC,58,42,50,273.8,13690.0,2026-04-27,188072316,2751,Naasa Securities Co. Ltd.,Sani Securities Company Ltd.,2026-04-27 14:19:05.863274,Khanikhola Hydropower Co. Ltd.
2026042704008394,KKHC,8,42,320,273.5,87520.0,2026-04-27,188072317,2751,Brilliant Securities Pvt. Ltd.,Sani Securities Company Ltd.,2026-04-27 14:19:05.863534,Khanikhola Hydropower Co. Ltd.
2026042704008573,KKHC,58,99,200,274.0,54800.0,2026-04-27,188074080,2751,Naasa Securities Co. Ltd.,Prabhu Stock Market Limited,2026-04-27 14:21:42.598121,Khanikhola Hydropower Co. Ltd.
2026042704008751,KKHC,4,54,57,273.2,15572.4,2026-04-27,188075775,2751,Opal Securities Investment (PVT) Ltd.,Sewa Securities Pvt. Ltd.,2026-04-27 14:23:48.650515,Khanikhola Hydropower Co. Ltd.
2026042704008924,KKHC,4,53,23,273.2,6283.6,2026-04-27,188077390,2751,Opal Securities Investment (PVT) Ltd.,Investment Management Nepal Pvt. Ltd.,2026-04-27 14:25:26.800868,Khanikhola Hydropower Co. Ltd.
2026042704008925,KKHC,25,53,400,273.1,109240.0,2026-04-27,188077392,2751,Sweta Securities Private Limited,Investment Management Nepal Pvt. Ltd.,2026-04-27 14:25:26.801135,Khanikhola Hydropower Co. Ltd.
2026042704008926,KKHC,49,53,1000,273.0,273000.0,2026-04-27,188077394,2751,Online Securities Pvt. Ltd.,Investment Management Nepal Pvt. Ltd.,2026-04-27 14:25:26.801233,Khanikhola Hydropower Co. Ltd.
2026042704008927,KKHC,58,53,20,273.0,5460.0,2026-04-27,188077396,2751,Naasa Securities Co. Ltd.,Investment Management Nepal Pvt. Ltd.,2026-04-27 14:25:26.801366,Khanikhola Hydropower Co. Ltd.
2026042704008928,KKHC,6,53,100,273.0,27300.0,2026-04-27,188077398,2751,Agrawal Securities (PVT) Ltd.,Investment Management Nepal Pvt. Ltd.,2026-04-27 14:25:26.801457,Khanikhola Hydropower Co. Ltd.
2026042704008929,KKHC,64,53,500,273.0,136500.0,2026-04-27,188077400,2751,SUN SECURITIES PVT LTD,Investment Management Nepal Pvt. Ltd.,2026-04-27 14:25:26.801550,Khanikhola Hydropower Co. Ltd.
2026042704008930,KKHC,99,53,500,273.0,136500.0,2026-04-27,188077402,2751,Prabhu Stock Market Limited,Investment Management Nepal Pvt. Ltd.,2026-04-27 14:25:26.801642,Khanikhola Hydropower Co. Ltd.
2026042704008931,KKHC,62,53,100,273.0,27300.0,2026-04-27,188077404,2751,Capital Max Securities Ltd,Investment Management Nepal Pvt. Ltd.,2026-04-27 14:25:26.801734,Khanikhola Hydropower Co. Ltd.
2026042704008932,KKHC,28,53,100,273.0,27300.0,2026-04-27,188077406,2751,Shree Krishna Securities Ltd.,Investment Management Nepal Pvt. Ltd.,2026-04-27 14:25:26.801840,Khanikhola Hydropower Co. Ltd.
2026042704008933,KKHC,58,53,180,273.0,49140.0,2026-04-27,188077408,2751,Naasa Securities Co. Ltd.,Investment Management Nepal Pvt. Ltd.,2026-04-27 14:25:26.801929,Khanikhola Hydropower Co. Ltd.
2026042704008934,KKHC,42,53,300,273.0,81900.0,2026-04-27,188077410,2751,Sani Securities Company Ltd.,Investment Management Nepal Pvt. Ltd.,2026-04-27 14:25:26.802022,Khanikhola Hydropower Co. Ltd.
2026042704008935,KKHC,65,53,100,273.0,27300.0,2026-04-27,188077412,2751,Sharepro Securities Private Limited,Investment Management Nepal Pvt. Ltd.,2026-04-27 14:25:26.802111,Khanikhola Hydropower Co. Ltd.
2026042704008992,KKHC,75,53,1677,273.0,457821.0,2026-04-27,188078047,2751,N.I.M.B. Stock Markets Limited,Investment Management Nepal Pvt. Ltd.,2026-04-27 14:26:18.861637,Khanikhola Hydropower Co. Ltd.
2026042704009145,KKHC,75,43,28,273.0,7644.0,2026-04-27,188080089,2751,N.I.M.B. Stock Markets Limited,South Asian Bulls Pvt. Ltd.,2026-04-27 14:28:58.692470,Khanikhola Hydropower Co. Ltd.
2026042704009154,KKHC,75,58,10,273.0,2730.0,2026-04-27,188080237,2751,N.I.M.B. Stock Markets Limited,Naasa Securities Co. Ltd.,2026-04-27 14:29:13.028519,Khanikhola Hydropower Co. Ltd.
2026042704009197,KKHC,75,45,10,273.0,2730.0,2026-04-27,188080693,2751,N.I.M.B. Stock Markets Limited,Imperial Securities Company Pvt. Ltd.,2026-04-27 14:29:56.043834,Khanikhola Hydropower Co. Ltd.
2026042704009255,KKHC,75,42,60,273.0,16380.0,2026-04-27,188081451,2751,N.I.M.B. Stock Markets Limited,Sani Securities Company Ltd.,2026-04-27 14:31:12.400350,Khanikhola Hydropower Co. Ltd.
2026042704009386,KKHC,75,57,100,273.9,27390.0,2026-04-27,188082785,2751,N.I.M.B. Stock Markets Limited,Aryatara Investment & Securities,2026-04-27 14:33:04.578157,Khanikhola Hydropower Co. Ltd.
2026042704009387,KKHC,75,99,178,274.0,48772.0,2026-04-27,188082787,2751,N.I.M.B. Stock Markets Limited,Prabhu Stock Market Limited,2026-04-27 14:33:04.578424,Khanikhola Hydropower Co. Ltd.
2026042704009388,KKHC,75,21,200,274.0,54800.0,2026-04-27,188082789,2751,N.I.M.B. Stock Markets Limited,Midas Stock Broking Company Private Limited,2026-04-27 14:33:04.578554,Khanikhola Hydropower Co. Ltd.
2026042704009389,KKHC,75,34,100,274.9,27490.0,2026-04-27,188082791,2751,N.I.M.B. Stock Markets Limited,Vision Securities Pvt. Ltd,2026-04-27 14:33:04.578647,Khanikhola Hydropower Co. Ltd.
2026042704009390,KKHC,75,34,4800,275.0,1320000.0,2026-04-27,188082793,2751,N.I.M.B. Stock Markets Limited,Vision Securities Pvt. Ltd,2026-04-27 14:33:04.578739,Khanikhola Hydropower Co. Ltd.
2026042704009391,KKHC,75,6,1800,275.0,495000.0,2026-04-27,188082795,2751,N.I.M.B. Stock Markets Limited,Agrawal Securities (PVT) Ltd.,2026-04-27 14:33:04.578831,Khanikhola Hydropower Co. Ltd.
2026042704009392,KKHC,75,21,175,275.0,48125.0,2026-04-27,188082797,2751,N.I.M.B. Stock Markets Limited,Midas Stock Broking Company Private Limited,2026-04-27 14:33:04.578922,Khanikhola Hydropower Co. Ltd.
2026042704009393,KKHC,75,6,1000,275.0,275000.0,2026-04-27,188082799,2751,N.I.M.B. Stock Markets Limited,Agrawal Securities (PVT) Ltd.,2026-04-27 14:33:04.579013,Khanikhola Hydropower Co. Ltd.
2026042704009454,KKHC,50,34,100,275.9,27590.0,2026-04-27,188083657,2751,Cristal Kanchanjanga Securites Pvt. Ltd.,Vision Securities Pvt. Ltd,2026-04-27 14:34:20.974340,Khanikhola Hydropower Co. Ltd.
2026042704009455,KKHC,50,5,135,276.0,37260.0,2026-04-27,188083659,2751,Cristal Kanchanjanga Securites Pvt. Ltd.,Market Securities & Exchange (PVT) Ltd.,2026-04-27 14:34:20.974771,Khanikhola Hydropower Co. Ltd.
2026042704009456,KKHC,50,6,765,276.0,211140.0,2026-04-27,188083662,2751,Cristal Kanchanjanga Securites Pvt. Ltd.,Agrawal Securities (PVT) Ltd.,2026-04-27 14:34:20.975045,Khanikhola Hydropower Co. Ltd.
2026042704009487,KKHC,75,6,35,276.0,9660.0,2026-04-27,188083785,2751,N.I.M.B. Stock Markets Limited,Agrawal Securities (PVT) Ltd.,2026-04-27 14:34:27.340952,Khanikhola Hydropower Co. Ltd.
2026042704009573,KKHC,32,33,10,276.5,2765.0,2026-04-27,188085060,2751,Premier Securities Company Ltd.,Dakshinkali Investment & Securities Pvt. Ltd.,2026-04-27 14:36:19.811807,Khanikhola Hydropower Co. Ltd.
2026042704009603,KKHC,75,17,100,276.0,27600.0,2026-04-27,188085555,2751,N.I.M.B. Stock Markets Limited,ABC Securities Private Limited,2026-04-27 14:36:59.230366,Khanikhola Hydropower Co. Ltd.
2026042704009604,KKHC,75,34,100,276.0,27600.0,2026-04-27,188085581,2751,N.I.M.B. Stock Markets Limited,Vision Securities Pvt. Ltd,2026-04-27 14:37:00.814472,Khanikhola Hydropower Co. Ltd.
2026042704009622,KKHC,75,33,131,276.5,36221.5,2026-04-27,188085869,2751,N.I.M.B. Stock Markets Limited,Dakshinkali Investment & Securities Pvt. Ltd.,2026-04-27 14:37:23.676714,Khanikhola Hydropower Co. Ltd.
2026042704009623,KKHC,75,26,50,276.5,13825.0,2026-04-27,188085871,2751,N.I.M.B. Stock Markets Limited,Asian Securities Private Ltd.,2026-04-27 14:37:23.676901,Khanikhola Hydropower Co. Ltd.
2026042704009624,KKHC,75,25,90,276.8,24912.0,2026-04-27,188085873,2751,N.I.M.B. Stock Markets Limited,Sweta Securities Private Limited,2026-04-27 14:37:23.676997,Khanikhola Hydropower Co. Ltd.
2026042704009625,KKHC,75,4,10,276.9,2769.0,2026-04-27,188085875,2751,N.I.M.B. Stock Markets Limited,Opal Securities Investment (PVT) Ltd.,2026-04-27 14:37:23.677088,Khanikhola Hydropower Co. Ltd.
2026042704009626,KKHC,75,17,500,277.0,138500.0,2026-04-27,188085877,2751,N.I.M.B. Stock Markets Limited,ABC Securities Private Limited,2026-04-27 14:37:23.677188,Khanikhola Hydropower Co. Ltd.
2026042704009671,KKHC,75,34,100,277.0,27700.0,2026-04-27,188086443,2751,N.I.M.B. Stock Markets Limited,Vision Securities Pvt. Ltd,2026-04-27 14:38:07.513918,Khanikhola Hydropower Co. Ltd.
2026042704009835,KKHC,75,86,41,277.0,11357.0,2026-04-27,188088599,2751,N.I.M.B. Stock Markets Limited,Stoxkarts Securities Limited,2026-04-27 14:40:54.697991,Khanikhola Hydropower Co. Ltd.
2026042704009840,KKHC,75,48,490,277.0,135730.0,2026-04-27,188088694,2751,N.I.M.B. Stock Markets Limited,Trishakti Securities Public Limited,2026-04-27 14:41:03.111454,Khanikhola Hydropower Co. Ltd.
2026042704009849,KKHC,59,48,300,277.0,83100.0,2026-04-27,188088832,2751,Deevyaa Securities & Stock House Pvt. Ltd,Trishakti Securities Public Limited,2026-04-27 14:41:15.514154,Khanikhola Hydropower Co. Ltd.
2026042704009947,KKHC,40,34,48,276.9,13291.2,2026-04-27,188090196,2751,Creative Securities Pvt Ltd,Vision Securities Pvt. Ltd,2026-04-27 14:43:03.967299,Khanikhola Hydropower Co. Ltd.
2026042704009975,KKHC,57,48,10,276.0,2760.0,2026-04-27,188090769,2751,Aryatara Investment & Securities,Trishakti Securities Public Limited,2026-04-27 14:43:36.961416,Khanikhola Hydropower Co. Ltd.
2026042704010004,KKHC,7,34,105,276.0,28980.0,2026-04-27,188091160,2751,J.F. Securites (PVT) Ltd.,Vision Securities Pvt. Ltd,2026-04-27 14:44:07.123041,Khanikhola Hydropower Co. Ltd.
2026042704010005,KKHC,22,34,17,275.0,4675.0,2026-04-27,188091162,2751,Siprabi Securities Pvt. Ltd.,Vision Securities Pvt. Ltd,2026-04-27 14:44:07.123295,Khanikhola Hydropower Co. Ltd.
2026042704010099,KKHC,45,34,500,275.0,137500.0,2026-04-27,188092138,2751,Imperial Securities Company Pvt. Ltd.,Vision Securities Pvt. Ltd,2026-04-27 14:45:21.416612,Khanikhola Hydropower Co. Ltd.
2026042704010508,KKHC,42,58,90,273.5,24615.0,2026-04-27,188096907,2751,Sani Securities Company Ltd.,Naasa Securities Co. Ltd.,2026-04-27 14:50:10.159859,Khanikhola Hydropower Co. Ltd.
2026042704010568,KKHC,63,89,500,274.5,137250.0,2026-04-27,188097560,2751,Himalayan Brokerage Company Limited,Global IME Securities Limited,2026-04-27 14:50:42.908685,Khanikhola Hydropower Co. Ltd.
2026042704010739,KKHC,42,34,100,274.9,27490.0,2026-04-27,188099603,2751,Sani Securities Company Ltd.,Vision Securities Pvt. Ltd,2026-04-27 14:52:22.087004,Khanikhola Hydropower Co. Ltd.
2026042704010740,KKHC,42,95,200,274.9,54980.0,2026-04-27,188099605,2751,Sani Securities Company Ltd.,Magnet Securities and Investment Company Private Limited,2026-04-27 14:52:22.087272,Khanikhola Hydropower Co. Ltd.
2026042704010741,KKHC,42,45,1000,274.9,274900.0,2026-04-27,188099608,2751,Sani Securities Company Ltd.,Imperial Securities Company Pvt. Ltd.,2026-04-27 14:52:22.087383,Khanikhola Hydropower Co. Ltd.
2026042704010767,KKHC,45,48,500,273.7,136850.0,2026-04-27,188099824,2751,Imperial Securities Company Pvt. Ltd.,Trishakti Securities Public Limited,2026-04-27 14:52:33.554115,Khanikhola Hydropower Co. Ltd.
2026042704010768,KKHC,42,48,958,273.5,262013.0,2026-04-27,188099826,2751,Sani Securities Company Ltd.,Trishakti Securities Public Limited,2026-04-27 14:52:33.554226,Khanikhola Hydropower Co. Ltd.
2026042704010769,KKHC,8,48,22,273.5,6017.0,2026-04-27,188099827,2751,Brilliant Securities Pvt. Ltd.,Trishakti Securities Public Limited,2026-04-27 14:52:33.554253,Khanikhola Hydropower Co. Ltd.
2026042704011046,KKHC,42,34,200,274.9,54980.0,2026-04-27,188102297,2751,Sani Securities Company Ltd.,Vision Securities Pvt. Ltd,2026-04-27 14:54:32.590742,Khanikhola Hydropower Co. Ltd.
2026042704011047,KKHC,42,34,50,275.0,13750.0,2026-04-27,188102300,2751,Sani Securities Company Ltd.,Vision Securities Pvt. Ltd,2026-04-27 14:54:32.591031,Khanikhola Hydropower Co. Ltd.
2026042704011125,KKHC,58,7,245,274.0,67130.0,2026-04-27,188103123,2751,Naasa Securities Co. Ltd.,J.F. Securites (PVT) Ltd.,2026-04-27 14:55:09.577156,Khanikhola Hydropower Co. Ltd.
2026042704011445,KKHC,58,34,69,274.9,18968.1,2026-04-27,188105657,2751,Naasa Securities Co. Ltd.,Vision Securities Pvt. Ltd,2026-04-27 14:56:44.648841,Khanikhola Hydropower Co. Ltd.
2026042704011556,KKHC,62,43,10,274.6,2746.0,2026-04-27,188106545,2751,Capital Max Securities Ltd,South Asian Bulls Pvt. Ltd.,2026-04-27 14:57:12.632184,Khanikhola Hydropower Co. Ltd.
2026042704011718,KKHC,32,14,470,274.8,129156.0,2026-04-27,188107935,2751,Premier Securities Company Ltd.,Nepal Stock House (PVT) Ltd.,2026-04-27 14:57:56.719411,Khanikhola Hydropower Co. Ltd.
2026042704011719,KKHC,32,34,30,274.9,8247.0,2026-04-27,188107938,2751,Premier Securities Company Ltd.,Vision Securities Pvt. Ltd,2026-04-27 14:57:56.719642,Khanikhola Hydropower Co. Ltd.
2026042704011766,KKHC,8,1,325,274.7,89277.5,2026-04-27,188108428,2751,Brilliant Securities Pvt. Ltd.,Kumari Securities Private Limited,2026-04-27 14:58:12.559404,Khanikhola Hydropower Co. Ltd.
2026042704011767,KKHC,62,1,75,274.6,20595.0,2026-04-27,188108429,2751,Capital Max Securities Ltd,Kumari Securities Private Limited,2026-04-27 14:58:12.559651,Khanikhola Hydropower Co. Ltd.
2026042704011854,KKHC,58,34,101,274.9,27764.9,2026-04-27,188109427,2751,Naasa Securities Co. Ltd.,Vision Securities Pvt. Ltd,2026-04-27 14:58:39.710821,Khanikhola Hydropower Co. Ltd.
2026042704011855,KKHC,58,5,30,274.9,8247.0,2026-04-27,188109429,2751,Naasa Securities Co. Ltd.,Market Securities & Exchange (PVT) Ltd.,2026-04-27 14:58:39.711045,Khanikhola Hydropower Co. Ltd.
2026042704011856,KKHC,100,34,148,275.0,40700.0,2026-04-27,188109453,2751,Sunrise Securities Limited,Vision Securities Pvt. Ltd,2026-04-27 14:58:40.315575,Khanikhola Hydropower Co. Ltd.
2026042704011874,KKHC,58,34,91,274.9,25015.9,2026-04-27,188109636,2751,Naasa Securities Co. Ltd.,Vision Securities Pvt. Ltd,2026-04-27 14:58:44.299570,Khanikhola Hydropower Co. Ltd.
2026042704012193,KKHC,62,45,10,274.6,2746.0,2026-04-27,188112191,2751,Capital Max Securities Ltd,Imperial Securities Company Pvt. Ltd.,2026-04-27 14:59:33.663617,Khanikhola Hydropower Co. Ltd.
2026042704012199,KKHC,100,34,18,275.0,4950.0,2026-04-27,188112246,2751,Sunrise Securities Limited,Vision Securities Pvt. Ltd,2026-04-27 14:59:34.493811,Khanikhola Hydropower Co. Ltd.
2026042704012392,KKHC,62,32,15,274.1,4111.5,2026-04-27,188114866,2751,Capital Max Securities Ltd,Premier Securities Company Ltd.,2026-04-27 14:59:57.914893,Khanikhola Hydropower Co. Ltd.
2026042704012393,KKHC,21,32,785,274.0,215090.0,2026-04-27,188114868,2751,Midas Stock Broking Company Private Limited,Premier Securities Company Ltd.,2026-04-27 14:59:57.914950,Khanikhola Hydropower Co. Ltd.
