contract_id,symbol,buyer_member_id,seller_member_id,volume,price,amount,buyer_broker,seller_broker,transaction_time
2026042701000304,NABIL,58,58,25,518.0,12950.0,Naasa Securities Co. Ltd.,Naasa Securities Co. Ltd.,2026-04-27 11:01:06.996765
2026042701000718,NABIL,38,58,70,518.0,36260.0,Dipshikha Dhitopatra Karobar Co. Pvt Ltd.,Naasa Securities Co. Ltd.,2026-04-27 11:02:35.670896
2026042701000928,NABIL,21,36,10,518.0,5180.0,Midas Stock Broking Company Private Limited,Secured Securities Ltd.,2026-04-27 11:03:29.884422
2026042701001024,NABIL,6,49,20,520.0,10400.0,Agrawal Securities (PVT) Ltd.,Online Securities Pvt. Ltd.,2026-04-27 11:03:45.093319
2026042701001251,NABIL,6,4,30,520.0,15600.0,Agrawal Securities (PVT) Ltd.,Opal Securities Investment (PVT) Ltd.,2026-04-27 11:04:37.005659
2026042701001252,NABIL,4,4,10,520.0,5200.0,Opal Securities Investment (PVT) Ltd.,Opal Securities Investment (PVT) Ltd.,2026-04-27 11:04:37.005784
2026042701001353,NABIL,4,32,10,520.0,5200.0,Opal Securities Investment (PVT) Ltd.,Premier Securities Company Ltd.,2026-04-27 11:05:05.305679
2026042701001354,NABIL,58,32,10,520.0,5200.0,Naasa Securities Co. Ltd.,Premier Securities Company Ltd.,2026-04-27 11:05:05.305826
2026042701001391,NABIL,38,54,100,521.0,52100.0,Dipshikha Dhitopatra Karobar Co. Pvt Ltd.,Sewa Securities Pvt. Ltd.,2026-04-27 11:05:11.158774
2026042701001452,NABIL,49,17,25,520.1,13002.5,Online Securities Pvt. Ltd.,ABC Securities Private Limited,2026-04-27 11:05:25.680791
2026042701001458,NABIL,34,17,10,520.0,5200.0,Vision Securities Pvt. Ltd,ABC Securities Private Limited,2026-04-27 11:05:27.885083
2026042701001644,NABIL,38,17,54,520.0,28080.0,Dipshikha Dhitopatra Karobar Co. Pvt Ltd.,ABC Securities Private Limited,2026-04-27 11:06:11.209587
2026042701001719,NABIL,58,17,14,520.0,7280.0,Naasa Securities Co. Ltd.,ABC Securities Private Limited,2026-04-27 11:06:28.389334
2026042701002230,NABIL,34,6,40,518.0,20720.0,Vision Securities Pvt. Ltd,Agrawal Securities (PVT) Ltd.,2026-04-27 11:07:56.701274
2026042701002231,NABIL,49,6,25,518.0,12950.0,Online Securities Pvt. Ltd.,Agrawal Securities (PVT) Ltd.,2026-04-27 11:07:56.701461
2026042701002299,NABIL,14,6,14,518.0,7252.0,Nepal Stock House (PVT) Ltd.,Agrawal Securities (PVT) Ltd.,2026-04-27 11:08:06.917086
2026042701002300,NABIL,14,17,97,520.0,50440.0,Nepal Stock House (PVT) Ltd.,ABC Securities Private Limited,2026-04-27 11:08:06.917246
2026042701002301,NABIL,14,34,387,520.0,201240.0,Nepal Stock House (PVT) Ltd.,Vision Securities Pvt. Ltd,2026-04-27 11:08:06.917351
2026042701002480,NABIL,57,58,5,518.0,2590.0,Aryatara Investment & Securities,Naasa Securities Co. Ltd.,2026-04-27 11:08:28.756338
2026042701002642,NABIL,4,34,13,520.0,6760.0,Opal Securities Investment (PVT) Ltd.,Vision Securities Pvt. Ltd,2026-04-27 11:08:46.496388
2026042701003229,NABIL,41,59,10,520.0,5200.0,Linch Stock Market Ltd.,Deevyaa Securities & Stock House Pvt. Ltd,2026-04-27 11:10:10.309550
2026042701003310,NABIL,58,59,20,520.0,10400.0,Naasa Securities Co. Ltd.,Deevyaa Securities & Stock House Pvt. Ltd,2026-04-27 11:10:20.097140
2026042701003580,NABIL,58,59,15,520.0,7800.0,Naasa Securities Co. Ltd.,Deevyaa Securities & Stock House Pvt. Ltd,2026-04-27 11:11:01.930409
2026042701003649,NABIL,33,89,10,518.0,5180.0,Dakshinkali Investment & Securities Pvt. Ltd.,Global IME Securities Limited,2026-04-27 11:11:10.097312
2026042701003727,NABIL,56,41,20,520.0,10400.0,Sri Hari Securities Pvt. Ltd.,Linch Stock Market Ltd.,2026-04-27 11:11:22.621378
2026042701003797,NABIL,58,41,10,520.0,5200.0,Naasa Securities Co. Ltd.,Linch Stock Market Ltd.,2026-04-27 11:11:35.222931
2026042701003945,NABIL,49,42,10,518.5,5185.0,Online Securities Pvt. Ltd.,Sani Securities Company Ltd.,2026-04-27 11:12:03.997573
2026042701003946,NABIL,49,42,25,518.2,12955.0,Online Securities Pvt. Ltd.,Sani Securities Company Ltd.,2026-04-27 11:12:03.997772
2026042701003947,NABIL,33,42,25,518.0,12950.0,Dakshinkali Investment & Securities Pvt. Ltd.,Sani Securities Company Ltd.,2026-04-27 11:12:03.997905
2026042701003948,NABIL,58,42,25,518.0,12950.0,Naasa Securities Co. Ltd.,Sani Securities Company Ltd.,2026-04-27 11:12:03.998042
2026042701003973,NABIL,19,42,400,518.0,207200.0,Nepal Investment And Securities Trading Private Limited,Sani Securities Company Ltd.,2026-04-27 11:12:08.222673
2026042701004032,NABIL,41,42,39,518.0,20202.0,Linch Stock Market Ltd.,Sani Securities Company Ltd.,2026-04-27 11:12:21.706761
2026042701004036,NABIL,6,58,466,517.5,241155.0,Agrawal Securities (PVT) Ltd.,Naasa Securities Co. Ltd.,2026-04-27 11:12:22.642495
2026042701004182,NABIL,7,59,158,517.6,81780.8,J.F. Securites (PVT) Ltd.,Deevyaa Securities & Stock House Pvt. Ltd,2026-04-27 11:12:52.645931
2026042701004474,NABIL,49,42,63,518.0,32634.0,Online Securities Pvt. Ltd.,Sani Securities Company Ltd.,2026-04-27 11:13:58.050277
2026042701004527,NABIL,7,58,60,517.6,31056.0,J.F. Securites (PVT) Ltd.,Naasa Securities Co. Ltd.,2026-04-27 11:14:08.566474
2026042701004600,NABIL,58,42,10,518.0,5180.0,Naasa Securities Co. Ltd.,Sani Securities Company Ltd.,2026-04-27 11:14:24.103503
2026042701004629,NABIL,1,42,50,518.0,25900.0,Kumari Securities Private Limited,Sani Securities Company Ltd.,2026-04-27 11:14:31.686744
2026042701004815,NABIL,58,42,10,518.0,5180.0,Naasa Securities Co. Ltd.,Sani Securities Company Ltd.,2026-04-27 11:15:01.594077
2026042701005091,NABIL,11,42,50,518.0,25900.0,Malla & Malla Stock Broking Company Pvt. Limited,Sani Securities Company Ltd.,2026-04-27 11:16:03.887780
2026042701005242,NABIL,58,42,20,518.0,10360.0,Naasa Securities Co. Ltd.,Sani Securities Company Ltd.,2026-04-27 11:16:33.280631
2026042701005249,NABIL,89,42,20,517.8,10356.0,Global IME Securities Limited,Sani Securities Company Ltd.,2026-04-27 11:16:36.469466
2026042701005387,NABIL,49,42,10,518.0,5180.0,Online Securities Pvt. Ltd.,Sani Securities Company Ltd.,2026-04-27 11:17:09.790327
2026042701005493,NABIL,39,42,100,518.0,51800.0,Sumeru Securities Pvt. Ltd.,Sani Securities Company Ltd.,2026-04-27 11:17:34.832425
2026042701005596,NABIL,89,42,20,518.0,10360.0,Global IME Securities Limited,Sani Securities Company Ltd.,2026-04-27 11:17:47.765176
2026042701005757,NABIL,49,42,115,518.0,59570.0,Online Securities Pvt. Ltd.,Sani Securities Company Ltd.,2026-04-27 11:18:24.700466
2026042701006043,NABIL,4,42,10,518.0,5180.0,Opal Securities Investment (PVT) Ltd.,Sani Securities Company Ltd.,2026-04-27 11:19:15.394478
2026042701006090,NABIL,58,42,20,518.0,10360.0,Naasa Securities Co. Ltd.,Sani Securities Company Ltd.,2026-04-27 11:19:26.977659
2026042701006113,NABIL,58,42,25,518.0,12950.0,Naasa Securities Co. Ltd.,Sani Securities Company Ltd.,2026-04-27 11:19:34.337154
2026042701006241,NABIL,36,42,20,518.0,10360.0,Secured Securities Ltd.,Sani Securities Company Ltd.,2026-04-27 11:20:03.199853
2026042701006275,NABIL,58,42,53,518.0,27454.0,Naasa Securities Co. Ltd.,Sani Securities Company Ltd.,2026-04-27 11:20:10.957623
2026042701006358,NABIL,58,22,20,518.0,10360.0,Naasa Securities Co. Ltd.,Siprabi Securities Pvt. Ltd.,2026-04-27 11:20:32.443571
2026042701006705,NABIL,58,22,14,518.0,7252.0,Naasa Securities Co. Ltd.,Siprabi Securities Pvt. Ltd.,2026-04-27 11:22:04.658515
2026042701006706,NABIL,50,22,16,518.0,8288.0,Cristal Kanchanjanga Securites Pvt. Ltd.,Siprabi Securities Pvt. Ltd.,2026-04-27 11:22:04.658800
2026042701006814,NABIL,11,41,20,520.0,10400.0,Malla & Malla Stock Broking Company Pvt. Limited,Linch Stock Market Ltd.,2026-04-27 11:22:35.915368
2026042701006815,NABIL,11,87,13,520.0,6760.0,Malla & Malla Stock Broking Company Pvt. Limited,S.P.S.A. Securities Limited,2026-04-27 11:22:35.915680
2026042701006816,NABIL,11,45,67,520.0,34840.0,Malla & Malla Stock Broking Company Pvt. Limited,Imperial Securities Company Pvt. Ltd.,2026-04-27 11:22:35.915879
2026042701007035,NABIL,17,45,130,520.0,67600.0,ABC Securities Private Limited,Imperial Securities Company Pvt. Ltd.,2026-04-27 11:23:22.635286
2026042701007235,NABIL,50,45,10,520.0,5200.0,Cristal Kanchanjanga Securites Pvt. Ltd.,Imperial Securities Company Pvt. Ltd.,2026-04-27 11:24:08.568310
2026042701007498,NABIL,58,45,30,520.0,15600.0,Naasa Securities Co. Ltd.,Imperial Securities Company Pvt. Ltd.,2026-04-27 11:25:16.641521
2026042701007519,NABIL,28,45,13,520.0,6760.0,Shree Krishna Securities Ltd.,Imperial Securities Company Pvt. Ltd.,2026-04-27 11:25:24.638377
2026042701007520,NABIL,28,92,121,520.0,62920.0,Shree Krishna Securities Ltd.,Roadshow securities limited,2026-04-27 11:25:24.638714
2026042701007521,NABIL,28,7,166,520.0,86320.0,Shree Krishna Securities Ltd.,J.F. Securites (PVT) Ltd.,2026-04-27 11:25:24.638923
2026042701007566,NABIL,35,58,20,519.0,10380.0,Kohinoor Investment & Securities Pvt. Ltd.,Naasa Securities Co. Ltd.,2026-04-27 11:25:35.773355
2026042701007567,NABIL,45,58,43,519.0,22317.0,Imperial Securities Company Pvt. Ltd.,Naasa Securities Co. Ltd.,2026-04-27 11:25:35.773706
2026042701007585,NABIL,58,7,34,520.0,17680.0,Naasa Securities Co. Ltd.,J.F. Securites (PVT) Ltd.,2026-04-27 11:25:42.286939
2026042701007586,NABIL,58,57,21,520.0,10920.0,Naasa Securities Co. Ltd.,Aryatara Investment & Securities,2026-04-27 11:25:42.287099
2026042701007611,NABIL,45,48,135,519.0,70065.0,Imperial Securities Company Pvt. Ltd.,Trishakti Securities Public Limited,2026-04-27 11:25:48.363560
2026042701007717,NABIL,1,48,63,519.0,32697.0,Kumari Securities Private Limited,Trishakti Securities Public Limited,2026-04-27 11:26:14.151197
2026042701007886,NABIL,50,45,13,520.0,6760.0,Cristal Kanchanjanga Securites Pvt. Ltd.,Imperial Securities Company Pvt. Ltd.,2026-04-27 11:27:02.876965
2026042701007963,NABIL,58,14,24,520.0,12480.0,Naasa Securities Co. Ltd.,Nepal Stock House (PVT) Ltd.,2026-04-27 11:27:20.881122
2026042701007989,NABIL,42,48,10,519.0,5190.0,Sani Securities Company Ltd.,Trishakti Securities Public Limited,2026-04-27 11:27:26.814348
2026042701008259,NABIL,44,48,50,519.1,25955.0,Dynamic Money Managers Securities Pvt. Ltd.,Trishakti Securities Public Limited,2026-04-27 11:28:46.121005
2026042701008319,NABIL,42,14,10,520.0,5200.0,Sani Securities Company Ltd.,Nepal Stock House (PVT) Ltd.,2026-04-27 11:29:01.417185
2026042701008373,NABIL,39,45,32,519.0,16608.0,Sumeru Securities Pvt. Ltd.,Imperial Securities Company Pvt. Ltd.,2026-04-27 11:29:13.921160
2026042701008514,NABIL,39,48,18,519.0,9342.0,Sumeru Securities Pvt. Ltd.,Trishakti Securities Public Limited,2026-04-27 11:29:45.259891
2026042701008515,NABIL,49,48,48,519.0,24912.0,Online Securities Pvt. Ltd.,Trishakti Securities Public Limited,2026-04-27 11:29:45.260243
2026042701008575,NABIL,50,56,132,519.0,68508.0,Cristal Kanchanjanga Securites Pvt. Ltd.,Sri Hari Securities Pvt. Ltd.,2026-04-27 11:30:05.594606
2026042701008782,NABIL,11,14,66,520.0,34320.0,Malla & Malla Stock Broking Company Pvt. Limited,Nepal Stock House (PVT) Ltd.,2026-04-27 11:31:13.180173
2026042701008796,NABIL,11,48,34,520.0,17680.0,Malla & Malla Stock Broking Company Pvt. Limited,Trishakti Securities Public Limited,2026-04-27 11:31:14.761045
2026042701008797,NABIL,50,48,68,519.0,35292.0,Cristal Kanchanjanga Securites Pvt. Ltd.,Trishakti Securities Public Limited,2026-04-27 11:31:14.761420
2026042701008798,NABIL,3,48,66,519.0,34254.0,Arun Securities (PVT) Ltd.,Trishakti Securities Public Limited,2026-04-27 11:31:14.761651
2026042701008871,NABIL,3,48,434,519.0,225246.0,Arun Securities (PVT) Ltd.,Trishakti Securities Public Limited,2026-04-27 11:31:34.119923
2026042701008897,NABIL,4,70,800,519.0,415200.0,Opal Securities Investment (PVT) Ltd.,Infinity Securities Limited,2026-04-27 11:31:41.708497
2026042701008950,NABIL,48,70,40,519.0,20760.0,Trishakti Securities Public Limited,Infinity Securities Limited,2026-04-27 11:32:04.533882
2026042701008954,NABIL,58,70,10,519.0,5190.0,Naasa Securities Co. Ltd.,Infinity Securities Limited,2026-04-27 11:32:05.990564
2026042701008999,NABIL,58,70,97,519.0,50343.0,Naasa Securities Co. Ltd.,Infinity Securities Limited,2026-04-27 11:32:18.991317
2026042701009145,NABIL,50,70,53,519.0,27507.0,Cristal Kanchanjanga Securites Pvt. Ltd.,Infinity Securities Limited,2026-04-27 11:33:04.663457
2026042701009204,NABIL,50,48,27,519.0,14013.0,Cristal Kanchanjanga Securites Pvt. Ltd.,Trishakti Securities Public Limited,2026-04-27 11:33:22.440227
2026042701009326,NABIL,48,47,10,520.0,5200.0,Trishakti Securities Public Limited,Neev Securities Pvt. Ltd.,2026-04-27 11:33:52.803566
2026042701009397,NABIL,38,4,30,518.3,15549.0,Dipshikha Dhitopatra Karobar Co. Pvt Ltd.,Opal Securities Investment (PVT) Ltd.,2026-04-27 11:34:10.250050
2026042701009398,NABIL,33,4,17,518.2,8809.4,Dakshinkali Investment & Securities Pvt. Ltd.,Opal Securities Investment (PVT) Ltd.,2026-04-27 11:34:10.250121
2026042701009403,NABIL,11,6,1,503.0,503.0,Malla & Malla Stock Broking Company Pvt. Limited,Agrawal Securities (PVT) Ltd.,2026-04-27 11:34:13.394215
2026042701009433,NABIL,54,47,10,520.0,5200.0,Sewa Securities Pvt. Ltd.,Neev Securities Pvt. Ltd.,2026-04-27 11:34:24.376744
2026042701009592,NABIL,54,48,10,520.0,5200.0,Sewa Securities Pvt. Ltd.,Trishakti Securities Public Limited,2026-04-27 11:35:04.557447
2026042701009710,NABIL,58,11,10,520.3,5203.0,Naasa Securities Co. Ltd.,Malla & Malla Stock Broking Company Pvt. Limited,2026-04-27 11:35:47.298217
2026042701009759,NABIL,52,11,41,520.3,21332.3,Sundhara Securities Limited,Malla & Malla Stock Broking Company Pvt. Limited,2026-04-27 11:35:58.217281
2026042701009811,NABIL,58,11,10,520.3,5203.0,Naasa Securities Co. Ltd.,Malla & Malla Stock Broking Company Pvt. Limited,2026-04-27 11:36:09.335235
2026042701010344,NABIL,58,49,15,519.0,7785.0,Naasa Securities Co. Ltd.,Online Securities Pvt. Ltd.,2026-04-27 11:38:51.178466
2026042701010345,NABIL,42,49,10,519.0,5190.0,Sani Securities Company Ltd.,Online Securities Pvt. Ltd.,2026-04-27 11:38:51.178712
2026042701010375,NABIL,45,11,45,520.3,23413.5,Imperial Securities Company Pvt. Ltd.,Malla & Malla Stock Broking Company Pvt. Limited,2026-04-27 11:39:01.590151
2026042701010376,NABIL,45,58,80,520.4,41632.0,Imperial Securities Company Pvt. Ltd.,Naasa Securities Co. Ltd.,2026-04-27 11:39:01.590352
2026042701010522,NABIL,58,42,10,520.0,5200.0,Naasa Securities Co. Ltd.,Sani Securities Company Ltd.,2026-04-27 11:39:41.331069
2026042701010523,NABIL,58,59,5,520.0,2600.0,Naasa Securities Co. Ltd.,Deevyaa Securities & Stock House Pvt. Ltd,2026-04-27 11:39:41.331203
2026042701010527,NABIL,28,54,30,521.0,15630.0,Shree Krishna Securities Ltd.,Sewa Securities Pvt. Ltd.,2026-04-27 11:39:42.200051
2026042701010528,NABIL,28,36,10,521.0,5210.0,Shree Krishna Securities Ltd.,Secured Securities Ltd.,2026-04-27 11:39:42.200260
2026042701010529,NABIL,28,5,54,521.0,28134.0,Shree Krishna Securities Ltd.,Market Securities & Exchange (PVT) Ltd.,2026-04-27 11:39:42.200376
2026042701010530,NABIL,28,57,50,521.0,26050.0,Shree Krishna Securities Ltd.,Aryatara Investment & Securities,2026-04-27 11:39:42.200458
2026042701010531,NABIL,28,57,50,521.0,26050.0,Shree Krishna Securities Ltd.,Aryatara Investment & Securities,2026-04-27 11:39:42.200541
2026042701010577,NABIL,58,45,20,522.0,10440.0,Naasa Securities Co. Ltd.,Imperial Securities Company Pvt. Ltd.,2026-04-27 11:39:55.505892
2026042701010589,NABIL,58,57,2,520.0,1040.0,Naasa Securities Co. Ltd.,Aryatara Investment & Securities,2026-04-27 11:39:58.065329
2026042701010640,NABIL,36,48,52,520.0,27040.0,Secured Securities Ltd.,Trishakti Securities Public Limited,2026-04-27 11:40:16.316718
2026042701010673,NABIL,58,22,20,522.0,10440.0,Naasa Securities Co. Ltd.,Siprabi Securities Pvt. Ltd.,2026-04-27 11:40:29.256597
2026042701010811,NABIL,58,48,11,521.0,5731.0,Naasa Securities Co. Ltd.,Trishakti Securities Public Limited,2026-04-27 11:41:17.298744
2026042701010855,NABIL,36,22,60,522.0,31320.0,Secured Securities Ltd.,Siprabi Securities Pvt. Ltd.,2026-04-27 11:41:33.375595
2026042701011155,NABIL,57,37,4,520.0,2080.0,Aryatara Investment & Securities,Swarna Laxmi Securities Pvt. Ltd.,2026-04-27 11:42:56.811782
2026042701011157,NABIL,1,22,26,522.0,13572.0,Kumari Securities Private Limited,Siprabi Securities Pvt. Ltd.,2026-04-27 11:42:58.009947
2026042701011158,NABIL,1,22,24,522.0,12528.0,Kumari Securities Private Limited,Siprabi Securities Pvt. Ltd.,2026-04-27 11:42:58.010352
2026042701011231,NABIL,58,26,25,519.0,12975.0,Naasa Securities Co. Ltd.,Asian Securities Private Ltd.,2026-04-27 11:43:24.118492
2026042701011232,NABIL,42,26,20,519.0,10380.0,Sani Securities Company Ltd.,Asian Securities Private Ltd.,2026-04-27 11:43:24.118731
2026042701011233,NABIL,59,26,18,519.0,9342.0,Deevyaa Securities & Stock House Pvt. Ltd,Asian Securities Private Ltd.,2026-04-27 11:43:24.118824
2026042701011234,NABIL,3,26,10,518.3,5183.0,Arun Securities (PVT) Ltd.,Asian Securities Private Ltd.,2026-04-27 11:43:24.118912
2026042701011235,NABIL,33,26,83,518.2,43010.6,Dakshinkali Investment & Securities Pvt. Ltd.,Asian Securities Private Ltd.,2026-04-27 11:43:24.119019
2026042701011236,NABIL,52,26,40,518.1,20724.0,Sundhara Securities Limited,Asian Securities Private Ltd.,2026-04-27 11:43:24.119117
2026042701011237,NABIL,17,26,10,518.1,5181.0,ABC Securities Private Limited,Asian Securities Private Ltd.,2026-04-27 11:43:24.119227
2026042701011238,NABIL,22,26,20,518.0,10360.0,Siprabi Securities Pvt. Ltd.,Asian Securities Private Ltd.,2026-04-27 11:43:24.119318
2026042701011239,NABIL,19,26,25,518.0,12950.0,Nepal Investment And Securities Trading Private Limited,Asian Securities Private Ltd.,2026-04-27 11:43:24.119401
2026042701011240,NABIL,32,26,50,518.0,25900.0,Premier Securities Company Ltd.,Asian Securities Private Ltd.,2026-04-27 11:43:24.119496
2026042701011241,NABIL,77,26,70,518.0,36260.0,Nabil Stock Dealer Ltd.,Asian Securities Private Ltd.,2026-04-27 11:43:24.119585
2026042701011242,NABIL,74,26,10,518.0,5180.0,KALASH STOCK MARKET PVT. LTD.,Asian Securities Private Ltd.,2026-04-27 11:43:24.119692
2026042701011243,NABIL,17,26,19,518.0,9842.0,ABC Securities Private Limited,Asian Securities Private Ltd.,2026-04-27 11:43:24.119775
2026042701011385,NABIL,44,48,10,519.0,5190.0,Dynamic Money Managers Securities Pvt. Ltd.,Trishakti Securities Public Limited,2026-04-27 11:44:09.039916
2026042701011656,NABIL,58,22,76,522.0,39672.0,Naasa Securities Co. Ltd.,Siprabi Securities Pvt. Ltd.,2026-04-27 11:45:37.816932
2026042701011657,NABIL,58,58,24,522.0,12528.0,Naasa Securities Co. Ltd.,Naasa Securities Co. Ltd.,2026-04-27 11:45:37.817366
2026042701012247,NABIL,45,58,20,520.0,10400.0,Imperial Securities Company Pvt. Ltd.,Naasa Securities Co. Ltd.,2026-04-27 11:48:41.840335
2026042701012414,NABIL,58,58,40,520.0,20800.0,Naasa Securities Co. Ltd.,Naasa Securities Co. Ltd.,2026-04-27 11:49:32.202079
2026042701012496,NABIL,25,58,15,520.0,7800.0,Sweta Securities Private Limited,Naasa Securities Co. Ltd.,2026-04-27 11:50:00.580054
2026042701012641,NABIL,14,14,100,519.9,51990.0,Nepal Stock House (PVT) Ltd.,Nepal Stock House (PVT) Ltd.,2026-04-27 11:50:40.361964
2026042701012872,NABIL,59,14,30,519.9,15597.0,Deevyaa Securities & Stock House Pvt. Ltd,Nepal Stock House (PVT) Ltd.,2026-04-27 11:51:32.284883
2026042701013002,NABIL,96,14,10,519.9,5199.0,Himalayan Securities Limited,Nepal Stock House (PVT) Ltd.,2026-04-27 11:51:55.109625
2026042701013149,NABIL,38,14,10,519.9,5199.0,Dipshikha Dhitopatra Karobar Co. Pvt Ltd.,Nepal Stock House (PVT) Ltd.,2026-04-27 11:52:38.730493
2026042701013150,NABIL,38,58,425,520.0,221000.0,Dipshikha Dhitopatra Karobar Co. Pvt Ltd.,Naasa Securities Co. Ltd.,2026-04-27 11:52:38.730953
2026042701013151,NABIL,38,35,65,520.0,33800.0,Dipshikha Dhitopatra Karobar Co. Pvt Ltd.,Kohinoor Investment & Securities Pvt. Ltd.,2026-04-27 11:52:38.731275
2026042701013167,NABIL,57,57,5,510.0,2550.0,Aryatara Investment & Securities,Aryatara Investment & Securities,2026-04-27 11:52:46.504365
2026042701013410,NABIL,38,35,85,520.0,44200.0,Dipshikha Dhitopatra Karobar Co. Pvt Ltd.,Kohinoor Investment & Securities Pvt. Ltd.,2026-04-27 11:53:10.931895
2026042701013411,NABIL,38,57,17,520.0,8840.0,Dipshikha Dhitopatra Karobar Co. Pvt Ltd.,Aryatara Investment & Securities,2026-04-27 11:53:10.932345
2026042701013593,NABIL,38,42,100,521.0,52100.0,Dipshikha Dhitopatra Karobar Co. Pvt Ltd.,Sani Securities Company Ltd.,2026-04-27 11:53:56.084070
2026042701013714,NABIL,38,36,16,521.0,8336.0,Dipshikha Dhitopatra Karobar Co. Pvt Ltd.,Secured Securities Ltd.,2026-04-27 11:54:56.020733
2026042701013747,NABIL,1,58,40,522.0,20880.0,Kumari Securities Private Limited,Naasa Securities Co. Ltd.,2026-04-27 11:55:09.455804
2026042701013853,NABIL,38,57,245,521.0,127645.0,Dipshikha Dhitopatra Karobar Co. Pvt Ltd.,Aryatara Investment & Securities,2026-04-27 11:55:55.270100
2026042701013948,NABIL,38,52,50,521.0,26050.0,Dipshikha Dhitopatra Karobar Co. Pvt Ltd.,Sundhara Securities Limited,2026-04-27 11:56:27.343788
2026042701014201,NABIL,38,42,40,521.0,20840.0,Dipshikha Dhitopatra Karobar Co. Pvt Ltd.,Sani Securities Company Ltd.,2026-04-27 11:57:30.848286
2026042701014233,NABIL,25,58,16,521.5,8344.0,Sweta Securities Private Limited,Naasa Securities Co. Ltd.,2026-04-27 11:57:39.852935
2026042701014313,NABIL,75,58,380,521.5,198170.0,N.I.M.B. Stock Markets Limited,Naasa Securities Co. Ltd.,2026-04-27 11:58:00.591793
2026042701014343,NABIL,38,19,47,521.0,24487.0,Dipshikha Dhitopatra Karobar Co. Pvt Ltd.,Nepal Investment And Securities Trading Private Limited,2026-04-27 11:58:12.966422
2026042701014396,NABIL,58,10,160,520.1,83216.0,Naasa Securities Co. Ltd.,Pragyan Securities (PVT) Ltd.,2026-04-27 11:58:36.039243
2026042701014397,NABIL,42,10,100,520.0,52000.0,Sani Securities Company Ltd.,Pragyan Securities (PVT) Ltd.,2026-04-27 11:58:36.039698
2026042701014398,NABIL,17,10,100,520.0,52000.0,ABC Securities Private Limited,Pragyan Securities (PVT) Ltd.,2026-04-27 11:58:36.040036
2026042701014399,NABIL,58,10,20,520.0,10400.0,Naasa Securities Co. Ltd.,Pragyan Securities (PVT) Ltd.,2026-04-27 11:58:36.040365
2026042701014400,NABIL,1,10,100,520.0,52000.0,Kumari Securities Private Limited,Pragyan Securities (PVT) Ltd.,2026-04-27 11:58:36.040683
2026042701014401,NABIL,44,10,14,519.0,7266.0,Dynamic Money Managers Securities Pvt. Ltd.,Pragyan Securities (PVT) Ltd.,2026-04-27 11:58:36.041001
2026042701014402,NABIL,58,10,10,519.0,5190.0,Naasa Securities Co. Ltd.,Pragyan Securities (PVT) Ltd.,2026-04-27 11:58:36.041334
2026042701014403,NABIL,49,10,493,519.0,255867.0,Online Securities Pvt. Ltd.,Pragyan Securities (PVT) Ltd.,2026-04-27 11:58:36.041665
2026042701014461,NABIL,58,19,100,521.0,52100.0,Naasa Securities Co. Ltd.,Nepal Investment And Securities Trading Private Limited,2026-04-27 11:58:52.912629
2026042701014864,NABIL,90,58,100,520.5,52050.0,Sajilo Broker Limited,Naasa Securities Co. Ltd.,2026-04-27 12:01:23.107570
2026042701015117,NABIL,21,25,20,520.0,10400.0,Midas Stock Broking Company Private Limited,Sweta Securities Private Limited,2026-04-27 12:03:18.043442
2026042701015285,NABIL,38,35,10,520.0,5200.0,Dipshikha Dhitopatra Karobar Co. Pvt Ltd.,Kohinoor Investment & Securities Pvt. Ltd.,2026-04-27 12:04:27.570869
2026042701015286,NABIL,35,35,1,520.0,520.0,Kohinoor Investment & Securities Pvt. Ltd.,Kohinoor Investment & Securities Pvt. Ltd.,2026-04-27 12:04:27.571128
2026042701015529,NABIL,42,58,10,520.5,5205.0,Sani Securities Company Ltd.,Naasa Securities Co. Ltd.,2026-04-27 12:05:51.791261
2026042701015754,NABIL,35,38,1,519.0,519.0,Kohinoor Investment & Securities Pvt. Ltd.,Dipshikha Dhitopatra Karobar Co. Pvt Ltd.,2026-04-27 12:07:36.015528
2026042701015999,NABIL,77,58,10,520.5,5205.0,Nabil Stock Dealer Ltd.,Naasa Securities Co. Ltd.,2026-04-27 12:09:15.015897
2026042701016003,NABIL,58,50,10,520.2,5202.0,Naasa Securities Co. Ltd.,Cristal Kanchanjanga Securites Pvt. Ltd.,2026-04-27 12:09:16.482392
2026042701016004,NABIL,89,50,10,520.1,5201.0,Global IME Securities Limited,Cristal Kanchanjanga Securites Pvt. Ltd.,2026-04-27 12:09:16.482917
2026042701016005,NABIL,58,50,15,520.0,7800.0,Naasa Securities Co. Ltd.,Cristal Kanchanjanga Securites Pvt. Ltd.,2026-04-27 12:09:16.483307
2026042701016006,NABIL,62,50,10,520.0,5200.0,Capital Max Securities Ltd,Cristal Kanchanjanga Securites Pvt. Ltd.,2026-04-27 12:09:16.483665
2026042701016007,NABIL,38,50,100,520.0,52000.0,Dipshikha Dhitopatra Karobar Co. Pvt Ltd.,Cristal Kanchanjanga Securites Pvt. Ltd.,2026-04-27 12:09:16.484011
2026042701016008,NABIL,32,50,192,520.0,99840.0,Premier Securities Company Ltd.,Cristal Kanchanjanga Securites Pvt. Ltd.,2026-04-27 12:09:16.484372
2026042701016009,NABIL,62,50,10,520.0,5200.0,Capital Max Securities Ltd,Cristal Kanchanjanga Securites Pvt. Ltd.,2026-04-27 12:09:16.484705
2026042701016010,NABIL,8,50,97,519.5,50391.5,Brilliant Securities Pvt. Ltd.,Cristal Kanchanjanga Securites Pvt. Ltd.,2026-04-27 12:09:16.485050
2026042701016011,NABIL,49,50,57,519.0,29583.0,Online Securities Pvt. Ltd.,Cristal Kanchanjanga Securites Pvt. Ltd.,2026-04-27 12:09:16.485400
2026042701016012,NABIL,49,50,11,519.0,5709.0,Online Securities Pvt. Ltd.,Cristal Kanchanjanga Securites Pvt. Ltd.,2026-04-27 12:09:16.485753
2026042701016013,NABIL,45,50,47,519.0,24393.0,Imperial Securities Company Pvt. Ltd.,Cristal Kanchanjanga Securites Pvt. Ltd.,2026-04-27 12:09:16.486108
2026042701016052,NABIL,49,4,50,518.1,25905.0,Online Securities Pvt. Ltd.,Opal Securities Investment (PVT) Ltd.,2026-04-27 12:09:38.389880
2026042701016057,NABIL,34,4,50,518.1,25905.0,Vision Securities Pvt. Ltd,Opal Securities Investment (PVT) Ltd.,2026-04-27 12:09:42.290986
2026042701016062,NABIL,17,50,21,518.0,10878.0,ABC Securities Private Limited,Cristal Kanchanjanga Securites Pvt. Ltd.,2026-04-27 12:09:45.142592
2026042701016063,NABIL,39,50,20,518.0,10360.0,Sumeru Securities Pvt. Ltd.,Cristal Kanchanjanga Securites Pvt. Ltd.,2026-04-27 12:09:45.143253
2026042701016064,NABIL,44,50,10,518.0,5180.0,Dynamic Money Managers Securities Pvt. Ltd.,Cristal Kanchanjanga Securites Pvt. Ltd.,2026-04-27 12:09:45.143688
2026042701016065,NABIL,42,50,50,518.0,25900.0,Sani Securities Company Ltd.,Cristal Kanchanjanga Securites Pvt. Ltd.,2026-04-27 12:09:45.144110
2026042701016066,NABIL,8,50,57,518.0,29526.0,Brilliant Securities Pvt. Ltd.,Cristal Kanchanjanga Securites Pvt. Ltd.,2026-04-27 12:09:45.144554
2026042701016067,NABIL,58,50,10,518.0,5180.0,Naasa Securities Co. Ltd.,Cristal Kanchanjanga Securites Pvt. Ltd.,2026-04-27 12:09:45.144918
2026042701016068,NABIL,58,50,20,518.0,10360.0,Naasa Securities Co. Ltd.,Cristal Kanchanjanga Securites Pvt. Ltd.,2026-04-27 12:09:45.145382
2026042701016069,NABIL,44,50,15,518.0,7770.0,Dynamic Money Managers Securities Pvt. Ltd.,Cristal Kanchanjanga Securites Pvt. Ltd.,2026-04-27 12:09:45.145798
2026042701016070,NABIL,48,50,100,518.0,51800.0,Trishakti Securities Public Limited,Cristal Kanchanjanga Securites Pvt. Ltd.,2026-04-27 12:09:45.146235
2026042701016071,NABIL,32,50,50,518.0,25900.0,Premier Securities Company Ltd.,Cristal Kanchanjanga Securites Pvt. Ltd.,2026-04-27 12:09:45.146615
2026042701016072,NABIL,58,50,20,518.0,10360.0,Naasa Securities Co. Ltd.,Cristal Kanchanjanga Securites Pvt. Ltd.,2026-04-27 12:09:45.147008
2026042701016073,NABIL,89,50,20,518.0,10360.0,Global IME Securities Limited,Cristal Kanchanjanga Securites Pvt. Ltd.,2026-04-27 12:09:45.147436
2026042701016074,NABIL,8,50,20,518.0,10360.0,Brilliant Securities Pvt. Ltd.,Cristal Kanchanjanga Securites Pvt. Ltd.,2026-04-27 12:09:45.147882
2026042701016075,NABIL,51,50,19,518.0,9842.0,Oxford Securities Pvt. Ltd.,Cristal Kanchanjanga Securites Pvt. Ltd.,2026-04-27 12:09:45.148279
2026042701016097,NABIL,42,4,60,518.1,31086.0,Sani Securities Company Ltd.,Opal Securities Investment (PVT) Ltd.,2026-04-27 12:09:56.232269
2026042701016294,NABIL,21,58,10,520.5,5205.0,Midas Stock Broking Company Private Limited,Naasa Securities Co. Ltd.,2026-04-27 12:11:39.486715
2026042701016385,NABIL,42,29,40,520.0,20800.0,Sani Securities Company Ltd.,Trisul Securities & Invt. Ltd.,2026-04-27 12:12:14.510968
2026042701016386,NABIL,33,29,60,520.0,31200.0,Dakshinkali Investment & Securities Pvt. Ltd.,Trisul Securities & Invt. Ltd.,2026-04-27 12:12:14.511498
2026042701016413,NABIL,33,77,10,520.0,5200.0,Dakshinkali Investment & Securities Pvt. Ltd.,Nabil Stock Dealer Ltd.,2026-04-27 12:12:24.589264
2026042701016464,NABIL,28,58,100,520.5,52050.0,Shree Krishna Securities Ltd.,Naasa Securities Co. Ltd.,2026-04-27 12:12:47.358817
2026042701016553,NABIL,33,58,20,520.0,10400.0,Dakshinkali Investment & Securities Pvt. Ltd.,Naasa Securities Co. Ltd.,2026-04-27 12:13:33.033139
2026042701016736,NABIL,58,58,36,520.5,18738.0,Naasa Securities Co. Ltd.,Naasa Securities Co. Ltd.,2026-04-27 12:14:33.809117
2026042701016870,NABIL,42,58,100,520.5,52050.0,Sani Securities Company Ltd.,Naasa Securities Co. Ltd.,2026-04-27 12:15:46.343005
2026042701016875,NABIL,33,58,10,520.0,5200.0,Dakshinkali Investment & Securities Pvt. Ltd.,Naasa Securities Co. Ltd.,2026-04-27 12:15:47.662651
2026042701017348,NABIL,42,58,100,520.0,52000.0,Sani Securities Company Ltd.,Naasa Securities Co. Ltd.,2026-04-27 12:18:09.389216
2026042701017393,NABIL,41,10,40,519.0,20760.0,Linch Stock Market Ltd.,Pragyan Securities (PVT) Ltd.,2026-04-27 12:18:22.915602
2026042701017449,NABIL,51,58,16,520.0,8320.0,Oxford Securities Pvt. Ltd.,Naasa Securities Co. Ltd.,2026-04-27 12:18:42.694062
2026042701017585,NABIL,58,58,20,520.0,10400.0,Naasa Securities Co. Ltd.,Naasa Securities Co. Ltd.,2026-04-27 12:19:28.784308
2026042701017596,NABIL,42,58,74,520.0,38480.0,Sani Securities Company Ltd.,Naasa Securities Co. Ltd.,2026-04-27 12:19:33.926094
2026042701017597,NABIL,42,17,26,520.0,13520.0,Sani Securities Company Ltd.,ABC Securities Private Limited,2026-04-27 12:19:33.926643
2026042701017650,NABIL,3,10,20,519.0,10380.0,Arun Securities (PVT) Ltd.,Pragyan Securities (PVT) Ltd.,2026-04-27 12:19:49.014382
2026042701017651,NABIL,58,10,10,518.5,5185.0,Naasa Securities Co. Ltd.,Pragyan Securities (PVT) Ltd.,2026-04-27 12:19:49.014662
2026042701017652,NABIL,34,10,54,518.2,27982.8,Vision Securities Pvt. Ltd,Pragyan Securities (PVT) Ltd.,2026-04-27 12:19:49.014788
2026042701018041,NABIL,34,54,46,518.2,23837.2,Vision Securities Pvt. Ltd,Sewa Securities Pvt. Ltd.,2026-04-27 12:22:27.582682
2026042701018042,NABIL,42,54,100,518.1,51810.0,Sani Securities Company Ltd.,Sewa Securities Pvt. Ltd.,2026-04-27 12:22:27.582957
2026042701018043,NABIL,46,54,15,518.1,7771.5,Kalika Securities Pvt. Ltd.,Sewa Securities Pvt. Ltd.,2026-04-27 12:22:27.583098
2026042701018044,NABIL,32,54,20,518.1,10362.0,Premier Securities Company Ltd.,Sewa Securities Pvt. Ltd.,2026-04-27 12:22:27.583235
2026042701018045,NABIL,51,54,265,518.0,137270.0,Oxford Securities Pvt. Ltd.,Sewa Securities Pvt. Ltd.,2026-04-27 12:22:27.583371
2026042701018105,NABIL,51,17,13,518.0,6734.0,Oxford Securities Pvt. Ltd.,ABC Securities Private Limited,2026-04-27 12:22:50.081435
2026042701018146,NABIL,57,35,20,520.0,10400.0,Aryatara Investment & Securities,Kohinoor Investment & Securities Pvt. Ltd.,2026-04-27 12:23:08.079141
2026042701018147,NABIL,57,46,80,520.0,41600.0,Aryatara Investment & Securities,Kalika Securities Pvt. Ltd.,2026-04-27 12:23:08.079734
2026042701018437,NABIL,11,46,50,520.0,26000.0,Malla & Malla Stock Broking Company Pvt. Limited,Kalika Securities Pvt. Ltd.,2026-04-27 12:25:15.275792
2026042701018457,NABIL,58,46,67,520.0,34840.0,Naasa Securities Co. Ltd.,Kalika Securities Pvt. Ltd.,2026-04-27 12:25:27.146341
2026042701018458,NABIL,58,21,25,520.0,13000.0,Naasa Securities Co. Ltd.,Midas Stock Broking Company Private Limited,2026-04-27 12:25:27.146705
2026042701018811,NABIL,58,48,43,520.0,22360.0,Naasa Securities Co. Ltd.,Trishakti Securities Public Limited,2026-04-27 12:27:48.130161
2026042701018812,NABIL,50,48,10,520.0,5200.0,Cristal Kanchanjanga Securites Pvt. Ltd.,Trishakti Securities Public Limited,2026-04-27 12:27:48.130718
2026042701018813,NABIL,65,48,50,520.0,26000.0,Sharepro Securities Private Limited,Trishakti Securities Public Limited,2026-04-27 12:27:48.131145
2026042701019175,NABIL,35,22,45,520.0,23400.0,Kohinoor Investment & Securities Pvt. Ltd.,Siprabi Securities Pvt. Ltd.,2026-04-27 12:30:05.154768
2026042701019211,NABIL,35,32,50,520.0,26000.0,Kohinoor Investment & Securities Pvt. Ltd.,Premier Securities Company Ltd.,2026-04-27 12:30:28.016673
2026042701019481,NABIL,4,58,10,520.4,5204.0,Opal Securities Investment (PVT) Ltd.,Naasa Securities Co. Ltd.,2026-04-27 12:32:44.204954
2026042701019849,NABIL,49,19,19,518.5,9851.5,Online Securities Pvt. Ltd.,Nepal Investment And Securities Trading Private Limited,2026-04-27 12:35:20.372057
2026042701019889,NABIL,47,19,28,518.5,14518.0,Neev Securities Pvt. Ltd.,Nepal Investment And Securities Trading Private Limited,2026-04-27 12:35:35.209685
2026042701020068,NABIL,47,19,12,519.0,6228.0,Neev Securities Pvt. Ltd.,Nepal Investment And Securities Trading Private Limited,2026-04-27 12:37:05.239864
2026042701020267,NABIL,58,19,12,519.0,6228.0,Naasa Securities Co. Ltd.,Nepal Investment And Securities Trading Private Limited,2026-04-27 12:38:28.546773
2026042701020301,NABIL,49,19,33,519.0,17127.0,Online Securities Pvt. Ltd.,Nepal Investment And Securities Trading Private Limited,2026-04-27 12:38:43.353233
2026042701020302,NABIL,49,58,12,519.0,6228.0,Online Securities Pvt. Ltd.,Naasa Securities Co. Ltd.,2026-04-27 12:38:43.353875
2026042701020497,NABIL,47,45,25,518.3,12957.5,Neev Securities Pvt. Ltd.,Imperial Securities Company Pvt. Ltd.,2026-04-27 12:40:05.749837
2026042701020578,NABIL,3,45,10,518.3,5183.0,Arun Securities (PVT) Ltd.,Imperial Securities Company Pvt. Ltd.,2026-04-27 12:40:27.596955
2026042701020684,NABIL,38,50,20,519.0,10380.0,Dipshikha Dhitopatra Karobar Co. Pvt Ltd.,Cristal Kanchanjanga Securites Pvt. Ltd.,2026-04-27 12:41:05.817932
2026042701020701,NABIL,89,50,10,519.0,5190.0,Global IME Securities Limited,Cristal Kanchanjanga Securites Pvt. Ltd.,2026-04-27 12:41:12.234919
2026042701020781,NABIL,11,50,50,519.0,25950.0,Malla & Malla Stock Broking Company Pvt. Limited,Cristal Kanchanjanga Securites Pvt. Ltd.,2026-04-27 12:41:41.659048
2026042701020899,NABIL,45,50,35,519.0,18165.0,Imperial Securities Company Pvt. Ltd.,Cristal Kanchanjanga Securites Pvt. Ltd.,2026-04-27 12:42:41.934815
2026042701020912,NABIL,58,50,26,519.0,13494.0,Naasa Securities Co. Ltd.,Cristal Kanchanjanga Securites Pvt. Ltd.,2026-04-27 12:42:52.982852
2026042701021062,NABIL,47,19,10,518.5,5185.0,Neev Securities Pvt. Ltd.,Nepal Investment And Securities Trading Private Limited,2026-04-27 12:44:11.009359
2026042701021063,NABIL,13,19,200,518.2,103640.0,Thrive Brokerage House Pvt. Ltd,Nepal Investment And Securities Trading Private Limited,2026-04-27 12:44:11.009732
2026042701021064,NABIL,29,19,170,518.2,88094.0,Trisul Securities & Invt. Ltd.,Nepal Investment And Securities Trading Private Limited,2026-04-27 12:44:11.009882
2026042701021065,NABIL,35,19,200,518.2,103640.0,Kohinoor Investment & Securities Pvt. Ltd.,Nepal Investment And Securities Trading Private Limited,2026-04-27 12:44:11.010068
2026042701021066,NABIL,3,19,500,518.2,259100.0,Arun Securities (PVT) Ltd.,Nepal Investment And Securities Trading Private Limited,2026-04-27 12:44:11.010219
2026042701021067,NABIL,45,19,400,518.1,207240.0,Imperial Securities Company Pvt. Ltd.,Nepal Investment And Securities Trading Private Limited,2026-04-27 12:44:11.010366
2026042701021068,NABIL,3,19,253,518.1,131079.3,Arun Securities (PVT) Ltd.,Nepal Investment And Securities Trading Private Limited,2026-04-27 12:44:11.010530
2026042701021248,NABIL,58,22,22,520.0,11440.0,Naasa Securities Co. Ltd.,Siprabi Securities Pvt. Ltd.,2026-04-27 12:45:12.500229
2026042701021269,NABIL,3,17,90,518.1,46629.0,Arun Securities (PVT) Ltd.,ABC Securities Private Limited,2026-04-27 12:45:21.867359
2026042701021338,NABIL,7,22,20,520.0,10400.0,J.F. Securites (PVT) Ltd.,Siprabi Securities Pvt. Ltd.,2026-04-27 12:46:03.907616
2026042701021384,NABIL,3,41,10,518.1,5181.0,Arun Securities (PVT) Ltd.,Linch Stock Market Ltd.,2026-04-27 12:46:29.772512
2026042701021756,NABIL,3,32,200,518.1,103620.0,Arun Securities (PVT) Ltd.,Premier Securities Company Ltd.,2026-04-27 12:49:51.960235
2026042701021800,NABIL,3,49,18,518.1,9325.8,Arun Securities (PVT) Ltd.,Online Securities Pvt. Ltd.,2026-04-27 12:50:08.860322
2026042701021965,NABIL,47,57,10,520.0,5200.0,Neev Securities Pvt. Ltd.,Aryatara Investment & Securities,2026-04-27 12:51:56.765252
2026042701021966,NABIL,35,57,1,520.0,520.0,Kohinoor Investment & Securities Pvt. Ltd.,Aryatara Investment & Securities,2026-04-27 12:51:56.765528
2026042701022052,NABIL,45,1,10,520.0,5200.0,Imperial Securities Company Pvt. Ltd.,Kumari Securities Private Limited,2026-04-27 12:52:40.939429
2026042701022111,NABIL,58,1,17,520.0,8840.0,Naasa Securities Co. Ltd.,Kumari Securities Private Limited,2026-04-27 12:53:21.411894
2026042701022344,NABIL,6,32,50,519.0,25950.0,Agrawal Securities (PVT) Ltd.,Premier Securities Company Ltd.,2026-04-27 12:55:23.505109
2026042701022493,NABIL,35,32,50,519.0,25950.0,Kohinoor Investment & Securities Pvt. Ltd.,Premier Securities Company Ltd.,2026-04-27 12:56:25.932794
2026042701022612,NABIL,45,38,17,519.0,8823.0,Imperial Securities Company Pvt. Ltd.,Dipshikha Dhitopatra Karobar Co. Pvt Ltd.,2026-04-27 12:57:27.929126
2026042701022758,NABIL,45,32,11,519.0,5709.0,Imperial Securities Company Pvt. Ltd.,Premier Securities Company Ltd.,2026-04-27 12:58:36.565857
2026042701022759,NABIL,41,32,39,519.0,20241.0,Linch Stock Market Ltd.,Premier Securities Company Ltd.,2026-04-27 12:58:36.566216
2026042701022973,NABIL,58,1,22,520.0,11440.0,Naasa Securities Co. Ltd.,Kumari Securities Private Limited,2026-04-27 12:59:51.929537
2026042701023180,NABIL,29,1,100,520.0,52000.0,Trisul Securities & Invt. Ltd.,Kumari Securities Private Limited,2026-04-27 13:01:22.191418
2026042701023276,NABIL,58,22,50,519.5,25975.0,Naasa Securities Co. Ltd.,Siprabi Securities Pvt. Ltd.,2026-04-27 13:02:07.189846
2026042701023277,NABIL,41,22,21,519.0,10899.0,Linch Stock Market Ltd.,Siprabi Securities Pvt. Ltd.,2026-04-27 13:02:07.190212
2026042701023278,NABIL,17,22,29,519.0,15051.0,ABC Securities Private Limited,Siprabi Securities Pvt. Ltd.,2026-04-27 13:02:07.190379
2026042701023652,NABIL,17,17,60,519.0,31140.0,ABC Securities Private Limited,ABC Securities Private Limited,2026-04-27 13:05:27.053550
2026042701023708,NABIL,17,47,50,519.0,25950.0,ABC Securities Private Limited,Neev Securities Pvt. Ltd.,2026-04-27 13:06:01.507559
2026042701024003,NABIL,56,1,100,520.0,52000.0,Sri Hari Securities Pvt. Ltd.,Kumari Securities Private Limited,2026-04-27 13:07:44.817718
2026042701024262,NABIL,17,43,74,519.0,38406.0,ABC Securities Private Limited,South Asian Bulls Pvt. Ltd.,2026-04-27 13:09:44.436776
2026042701024343,NABIL,17,8,57,519.0,29583.0,ABC Securities Private Limited,Brilliant Securities Pvt. Ltd.,2026-04-27 13:10:31.561184
2026042701024350,NABIL,42,1,100,520.0,52000.0,Sani Securities Company Ltd.,Kumari Securities Private Limited,2026-04-27 13:10:34.906747
2026042701024382,NABIL,58,1,10,520.0,5200.0,Naasa Securities Co. Ltd.,Kumari Securities Private Limited,2026-04-27 13:10:58.696685
2026042701024423,NABIL,17,22,67,519.0,34773.0,ABC Securities Private Limited,Siprabi Securities Pvt. Ltd.,2026-04-27 13:11:16.042452
2026042701024489,NABIL,17,36,10,519.0,5190.0,ABC Securities Private Limited,Secured Securities Ltd.,2026-04-27 13:12:05.413590
2026042701024512,NABIL,58,1,44,520.0,22880.0,Naasa Securities Co. Ltd.,Kumari Securities Private Limited,2026-04-27 13:12:19.604033
2026042701024567,NABIL,35,1,19,520.0,9880.0,Kohinoor Investment & Securities Pvt. Ltd.,Kumari Securities Private Limited,2026-04-27 13:12:58.619478
2026042701024928,NABIL,60,1,78,520.0,40560.0,Nagarik Stock Dealer ,Kumari Securities Private Limited,2026-04-27 13:15:52.540542
2026042701024929,NABIL,60,52,100,520.0,52000.0,Nagarik Stock Dealer ,Sundhara Securities Limited,2026-04-27 13:15:52.541329
2026042701024930,NABIL,60,32,322,520.0,167440.0,Nagarik Stock Dealer ,Premier Securities Company Ltd.,2026-04-27 13:15:52.541859
2026042701025135,NABIL,82,32,100,520.0,52000.0,N.M.B. SECURITIES LIMITED,Premier Securities Company Ltd.,2026-04-27 13:17:11.111073
2026042701025329,NABIL,35,38,50,519.9,25995.0,Kohinoor Investment & Securities Pvt. Ltd.,Dipshikha Dhitopatra Karobar Co. Pvt Ltd.,2026-04-27 13:18:37.162371
2026042701025341,NABIL,52,38,60,519.9,31194.0,Sundhara Securities Limited,Dipshikha Dhitopatra Karobar Co. Pvt Ltd.,2026-04-27 13:18:43.363054
2026042701025552,NABIL,45,38,20,519.9,10398.0,Imperial Securities Company Pvt. Ltd.,Dipshikha Dhitopatra Karobar Co. Pvt Ltd.,2026-04-27 13:20:08.138558
2026042701025821,NABIL,47,38,359,519.9,186644.1,Neev Securities Pvt. Ltd.,Dipshikha Dhitopatra Karobar Co. Pvt Ltd.,2026-04-27 13:21:46.694263
2026042701025822,NABIL,47,32,62,520.0,32240.0,Neev Securities Pvt. Ltd.,Premier Securities Company Ltd.,2026-04-27 13:21:46.695038
2026042701026348,NABIL,56,32,16,520.0,8320.0,Sri Hari Securities Pvt. Ltd.,Premier Securities Company Ltd.,2026-04-27 13:23:40.360791
2026042701026516,NABIL,35,51,22,519.1,11420.2,Kohinoor Investment & Securities Pvt. Ltd.,Oxford Securities Pvt. Ltd.,2026-04-27 13:24:23.953244
2026042701026522,NABIL,58,28,10,520.0,5200.0,Naasa Securities Co. Ltd.,Shree Krishna Securities Ltd.,2026-04-27 13:24:28.921039
2026042701026576,NABIL,62,58,15,520.0,7800.0,Capital Max Securities Ltd,Naasa Securities Co. Ltd.,2026-04-27 13:24:52.591709
2026042701026754,NABIL,50,58,70,520.0,36400.0,Cristal Kanchanjanga Securites Pvt. Ltd.,Naasa Securities Co. Ltd.,2026-04-27 13:26:04.828582
2026042701026873,NABIL,77,58,20,520.0,10400.0,Nabil Stock Dealer Ltd.,Naasa Securities Co. Ltd.,2026-04-27 13:26:55.990621
2026042701027083,NABIL,35,57,26,519.1,13496.6,Kohinoor Investment & Securities Pvt. Ltd.,Aryatara Investment & Securities,2026-04-27 13:28:27.024503
2026042701027317,NABIL,86,58,10,520.0,5200.0,Stoxkarts Securities Limited,Naasa Securities Co. Ltd.,2026-04-27 13:29:45.268048
2026042701027682,NABIL,3,58,94,520.0,48880.0,Arun Securities (PVT) Ltd.,Naasa Securities Co. Ltd.,2026-04-27 13:32:31.286926
2026042701027890,NABIL,26,58,10,520.0,5200.0,Asian Securities Private Ltd.,Naasa Securities Co. Ltd.,2026-04-27 13:33:22.972535
2026042701028055,NABIL,51,58,30,520.0,15600.0,Oxford Securities Pvt. Ltd.,Naasa Securities Co. Ltd.,2026-04-27 13:34:27.155456
2026042701028165,NABIL,57,58,28,520.0,14560.0,Aryatara Investment & Securities,Naasa Securities Co. Ltd.,2026-04-27 13:35:24.102287
2026042701028185,NABIL,34,58,10,520.0,5200.0,Vision Securities Pvt. Ltd,Naasa Securities Co. Ltd.,2026-04-27 13:35:35.495637
2026042701028188,NABIL,4,58,50,520.0,26000.0,Opal Securities Investment (PVT) Ltd.,Naasa Securities Co. Ltd.,2026-04-27 13:35:37.852355
2026042701028285,NABIL,35,58,85,519.1,44123.5,Kohinoor Investment & Securities Pvt. Ltd.,Naasa Securities Co. Ltd.,2026-04-27 13:36:14.398057
2026042701028333,NABIL,41,58,20,520.0,10400.0,Linch Stock Market Ltd.,Naasa Securities Co. Ltd.,2026-04-27 13:36:38.729633
2026042701028471,NABIL,58,58,24,520.0,12480.0,Naasa Securities Co. Ltd.,Naasa Securities Co. Ltd.,2026-04-27 13:37:37.680902
2026042701028498,NABIL,58,58,14,520.0,7280.0,Naasa Securities Co. Ltd.,Naasa Securities Co. Ltd.,2026-04-27 13:37:51.187111
2026042701028771,NABIL,17,58,20,520.0,10400.0,ABC Securities Private Limited,Naasa Securities Co. Ltd.,2026-04-27 13:39:53.055097
2026042701028781,NABIL,35,58,11,519.1,5710.1,Kohinoor Investment & Securities Pvt. Ltd.,Naasa Securities Co. Ltd.,2026-04-27 13:39:56.772874
2026042701028987,NABIL,42,58,12,520.0,6240.0,Sani Securities Company Ltd.,Naasa Securities Co. Ltd.,2026-04-27 13:41:43.047357
2026042701029758,NABIL,49,58,100,520.0,52000.0,Online Securities Pvt. Ltd.,Naasa Securities Co. Ltd.,2026-04-27 13:46:25.302186
2026042701029907,NABIL,11,43,50,519.2,25960.0,Malla & Malla Stock Broking Company Pvt. Limited,South Asian Bulls Pvt. Ltd.,2026-04-27 13:47:47.809218
2026042701030283,NABIL,45,48,100,519.2,51920.0,Imperial Securities Company Pvt. Ltd.,Trishakti Securities Public Limited,2026-04-27 13:50:46.165487
2026042701030410,NABIL,97,58,10,520.0,5200.0,R.B.B. Securities Company Ltd,Naasa Securities Co. Ltd.,2026-04-27 13:51:25.349884
2026042701030522,NABIL,57,58,36,519.3,18694.8,Aryatara Investment & Securities,Naasa Securities Co. Ltd.,2026-04-27 13:52:22.484265
2026042701030563,NABIL,65,58,15,520.0,7800.0,Sharepro Securities Private Limited,Naasa Securities Co. Ltd.,2026-04-27 13:52:37.328359
2026042701030666,NABIL,57,33,15,519.3,7789.5,Aryatara Investment & Securities,Dakshinkali Investment & Securities Pvt. Ltd.,2026-04-27 13:53:35.024932
2026042701030679,NABIL,52,58,100,520.0,52000.0,Sundhara Securities Limited,Naasa Securities Co. Ltd.,2026-04-27 13:53:42.430964
2026042701030810,NABIL,57,59,100,519.3,51930.0,Aryatara Investment & Securities,Deevyaa Securities & Stock House Pvt. Ltd,2026-04-27 13:54:37.374004
2026042701030893,NABIL,57,38,17,519.3,8828.1,Aryatara Investment & Securities,Dipshikha Dhitopatra Karobar Co. Pvt Ltd.,2026-04-27 13:55:17.899109
2026042701030912,NABIL,57,43,62,519.3,32196.6,Aryatara Investment & Securities,South Asian Bulls Pvt. Ltd.,2026-04-27 13:55:28.003218
2026042701030913,NABIL,45,43,400,519.2,207680.0,Imperial Securities Company Pvt. Ltd.,South Asian Bulls Pvt. Ltd.,2026-04-27 13:55:28.003598
2026042701030914,NABIL,51,43,38,519.2,19729.6,Oxford Securities Pvt. Ltd.,South Asian Bulls Pvt. Ltd.,2026-04-27 13:55:28.003962
2026042701030998,NABIL,53,58,10,520.0,5200.0,Investment Management Nepal Pvt. Ltd.,Naasa Securities Co. Ltd.,2026-04-27 13:55:52.652784
2026042701031170,NABIL,3,53,28,519.9,14557.2,Arun Securities (PVT) Ltd.,Investment Management Nepal Pvt. Ltd.,2026-04-27 13:57:29.766535
2026042701031241,NABIL,58,41,14,519.8,7277.2,Naasa Securities Co. Ltd.,Linch Stock Market Ltd.,2026-04-27 13:58:05.631302
2026042701031339,NABIL,51,4,60,519.2,31152.0,Oxford Securities Pvt. Ltd.,Opal Securities Investment (PVT) Ltd.,2026-04-27 13:58:57.818826
2026042701031385,NABIL,42,41,30,519.8,15594.0,Sani Securities Company Ltd.,Linch Stock Market Ltd.,2026-04-27 13:59:24.669246
2026042701031405,NABIL,13,41,50,519.8,25990.0,Thrive Brokerage House Pvt. Ltd,Linch Stock Market Ltd.,2026-04-27 13:59:36.485328
2026042701031504,NABIL,58,41,10,519.8,5198.0,Naasa Securities Co. Ltd.,Linch Stock Market Ltd.,2026-04-27 14:00:01.566859
2026042701031655,NABIL,58,41,15,519.8,7797.0,Naasa Securities Co. Ltd.,Linch Stock Market Ltd.,2026-04-27 14:01:23.281253
2026042701031685,NABIL,51,35,50,519.2,25960.0,Oxford Securities Pvt. Ltd.,Kohinoor Investment & Securities Pvt. Ltd.,2026-04-27 14:01:43.517474
2026042701031737,NABIL,51,8,52,519.2,26998.4,Oxford Securities Pvt. Ltd.,Brilliant Securities Pvt. Ltd.,2026-04-27 14:02:13.499256
2026042701031738,NABIL,35,8,68,519.1,35298.8,Kohinoor Investment & Securities Pvt. Ltd.,Brilliant Securities Pvt. Ltd.,2026-04-27 14:02:13.500111
2026042701031773,NABIL,35,45,20,519.1,10382.0,Kohinoor Investment & Securities Pvt. Ltd.,Imperial Securities Company Pvt. Ltd.,2026-04-27 14:02:32.985078
2026042701032354,NABIL,57,45,1,518.5,518.5,Aryatara Investment & Securities,Imperial Securities Company Pvt. Ltd.,2026-04-27 14:05:43.827136
2026042701032548,NABIL,58,70,722,519.2,374862.4,Naasa Securities Co. Ltd.,Infinity Securities Limited,2026-04-27 14:07:18.601225
2026042701032558,NABIL,35,58,15,519.1,7786.5,Kohinoor Investment & Securities Pvt. Ltd.,Naasa Securities Co. Ltd.,2026-04-27 14:07:24.442416
2026042701032566,NABIL,35,28,100,519.1,51910.0,Kohinoor Investment & Securities Pvt. Ltd.,Shree Krishna Securities Ltd.,2026-04-27 14:07:29.418082
2026042701032580,NABIL,13,70,78,519.2,40497.6,Thrive Brokerage House Pvt. Ltd,Infinity Securities Limited,2026-04-27 14:07:37.597581
2026042701032586,NABIL,35,25,153,519.1,79422.3,Kohinoor Investment & Securities Pvt. Ltd.,Sweta Securities Private Limited,2026-04-27 14:07:42.435797
2026042701032587,NABIL,58,25,20,519.1,10382.0,Naasa Securities Co. Ltd.,Sweta Securities Private Limited,2026-04-27 14:07:42.436189
2026042701032588,NABIL,58,25,191,519.1,99148.1,Naasa Securities Co. Ltd.,Sweta Securities Private Limited,2026-04-27 14:07:42.436387
2026042701032825,NABIL,58,25,20,519.1,10382.0,Naasa Securities Co. Ltd.,Sweta Securities Private Limited,2026-04-27 14:09:07.658463
2026042701032826,NABIL,35,25,258,519.1,133927.8,Kohinoor Investment & Securities Pvt. Ltd.,Sweta Securities Private Limited,2026-04-27 14:09:07.658910
2026042701033198,NABIL,17,41,131,519.8,68093.8,ABC Securities Private Limited,Linch Stock Market Ltd.,2026-04-27 14:12:03.393378
2026042701033199,NABIL,17,53,22,519.8,11435.6,ABC Securities Private Limited,Investment Management Nepal Pvt. Ltd.,2026-04-27 14:12:03.393481
2026042701033200,NABIL,17,58,10,520.0,5200.0,ABC Securities Private Limited,Naasa Securities Co. Ltd.,2026-04-27 14:12:03.393572
2026042701033201,NABIL,17,48,70,520.0,36400.0,ABC Securities Private Limited,Trishakti Securities Public Limited,2026-04-27 14:12:03.393642
2026042701033202,NABIL,17,49,17,520.0,8840.0,ABC Securities Private Limited,Online Securities Pvt. Ltd.,2026-04-27 14:12:03.393712
2026042701033272,NABIL,1,49,183,520.0,95160.0,Kumari Securities Private Limited,Online Securities Pvt. Ltd.,2026-04-27 14:12:21.957903
2026042701033273,NABIL,1,58,20,520.0,10400.0,Kumari Securities Private Limited,Naasa Securities Co. Ltd.,2026-04-27 14:12:21.958738
2026042701033274,NABIL,1,13,11,520.0,5720.0,Kumari Securities Private Limited,Thrive Brokerage House Pvt. Ltd,2026-04-27 14:12:21.959380
2026042701033275,NABIL,1,49,186,520.0,96720.0,Kumari Securities Private Limited,Online Securities Pvt. Ltd.,2026-04-27 14:12:21.960003
2026042701033282,NABIL,35,42,42,519.1,21802.2,Kohinoor Investment & Securities Pvt. Ltd.,Sani Securities Company Ltd.,2026-04-27 14:12:23.950166
2026042701033283,NABIL,17,42,153,519.0,79407.0,ABC Securities Private Limited,Sani Securities Company Ltd.,2026-04-27 14:12:23.950594
2026042701033284,NABIL,49,42,20,519.0,10380.0,Online Securities Pvt. Ltd.,Sani Securities Company Ltd.,2026-04-27 14:12:23.950814
2026042701033285,NABIL,75,42,110,519.0,57090.0,N.I.M.B. Stock Markets Limited,Sani Securities Company Ltd.,2026-04-27 14:12:23.951036
2026042701033286,NABIL,59,42,115,519.0,59685.0,Deevyaa Securities & Stock House Pvt. Ltd,Sani Securities Company Ltd.,2026-04-27 14:12:23.951247
2026042701033287,NABIL,32,42,160,519.0,83040.0,Premier Securities Company Ltd.,Sani Securities Company Ltd.,2026-04-27 14:12:23.951458
2026042701033423,NABIL,26,49,10,520.0,5200.0,Asian Securities Private Ltd.,Online Securities Pvt. Ltd.,2026-04-27 14:13:03.981813
2026042701033475,NABIL,19,45,5,519.0,2595.0,Nepal Investment And Securities Trading Private Limited,Imperial Securities Company Pvt. Ltd.,2026-04-27 14:13:24.723933
2026042701033487,NABIL,38,49,96,520.0,49920.0,Dipshikha Dhitopatra Karobar Co. Pvt Ltd.,Online Securities Pvt. Ltd.,2026-04-27 14:13:29.813966
2026042701033575,NABIL,17,49,200,520.0,104000.0,ABC Securities Private Limited,Online Securities Pvt. Ltd.,2026-04-27 14:14:14.165593
2026042701033577,NABIL,25,49,20,520.0,10400.0,Sweta Securities Private Limited,Online Securities Pvt. Ltd.,2026-04-27 14:14:14.399501
2026042701033589,NABIL,58,49,26,520.0,13520.0,Naasa Securities Co. Ltd.,Online Securities Pvt. Ltd.,2026-04-27 14:14:22.697373
2026042701033645,NABIL,34,49,100,520.0,52000.0,Vision Securities Pvt. Ltd,Online Securities Pvt. Ltd.,2026-04-27 14:14:40.144431
2026042701033679,NABIL,32,34,140,519.0,72660.0,Premier Securities Company Ltd.,Vision Securities Pvt. Ltd,2026-04-27 14:14:53.317164
2026042701033680,NABIL,58,34,18,519.0,9342.0,Naasa Securities Co. Ltd.,Vision Securities Pvt. Ltd,2026-04-27 14:14:53.317274
2026042701033681,NABIL,49,34,143,519.0,74217.0,Online Securities Pvt. Ltd.,Vision Securities Pvt. Ltd,2026-04-27 14:14:53.317358
2026042701033842,NABIL,42,49,362,520.0,188240.0,Sani Securities Company Ltd.,Online Securities Pvt. Ltd.,2026-04-27 14:16:07.462662
2026042701033843,NABIL,42,42,138,520.0,71760.0,Sani Securities Company Ltd.,Sani Securities Company Ltd.,2026-04-27 14:16:07.463551
2026042701034048,NABIL,58,42,10,520.0,5200.0,Naasa Securities Co. Ltd.,Sani Securities Company Ltd.,2026-04-27 14:17:32.744267
2026042701034104,NABIL,16,42,100,520.0,52000.0,Primo Securities (PVT) Ltd.,Sani Securities Company Ltd.,2026-04-27 14:17:57.850279
2026042701034178,NABIL,89,42,50,520.0,26000.0,Global IME Securities Limited,Sani Securities Company Ltd.,2026-04-27 14:18:19.578780
2026042701034202,NABIL,58,38,4,520.0,2080.0,Naasa Securities Co. Ltd.,Dipshikha Dhitopatra Karobar Co. Pvt Ltd.,2026-04-27 14:18:29.026306
2026042701034258,NABIL,91,42,40,520.0,20800.0,Citizens Share Broker Limited,Sani Securities Company Ltd.,2026-04-27 14:18:57.148822
2026042701034463,NABIL,52,7,47,519.5,24416.5,Sundhara Securities Limited,J.F. Securites (PVT) Ltd.,2026-04-27 14:20:27.017446
2026042701034509,NABIL,65,42,25,520.0,13000.0,Sharepro Securities Private Limited,Sani Securities Company Ltd.,2026-04-27 14:20:37.360878
2026042701034663,NABIL,58,42,28,520.0,14560.0,Naasa Securities Co. Ltd.,Sani Securities Company Ltd.,2026-04-27 14:21:31.379534
2026042701035056,NABIL,52,6,21,519.5,10909.5,Sundhara Securities Limited,Agrawal Securities (PVT) Ltd.,2026-04-27 14:23:30.917367
2026042701035057,NABIL,42,6,19,519.5,9870.5,Sani Securities Company Ltd.,Agrawal Securities (PVT) Ltd.,2026-04-27 14:23:30.918212
2026042701035066,NABIL,42,41,31,519.5,16104.5,Sani Securities Company Ltd.,Linch Stock Market Ltd.,2026-04-27 14:23:33.823602
2026042701035091,NABIL,11,41,121,519.5,62859.5,Malla & Malla Stock Broking Company Pvt. Limited,Linch Stock Market Ltd.,2026-04-27 14:23:37.681366
2026042701035169,NABIL,34,41,192,519.5,99744.0,Vision Securities Pvt. Ltd,Linch Stock Market Ltd.,2026-04-27 14:23:53.049717
2026042701035190,NABIL,58,41,15,519.0,7785.0,Naasa Securities Co. Ltd.,Linch Stock Market Ltd.,2026-04-27 14:24:06.827243
2026042701035286,NABIL,38,17,25,519.0,12975.0,Dipshikha Dhitopatra Karobar Co. Pvt Ltd.,ABC Securities Private Limited,2026-04-27 14:24:34.173200
2026042701035287,NABIL,34,17,10,519.0,5190.0,Vision Securities Pvt. Ltd,ABC Securities Private Limited,2026-04-27 14:24:34.173642
2026042701035288,NABIL,13,17,50,519.0,25950.0,Thrive Brokerage House Pvt. Ltd,ABC Securities Private Limited,2026-04-27 14:24:34.173854
2026042701035289,NABIL,65,17,25,519.0,12975.0,Sharepro Securities Private Limited,ABC Securities Private Limited,2026-04-27 14:24:34.174063
2026042701035290,NABIL,42,17,20,519.0,10380.0,Sani Securities Company Ltd.,ABC Securities Private Limited,2026-04-27 14:24:34.174269
2026042701035291,NABIL,42,17,30,519.0,15570.0,Sani Securities Company Ltd.,ABC Securities Private Limited,2026-04-27 14:24:34.174470
2026042701035292,NABIL,58,17,10,519.0,5190.0,Naasa Securities Co. Ltd.,ABC Securities Private Limited,2026-04-27 14:24:34.174670
2026042701035293,NABIL,58,17,100,519.0,51900.0,Naasa Securities Co. Ltd.,ABC Securities Private Limited,2026-04-27 14:24:34.174873
2026042701035294,NABIL,22,17,25,519.0,12975.0,Siprabi Securities Pvt. Ltd.,ABC Securities Private Limited,2026-04-27 14:24:34.175080
2026042701035295,NABIL,44,17,40,519.0,20760.0,Dynamic Money Managers Securities Pvt. Ltd.,ABC Securities Private Limited,2026-04-27 14:24:34.175299
2026042701035296,NABIL,17,17,10,519.0,5190.0,ABC Securities Private Limited,ABC Securities Private Limited,2026-04-27 14:24:34.175502
2026042701035328,NABIL,58,17,10,519.0,5190.0,Naasa Securities Co. Ltd.,ABC Securities Private Limited,2026-04-27 14:24:43.407249
2026042701035426,NABIL,57,17,20,519.0,10380.0,Aryatara Investment & Securities,ABC Securities Private Limited,2026-04-27 14:25:12.971979
2026042701035606,NABIL,58,45,50,518.5,25925.0,Naasa Securities Co. Ltd.,Imperial Securities Company Pvt. Ltd.,2026-04-27 14:26:25.007858
2026042701035607,NABIL,35,45,50,518.3,25915.0,Kohinoor Investment & Securities Pvt. Ltd.,Imperial Securities Company Pvt. Ltd.,2026-04-27 14:26:25.007957
2026042701035889,NABIL,35,51,50,518.3,25915.0,Kohinoor Investment & Securities Pvt. Ltd.,Oxford Securities Pvt. Ltd.,2026-04-27 14:27:44.609834
2026042701035944,NABIL,57,17,10,519.0,5190.0,Aryatara Investment & Securities,ABC Securities Private Limited,2026-04-27 14:28:02.923506
2026042701036257,NABIL,39,45,10,518.5,5185.0,Sumeru Securities Pvt. Ltd.,Imperial Securities Company Pvt. Ltd.,2026-04-27 14:29:51.275093
2026042701036295,NABIL,1,17,10,519.0,5190.0,Kumari Securities Private Limited,ABC Securities Private Limited,2026-04-27 14:30:04.339010
2026042701036311,NABIL,58,17,17,519.0,8823.0,Naasa Securities Co. Ltd.,ABC Securities Private Limited,2026-04-27 14:30:10.651050
2026042701036436,NABIL,40,17,55,519.0,28545.0,Creative Securities Pvt Ltd,ABC Securities Private Limited,2026-04-27 14:30:57.607334
2026042701036439,NABIL,39,65,50,518.5,25925.0,Sumeru Securities Pvt. Ltd.,Sharepro Securities Private Limited,2026-04-27 14:30:59.632244
2026042701036493,NABIL,13,17,33,519.0,17127.0,Thrive Brokerage House Pvt. Ltd,ABC Securities Private Limited,2026-04-27 14:31:21.240332
2026042701036494,NABIL,13,43,54,519.0,28026.0,Thrive Brokerage House Pvt. Ltd,South Asian Bulls Pvt. Ltd.,2026-04-27 14:31:21.240862
2026042701036597,NABIL,58,38,10,519.0,5190.0,Naasa Securities Co. Ltd.,Dipshikha Dhitopatra Karobar Co. Pvt Ltd.,2026-04-27 14:31:56.586365
2026042701036659,NABIL,58,17,100,519.0,51900.0,Naasa Securities Co. Ltd.,ABC Securities Private Limited,2026-04-27 14:32:20.283450
2026042701036704,NABIL,38,41,10,519.5,5195.0,Dipshikha Dhitopatra Karobar Co. Pvt Ltd.,Linch Stock Market Ltd.,2026-04-27 14:32:40.042411
2026042701036705,NABIL,38,45,26,519.5,13507.0,Dipshikha Dhitopatra Karobar Co. Pvt Ltd.,Imperial Securities Company Pvt. Ltd.,2026-04-27 14:32:40.043291
2026042701036706,NABIL,38,57,125,519.5,64937.5,Dipshikha Dhitopatra Karobar Co. Pvt Ltd.,Aryatara Investment & Securities,2026-04-27 14:32:40.043893
2026042701036707,NABIL,38,42,609,520.0,316680.0,Dipshikha Dhitopatra Karobar Co. Pvt Ltd.,Sani Securities Company Ltd.,2026-04-27 14:32:40.044494
2026042701036708,NABIL,38,22,10,520.0,5200.0,Dipshikha Dhitopatra Karobar Co. Pvt Ltd.,Siprabi Securities Pvt. Ltd.,2026-04-27 14:32:40.045123
2026042701036709,NABIL,38,14,67,520.0,34840.0,Dipshikha Dhitopatra Karobar Co. Pvt Ltd.,Nepal Stock House (PVT) Ltd.,2026-04-27 14:32:40.045748
2026042701036710,NABIL,38,38,83,520.0,43160.0,Dipshikha Dhitopatra Karobar Co. Pvt Ltd.,Dipshikha Dhitopatra Karobar Co. Pvt Ltd.,2026-04-27 14:32:40.046339
2026042701036711,NABIL,38,42,20,520.0,10400.0,Dipshikha Dhitopatra Karobar Co. Pvt Ltd.,Sani Securities Company Ltd.,2026-04-27 14:32:40.046938
2026042701036866,NABIL,38,42,11,520.0,5720.0,Dipshikha Dhitopatra Karobar Co. Pvt Ltd.,Sani Securities Company Ltd.,2026-04-27 14:33:38.142224
2026042701036867,NABIL,38,26,20,520.0,10400.0,Dipshikha Dhitopatra Karobar Co. Pvt Ltd.,Asian Securities Private Ltd.,2026-04-27 14:33:38.143103
2026042701036868,NABIL,38,58,500,520.0,260000.0,Dipshikha Dhitopatra Karobar Co. Pvt Ltd.,Naasa Securities Co. Ltd.,2026-04-27 14:33:38.143719
2026042701036869,NABIL,38,1,25,520.0,13000.0,Dipshikha Dhitopatra Karobar Co. Pvt Ltd.,Kumari Securities Private Limited,2026-04-27 14:33:38.144326
2026042701036870,NABIL,38,41,200,520.0,104000.0,Dipshikha Dhitopatra Karobar Co. Pvt Ltd.,Linch Stock Market Ltd.,2026-04-27 14:33:38.144919
2026042701036871,NABIL,38,6,194,520.0,100880.0,Dipshikha Dhitopatra Karobar Co. Pvt Ltd.,Agrawal Securities (PVT) Ltd.,2026-04-27 14:33:38.145551
2026042701036982,NABIL,38,49,52,520.0,27040.0,Dipshikha Dhitopatra Karobar Co. Pvt Ltd.,Online Securities Pvt. Ltd.,2026-04-27 14:34:14.651487
2026042701036983,NABIL,38,54,200,520.0,104000.0,Dipshikha Dhitopatra Karobar Co. Pvt Ltd.,Sewa Securities Pvt. Ltd.,2026-04-27 14:34:14.652357
2026042701036984,NABIL,38,52,79,520.0,41080.0,Dipshikha Dhitopatra Karobar Co. Pvt Ltd.,Sundhara Securities Limited,2026-04-27 14:34:14.653007
2026042701036985,NABIL,38,57,20,520.0,10400.0,Dipshikha Dhitopatra Karobar Co. Pvt Ltd.,Aryatara Investment & Securities,2026-04-27 14:34:14.653614
2026042701036986,NABIL,38,7,324,520.0,168480.0,Dipshikha Dhitopatra Karobar Co. Pvt Ltd.,J.F. Securites (PVT) Ltd.,2026-04-27 14:34:14.654226
2026042701036987,NABIL,38,50,275,520.0,143000.0,Dipshikha Dhitopatra Karobar Co. Pvt Ltd.,Cristal Kanchanjanga Securites Pvt. Ltd.,2026-04-27 14:34:14.654823
2026042701037119,NABIL,38,50,950,520.0,494000.0,Dipshikha Dhitopatra Karobar Co. Pvt Ltd.,Cristal Kanchanjanga Securites Pvt. Ltd.,2026-04-27 14:34:54.186135
2026042701037172,NABIL,4,58,3,520.0,1560.0,Opal Securities Investment (PVT) Ltd.,Naasa Securities Co. Ltd.,2026-04-27 14:35:12.937862
2026042701037305,NABIL,38,50,518,520.0,269360.0,Dipshikha Dhitopatra Karobar Co. Pvt Ltd.,Cristal Kanchanjanga Securites Pvt. Ltd.,2026-04-27 14:35:56.745865
2026042701037306,NABIL,38,21,20,520.0,10400.0,Dipshikha Dhitopatra Karobar Co. Pvt Ltd.,Midas Stock Broking Company Private Limited,2026-04-27 14:35:56.746723
2026042701037307,NABIL,38,38,10,520.0,5200.0,Dipshikha Dhitopatra Karobar Co. Pvt Ltd.,Dipshikha Dhitopatra Karobar Co. Pvt Ltd.,2026-04-27 14:35:56.747369
2026042701037321,NABIL,38,58,50,520.0,26000.0,Dipshikha Dhitopatra Karobar Co. Pvt Ltd.,Naasa Securities Co. Ltd.,2026-04-27 14:36:03.289993
2026042701037346,NABIL,38,49,272,520.0,141440.0,Dipshikha Dhitopatra Karobar Co. Pvt Ltd.,Online Securities Pvt. Ltd.,2026-04-27 14:36:12.190624
2026042701037551,NABIL,58,58,3,534.0,1602.0,Naasa Securities Co. Ltd.,Naasa Securities Co. Ltd.,2026-04-27 14:37:06.785584
2026042701037578,NABIL,95,49,112,520.0,58240.0,Magnet Securities and Investment Company Private Limited,Online Securities Pvt. Ltd.,2026-04-27 14:37:15.507014
2026042701037845,NABIL,58,41,10,519.0,5190.0,Naasa Securities Co. Ltd.,Linch Stock Market Ltd.,2026-04-27 14:38:32.253642
2026042701037970,NABIL,49,49,190,520.0,98800.0,Online Securities Pvt. Ltd.,Online Securities Pvt. Ltd.,2026-04-27 14:39:19.587021
2026042701038042,NABIL,44,19,63,520.0,32760.0,Dynamic Money Managers Securities Pvt. Ltd.,Nepal Investment And Securities Trading Private Limited,2026-04-27 14:39:51.828624
2026042701038747,NABIL,58,28,10,519.9,5199.0,Naasa Securities Co. Ltd.,Shree Krishna Securities Ltd.,2026-04-27 14:42:51.751432
2026042701038998,NABIL,58,28,10,519.9,5199.0,Naasa Securities Co. Ltd.,Shree Krishna Securities Ltd.,2026-04-27 14:43:58.384252
2026042701039006,NABIL,57,52,4,510.0,2040.0,Aryatara Investment & Securities,Sundhara Securities Limited,2026-04-27 14:44:01.335899
2026042701039051,NABIL,58,58,60,519.0,31140.0,Naasa Securities Co. Ltd.,Naasa Securities Co. Ltd.,2026-04-27 14:44:10.471934
2026042701039052,NABIL,57,58,72,519.0,37368.0,Aryatara Investment & Securities,Naasa Securities Co. Ltd.,2026-04-27 14:44:10.472406
2026042701039053,NABIL,21,58,40,519.0,20760.0,Midas Stock Broking Company Private Limited,Naasa Securities Co. Ltd.,2026-04-27 14:44:10.472614
2026042701039188,NABIL,42,51,20,519.0,10380.0,Sani Securities Company Ltd.,Oxford Securities Pvt. Ltd.,2026-04-27 14:44:57.555717
2026042701039189,NABIL,42,51,21,519.0,10899.0,Sani Securities Company Ltd.,Oxford Securities Pvt. Ltd.,2026-04-27 14:44:57.556610
2026042701039190,NABIL,35,51,200,518.6,103720.0,Kohinoor Investment & Securities Pvt. Ltd.,Oxford Securities Pvt. Ltd.,2026-04-27 14:44:57.557274
2026042701039191,NABIL,39,51,40,518.5,20740.0,Sumeru Securities Pvt. Ltd.,Oxford Securities Pvt. Ltd.,2026-04-27 14:44:57.557922
2026042701039192,NABIL,58,51,12,518.5,6222.0,Naasa Securities Co. Ltd.,Oxford Securities Pvt. Ltd.,2026-04-27 14:44:57.558553
2026042701039193,NABIL,45,51,91,518.4,47174.4,Imperial Securities Company Pvt. Ltd.,Oxford Securities Pvt. Ltd.,2026-04-27 14:44:57.559182
2026042701039382,NABIL,58,58,39,519.0,20241.0,Naasa Securities Co. Ltd.,Naasa Securities Co. Ltd.,2026-04-27 14:46:02.775581
2026042701039458,NABIL,45,58,400,518.4,207360.0,Imperial Securities Company Pvt. Ltd.,Naasa Securities Co. Ltd.,2026-04-27 14:46:19.507853
2026042701039871,NABIL,58,28,100,519.9,51990.0,Naasa Securities Co. Ltd.,Shree Krishna Securities Ltd.,2026-04-27 14:47:41.583331
2026042701039904,NABIL,41,49,10,518.5,5185.0,Linch Stock Market Ltd.,Online Securities Pvt. Ltd.,2026-04-27 14:47:52.915400
2026042701039905,NABIL,57,49,35,518.2,18137.0,Aryatara Investment & Securities,Online Securities Pvt. Ltd.,2026-04-27 14:47:52.915835
2026042701040095,NABIL,29,6,10,518.2,5182.0,Trisul Securities & Invt. Ltd.,Agrawal Securities (PVT) Ltd.,2026-04-27 14:48:44.887364
2026042701040298,NABIL,58,17,7,520.0,3640.0,Naasa Securities Co. Ltd.,ABC Securities Private Limited,2026-04-27 14:49:39.833610
2026042701040344,NABIL,4,49,19,519.5,9870.5,Opal Securities Investment (PVT) Ltd.,Online Securities Pvt. Ltd.,2026-04-27 14:49:54.467274
2026042701040542,NABIL,8,41,5,518.0,2590.0,Brilliant Securities Pvt. Ltd.,Linch Stock Market Ltd.,2026-04-27 14:50:37.291338
2026042701040831,NABIL,58,49,12,519.5,6234.0,Naasa Securities Co. Ltd.,Online Securities Pvt. Ltd.,2026-04-27 14:51:38.952505
2026042701040925,NABIL,51,34,160,519.1,83056.0,Oxford Securities Pvt. Ltd.,Vision Securities Pvt. Ltd,2026-04-27 14:52:00.855644
2026042701040959,NABIL,77,49,169,519.5,87795.5,Nabil Stock Dealer Ltd.,Online Securities Pvt. Ltd.,2026-04-27 14:52:13.688353
2026042701040960,NABIL,77,41,120,519.5,62340.0,Nabil Stock Dealer Ltd.,Linch Stock Market Ltd.,2026-04-27 14:52:13.688814
2026042701041053,NABIL,77,28,1411,519.9,733578.9,Nabil Stock Dealer Ltd.,Shree Krishna Securities Ltd.,2026-04-27 14:52:44.282768
2026042701041096,NABIL,8,25,5,519.1,2595.5,Brilliant Securities Pvt. Ltd.,Sweta Securities Private Limited,2026-04-27 14:52:54.268389
2026042701041100,NABIL,49,58,50,519.5,25975.0,Online Securities Pvt. Ltd.,Naasa Securities Co. Ltd.,2026-04-27 14:52:55.069062
2026042701041112,NABIL,44,58,243,519.5,126238.5,Dynamic Money Managers Securities Pvt. Ltd.,Naasa Securities Co. Ltd.,2026-04-27 14:52:57.100904
2026042701041113,NABIL,44,28,537,519.9,279186.3,Dynamic Money Managers Securities Pvt. Ltd.,Shree Krishna Securities Ltd.,2026-04-27 14:52:57.101930
2026042701041527,NABIL,45,58,10,519.8,5198.0,Imperial Securities Company Pvt. Ltd.,Naasa Securities Co. Ltd.,2026-04-27 14:54:33.694228
2026042701041528,NABIL,45,28,60,519.9,31194.0,Imperial Securities Company Pvt. Ltd.,Shree Krishna Securities Ltd.,2026-04-27 14:54:33.694672
2026042701041789,NABIL,51,28,230,519.9,119577.0,Oxford Securities Pvt. Ltd.,Shree Krishna Securities Ltd.,2026-04-27 14:55:21.846715
2026042701041851,NABIL,8,43,7,519.2,3634.4,Brilliant Securities Pvt. Ltd.,South Asian Bulls Pvt. Ltd.,2026-04-27 14:55:32.567775
2026042701041888,NABIL,47,36,200,519.2,103840.0,Neev Securities Pvt. Ltd.,Secured Securities Ltd.,2026-04-27 14:55:40.393491
2026042701041992,NABIL,57,36,100,519.2,51920.0,Aryatara Investment & Securities,Secured Securities Ltd.,2026-04-27 14:56:00.428020
2026042701041997,NABIL,38,36,100,519.2,51920.0,Dipshikha Dhitopatra Karobar Co. Pvt Ltd.,Secured Securities Ltd.,2026-04-27 14:56:00.803411
2026042701042003,NABIL,58,16,10,519.0,5190.0,Naasa Securities Co. Ltd.,Primo Securities (PVT) Ltd.,2026-04-27 14:56:03.675219
2026042701042197,NABIL,32,56,188,518.6,97496.8,Premier Securities Company Ltd.,Sri Hari Securities Pvt. Ltd.,2026-04-27 14:56:36.719606
2026042701042211,NABIL,8,16,90,519.0,46710.0,Brilliant Securities Pvt. Ltd.,Primo Securities (PVT) Ltd.,2026-04-27 14:56:42.065878
2026042701042325,NABIL,14,35,20,519.0,10380.0,Nepal Stock House (PVT) Ltd.,Kohinoor Investment & Securities Pvt. Ltd.,2026-04-27 14:56:51.885262
2026042701042510,NABIL,13,56,100,519.0,51900.0,Thrive Brokerage House Pvt. Ltd,Sri Hari Securities Pvt. Ltd.,2026-04-27 14:57:19.494590
2026042701042653,NABIL,56,56,200,519.0,103800.0,Sri Hari Securities Pvt. Ltd.,Sri Hari Securities Pvt. Ltd.,2026-04-27 14:57:39.603357
2026042701042686,NABIL,42,48,30,519.2,15576.0,Sani Securities Company Ltd.,Trishakti Securities Public Limited,2026-04-27 14:57:46.119383
2026042701043010,NABIL,96,48,61,519.2,31671.2,Himalayan Securities Limited,Trishakti Securities Public Limited,2026-04-27 14:58:25.455278
2026042701043016,NABIL,56,71,30,519.0,15570.0,Sri Hari Securities Pvt. Ltd.,SHUBHAKAMANA SECURITIES PVT. LTD,2026-04-27 14:58:26.393956
2026042701043039,NABIL,8,36,2,519.2,1038.4,Brilliant Securities Pvt. Ltd.,Secured Securities Ltd.,2026-04-27 14:58:30.547415
2026042701043108,NABIL,54,48,100,519.2,51920.0,Sewa Securities Pvt. Ltd.,Trishakti Securities Public Limited,2026-04-27 14:58:41.196231
2026042701043170,NABIL,56,26,50,519.0,25950.0,Sri Hari Securities Pvt. Ltd.,Asian Securities Private Ltd.,2026-04-27 14:58:49.188861
2026042701043234,NABIL,8,36,1,519.3,519.3,Brilliant Securities Pvt. Ltd.,Secured Securities Ltd.,2026-04-27 14:58:57.361215
2026042701043428,NABIL,57,49,70,519.1,36337.0,Aryatara Investment & Securities,Online Securities Pvt. Ltd.,2026-04-27 14:59:14.937267
2026042701043429,NABIL,57,48,39,519.2,20248.8,Aryatara Investment & Securities,Trishakti Securities Public Limited,2026-04-27 14:59:14.937323
2026042701043430,NABIL,57,53,20,519.8,10396.0,Aryatara Investment & Securities,Investment Management Nepal Pvt. Ltd.,2026-04-27 14:59:14.937365
2026042701043431,NABIL,57,28,71,519.9,36912.9,Aryatara Investment & Securities,Shree Krishna Securities Ltd.,2026-04-27 14:59:14.937408
2026042701043784,NABIL,58,45,80,519.1,41528.0,Naasa Securities Co. Ltd.,Imperial Securities Company Pvt. Ltd.,2026-04-27 14:59:35.034791
2026042701043789,NABIL,58,41,20,519.2,10384.0,Naasa Securities Co. Ltd.,Linch Stock Market Ltd.,2026-04-27 14:59:35.256618
2026042701044324,NABIL,58,45,239,519.2,124088.8,Naasa Securities Co. Ltd.,Imperial Securities Company Pvt. Ltd.,2026-04-27 14:59:59.781003
