contract_id,symbol,buyer_member_id,seller_member_id,volume,price,amount,buyer_broker,seller_broker,transaction_time
2026042701000384,NBL,58,44,147,275.0,40425.0,Naasa Securities Co. Ltd.,Dynamic Money Managers Securities Pvt. Ltd.,2026-04-27 11:01:24.380186
2026042701000460,NBL,58,44,175,275.0,48125.0,Naasa Securities Co. Ltd.,Dynamic Money Managers Securities Pvt. Ltd.,2026-04-27 11:01:38.025357
2026042701000461,NBL,41,44,100,275.0,27500.0,Linch Stock Market Ltd.,Dynamic Money Managers Securities Pvt. Ltd.,2026-04-27 11:01:38.025446
2026042701001063,NBL,58,14,25,275.8,6895.0,Naasa Securities Co. Ltd.,Nepal Stock House (PVT) Ltd.,2026-04-27 11:03:55.473526
2026042701001233,NBL,17,14,300,275.8,82740.0,ABC Securities Private Limited,Nepal Stock House (PVT) Ltd.,2026-04-27 11:04:28.781469
2026042701001439,NBL,49,14,100,275.8,27580.0,Online Securities Pvt. Ltd.,Nepal Stock House (PVT) Ltd.,2026-04-27 11:05:21.626329
2026042701001576,NBL,49,14,200,275.8,55160.0,Online Securities Pvt. Ltd.,Nepal Stock House (PVT) Ltd.,2026-04-27 11:05:54.966169
2026042701001582,NBL,34,64,100,275.0,27500.0,Vision Securities Pvt. Ltd,SUN SECURITIES PVT LTD,2026-04-27 11:05:56.578106
2026042701001583,NBL,21,64,500,275.0,137500.0,Midas Stock Broking Company Private Limited,SUN SECURITIES PVT LTD,2026-04-27 11:05:56.578171
2026042701001677,NBL,19,64,29,275.0,7975.0,Nepal Investment And Securities Trading Private Limited,SUN SECURITIES PVT LTD,2026-04-27 11:06:17.899086
2026042701001966,NBL,36,74,10,274.0,2740.0,Secured Securities Ltd.,KALASH STOCK MARKET PVT. LTD.,2026-04-27 11:07:20.840859
2026042701003790,NBL,59,14,275,274.9,75597.5,Deevyaa Securities & Stock House Pvt. Ltd,Nepal Stock House (PVT) Ltd.,2026-04-27 11:11:34.627367
2026042701003791,NBL,59,64,1225,275.0,336875.0,Deevyaa Securities & Stock House Pvt. Ltd,SUN SECURITIES PVT LTD,2026-04-27 11:11:34.627479
2026042701003924,NBL,38,64,146,275.0,40150.0,Dipshikha Dhitopatra Karobar Co. Pvt Ltd.,SUN SECURITIES PVT LTD,2026-04-27 11:11:59.030518
2026042701003925,NBL,38,50,669,275.0,183975.0,Dipshikha Dhitopatra Karobar Co. Pvt Ltd.,Cristal Kanchanjanga Securites Pvt. Ltd.,2026-04-27 11:11:59.030708
2026042701003926,NBL,38,50,185,275.0,50875.0,Dipshikha Dhitopatra Karobar Co. Pvt Ltd.,Cristal Kanchanjanga Securites Pvt. Ltd.,2026-04-27 11:11:59.030848
2026042701003970,NBL,41,50,78,275.0,21450.0,Linch Stock Market Ltd.,Cristal Kanchanjanga Securites Pvt. Ltd.,2026-04-27 11:12:07.691481
2026042701003984,NBL,53,50,237,275.0,65175.0,Investment Management Nepal Pvt. Ltd.,Cristal Kanchanjanga Securites Pvt. Ltd.,2026-04-27 11:12:10.817121
2026042701003985,NBL,53,38,122,275.0,33550.0,Investment Management Nepal Pvt. Ltd.,Dipshikha Dhitopatra Karobar Co. Pvt Ltd.,2026-04-27 11:12:10.817319
2026042701004027,NBL,53,34,300,275.0,82500.0,Investment Management Nepal Pvt. Ltd.,Vision Securities Pvt. Ltd,2026-04-27 11:12:20.310666
2026042701004337,NBL,53,37,100,275.0,27500.0,Investment Management Nepal Pvt. Ltd.,Swarna Laxmi Securities Pvt. Ltd.,2026-04-27 11:13:30.036838
2026042701005210,NBL,53,34,241,275.0,66275.0,Investment Management Nepal Pvt. Ltd.,Vision Securities Pvt. Ltd,2026-04-27 11:16:27.039271
2026042701005211,NBL,49,34,59,275.0,16225.0,Online Securities Pvt. Ltd.,Vision Securities Pvt. Ltd,2026-04-27 11:16:27.039462
2026042701005277,NBL,49,34,41,275.0,11275.0,Online Securities Pvt. Ltd.,Vision Securities Pvt. Ltd,2026-04-27 11:16:41.248594
2026042701005950,NBL,49,58,10,274.1,2741.0,Online Securities Pvt. Ltd.,Naasa Securities Co. Ltd.,2026-04-27 11:19:08.509123
2026042701006348,NBL,57,45,20,275.0,5500.0,Aryatara Investment & Securities,Imperial Securities Company Pvt. Ltd.,2026-04-27 11:20:30.494020
2026042701006430,NBL,57,34,30,275.0,8250.0,Aryatara Investment & Securities,Vision Securities Pvt. Ltd,2026-04-27 11:20:51.332197
2026042701006431,NBL,91,34,10,275.0,2750.0,Citizens Share Broker Limited,Vision Securities Pvt. Ltd,2026-04-27 11:20:51.332422
2026042701006534,NBL,39,57,26,274.2,7129.2,Sumeru Securities Pvt. Ltd.,Aryatara Investment & Securities,2026-04-27 11:21:20.017417
2026042701006535,NBL,57,57,50,274.2,13710.0,Aryatara Investment & Securities,Aryatara Investment & Securities,2026-04-27 11:21:20.017531
2026042701006536,NBL,49,57,90,274.1,24669.0,Online Securities Pvt. Ltd.,Aryatara Investment & Securities,2026-04-27 11:21:20.017596
2026042701006537,NBL,49,57,100,274.1,27410.0,Online Securities Pvt. Ltd.,Aryatara Investment & Securities,2026-04-27 11:21:20.017646
2026042701006538,NBL,101,57,250,274.0,68500.0,APPLE SECURITIES PRIVATE LIMITED,Aryatara Investment & Securities,2026-04-27 11:21:20.017695
2026042701006539,NBL,48,57,500,274.0,137000.0,Trishakti Securities Public Limited,Aryatara Investment & Securities,2026-04-27 11:21:20.017742
2026042701006540,NBL,17,57,192,274.0,52608.0,ABC Securities Private Limited,Aryatara Investment & Securities,2026-04-27 11:21:20.017788
2026042701006541,NBL,49,57,84,274.0,23016.0,Online Securities Pvt. Ltd.,Aryatara Investment & Securities,2026-04-27 11:21:20.017834
2026042701006847,NBL,58,53,10,275.0,2750.0,Naasa Securities Co. Ltd.,Investment Management Nepal Pvt. Ltd.,2026-04-27 11:22:42.833736
2026042701006987,NBL,57,53,690,275.0,189750.0,Aryatara Investment & Securities,Investment Management Nepal Pvt. Ltd.,2026-04-27 11:23:13.491807
2026042701006988,NBL,57,45,810,275.7,223317.0,Aryatara Investment & Securities,Imperial Securities Company Pvt. Ltd.,2026-04-27 11:23:13.491971
2026042701007114,NBL,38,45,10,275.7,2757.0,Dipshikha Dhitopatra Karobar Co. Pvt Ltd.,Imperial Securities Company Pvt. Ltd.,2026-04-27 11:23:37.728583
2026042701007196,NBL,26,45,25,275.7,6892.5,Asian Securities Private Ltd.,Imperial Securities Company Pvt. Ltd.,2026-04-27 11:23:59.527888
2026042701007543,NBL,49,4,20,274.1,5482.0,Online Securities Pvt. Ltd.,Opal Securities Investment (PVT) Ltd.,2026-04-27 11:25:29.998626
2026042701007831,NBL,38,36,180,275.1,49518.0,Dipshikha Dhitopatra Karobar Co. Pvt Ltd.,Secured Securities Ltd.,2026-04-27 11:26:45.840967
2026042701008091,NBL,38,34,270,275.1,74277.0,Dipshikha Dhitopatra Karobar Co. Pvt Ltd.,Vision Securities Pvt. Ltd,2026-04-27 11:28:02.058334
2026042701008485,NBL,39,34,60,274.0,16440.0,Sumeru Securities Pvt. Ltd.,Vision Securities Pvt. Ltd,2026-04-27 11:29:36.699005
2026042701008757,NBL,58,45,15,274.9,4123.5,Naasa Securities Co. Ltd.,Imperial Securities Company Pvt. Ltd.,2026-04-27 11:31:05.138695
2026042701008935,NBL,39,39,40,274.0,10960.0,Sumeru Securities Pvt. Ltd.,Sumeru Securities Pvt. Ltd.,2026-04-27 11:31:58.000716
2026042701008936,NBL,49,39,80,273.4,21872.0,Online Securities Pvt. Ltd.,Sumeru Securities Pvt. Ltd.,2026-04-27 11:31:58.000804
2026042701008937,NBL,11,39,690,273.2,188508.0,Malla & Malla Stock Broking Company Pvt. Limited,Sumeru Securities Pvt. Ltd.,2026-04-27 11:31:58.000878
2026042701008938,NBL,49,39,40,273.1,10924.0,Online Securities Pvt. Ltd.,Sumeru Securities Pvt. Ltd.,2026-04-27 11:31:58.000937
2026042701008982,NBL,49,38,60,273.1,16386.0,Online Securities Pvt. Ltd.,Dipshikha Dhitopatra Karobar Co. Pvt Ltd.,2026-04-27 11:32:14.030324
2026042701008983,NBL,42,38,910,273.1,248521.0,Sani Securities Company Ltd.,Dipshikha Dhitopatra Karobar Co. Pvt Ltd.,2026-04-27 11:32:14.030560
2026042701008984,NBL,41,38,30,273.0,8190.0,Linch Stock Market Ltd.,Dipshikha Dhitopatra Karobar Co. Pvt Ltd.,2026-04-27 11:32:14.030725
2026042701009637,NBL,58,45,66,274.9,18143.4,Naasa Securities Co. Ltd.,Imperial Securities Company Pvt. Ltd.,2026-04-27 11:35:19.847600
2026042701010385,NBL,58,34,329,273.3,89915.7,Naasa Securities Co. Ltd.,Vision Securities Pvt. Ltd,2026-04-27 11:39:03.443971
2026042701010386,NBL,49,34,100,273.2,27320.0,Online Securities Pvt. Ltd.,Vision Securities Pvt. Ltd,2026-04-27 11:39:03.444111
2026042701010387,NBL,41,34,20,273.0,5460.0,Linch Stock Market Ltd.,Vision Securities Pvt. Ltd,2026-04-27 11:39:03.444191
2026042701010388,NBL,39,34,100,273.0,27300.0,Sumeru Securities Pvt. Ltd.,Vision Securities Pvt. Ltd,2026-04-27 11:39:03.444260
2026042701010389,NBL,57,34,500,273.0,136500.0,Aryatara Investment & Securities,Vision Securities Pvt. Ltd,2026-04-27 11:39:03.444322
2026042701010390,NBL,42,34,364,273.0,99372.0,Sani Securities Company Ltd.,Vision Securities Pvt. Ltd,2026-04-27 11:39:03.444387
2026042701010391,NBL,58,34,70,273.0,19110.0,Naasa Securities Co. Ltd.,Vision Securities Pvt. Ltd,2026-04-27 11:39:03.444460
2026042701010392,NBL,45,34,14,273.0,3822.0,Imperial Securities Company Pvt. Ltd.,Vision Securities Pvt. Ltd,2026-04-27 11:39:03.444526
2026042701010621,NBL,77,58,45,274.0,12330.0,Nabil Stock Dealer Ltd.,Naasa Securities Co. Ltd.,2026-04-27 11:40:09.874771
2026042701010742,NBL,49,11,100,273.5,27350.0,Online Securities Pvt. Ltd.,Malla & Malla Stock Broking Company Pvt. Limited,2026-04-27 11:40:56.377974
2026042701010808,NBL,45,64,986,273.0,269178.0,Imperial Securities Company Pvt. Ltd.,SUN SECURITIES PVT LTD,2026-04-27 11:41:16.266884
2026042701010809,NBL,14,64,145,273.0,39585.0,Nepal Stock House (PVT) Ltd.,SUN SECURITIES PVT LTD,2026-04-27 11:41:16.267176
2026042701011348,NBL,49,58,100,272.6,27260.0,Online Securities Pvt. Ltd.,Naasa Securities Co. Ltd.,2026-04-27 11:43:56.614774
2026042701011349,NBL,58,58,85,272.6,23171.0,Naasa Securities Co. Ltd.,Naasa Securities Co. Ltd.,2026-04-27 11:43:56.615050
2026042701011507,NBL,58,11,115,272.6,31349.0,Naasa Securities Co. Ltd.,Malla & Malla Stock Broking Company Pvt. Limited,2026-04-27 11:44:54.595330
2026042701011508,NBL,49,11,100,272.1,27210.0,Online Securities Pvt. Ltd.,Malla & Malla Stock Broking Company Pvt. Limited,2026-04-27 11:44:54.595615
2026042701011509,NBL,41,11,100,272.0,27200.0,Linch Stock Market Ltd.,Malla & Malla Stock Broking Company Pvt. Limited,2026-04-27 11:44:54.595883
2026042701011510,NBL,50,11,201,272.0,54672.0,Cristal Kanchanjanga Securites Pvt. Ltd.,Malla & Malla Stock Broking Company Pvt. Limited,2026-04-27 11:44:54.596088
2026042701011922,NBL,38,74,10,274.4,2744.0,Dipshikha Dhitopatra Karobar Co. Pvt Ltd.,KALASH STOCK MARKET PVT. LTD.,2026-04-27 11:47:02.409095
2026042701012037,NBL,57,14,200,274.0,54800.0,Aryatara Investment & Securities,Nepal Stock House (PVT) Ltd.,2026-04-27 11:47:31.563321
2026042701012084,NBL,57,41,300,274.0,82200.0,Aryatara Investment & Securities,Linch Stock Market Ltd.,2026-04-27 11:47:49.628324
2026042701012177,NBL,34,41,10,274.0,2740.0,Vision Securities Pvt. Ltd,Linch Stock Market Ltd.,2026-04-27 11:48:24.544270
2026042701013293,NBL,17,82,200,274.0,54800.0,ABC Securities Private Limited,N.M.B. SECURITIES LIMITED,2026-04-27 11:53:04.887569
2026042701013912,NBL,58,58,20,273.0,5460.0,Naasa Securities Co. Ltd.,Naasa Securities Co. Ltd.,2026-04-27 11:56:17.396906
2026042701014729,NBL,11,48,100,274.0,27400.0,Malla & Malla Stock Broking Company Pvt. Limited,Trishakti Securities Public Limited,2026-04-27 12:00:33.186253
2026042701014730,NBL,11,19,400,274.0,109600.0,Malla & Malla Stock Broking Company Pvt. Limited,Nepal Investment And Securities Trading Private Limited,2026-04-27 12:00:33.186619
2026042701015121,NBL,58,19,60,273.0,16380.0,Naasa Securities Co. Ltd.,Nepal Investment And Securities Trading Private Limited,2026-04-27 12:03:21.204057
2026042701015122,NBL,58,19,50,272.9,13645.0,Naasa Securities Co. Ltd.,Nepal Investment And Securities Trading Private Limited,2026-04-27 12:03:21.204372
2026042701015123,NBL,25,19,100,272.8,27280.0,Sweta Securities Private Limited,Nepal Investment And Securities Trading Private Limited,2026-04-27 12:03:21.204588
2026042701015124,NBL,58,19,350,272.7,95445.0,Naasa Securities Co. Ltd.,Nepal Investment And Securities Trading Private Limited,2026-04-27 12:03:21.204810
2026042701015125,NBL,10,19,200,272.3,54460.0,Pragyan Securities (PVT) Ltd.,Nepal Investment And Securities Trading Private Limited,2026-04-27 12:03:21.205041
2026042701015126,NBL,50,19,124,272.0,33728.0,Cristal Kanchanjanga Securites Pvt. Ltd.,Nepal Investment And Securities Trading Private Limited,2026-04-27 12:03:21.205262
2026042701015127,NBL,41,19,25,272.0,6800.0,Linch Stock Market Ltd.,Nepal Investment And Securities Trading Private Limited,2026-04-27 12:03:21.205465
2026042701015128,NBL,35,19,91,272.0,24752.0,Kohinoor Investment & Securities Pvt. Ltd.,Nepal Investment And Securities Trading Private Limited,2026-04-27 12:03:21.205660
2026042701016682,NBL,62,10,10,272.5,2725.0,Capital Max Securities Ltd,Pragyan Securities (PVT) Ltd.,2026-04-27 12:14:30.196374
2026042701017090,NBL,25,14,30,272.2,8166.0,Sweta Securities Private Limited,Nepal Stock House (PVT) Ltd.,2026-04-27 12:17:04.026152
2026042701017274,NBL,25,45,70,272.2,19054.0,Sweta Securities Private Limited,Imperial Securities Company Pvt. Ltd.,2026-04-27 12:17:46.892171
2026042701017414,NBL,3,10,39,272.5,10627.5,Arun Securities (PVT) Ltd.,Pragyan Securities (PVT) Ltd.,2026-04-27 12:18:30.245007
2026042701017812,NBL,62,33,14,272.3,3812.2,Capital Max Securities Ltd,Dakshinkali Investment & Securities Pvt. Ltd.,2026-04-27 12:20:52.936251
2026042701017813,NBL,45,33,329,272.2,89553.8,Imperial Securities Company Pvt. Ltd.,Dakshinkali Investment & Securities Pvt. Ltd.,2026-04-27 12:20:52.936627
2026042701018730,NBL,45,51,671,272.2,182646.2,Imperial Securities Company Pvt. Ltd.,Oxford Securities Pvt. Ltd.,2026-04-27 12:27:11.738434
2026042701018731,NBL,11,51,400,272.1,108840.0,Malla & Malla Stock Broking Company Pvt. Limited,Oxford Securities Pvt. Ltd.,2026-04-27 12:27:11.738653
2026042701018732,NBL,35,51,409,272.0,111248.0,Kohinoor Investment & Securities Pvt. Ltd.,Oxford Securities Pvt. Ltd.,2026-04-27 12:27:11.738745
2026042701018733,NBL,42,51,90,272.0,24480.0,Sani Securities Company Ltd.,Oxford Securities Pvt. Ltd.,2026-04-27 12:27:11.738823
2026042701018734,NBL,3,51,682,272.0,185504.0,Arun Securities (PVT) Ltd.,Oxford Securities Pvt. Ltd.,2026-04-27 12:27:11.738903
2026042701018889,NBL,65,41,55,273.9,15064.5,Sharepro Securities Private Limited,Linch Stock Market Ltd.,2026-04-27 12:28:23.227733
2026042701019008,NBL,65,41,18,273.9,4930.2,Sharepro Securities Private Limited,Linch Stock Market Ltd.,2026-04-27 12:29:19.948977
2026042701019254,NBL,65,41,18,273.9,4930.2,Sharepro Securities Private Limited,Linch Stock Market Ltd.,2026-04-27 12:30:49.192551
2026042701019294,NBL,41,45,28,272.1,7618.8,Linch Stock Market Ltd.,Imperial Securities Company Pvt. Ltd.,2026-04-27 12:31:10.333548
2026042701019295,NBL,16,45,50,272.1,13605.0,Primo Securities (PVT) Ltd.,Imperial Securities Company Pvt. Ltd.,2026-04-27 12:31:10.333915
2026042701019296,NBL,3,45,38,272.0,10336.0,Arun Securities (PVT) Ltd.,Imperial Securities Company Pvt. Ltd.,2026-04-27 12:31:10.334186
2026042701019342,NBL,65,41,19,273.9,5204.1,Sharepro Securities Private Limited,Linch Stock Market Ltd.,2026-04-27 12:31:24.783564
2026042701019477,NBL,65,41,19,273.9,5204.1,Sharepro Securities Private Limited,Linch Stock Market Ltd.,2026-04-27 12:32:42.112002
2026042701019538,NBL,65,41,18,273.9,4930.2,Sharepro Securities Private Limited,Linch Stock Market Ltd.,2026-04-27 12:33:12.029839
2026042701019598,NBL,65,41,19,273.9,5204.1,Sharepro Securities Private Limited,Linch Stock Market Ltd.,2026-04-27 12:33:36.041931
2026042701019719,NBL,65,41,73,273.9,19994.7,Sharepro Securities Private Limited,Linch Stock Market Ltd.,2026-04-27 12:34:21.451080
2026042701019801,NBL,65,41,19,273.9,5204.1,Sharepro Securities Private Limited,Linch Stock Market Ltd.,2026-04-27 12:35:03.472496
2026042701020144,NBL,3,22,100,273.0,27300.0,Arun Securities (PVT) Ltd.,Siprabi Securities Pvt. Ltd.,2026-04-27 12:37:38.777858
2026042701021256,NBL,3,25,500,272.2,136100.0,Arun Securities (PVT) Ltd.,Sweta Securities Private Limited,2026-04-27 12:45:15.917664
2026042701021267,NBL,58,25,45,272.2,12249.0,Naasa Securities Co. Ltd.,Sweta Securities Private Limited,2026-04-27 12:45:21.056498
2026042701021433,NBL,58,25,50,272.2,13610.0,Naasa Securities Co. Ltd.,Sweta Securities Private Limited,2026-04-27 12:46:58.278616
2026042701021501,NBL,3,19,200,273.0,54600.0,Arun Securities (PVT) Ltd.,Nepal Investment And Securities Trading Private Limited,2026-04-27 12:47:39.928495
2026042701021593,NBL,3,19,88,273.0,24024.0,Arun Securities (PVT) Ltd.,Nepal Investment And Securities Trading Private Limited,2026-04-27 12:48:24.824365
2026042701021852,NBL,3,41,280,273.9,76692.0,Arun Securities (PVT) Ltd.,Linch Stock Market Ltd.,2026-04-27 12:50:35.465092
2026042701021969,NBL,25,10,1000,273.0,273000.0,Sweta Securities Private Limited,Pragyan Securities (PVT) Ltd.,2026-04-27 12:51:57.445349
2026042701023554,NBL,41,58,50,273.5,13675.0,Linch Stock Market Ltd.,Naasa Securities Co. Ltd.,2026-04-27 13:04:36.511645
2026042701023570,NBL,54,58,182,273.5,49777.0,Sewa Securities Pvt. Ltd.,Naasa Securities Co. Ltd.,2026-04-27 13:04:44.166127
2026042701023872,NBL,54,41,152,273.9,41632.8,Sewa Securities Pvt. Ltd.,Linch Stock Market Ltd.,2026-04-27 13:06:53.199268
2026042701023873,NBL,54,43,166,274.0,45484.0,Sewa Securities Pvt. Ltd.,South Asian Bulls Pvt. Ltd.,2026-04-27 13:06:53.199686
2026042701024245,NBL,100,34,500,273.9,136950.0,Sunrise Securities Limited,Vision Securities Pvt. Ltd,2026-04-27 13:09:41.884004
2026042701024246,NBL,100,43,471,274.0,129054.0,Sunrise Securities Limited,South Asian Bulls Pvt. Ltd.,2026-04-27 13:09:41.884427
2026042701024247,NBL,100,41,50,274.0,13700.0,Sunrise Securities Limited,Linch Stock Market Ltd.,2026-04-27 13:09:41.884689
2026042701024248,NBL,100,4,72,274.0,19728.0,Sunrise Securities Limited,Opal Securities Investment (PVT) Ltd.,2026-04-27 13:09:41.884948
2026042701024249,NBL,100,45,500,274.0,137000.0,Sunrise Securities Limited,Imperial Securities Company Pvt. Ltd.,2026-04-27 13:09:41.885211
2026042701024250,NBL,100,21,400,274.0,109600.0,Sunrise Securities Limited,Midas Stock Broking Company Private Limited,2026-04-27 13:09:41.885466
2026042701024251,NBL,100,34,10,274.0,2740.0,Sunrise Securities Limited,Vision Securities Pvt. Ltd,2026-04-27 13:09:41.885718
2026042701024252,NBL,100,26,1116,274.0,305784.0,Sunrise Securities Limited,Asian Securities Private Ltd.,2026-04-27 13:09:41.885967
2026042701024603,NBL,38,58,100,274.0,27400.0,Dipshikha Dhitopatra Karobar Co. Pvt Ltd.,Naasa Securities Co. Ltd.,2026-04-27 13:13:16.245143
2026042701024924,NBL,49,49,16,273.3,4372.8,Online Securities Pvt. Ltd.,Online Securities Pvt. Ltd.,2026-04-27 13:15:50.684646
2026042701025243,NBL,49,58,82,273.3,22410.6,Online Securities Pvt. Ltd.,Naasa Securities Co. Ltd.,2026-04-27 13:17:59.594483
2026042701026349,NBL,49,58,10,274.0,2740.0,Online Securities Pvt. Ltd.,Naasa Securities Co. Ltd.,2026-04-27 13:23:41.605161
2026042701026350,NBL,49,34,190,274.0,52060.0,Online Securities Pvt. Ltd.,Vision Securities Pvt. Ltd,2026-04-27 13:23:41.605437
2026042701026839,NBL,42,34,300,274.0,82200.0,Sani Securities Company Ltd.,Vision Securities Pvt. Ltd,2026-04-27 13:26:36.441121
2026042701026931,NBL,49,34,100,274.0,27400.0,Online Securities Pvt. Ltd.,Vision Securities Pvt. Ltd,2026-04-27 13:27:19.222251
2026042701026960,NBL,35,14,5,272.0,1360.0,Kohinoor Investment & Securities Pvt. Ltd.,Nepal Stock House (PVT) Ltd.,2026-04-27 13:27:37.115204
2026042701026988,NBL,41,34,10,274.0,2740.0,Linch Stock Market Ltd.,Vision Securities Pvt. Ltd,2026-04-27 13:27:42.702183
2026042701027288,NBL,41,74,140,274.4,38416.0,Linch Stock Market Ltd.,KALASH STOCK MARKET PVT. LTD.,2026-04-27 13:29:31.586495
2026042701027289,NBL,41,45,20,274.5,5490.0,Linch Stock Market Ltd.,Imperial Securities Company Pvt. Ltd.,2026-04-27 13:29:31.586932
2026042701027626,NBL,41,6,12,274.5,3294.0,Linch Stock Market Ltd.,Agrawal Securities (PVT) Ltd.,2026-04-27 13:32:06.535035
2026042701027627,NBL,66,6,988,274.2,270909.6,Miyo Securities Pvt Ltd,Agrawal Securities (PVT) Ltd.,2026-04-27 13:32:06.535237
2026042701028242,NBL,35,74,160,274.8,43968.0,Kohinoor Investment & Securities Pvt. Ltd.,KALASH STOCK MARKET PVT. LTD.,2026-04-27 13:35:59.649887
2026042701028243,NBL,35,17,100,274.9,27490.0,Kohinoor Investment & Securities Pvt. Ltd.,ABC Securities Private Limited,2026-04-27 13:35:59.650147
2026042701028244,NBL,35,50,100,274.9,27490.0,Kohinoor Investment & Securities Pvt. Ltd.,Cristal Kanchanjanga Securites Pvt. Ltd.,2026-04-27 13:35:59.650243
2026042701028245,NBL,35,34,500,274.9,137450.0,Kohinoor Investment & Securities Pvt. Ltd.,Vision Securities Pvt. Ltd,2026-04-27 13:35:59.650333
2026042701028246,NBL,35,57,25,275.0,6875.0,Kohinoor Investment & Securities Pvt. Ltd.,Aryatara Investment & Securities,2026-04-27 13:35:59.650424
2026042701028247,NBL,35,58,500,275.0,137500.0,Kohinoor Investment & Securities Pvt. Ltd.,Naasa Securities Co. Ltd.,2026-04-27 13:35:59.650515
2026042701028248,NBL,35,4,100,275.0,27500.0,Kohinoor Investment & Securities Pvt. Ltd.,Opal Securities Investment (PVT) Ltd.,2026-04-27 13:35:59.650602
2026042701028249,NBL,35,40,2009,275.0,552475.0,Kohinoor Investment & Securities Pvt. Ltd.,Creative Securities Pvt Ltd,2026-04-27 13:35:59.650690
2026042701028250,NBL,35,7,380,275.0,104500.0,Kohinoor Investment & Securities Pvt. Ltd.,J.F. Securites (PVT) Ltd.,2026-04-27 13:35:59.650771
2026042701028251,NBL,35,49,116,275.0,31900.0,Kohinoor Investment & Securities Pvt. Ltd.,Online Securities Pvt. Ltd.,2026-04-27 13:35:59.650856
2026042701028252,NBL,35,46,30,275.0,8250.0,Kohinoor Investment & Securities Pvt. Ltd.,Kalika Securities Pvt. Ltd.,2026-04-27 13:35:59.650939
2026042701028253,NBL,35,42,218,275.0,59950.0,Kohinoor Investment & Securities Pvt. Ltd.,Sani Securities Company Ltd.,2026-04-27 13:35:59.651043
2026042701028254,NBL,35,46,10,275.0,2750.0,Kohinoor Investment & Securities Pvt. Ltd.,Kalika Securities Pvt. Ltd.,2026-04-27 13:35:59.651134
2026042701028368,NBL,66,58,10,275.1,2751.0,Miyo Securities Pvt Ltd,Naasa Securities Co. Ltd.,2026-04-27 13:36:52.966660
2026042701028921,NBL,68,19,60,275.5,16530.0,Elite Stock House Limited,Nepal Investment And Securities Trading Private Limited,2026-04-27 13:41:12.890218
2026042701028922,NBL,68,45,155,275.7,42733.5,Elite Stock House Limited,Imperial Securities Company Pvt. Ltd.,2026-04-27 13:41:12.890671
2026042701028923,NBL,68,74,15,276.0,4140.0,Elite Stock House Limited,KALASH STOCK MARKET PVT. LTD.,2026-04-27 13:41:12.890971
2026042701028924,NBL,68,50,770,276.0,212520.0,Elite Stock House Limited,Cristal Kanchanjanga Securites Pvt. Ltd.,2026-04-27 13:41:12.891289
2026042701028943,NBL,57,50,230,276.0,63480.0,Aryatara Investment & Securities,Cristal Kanchanjanga Securites Pvt. Ltd.,2026-04-27 13:41:26.789439
2026042701028944,NBL,57,6,50,276.0,13800.0,Aryatara Investment & Securities,Agrawal Securities (PVT) Ltd.,2026-04-27 13:41:26.789655
2026042701028945,NBL,57,45,55,276.0,15180.0,Aryatara Investment & Securities,Imperial Securities Company Pvt. Ltd.,2026-04-27 13:41:26.789756
2026042701028946,NBL,57,65,4665,276.0,1287540.0,Aryatara Investment & Securities,Sharepro Securities Private Limited,2026-04-27 13:41:26.789846
2026042701029016,NBL,16,42,350,275.2,96320.0,Primo Securities (PVT) Ltd.,Sani Securities Company Ltd.,2026-04-27 13:42:07.567357
2026042701029038,NBL,35,42,20,275.2,5504.0,Kohinoor Investment & Securities Pvt. Ltd.,Sani Securities Company Ltd.,2026-04-27 13:42:21.191428
2026042701029039,NBL,35,65,5335,276.0,1472460.0,Kohinoor Investment & Securities Pvt. Ltd.,Sharepro Securities Private Limited,2026-04-27 13:42:21.191638
2026042701029040,NBL,35,42,379,276.0,104604.0,Kohinoor Investment & Securities Pvt. Ltd.,Sani Securities Company Ltd.,2026-04-27 13:42:21.191730
2026042701029088,NBL,35,65,266,276.0,73416.0,Kohinoor Investment & Securities Pvt. Ltd.,Sharepro Securities Private Limited,2026-04-27 13:42:40.061908
2026042701029280,NBL,58,65,10,276.0,2760.0,Naasa Securities Co. Ltd.,Sharepro Securities Private Limited,2026-04-27 13:43:58.838379
2026042701029862,NBL,84,65,50,276.0,13800.0,MILKY WAY SHARE BROKER COMPANY LTD ,Sharepro Securities Private Limited,2026-04-27 13:47:31.327942
2026042701029998,NBL,66,6,500,275.1,137550.0,Miyo Securities Pvt Ltd,Agrawal Securities (PVT) Ltd.,2026-04-27 13:48:24.783202
2026042701030052,NBL,66,57,232,275.1,63823.2,Miyo Securities Pvt Ltd,Aryatara Investment & Securities,2026-04-27 13:48:57.736546
2026042701030110,NBL,45,65,50,276.0,13800.0,Imperial Securities Company Pvt. Ltd.,Sharepro Securities Private Limited,2026-04-27 13:49:31.635331
2026042701030227,NBL,43,42,30,276.0,8280.0,South Asian Bulls Pvt. Ltd.,Sani Securities Company Ltd.,2026-04-27 13:50:16.031290
2026042701030272,NBL,66,50,390,275.1,107289.0,Miyo Securities Pvt Ltd,Cristal Kanchanjanga Securites Pvt. Ltd.,2026-04-27 13:50:37.810168
2026042701030646,NBL,45,42,10,276.0,2760.0,Imperial Securities Company Pvt. Ltd.,Sani Securities Company Ltd.,2026-04-27 13:53:23.795416
2026042701030723,NBL,42,42,10,276.0,2760.0,Sani Securities Company Ltd.,Sani Securities Company Ltd.,2026-04-27 13:54:05.740706
2026042701030843,NBL,43,42,105,276.0,28980.0,South Asian Bulls Pvt. Ltd.,Sani Securities Company Ltd.,2026-04-27 13:54:46.874376
2026042701031017,NBL,17,47,100,275.2,27520.0,ABC Securities Private Limited,Neev Securities Pvt. Ltd.,2026-04-27 13:56:05.156961
2026042701031141,NBL,17,48,42,275.2,11558.4,ABC Securities Private Limited,Trishakti Securities Public Limited,2026-04-27 13:57:08.110438
2026042701031144,NBL,17,47,30,275.2,8256.0,ABC Securities Private Limited,Neev Securities Pvt. Ltd.,2026-04-27 13:57:10.516499
2026042701031145,NBL,17,19,102,275.2,28070.4,ABC Securities Private Limited,Nepal Investment And Securities Trading Private Limited,2026-04-27 13:57:11.816974
2026042701031268,NBL,42,58,46,275.3,12663.8,Sani Securities Company Ltd.,Naasa Securities Co. Ltd.,2026-04-27 13:58:22.851732
2026042701031448,NBL,7,42,45,276.0,12420.0,J.F. Securites (PVT) Ltd.,Sani Securities Company Ltd.,2026-04-27 13:59:52.146778
2026042701031449,NBL,7,17,190,276.0,52440.0,J.F. Securites (PVT) Ltd.,ABC Securities Private Limited,2026-04-27 13:59:52.147216
2026042701031949,NBL,49,21,100,276.2,27620.0,Online Securities Pvt. Ltd.,Midas Stock Broking Company Private Limited,2026-04-27 14:03:53.745504
2026042701031959,NBL,68,21,100,276.2,27620.0,Elite Stock House Limited,Midas Stock Broking Company Private Limited,2026-04-27 14:04:01.079769
2026042701031960,NBL,68,16,350,276.4,96740.0,Elite Stock House Limited,Primo Securities (PVT) Ltd.,2026-04-27 14:04:01.080060
2026042701031961,NBL,68,64,550,276.5,152075.0,Elite Stock House Limited,SUN SECURITIES PVT LTD,2026-04-27 14:04:01.080348
2026042701031965,NBL,42,64,450,276.5,124425.0,Sani Securities Company Ltd.,SUN SECURITIES PVT LTD,2026-04-27 14:04:03.386013
2026042701032058,NBL,42,13,100,276.2,27620.0,Sani Securities Company Ltd.,Thrive Brokerage House Pvt. Ltd,2026-04-27 14:04:53.306833
2026042701032705,NBL,48,34,59,276.9,16337.1,Trishakti Securities Public Limited,Vision Securities Pvt. Ltd,2026-04-27 14:08:31.808760
2026042701032706,NBL,48,57,41,277.0,11357.0,Trishakti Securities Public Limited,Aryatara Investment & Securities,2026-04-27 14:08:31.809043
2026042701032913,NBL,66,65,6380,276.3,1762794.0,Miyo Securities Pvt Ltd,Sharepro Securities Private Limited,2026-04-27 14:09:50.233377
2026042701032931,NBL,7,13,50,276.9,13845.0,J.F. Securites (PVT) Ltd.,Thrive Brokerage House Pvt. Ltd,2026-04-27 14:09:56.735225
2026042701032932,NBL,7,57,88,277.0,24376.0,J.F. Securites (PVT) Ltd.,Aryatara Investment & Securities,2026-04-27 14:09:56.735669
2026042701032933,NBL,7,50,157,277.0,43489.0,J.F. Securites (PVT) Ltd.,Cristal Kanchanjanga Securites Pvt. Ltd.,2026-04-27 14:09:56.735955
2026042701032946,NBL,42,38,404,276.2,111584.8,Sani Securities Company Ltd.,Dipshikha Dhitopatra Karobar Co. Pvt Ltd.,2026-04-27 14:09:59.620038
2026042701032947,NBL,48,38,40,276.2,11048.0,Trishakti Securities Public Limited,Dipshikha Dhitopatra Karobar Co. Pvt Ltd.,2026-04-27 14:09:59.620500
2026042701032948,NBL,65,38,56,276.0,15456.0,Sharepro Securities Private Limited,Dipshikha Dhitopatra Karobar Co. Pvt Ltd.,2026-04-27 14:09:59.620791
2026042701033235,NBL,42,50,843,277.0,233511.0,Sani Securities Company Ltd.,Cristal Kanchanjanga Securites Pvt. Ltd.,2026-04-27 14:12:19.446358
2026042701033236,NBL,42,50,157,277.0,43489.0,Sani Securities Company Ltd.,Cristal Kanchanjanga Securites Pvt. Ltd.,2026-04-27 14:12:19.446622
2026042701033384,NBL,57,50,843,277.0,233511.0,Aryatara Investment & Securities,Cristal Kanchanjanga Securites Pvt. Ltd.,2026-04-27 14:12:40.302498
2026042701033385,NBL,57,96,157,277.0,43489.0,Aryatara Investment & Securities,Himalayan Securities Limited,2026-04-27 14:12:40.302759
2026042701033496,NBL,48,96,190,277.0,52630.0,Trishakti Securities Public Limited,Himalayan Securities Limited,2026-04-27 14:13:33.547203
2026042701034033,NBL,57,39,100,276.2,27620.0,Aryatara Investment & Securities,Sumeru Securities Pvt. Ltd.,2026-04-27 14:17:28.287218
2026042701034034,NBL,56,39,4900,276.1,1352890.0,Sri Hari Securities Pvt. Ltd.,Sumeru Securities Pvt. Ltd.,2026-04-27 14:17:28.287326
2026042701034093,NBL,42,39,250,276.9,69225.0,Sani Securities Company Ltd.,Sumeru Securities Pvt. Ltd.,2026-04-27 14:17:53.469633
2026042701034371,NBL,42,34,100,276.9,27690.0,Sani Securities Company Ltd.,Vision Securities Pvt. Ltd,2026-04-27 14:19:46.359936
2026042701034428,NBL,42,5,70,276.9,19383.0,Sani Securities Company Ltd.,Market Securities & Exchange (PVT) Ltd.,2026-04-27 14:20:13.419079
2026042701034462,NBL,42,32,400,276.9,110760.0,Sani Securities Company Ltd.,Premier Securities Company Ltd.,2026-04-27 14:20:25.783836
2026042701034493,NBL,42,33,45,276.9,12460.5,Sani Securities Company Ltd.,Dakshinkali Investment & Securities Pvt. Ltd.,2026-04-27 14:20:30.640911
2026042701034791,NBL,72,33,55,276.9,15229.5,Hatemalo Financial Services Private Limited,Dakshinkali Investment & Securities Pvt. Ltd.,2026-04-27 14:22:05.513380
2026042701034816,NBL,3,96,70,277.0,19390.0,Arun Securities (PVT) Ltd.,Himalayan Securities Limited,2026-04-27 14:22:14.671851
2026042701034951,NBL,42,58,38,276.5,10507.0,Sani Securities Company Ltd.,Naasa Securities Co. Ltd.,2026-04-27 14:22:58.270799
2026042701034952,NBL,56,58,198,276.1,54667.8,Sri Hari Securities Pvt. Ltd.,Naasa Securities Co. Ltd.,2026-04-27 14:22:58.271303
2026042701035005,NBL,72,96,83,277.0,22991.0,Hatemalo Financial Services Private Limited,Himalayan Securities Limited,2026-04-27 14:23:15.138692
2026042701035006,NBL,72,4,42,277.0,11634.0,Hatemalo Financial Services Private Limited,Opal Securities Investment (PVT) Ltd.,2026-04-27 14:23:15.139159
2026042701035204,NBL,50,4,1000,277.0,277000.0,Cristal Kanchanjanga Securites Pvt. Ltd.,Opal Securities Investment (PVT) Ltd.,2026-04-27 14:24:12.296677
2026042701035301,NBL,50,10,200,276.9,55380.0,Cristal Kanchanjanga Securites Pvt. Ltd.,Pragyan Securities (PVT) Ltd.,2026-04-27 14:24:35.201346
2026042701035302,NBL,50,4,800,277.0,221600.0,Cristal Kanchanjanga Securites Pvt. Ltd.,Opal Securities Investment (PVT) Ltd.,2026-04-27 14:24:35.201559
2026042701035394,NBL,50,4,100,277.0,27700.0,Cristal Kanchanjanga Securites Pvt. Ltd.,Opal Securities Investment (PVT) Ltd.,2026-04-27 14:24:58.891045
2026042701035448,NBL,34,4,100,277.0,27700.0,Vision Securities Pvt. Ltd,Opal Securities Investment (PVT) Ltd.,2026-04-27 14:25:26.151888
2026042701035574,NBL,22,42,300,276.3,82890.0,Siprabi Securities Pvt. Ltd.,Sani Securities Company Ltd.,2026-04-27 14:26:09.726980
2026042701035653,NBL,56,42,110,276.1,30371.0,Sri Hari Securities Pvt. Ltd.,Sani Securities Company Ltd.,2026-04-27 14:26:34.594452
2026042701035709,NBL,57,44,338,276.9,93592.2,Aryatara Investment & Securities,Dynamic Money Managers Securities Pvt. Ltd.,2026-04-27 14:26:54.393008
2026042701035710,NBL,57,4,2702,277.0,748454.0,Aryatara Investment & Securities,Opal Securities Investment (PVT) Ltd.,2026-04-27 14:26:54.393287
2026042701035711,NBL,57,45,1000,277.0,277000.0,Aryatara Investment & Securities,Imperial Securities Company Pvt. Ltd.,2026-04-27 14:26:54.393406
2026042701035712,NBL,57,4,20,277.0,5540.0,Aryatara Investment & Securities,Opal Securities Investment (PVT) Ltd.,2026-04-27 14:26:54.393504
2026042701035713,NBL,57,49,10,277.0,2770.0,Aryatara Investment & Securities,Online Securities Pvt. Ltd.,2026-04-27 14:26:54.393604
2026042701035714,NBL,57,42,430,277.0,119110.0,Aryatara Investment & Securities,Sani Securities Company Ltd.,2026-04-27 14:26:54.393701
2026042701035739,NBL,50,42,70,277.0,19390.0,Cristal Kanchanjanga Securites Pvt. Ltd.,Sani Securities Company Ltd.,2026-04-27 14:27:02.489457
2026042701035893,NBL,50,38,830,277.0,229910.0,Cristal Kanchanjanga Securites Pvt. Ltd.,Dipshikha Dhitopatra Karobar Co. Pvt Ltd.,2026-04-27 14:27:46.195742
2026042701035982,NBL,33,58,20,276.2,5524.0,Dakshinkali Investment & Securities Pvt. Ltd.,Naasa Securities Co. Ltd.,2026-04-27 14:28:17.891891
2026042701036163,NBL,33,34,36,276.2,9943.2,Dakshinkali Investment & Securities Pvt. Ltd.,Vision Securities Pvt. Ltd,2026-04-27 14:29:18.524439
2026042701036234,NBL,56,10,100,277.9,27790.0,Sri Hari Securities Pvt. Ltd.,Pragyan Securities (PVT) Ltd.,2026-04-27 14:29:43.529981
2026042701036235,NBL,56,80,10,278.0,2780.0,Sri Hari Securities Pvt. Ltd.,Indira securities pvt. ltd,2026-04-27 14:29:43.530473
2026042701036236,NBL,56,10,200,278.9,55780.0,Sri Hari Securities Pvt. Ltd.,Pragyan Securities (PVT) Ltd.,2026-04-27 14:29:43.530786
2026042701036237,NBL,56,66,8300,278.9,2314870.0,Sri Hari Securities Pvt. Ltd.,Miyo Securities Pvt Ltd,2026-04-27 14:29:43.531104
2026042701036244,NBL,56,53,10,278.9,2789.0,Sri Hari Securities Pvt. Ltd.,Investment Management Nepal Pvt. Ltd.,2026-04-27 14:29:47.706137
2026042701036245,NBL,33,53,40,276.2,11048.0,Dakshinkali Investment & Securities Pvt. Ltd.,Investment Management Nepal Pvt. Ltd.,2026-04-27 14:29:47.706400
2026042701036315,NBL,56,58,10,279.0,2790.0,Sri Hari Securities Pvt. Ltd.,Naasa Securities Co. Ltd.,2026-04-27 14:30:12.651002
2026042701036316,NBL,56,74,20,279.0,5580.0,Sri Hari Securities Pvt. Ltd.,KALASH STOCK MARKET PVT. LTD.,2026-04-27 14:30:12.651248
2026042701036317,NBL,56,39,20,279.0,5580.0,Sri Hari Securities Pvt. Ltd.,Sumeru Securities Pvt. Ltd.,2026-04-27 14:30:12.651353
2026042701036952,NBL,33,17,404,276.2,111584.8,Dakshinkali Investment & Securities Pvt. Ltd.,ABC Securities Private Limited,2026-04-27 14:34:05.025204
2026042701036953,NBL,62,17,500,276.1,138050.0,Capital Max Securities Ltd,ABC Securities Private Limited,2026-04-27 14:34:05.025512
2026042701036954,NBL,65,17,96,276.0,26496.0,Sharepro Securities Private Limited,ABC Securities Private Limited,2026-04-27 14:34:05.025636
2026042701037007,NBL,58,84,1000,276.1,276100.0,Naasa Securities Co. Ltd.,MILKY WAY SHARE BROKER COMPANY LTD ,2026-04-27 14:34:18.136415
2026042701037008,NBL,65,84,9000,276.0,2484000.0,Sharepro Securities Private Limited,MILKY WAY SHARE BROKER COMPANY LTD ,2026-04-27 14:34:18.136506
2026042701037112,NBL,17,92,226,276.1,62398.6,ABC Securities Private Limited,Roadshow securities limited,2026-04-27 14:34:51.271443
2026042701037113,NBL,65,92,3252,276.0,897552.0,Sharepro Securities Private Limited,Roadshow securities limited,2026-04-27 14:34:51.271504
2026042701037137,NBL,41,6,100,276.2,27620.0,Linch Stock Market Ltd.,Agrawal Securities (PVT) Ltd.,2026-04-27 14:35:05.091681
2026042701037454,NBL,13,21,40,277.0,11080.0,Thrive Brokerage House Pvt. Ltd,Midas Stock Broking Company Private Limited,2026-04-27 14:36:43.940360
2026042701037455,NBL,13,17,960,277.5,266400.0,Thrive Brokerage House Pvt. Ltd,ABC Securities Private Limited,2026-04-27 14:36:43.940856
2026042701037592,NBL,49,89,10,276.2,2762.0,Online Securities Pvt. Ltd.,Global IME Securities Limited,2026-04-27 14:37:19.737331
2026042701037675,NBL,49,58,92,276.2,25410.4,Online Securities Pvt. Ltd.,Naasa Securities Co. Ltd.,2026-04-27 14:37:38.526195
2026042701037676,NBL,42,58,208,276.1,57428.8,Sani Securities Company Ltd.,Naasa Securities Co. Ltd.,2026-04-27 14:37:38.526529
2026042701037758,NBL,14,42,200,277.0,55400.0,Nepal Stock House (PVT) Ltd.,Sani Securities Company Ltd.,2026-04-27 14:38:03.478168
2026042701037759,NBL,14,17,40,277.5,11100.0,Nepal Stock House (PVT) Ltd.,ABC Securities Private Limited,2026-04-27 14:38:03.478472
2026042701037760,NBL,14,57,1000,277.6,277600.0,Nepal Stock House (PVT) Ltd.,Aryatara Investment & Securities,2026-04-27 14:38:03.478599
2026042701037761,NBL,14,65,2760,277.7,766452.0,Nepal Stock House (PVT) Ltd.,Sharepro Securities Private Limited,2026-04-27 14:38:03.478710
2026042701037943,NBL,58,65,40,277.7,11108.0,Naasa Securities Co. Ltd.,Sharepro Securities Private Limited,2026-04-27 14:39:09.023680
2026042701038351,NBL,81,53,100,277.7,27770.0,Aakashbhairab Securities Ltd.,Investment Management Nepal Pvt. Ltd.,2026-04-27 14:40:49.457494
2026042701038388,NBL,81,38,500,277.7,138850.0,Aakashbhairab Securities Ltd.,Dipshikha Dhitopatra Karobar Co. Pvt Ltd.,2026-04-27 14:40:58.293865
2026042701038418,NBL,81,26,100,277.7,27770.0,Aakashbhairab Securities Ltd.,Asian Securities Private Ltd.,2026-04-27 14:41:10.912359
2026042701038474,NBL,81,40,100,277.7,27770.0,Aakashbhairab Securities Ltd.,Creative Securities Pvt Ltd,2026-04-27 14:41:24.934037
2026042701038531,NBL,81,57,14,277.7,3887.8,Aakashbhairab Securities Ltd.,Aryatara Investment & Securities,2026-04-27 14:41:41.864133
2026042701038696,NBL,81,8,186,277.7,51652.2,Aakashbhairab Securities Ltd.,Brilliant Securities Pvt. Ltd.,2026-04-27 14:42:30.589461
2026042701038764,NBL,13,8,238,277.7,66092.6,Thrive Brokerage House Pvt. Ltd,Brilliant Securities Pvt. Ltd.,2026-04-27 14:42:57.085744
2026042701038927,NBL,48,1,100,277.9,27790.0,Trishakti Securities Public Limited,Kumari Securities Private Limited,2026-04-27 14:43:32.796979
2026042701038928,NBL,48,65,2900,277.9,805910.0,Trishakti Securities Public Limited,Sharepro Securities Private Limited,2026-04-27 14:43:32.797120
2026042701039086,NBL,38,65,100,277.9,27790.0,Dipshikha Dhitopatra Karobar Co. Pvt Ltd.,Sharepro Securities Private Limited,2026-04-27 14:44:20.584907
2026042701039377,NBL,25,50,87,277.9,24177.3,Sweta Securities Private Limited,Cristal Kanchanjanga Securites Pvt. Ltd.,2026-04-27 14:46:02.001293
2026042701039902,NBL,100,84,881,277.8,244741.8,Sunrise Securities Limited,MILKY WAY SHARE BROKER COMPANY LTD ,2026-04-27 14:47:51.987966
2026042701040081,NBL,58,42,100,277.0,27700.0,Naasa Securities Co. Ltd.,Sani Securities Company Ltd.,2026-04-27 14:48:40.416813
2026042701040139,NBL,25,42,10,277.0,2770.0,Sweta Securities Private Limited,Sani Securities Company Ltd.,2026-04-27 14:48:55.662535
2026042701040219,NBL,38,22,100,276.7,27670.0,Dipshikha Dhitopatra Karobar Co. Pvt Ltd.,Siprabi Securities Pvt. Ltd.,2026-04-27 14:49:13.972073
2026042701040220,NBL,42,22,225,276.6,62235.0,Sani Securities Company Ltd.,Siprabi Securities Pvt. Ltd.,2026-04-27 14:49:13.972580
2026042701040221,NBL,59,22,100,276.5,27650.0,Deevyaa Securities & Stock House Pvt. Ltd,Siprabi Securities Pvt. Ltd.,2026-04-27 14:49:13.972938
2026042701040222,NBL,57,22,375,276.5,103687.5,Aryatara Investment & Securities,Siprabi Securities Pvt. Ltd.,2026-04-27 14:49:13.973300
2026042701040548,NBL,38,41,200,276.6,55320.0,Dipshikha Dhitopatra Karobar Co. Pvt Ltd.,Linch Stock Market Ltd.,2026-04-27 14:50:38.687176
2026042701040549,NBL,57,41,5800,276.5,1603700.0,Aryatara Investment & Securities,Linch Stock Market Ltd.,2026-04-27 14:50:38.687425
2026042701040926,NBL,57,25,14,276.5,3871.0,Aryatara Investment & Securities,Sweta Securities Private Limited,2026-04-27 14:52:00.985836
2026042701041227,NBL,49,11,50,276.5,13825.0,Online Securities Pvt. Ltd.,Malla & Malla Stock Broking Company Pvt. Limited,2026-04-27 14:53:22.033967
2026042701041364,NBL,49,42,50,276.5,13825.0,Online Securities Pvt. Ltd.,Sani Securities Company Ltd.,2026-04-27 14:53:53.633226
2026042701041413,NBL,58,32,50,276.5,13825.0,Naasa Securities Co. Ltd.,Premier Securities Company Ltd.,2026-04-27 14:54:02.710145
2026042701041472,NBL,38,32,50,276.3,13815.0,Dipshikha Dhitopatra Karobar Co. Pvt Ltd.,Premier Securities Company Ltd.,2026-04-27 14:54:17.597865
2026042701041521,NBL,29,13,10,276.2,2762.0,Trisul Securities & Invt. Ltd.,Thrive Brokerage House Pvt. Ltd,2026-04-27 14:54:32.145798
2026042701041549,NBL,29,26,190,276.2,52478.0,Trisul Securities & Invt. Ltd.,Asian Securities Private Ltd.,2026-04-27 14:54:38.668000
2026042701041673,NBL,4,65,200,276.1,55220.0,Opal Securities Investment (PVT) Ltd.,Sharepro Securities Private Limited,2026-04-27 14:55:05.711541
2026042701041674,NBL,42,65,500,276.1,138050.0,Sani Securities Company Ltd.,Sharepro Securities Private Limited,2026-04-27 14:55:05.712110
2026042701041675,NBL,3,65,40,276.0,11040.0,Arun Securities (PVT) Ltd.,Sharepro Securities Private Limited,2026-04-27 14:55:05.712476
2026042701041676,NBL,58,65,52,276.0,14352.0,Naasa Securities Co. Ltd.,Sharepro Securities Private Limited,2026-04-27 14:55:05.712836
2026042701041677,NBL,34,65,20,276.0,5520.0,Vision Securities Pvt. Ltd,Sharepro Securities Private Limited,2026-04-27 14:55:05.713207
2026042701041678,NBL,41,65,30,276.0,8280.0,Linch Stock Market Ltd.,Sharepro Securities Private Limited,2026-04-27 14:55:05.713560
2026042701041791,NBL,58,13,100,275.0,27500.0,Naasa Securities Co. Ltd.,Thrive Brokerage House Pvt. Ltd,2026-04-27 14:55:23.227574
2026042701041792,NBL,21,65,180,276.0,49680.0,Midas Stock Broking Company Private Limited,Sharepro Securities Private Limited,2026-04-27 14:55:23.811053
2026042701042076,NBL,58,44,30,276.0,8280.0,Naasa Securities Co. Ltd.,Dynamic Money Managers Securities Pvt. Ltd.,2026-04-27 14:56:14.333296
2026042701042082,NBL,57,44,311,276.0,85836.0,Aryatara Investment & Securities,Dynamic Money Managers Securities Pvt. Ltd.,2026-04-27 14:56:15.574241
2026042701042286,NBL,52,84,80,275.0,22000.0,Sundhara Securities Limited,MILKY WAY SHARE BROKER COMPANY LTD ,2026-04-27 14:56:49.162592
2026042701042287,NBL,42,84,200,275.0,55000.0,Sani Securities Company Ltd.,MILKY WAY SHARE BROKER COMPANY LTD ,2026-04-27 14:56:49.162825
2026042701042288,NBL,58,84,75,275.0,20625.0,Naasa Securities Co. Ltd.,MILKY WAY SHARE BROKER COMPANY LTD ,2026-04-27 14:56:49.162948
2026042701042289,NBL,29,84,1000,275.0,275000.0,Trisul Securities & Invt. Ltd.,MILKY WAY SHARE BROKER COMPANY LTD ,2026-04-27 14:56:49.163078
2026042701042290,NBL,65,84,645,275.0,177375.0,Sharepro Securities Private Limited,MILKY WAY SHARE BROKER COMPANY LTD ,2026-04-27 14:56:49.163196
2026042701042691,NBL,45,57,31,275.1,8528.1,Imperial Securities Company Pvt. Ltd.,Aryatara Investment & Securities,2026-04-27 14:57:47.100516
2026042701042762,NBL,51,44,659,275.2,181356.8,Oxford Securities Pvt. Ltd.,Dynamic Money Managers Securities Pvt. Ltd.,2026-04-27 14:57:56.154844
2026042701043194,NBL,58,42,100,275.5,27550.0,Naasa Securities Co. Ltd.,Sani Securities Company Ltd.,2026-04-27 14:58:52.703257
2026042701043211,NBL,57,42,99,275.5,27274.5,Aryatara Investment & Securities,Sani Securities Company Ltd.,2026-04-27 14:58:56.282898
2026042701043318,NBL,57,10,13,275.5,3581.5,Aryatara Investment & Securities,Pragyan Securities (PVT) Ltd.,2026-04-27 14:59:04.247363
2026042701043319,NBL,51,10,87,275.2,23942.4,Oxford Securities Pvt. Ltd.,Pragyan Securities (PVT) Ltd.,2026-04-27 14:59:04.247606
2026042701043473,NBL,51,26,254,275.2,69900.8,Oxford Securities Pvt. Ltd.,Asian Securities Private Ltd.,2026-04-27 14:59:18.510804
2026042701043474,NBL,52,26,200,275.2,55040.0,Sundhara Securities Limited,Asian Securities Private Ltd.,2026-04-27 14:59:18.511052
2026042701043475,NBL,45,26,969,275.1,266571.9,Imperial Securities Company Pvt. Ltd.,Asian Securities Private Ltd.,2026-04-27 14:59:18.511178
2026042701043476,NBL,41,26,77,275.1,21182.7,Linch Stock Market Ltd.,Asian Securities Private Ltd.,2026-04-27 14:59:18.511294
2026042701043483,NBL,49,4,30,276.0,8280.0,Online Securities Pvt. Ltd.,Opal Securities Investment (PVT) Ltd.,2026-04-27 14:59:19.316936
2026042701043484,NBL,49,1,20,276.0,5520.0,Online Securities Pvt. Ltd.,Kumari Securities Private Limited,2026-04-27 14:59:19.317180
2026042701043486,NBL,52,1,40,276.0,11040.0,Sundhara Securities Limited,Kumari Securities Private Limited,2026-04-27 14:59:19.463862
2026042701043816,NBL,45,41,100,275.2,27520.0,Imperial Securities Company Pvt. Ltd.,Linch Stock Market Ltd.,2026-04-27 14:59:37.329636
2026042701043817,NBL,41,41,100,275.1,27510.0,Linch Stock Market Ltd.,Linch Stock Market Ltd.,2026-04-27 14:59:37.329889
2026042701043998,NBL,41,38,500,275.1,137550.0,Linch Stock Market Ltd.,Dipshikha Dhitopatra Karobar Co. Pvt Ltd.,2026-04-27 14:59:45.657037
2026042701044012,NBL,52,1,40,276.0,11040.0,Sundhara Securities Limited,Kumari Securities Private Limited,2026-04-27 14:59:46.580320
2026042701044013,NBL,52,42,60,276.0,16560.0,Sundhara Securities Limited,Sani Securities Company Ltd.,2026-04-27 14:59:46.580556
2026042701044015,NBL,81,42,100,276.0,27600.0,Aakashbhairab Securities Ltd.,Sani Securities Company Ltd.,2026-04-27 14:59:47.000385
2026042701044260,NBL,65,41,1000,275.9,275900.0,Sharepro Securities Private Limited,Linch Stock Market Ltd.,2026-04-27 14:59:58.098112
2026042701044261,NBL,65,42,20,276.0,5520.0,Sharepro Securities Private Limited,Sani Securities Company Ltd.,2026-04-27 14:59:58.098143
2026042701044262,NBL,65,42,150,276.0,41400.0,Sharepro Securities Private Limited,Sani Securities Company Ltd.,2026-04-27 14:59:58.098170
2026042701044263,NBL,65,6,225,276.0,62100.0,Sharepro Securities Private Limited,Agrawal Securities (PVT) Ltd.,2026-04-27 14:59:58.098193
2026042701044264,NBL,65,8,105,276.2,29001.0,Sharepro Securities Private Limited,Brilliant Securities Pvt. Ltd.,2026-04-27 14:59:58.098219
