contractId,stockSymbol,buyerMemberId,sellerMemberId,quantity,rate,amount,businessDate,tradeBookId,stockId,buyerBrokerName,sellerBrokerName,transaction_time,securityName
2026042703000645,NFS,58,58,20,593.6,11872.0,2026-04-27,187974788,194,Naasa Securities Co. Ltd.,Naasa Securities Co. Ltd.,2026-04-27 11:25:39.841382,Nepal Finance Ltd.
2026042703000646,NFS,35,58,14,593.6,8310.4,2026-04-27,187974789,194,Kohinoor Investment & Securities Pvt. Ltd.,Naasa Securities Co. Ltd.,2026-04-27 11:25:39.841542,Nepal Finance Ltd.
2026042703001116,NFS,49,45,20,598.0,11960.0,2026-04-27,187986992,194,Online Securities Pvt. Ltd.,Imperial Securities Company Pvt. Ltd.,2026-04-27 11:41:58.535423,Nepal Finance Ltd.
2026042703001199,NFS,48,45,30,598.0,17940.0,2026-04-27,187989351,194,Trishakti Securities Public Limited,Imperial Securities Company Pvt. Ltd.,2026-04-27 11:45:45.540712,Nepal Finance Ltd.
2026042703001200,NFS,48,38,20,598.0,11960.0,2026-04-27,187989354,194,Trishakti Securities Public Limited,Dipshikha Dhitopatra Karobar Co. Pvt Ltd.,2026-04-27 11:45:45.540908,Nepal Finance Ltd.
2026042703001202,NFS,35,57,20,597.0,11940.0,2026-04-27,187989441,194,Kohinoor Investment & Securities Pvt. Ltd.,Aryatara Investment & Securities,2026-04-27 11:45:53.747768,Nepal Finance Ltd.
2026042703001227,NFS,35,43,30,597.0,17910.0,2026-04-27,187990288,194,Kohinoor Investment & Securities Pvt. Ltd.,South Asian Bulls Pvt. Ltd.,2026-04-27 11:47:17.777641,Nepal Finance Ltd.
2026042703001228,NFS,58,43,10,595.1,5951.0,2026-04-27,187990407,194,Naasa Securities Co. Ltd.,South Asian Bulls Pvt. Ltd.,2026-04-27 11:47:26.538091,Nepal Finance Ltd.
2026042703001236,NFS,14,38,4,578.0,2312.0,2026-04-27,187990531,194,Nepal Stock House (PVT) Ltd.,Dipshikha Dhitopatra Karobar Co. Pvt Ltd.,2026-04-27 11:47:42.057283,Nepal Finance Ltd.
2026042703001351,NFS,4,38,280,598.0,167440.0,2026-04-27,187993747,194,Opal Securities Investment (PVT) Ltd.,Dipshikha Dhitopatra Karobar Co. Pvt Ltd.,2026-04-27 11:52:31.611236,Nepal Finance Ltd.
2026042703001389,NFS,4,34,100,598.0,59800.0,2026-04-27,187994785,194,Opal Securities Investment (PVT) Ltd.,Vision Securities Pvt. Ltd,2026-04-27 11:53:33.267189,Nepal Finance Ltd.
2026042703001446,NFS,4,34,85,598.0,50830.0,2026-04-27,187995823,194,Opal Securities Investment (PVT) Ltd.,Vision Securities Pvt. Ltd,2026-04-27 11:55:23.841286,Nepal Finance Ltd.
2026042703001668,NFS,42,48,120,598.0,71760.0,2026-04-27,188002234,194,Sani Securities Company Ltd.,Trishakti Securities Public Limited,2026-04-27 12:07:15.877899,Nepal Finance Ltd.
2026042703001669,NFS,57,48,40,598.0,23920.0,2026-04-27,188002235,194,Aryatara Investment & Securities,Trishakti Securities Public Limited,2026-04-27 12:07:15.878020,Nepal Finance Ltd.
2026042703001688,NFS,57,34,460,598.0,275080.0,2026-04-27,188002746,194,Aryatara Investment & Securities,Vision Securities Pvt. Ltd,2026-04-27 12:08:31.469354,Nepal Finance Ltd.
2026042703001689,NFS,42,34,35,598.0,20930.0,2026-04-27,188002754,194,Sani Securities Company Ltd.,Vision Securities Pvt. Ltd,2026-04-27 12:08:31.842925,Nepal Finance Ltd.
2026042703002177,NFS,58,58,20,599.0,11980.0,2026-04-27,188015222,194,Naasa Securities Co. Ltd.,Naasa Securities Co. Ltd.,2026-04-27 12:32:43.916504,Nepal Finance Ltd.
2026042703002184,NFS,42,42,150,597.0,89550.0,2026-04-27,188015445,194,Sani Securities Company Ltd.,Sani Securities Company Ltd.,2026-04-27 12:33:15.594837,Nepal Finance Ltd.
2026042703002462,NFS,42,34,90,598.9,53901.0,2026-04-27,188020460,194,Sani Securities Company Ltd.,Vision Securities Pvt. Ltd,2026-04-27 12:43:08.000604,Nepal Finance Ltd.
2026042703002972,NFS,58,34,412,598.9,246746.8,2026-04-27,188027946,194,Naasa Securities Co. Ltd.,Vision Securities Pvt. Ltd,2026-04-27 12:58:51.491062,Nepal Finance Ltd.
2026042703002982,NFS,35,58,50,599.0,29950.0,2026-04-27,188028040,194,Kohinoor Investment & Securities Pvt. Ltd.,Naasa Securities Co. Ltd.,2026-04-27 12:58:59.685887,Nepal Finance Ltd.
2026042703002993,NFS,35,58,34,599.0,20366.0,2026-04-27,188028324,194,Kohinoor Investment & Securities Pvt. Ltd.,Naasa Securities Co. Ltd.,2026-04-27 12:59:22.988223,Nepal Finance Ltd.
2026042703003037,NFS,35,58,100,599.0,59900.0,2026-04-27,188028726,194,Kohinoor Investment & Securities Pvt. Ltd.,Naasa Securities Co. Ltd.,2026-04-27 13:00:10.290453,Nepal Finance Ltd.
2026042703003116,NFS,48,34,10,598.0,5980.0,2026-04-27,188029961,194,Trishakti Securities Public Limited,Vision Securities Pvt. Ltd,2026-04-27 13:02:18.387045,Nepal Finance Ltd.
2026042703003720,NFS,48,50,10,598.0,5980.0,2026-04-27,188041496,194,Trishakti Securities Public Limited,Cristal Kanchanjanga Securites Pvt. Ltd.,2026-04-27 13:23:53.461833,Nepal Finance Ltd.
2026042703003817,NFS,37,34,100,598.9,59890.0,2026-04-27,188044006,194,Swarna Laxmi Securities Pvt. Ltd.,Vision Securities Pvt. Ltd,2026-04-27 13:27:59.170082,Nepal Finance Ltd.
2026042703003996,NFS,35,58,100,598.0,59800.0,2026-04-27,188047708,194,Kohinoor Investment & Securities Pvt. Ltd.,Naasa Securities Co. Ltd.,2026-04-27 13:34:24.142746,Nepal Finance Ltd.
2026042703004061,NFS,34,58,55,598.0,32890.0,2026-04-27,188049354,194,Vision Securities Pvt. Ltd,Naasa Securities Co. Ltd.,2026-04-27 13:37:41.392359,Nepal Finance Ltd.
2026042703004209,NFS,58,44,94,597.0,56118.0,2026-04-27,188051716,194,Naasa Securities Co. Ltd.,Dynamic Money Managers Securities Pvt. Ltd.,2026-04-27 13:42:29.759855,Nepal Finance Ltd.
2026042703004210,NFS,32,44,50,597.0,29850.0,2026-04-27,188051718,194,Premier Securities Company Ltd.,Dynamic Money Managers Securities Pvt. Ltd.,2026-04-27 13:42:29.759993,Nepal Finance Ltd.
2026042703004211,NFS,58,44,10,596.1,5961.0,2026-04-27,188051720,194,Naasa Securities Co. Ltd.,Dynamic Money Managers Securities Pvt. Ltd.,2026-04-27 13:42:29.760070,Nepal Finance Ltd.
2026042703004212,NFS,35,44,10,596.0,5960.0,2026-04-27,188051722,194,Kohinoor Investment & Securities Pvt. Ltd.,Dynamic Money Managers Securities Pvt. Ltd.,2026-04-27 13:42:29.760122,Nepal Finance Ltd.
2026042703004213,NFS,38,44,500,596.0,298000.0,2026-04-27,188051724,194,Dipshikha Dhitopatra Karobar Co. Pvt Ltd.,Dynamic Money Managers Securities Pvt. Ltd.,2026-04-27 13:42:29.760172,Nepal Finance Ltd.
2026042703004230,NFS,35,44,52,596.0,30992.0,2026-04-27,188051972,194,Kohinoor Investment & Securities Pvt. Ltd.,Dynamic Money Managers Securities Pvt. Ltd.,2026-04-27 13:42:58.258981,Nepal Finance Ltd.
2026042703004251,NFS,51,44,49,596.0,29204.0,2026-04-27,188052347,194,Oxford Securities Pvt. Ltd.,Dynamic Money Managers Securities Pvt. Ltd.,2026-04-27 13:43:42.490413,Nepal Finance Ltd.
2026042703004483,NFS,52,42,500,596.0,298000.0,2026-04-27,188057093,194,Sundhara Securities Limited,Sani Securities Company Ltd.,2026-04-27 13:51:33.272407,Nepal Finance Ltd.
2026042703004523,NFS,41,49,33,596.0,19668.0,2026-04-27,188057713,194,Linch Stock Market Ltd.,Online Securities Pvt. Ltd.,2026-04-27 13:52:37.856689,Nepal Finance Ltd.
2026042703004601,NFS,41,42,67,596.0,39932.0,2026-04-27,188059388,194,Linch Stock Market Ltd.,Sani Securities Company Ltd.,2026-04-27 13:55:56.928923,Nepal Finance Ltd.
2026042703004602,NFS,59,42,43,596.0,25628.0,2026-04-27,188059389,194,Deevyaa Securities & Stock House Pvt. Ltd,Sani Securities Company Ltd.,2026-04-27 13:55:56.929260,Nepal Finance Ltd.
2026042703005112,NFS,58,34,50,598.9,29945.0,2026-04-27,188069302,194,Naasa Securities Co. Ltd.,Vision Securities Pvt. Ltd,2026-04-27 14:13:59.472330,Nepal Finance Ltd.
2026042703005174,NFS,34,34,355,598.9,212609.5,2026-04-27,188070439,194,Vision Securities Pvt. Ltd,Vision Securities Pvt. Ltd,2026-04-27 14:15:57.410136,Nepal Finance Ltd.
2026042703005175,NFS,34,34,32,598.9,19164.8,2026-04-27,188070441,194,Vision Securities Pvt. Ltd,Vision Securities Pvt. Ltd,2026-04-27 14:15:57.410289,Nepal Finance Ltd.
2026042703005176,NFS,34,43,25,600.0,15000.0,2026-04-27,188070443,194,Vision Securities Pvt. Ltd,South Asian Bulls Pvt. Ltd.,2026-04-27 14:15:57.410360,Nepal Finance Ltd.
2026042703005177,NFS,34,34,96,600.0,57600.0,2026-04-27,188070445,194,Vision Securities Pvt. Ltd,Vision Securities Pvt. Ltd,2026-04-27 14:15:57.410434,Nepal Finance Ltd.
2026042703005178,NFS,34,58,92,600.0,55200.0,2026-04-27,188070448,194,Vision Securities Pvt. Ltd,Naasa Securities Co. Ltd.,2026-04-27 14:15:57.410491,Nepal Finance Ltd.
2026042703005183,NFS,34,42,20,597.0,11940.0,2026-04-27,188070524,194,Vision Securities Pvt. Ltd,Sani Securities Company Ltd.,2026-04-27 14:16:01.951106,Nepal Finance Ltd.
2026042703005184,NFS,35,42,100,597.0,59700.0,2026-04-27,188070525,194,Kohinoor Investment & Securities Pvt. Ltd.,Sani Securities Company Ltd.,2026-04-27 14:16:01.951241,Nepal Finance Ltd.
2026042703005191,NFS,58,42,10,596.7,5967.0,2026-04-27,188070662,194,Naasa Securities Co. Ltd.,Sani Securities Company Ltd.,2026-04-27 14:16:20.635875,Nepal Finance Ltd.
2026042703005192,NFS,58,42,140,596.0,83440.0,2026-04-27,188070663,194,Naasa Securities Co. Ltd.,Sani Securities Company Ltd.,2026-04-27 14:16:20.636260,Nepal Finance Ltd.
2026042703005201,NFS,37,58,108,600.0,64800.0,2026-04-27,188070935,194,Swarna Laxmi Securities Pvt. Ltd.,Naasa Securities Co. Ltd.,2026-04-27 14:16:50.548741,Nepal Finance Ltd.
2026042703005202,NFS,37,38,50,600.0,30000.0,2026-04-27,188070937,194,Swarna Laxmi Securities Pvt. Ltd.,Dipshikha Dhitopatra Karobar Co. Pvt Ltd.,2026-04-27 14:16:50.549059,Nepal Finance Ltd.
2026042703005203,NFS,37,45,280,600.0,168000.0,2026-04-27,188070940,194,Swarna Laxmi Securities Pvt. Ltd.,Imperial Securities Company Pvt. Ltd.,2026-04-27 14:16:50.549214,Nepal Finance Ltd.
2026042703005207,NFS,58,42,15,595.6,8934.0,2026-04-27,188070982,194,Naasa Securities Co. Ltd.,Sani Securities Company Ltd.,2026-04-27 14:16:54.983252,Nepal Finance Ltd.
2026042703005208,NFS,58,42,785,595.5,467467.5,2026-04-27,188070983,194,Naasa Securities Co. Ltd.,Sani Securities Company Ltd.,2026-04-27 14:16:54.983378,Nepal Finance Ltd.
2026042703005229,NFS,58,42,55,595.5,32752.5,2026-04-27,188071320,194,Naasa Securities Co. Ltd.,Sani Securities Company Ltd.,2026-04-27 14:17:27.750778,Nepal Finance Ltd.
2026042703005230,NFS,35,42,100,595.1,59510.0,2026-04-27,188071322,194,Kohinoor Investment & Securities Pvt. Ltd.,Sani Securities Company Ltd.,2026-04-27 14:17:27.750905,Nepal Finance Ltd.
2026042703005231,NFS,4,42,44,595.1,26184.4,2026-04-27,188071324,194,Opal Securities Investment (PVT) Ltd.,Sani Securities Company Ltd.,2026-04-27 14:17:27.750984,Nepal Finance Ltd.
2026042703005232,NFS,10,42,126,595.0,74970.0,2026-04-27,188071326,194,Pragyan Securities (PVT) Ltd.,Sani Securities Company Ltd.,2026-04-27 14:17:27.751041,Nepal Finance Ltd.
2026042703005233,NFS,59,42,200,595.0,119000.0,2026-04-27,188071328,194,Deevyaa Securities & Stock House Pvt. Ltd,Sani Securities Company Ltd.,2026-04-27 14:17:27.751098,Nepal Finance Ltd.
2026042703005234,NFS,22,42,100,595.0,59500.0,2026-04-27,188071330,194,Siprabi Securities Pvt. Ltd.,Sani Securities Company Ltd.,2026-04-27 14:17:27.751146,Nepal Finance Ltd.
2026042703005235,NFS,42,42,32,595.0,19040.0,2026-04-27,188071332,194,Sani Securities Company Ltd.,Sani Securities Company Ltd.,2026-04-27 14:17:27.751194,Nepal Finance Ltd.
2026042703005236,NFS,58,42,143,595.0,85085.0,2026-04-27,188071333,194,Naasa Securities Co. Ltd.,Sani Securities Company Ltd.,2026-04-27 14:17:27.751240,Nepal Finance Ltd.
2026042703005294,NFS,58,42,185,595.0,110075.0,2026-04-27,188072669,194,Naasa Securities Co. Ltd.,Sani Securities Company Ltd.,2026-04-27 14:19:35.595817,Nepal Finance Ltd.
2026042703005738,NFS,58,39,22,595.0,13090.0,2026-04-27,188080852,194,Naasa Securities Co. Ltd.,Sumeru Securities Pvt. Ltd.,2026-04-27 14:30:11.296490,Nepal Finance Ltd.
2026042703005739,NFS,59,39,100,595.0,59500.0,2026-04-27,188080854,194,Deevyaa Securities & Stock House Pvt. Ltd,Sumeru Securities Pvt. Ltd.,2026-04-27 14:30:11.296718,Nepal Finance Ltd.
2026042703005740,NFS,34,39,18,595.0,10710.0,2026-04-27,188080855,194,Vision Securities Pvt. Ltd,Sumeru Securities Pvt. Ltd.,2026-04-27 14:30:11.296859,Nepal Finance Ltd.
2026042703005882,NFS,59,44,10,594.0,5940.0,2026-04-27,188083803,194,Deevyaa Securities & Stock House Pvt. Ltd,Dynamic Money Managers Securities Pvt. Ltd.,2026-04-27 14:34:29.202994,Nepal Finance Ltd.
2026042703006592,NFS,49,49,76,595.0,45220.0,2026-04-27,188097868,194,Online Securities Pvt. Ltd.,Online Securities Pvt. Ltd.,2026-04-27 14:51:01.417599,Nepal Finance Ltd.
2026042703006685,NFS,58,49,22,595.0,13090.0,2026-04-27,188099316,194,Naasa Securities Co. Ltd.,Online Securities Pvt. Ltd.,2026-04-27 14:52:06.722398,Nepal Finance Ltd.
2026042703006861,NFS,38,17,100,595.0,59500.0,2026-04-27,188103594,194,Dipshikha Dhitopatra Karobar Co. Pvt Ltd.,ABC Securities Private Limited,2026-04-27 14:55:30.490520,Nepal Finance Ltd.
2026042703006862,NFS,58,17,20,594.2,11884.0,2026-04-27,188103596,194,Naasa Securities Co. Ltd.,ABC Securities Private Limited,2026-04-27 14:55:30.490784,Nepal Finance Ltd.
2026042703006863,NFS,66,17,10,594.1,5941.0,2026-04-27,188103598,194,Miyo Securities Pvt Ltd,ABC Securities Private Limited,2026-04-27 14:55:30.491068,Nepal Finance Ltd.
2026042703006864,NFS,59,17,190,594.0,112860.0,2026-04-27,188103600,194,Deevyaa Securities & Stock House Pvt. Ltd,ABC Securities Private Limited,2026-04-27 14:55:30.491330,Nepal Finance Ltd.
2026042703006865,NFS,14,17,10,594.0,5940.0,2026-04-27,188103601,194,Nepal Stock House (PVT) Ltd.,ABC Securities Private Limited,2026-04-27 14:55:30.491568,Nepal Finance Ltd.
2026042703007111,NFS,14,38,20,594.0,11880.0,2026-04-27,188109278,194,Nepal Stock House (PVT) Ltd.,Dipshikha Dhitopatra Karobar Co. Pvt Ltd.,2026-04-27 14:58:34.771863,Nepal Finance Ltd.
2026042703007112,NFS,58,38,55,594.0,32670.0,2026-04-27,188109279,194,Naasa Securities Co. Ltd.,Dipshikha Dhitopatra Karobar Co. Pvt Ltd.,2026-04-27 14:58:34.772020,Nepal Finance Ltd.
2026042703007303,NFS,58,44,18,596.0,10728.0,2026-04-27,188112946,194,Naasa Securities Co. Ltd.,Dynamic Money Managers Securities Pvt. Ltd.,2026-04-27 14:59:41.560286,Nepal Finance Ltd.
