contract_id,symbol,buyer_member_id,seller_member_id,volume,price,amount,buyer_broker,seller_broker,transaction_time
2026042701000906,NICA,42,7,10,361.0,3610.0,Sani Securities Company Ltd.,J.F. Securites (PVT) Ltd.,2026-04-27 11:03:24.784009
2026042701001176,NICA,45,62,10,372.0,3720.0,Imperial Securities Company Pvt. Ltd.,Capital Max Securities Ltd,2026-04-27 11:04:17.670545
2026042701001643,NICA,58,48,10,369.0,3690.0,Naasa Securities Co. Ltd.,Trishakti Securities Public Limited,2026-04-27 11:06:11.033711
2026042701004051,NICA,35,35,10,363.0,3630.0,Kohinoor Investment & Securities Pvt. Ltd.,Kohinoor Investment & Securities Pvt. Ltd.,2026-04-27 11:12:25.039964
2026042701004122,NICA,35,34,11,363.0,3993.0,Kohinoor Investment & Securities Pvt. Ltd.,Vision Securities Pvt. Ltd,2026-04-27 11:12:39.479763
2026042701004259,NICA,35,34,10,363.0,3630.0,Kohinoor Investment & Securities Pvt. Ltd.,Vision Securities Pvt. Ltd,2026-04-27 11:13:07.583729
2026042701008821,NICA,58,34,200,362.2,72440.0,Naasa Securities Co. Ltd.,Vision Securities Pvt. Ltd,2026-04-27 11:31:21.052204
2026042701008822,NICA,16,34,20,362.0,7240.0,Primo Securities (PVT) Ltd.,Vision Securities Pvt. Ltd,2026-04-27 11:31:21.052411
2026042701008823,NICA,35,34,10,362.0,3620.0,Kohinoor Investment & Securities Pvt. Ltd.,Vision Securities Pvt. Ltd,2026-04-27 11:31:21.052569
2026042701008824,NICA,17,34,50,361.1,18055.0,ABC Securities Private Limited,Vision Securities Pvt. Ltd,2026-04-27 11:31:21.052711
2026042701008825,NICA,42,34,30,361.1,10833.0,Sani Securities Company Ltd.,Vision Securities Pvt. Ltd,2026-04-27 11:31:21.052848
2026042701008826,NICA,22,34,955,361.0,344755.0,Siprabi Securities Pvt. Ltd.,Vision Securities Pvt. Ltd,2026-04-27 11:31:21.052986
2026042701011017,NICA,22,50,45,361.0,16245.0,Siprabi Securities Pvt. Ltd.,Cristal Kanchanjanga Securites Pvt. Ltd.,2026-04-27 11:42:04.462082
2026042701011018,NICA,43,50,10,361.0,3610.0,South Asian Bulls Pvt. Ltd.,Cristal Kanchanjanga Securites Pvt. Ltd.,2026-04-27 11:42:04.462326
2026042701011019,NICA,42,50,200,361.0,72200.0,Sani Securities Company Ltd.,Cristal Kanchanjanga Securites Pvt. Ltd.,2026-04-27 11:42:04.462494
2026042701011020,NICA,8,50,200,360.1,72020.0,Brilliant Securities Pvt. Ltd.,Cristal Kanchanjanga Securites Pvt. Ltd.,2026-04-27 11:42:04.462644
2026042701011021,NICA,17,50,200,360.1,72020.0,ABC Securities Private Limited,Cristal Kanchanjanga Securites Pvt. Ltd.,2026-04-27 11:42:04.462777
2026042701011022,NICA,49,50,27,360.0,9720.0,Online Securities Pvt. Ltd.,Cristal Kanchanjanga Securites Pvt. Ltd.,2026-04-27 11:42:04.462928
2026042701011023,NICA,58,50,10,360.0,3600.0,Naasa Securities Co. Ltd.,Cristal Kanchanjanga Securites Pvt. Ltd.,2026-04-27 11:42:04.463082
2026042701011024,NICA,8,50,4308,360.0,1550880.0,Brilliant Securities Pvt. Ltd.,Cristal Kanchanjanga Securites Pvt. Ltd.,2026-04-27 11:42:04.463222
2026042701012443,NICA,22,34,19,360.1,6841.9,Siprabi Securities Pvt. Ltd.,Vision Securities Pvt. Ltd,2026-04-27 11:49:45.256090
2026042701012638,NICA,22,5,90,360.1,32409.0,Siprabi Securities Pvt. Ltd.,Market Securities & Exchange (PVT) Ltd.,2026-04-27 11:50:38.645143
2026042701012742,NICA,22,49,891,360.1,320849.1,Siprabi Securities Pvt. Ltd.,Online Securities Pvt. Ltd.,2026-04-27 11:51:16.603443
2026042701012743,NICA,8,49,109,360.0,39240.0,Brilliant Securities Pvt. Ltd.,Online Securities Pvt. Ltd.,2026-04-27 11:51:16.603699
2026042701013078,NICA,22,49,1000,362.0,362000.0,Siprabi Securities Pvt. Ltd.,Online Securities Pvt. Ltd.,2026-04-27 11:52:20.823871
2026042701013079,NICA,22,45,10,363.0,3630.0,Siprabi Securities Pvt. Ltd.,Imperial Securities Company Pvt. Ltd.,2026-04-27 11:52:20.823978
2026042701014066,NICA,36,38,50,362.0,18100.0,Secured Securities Ltd.,Dipshikha Dhitopatra Karobar Co. Pvt Ltd.,2026-04-27 11:56:53.873502
2026042701014212,NICA,26,38,10,362.0,3620.0,Asian Securities Private Ltd.,Dipshikha Dhitopatra Karobar Co. Pvt Ltd.,2026-04-27 11:57:35.184720
2026042701014279,NICA,49,34,3,360.0,1080.0,Online Securities Pvt. Ltd.,Vision Securities Pvt. Ltd,2026-04-27 11:57:53.658151
2026042701014470,NICA,70,38,25,362.0,9050.0,Infinity Securities Limited,Dipshikha Dhitopatra Karobar Co. Pvt Ltd.,2026-04-27 11:58:56.124633
2026042701014913,NICA,58,25,12,361.5,4338.0,Naasa Securities Co. Ltd.,Sweta Securities Private Limited,2026-04-27 12:01:42.396312
2026042701014975,NICA,6,38,55,362.0,19910.0,Agrawal Securities (PVT) Ltd.,Dipshikha Dhitopatra Karobar Co. Pvt Ltd.,2026-04-27 12:02:09.507840
2026042701015043,NICA,8,34,1,360.0,360.0,Brilliant Securities Pvt. Ltd.,Vision Securities Pvt. Ltd,2026-04-27 12:02:41.598687
2026042701015113,NICA,58,38,160,361.5,57840.0,Naasa Securities Co. Ltd.,Dipshikha Dhitopatra Karobar Co. Pvt Ltd.,2026-04-27 12:03:14.953379
2026042701015171,NICA,51,43,100,361.9,36190.0,Oxford Securities Pvt. Ltd.,South Asian Bulls Pvt. Ltd.,2026-04-27 12:03:41.214888
2026042701015252,NICA,58,1,28,361.5,10122.0,Naasa Securities Co. Ltd.,Kumari Securities Private Limited,2026-04-27 12:04:15.217939
2026042701015253,NICA,81,1,25,360.7,9017.5,Aakashbhairab Securities Ltd.,Kumari Securities Private Limited,2026-04-27 12:04:15.218128
2026042701015425,NICA,81,19,225,360.7,81157.5,Aakashbhairab Securities Ltd.,Nepal Investment And Securities Trading Private Limited,2026-04-27 12:05:12.014566
2026042701015426,NICA,42,19,700,360.5,252350.0,Sani Securities Company Ltd.,Nepal Investment And Securities Trading Private Limited,2026-04-27 12:05:12.014756
2026042701015427,NICA,8,19,1375,360.0,495000.0,Brilliant Securities Pvt. Ltd.,Nepal Investment And Securities Trading Private Limited,2026-04-27 12:05:12.014818
2026042701015474,NICA,8,62,100,360.0,36000.0,Brilliant Securities Pvt. Ltd.,Capital Max Securities Ltd,2026-04-27 12:05:24.751665
2026042701015476,NICA,8,1,1000,360.0,360000.0,Brilliant Securities Pvt. Ltd.,Kumari Securities Private Limited,2026-04-27 12:05:25.040651
2026042701015784,NICA,8,62,100,360.0,36000.0,Brilliant Securities Pvt. Ltd.,Capital Max Securities Ltd,2026-04-27 12:07:50.134716
2026042701015980,NICA,8,48,380,360.0,136800.0,Brilliant Securities Pvt. Ltd.,Trishakti Securities Public Limited,2026-04-27 12:09:06.643750
2026042701016399,NICA,8,19,130,360.0,46800.0,Brilliant Securities Pvt. Ltd.,Nepal Investment And Securities Trading Private Limited,2026-04-27 12:12:19.324540
2026042701016836,NICA,8,13,100,360.0,36000.0,Brilliant Securities Pvt. Ltd.,Thrive Brokerage House Pvt. Ltd,2026-04-27 12:15:29.585076
2026042701016966,NICA,8,1,25,360.0,9000.0,Brilliant Securities Pvt. Ltd.,Kumari Securities Private Limited,2026-04-27 12:16:28.038749
2026042701016987,NICA,58,39,15,361.0,5415.0,Naasa Securities Co. Ltd.,Sumeru Securities Pvt. Ltd.,2026-04-27 12:16:34.038782
2026042701017076,NICA,28,6,20,361.0,7220.0,Shree Krishna Securities Ltd.,Agrawal Securities (PVT) Ltd.,2026-04-27 12:16:55.617337
2026042701017077,NICA,28,43,900,361.9,325710.0,Shree Krishna Securities Ltd.,South Asian Bulls Pvt. Ltd.,2026-04-27 12:16:55.617428
2026042701017078,NICA,28,45,80,363.0,29040.0,Shree Krishna Securities Ltd.,Imperial Securities Company Pvt. Ltd.,2026-04-27 12:16:55.617498
2026042701017093,NICA,28,45,10,363.0,3630.0,Shree Krishna Securities Ltd.,Imperial Securities Company Pvt. Ltd.,2026-04-27 12:17:04.883860
2026042701017094,NICA,28,41,33,364.0,12012.0,Shree Krishna Securities Ltd.,Linch Stock Market Ltd.,2026-04-27 12:17:04.883963
2026042701017095,NICA,28,42,100,364.9,36490.0,Shree Krishna Securities Ltd.,Sani Securities Company Ltd.,2026-04-27 12:17:04.884061
2026042701017096,NICA,28,74,50,365.0,18250.0,Shree Krishna Securities Ltd.,KALASH STOCK MARKET PVT. LTD.,2026-04-27 12:17:04.884140
2026042701017097,NICA,28,25,220,365.0,80300.0,Shree Krishna Securities Ltd.,Sweta Securities Private Limited,2026-04-27 12:17:04.884217
2026042701017098,NICA,28,58,950,365.0,346750.0,Shree Krishna Securities Ltd.,Naasa Securities Co. Ltd.,2026-04-27 12:17:04.884287
2026042701017099,NICA,28,50,1000,365.0,365000.0,Shree Krishna Securities Ltd.,Cristal Kanchanjanga Securites Pvt. Ltd.,2026-04-27 12:17:04.884360
2026042701017100,NICA,28,16,150,365.0,54750.0,Shree Krishna Securities Ltd.,Primo Securities (PVT) Ltd.,2026-04-27 12:17:04.884432
2026042701017101,NICA,28,58,51,365.0,18615.0,Shree Krishna Securities Ltd.,Naasa Securities Co. Ltd.,2026-04-27 12:17:04.884504
2026042701017102,NICA,28,58,250,365.0,91250.0,Shree Krishna Securities Ltd.,Naasa Securities Co. Ltd.,2026-04-27 12:17:04.884575
2026042701017103,NICA,28,50,1186,365.5,433483.0,Shree Krishna Securities Ltd.,Cristal Kanchanjanga Securites Pvt. Ltd.,2026-04-27 12:17:04.884645
2026042701018615,NICA,45,75,10,364.0,3640.0,Imperial Securities Company Pvt. Ltd.,N.I.M.B. Stock Markets Limited,2026-04-27 12:26:31.181735
2026042701019098,NICA,17,57,116,363.0,42108.0,ABC Securities Private Limited,Aryatara Investment & Securities,2026-04-27 12:29:44.563698
2026042701019902,NICA,38,34,3,360.0,1080.0,Dipshikha Dhitopatra Karobar Co. Pvt Ltd.,Vision Securities Pvt. Ltd,2026-04-27 12:35:43.899094
2026042701020202,NICA,42,50,100,363.0,36300.0,Sani Securities Company Ltd.,Cristal Kanchanjanga Securites Pvt. Ltd.,2026-04-27 12:38:05.387407
2026042701020203,NICA,42,11,120,363.0,43560.0,Sani Securities Company Ltd.,Malla & Malla Stock Broking Company Pvt. Limited,2026-04-27 12:38:05.387698
2026042701020646,NICA,62,58,30,361.0,10830.0,Capital Max Securities Ltd,Naasa Securities Co. Ltd.,2026-04-27 12:40:54.378348
2026042701020647,NICA,42,58,70,361.0,25270.0,Sani Securities Company Ltd.,Naasa Securities Co. Ltd.,2026-04-27 12:40:54.378650
2026042701020853,NICA,42,62,20,361.0,7220.0,Sani Securities Company Ltd.,Capital Max Securities Ltd,2026-04-27 12:42:21.940451
2026042701020960,NICA,42,1,10,361.0,3610.0,Sani Securities Company Ltd.,Kumari Securities Private Limited,2026-04-27 12:43:18.614430
2026042701020961,NICA,8,1,990,360.0,356400.0,Brilliant Securities Pvt. Ltd.,Kumari Securities Private Limited,2026-04-27 12:43:18.614770
2026042701021434,NICA,56,42,12,361.0,4332.0,Sri Hari Securities Pvt. Ltd.,Sani Securities Company Ltd.,2026-04-27 12:46:58.494259
2026042701022028,NICA,11,45,114,360.1,41051.4,Malla & Malla Stock Broking Company Pvt. Limited,Imperial Securities Company Pvt. Ltd.,2026-04-27 12:52:35.105639
2026042701022062,NICA,11,25,10,360.1,3601.0,Malla & Malla Stock Broking Company Pvt. Limited,Sweta Securities Private Limited,2026-04-27 12:52:48.224987
2026042701022989,NICA,8,11,25,363.0,9075.0,Brilliant Securities Pvt. Ltd.,Malla & Malla Stock Broking Company Pvt. Limited,2026-04-27 12:59:59.651878
2026042701022990,NICA,8,75,190,364.0,69160.0,Brilliant Securities Pvt. Ltd.,N.I.M.B. Stock Markets Limited,2026-04-27 12:59:59.652125
2026042701022991,NICA,8,14,1000,364.0,364000.0,Brilliant Securities Pvt. Ltd.,Nepal Stock House (PVT) Ltd.,2026-04-27 12:59:59.652192
2026042701022992,NICA,8,56,40,364.0,14560.0,Brilliant Securities Pvt. Ltd.,Sri Hari Securities Pvt. Ltd.,2026-04-27 12:59:59.652266
2026042701023098,NICA,8,96,49,361.1,17693.9,Brilliant Securities Pvt. Ltd.,Himalayan Securities Limited,2026-04-27 13:00:45.047365
2026042701023606,NICA,38,45,1,360.0,360.0,Dipshikha Dhitopatra Karobar Co. Pvt Ltd.,Imperial Securities Company Pvt. Ltd.,2026-04-27 13:05:03.980513
2026042701024317,NICA,78,42,8,361.0,2888.0,Garima Securities Limited,Sani Securities Company Ltd.,2026-04-27 13:10:17.401837
2026042701025534,NICA,8,35,500,365.0,182500.0,Brilliant Securities Pvt. Ltd.,Kohinoor Investment & Securities Pvt. Ltd.,2026-04-27 13:20:04.366306
2026042701025535,NICA,8,14,10,365.0,3650.0,Brilliant Securities Pvt. Ltd.,Nepal Stock House (PVT) Ltd.,2026-04-27 13:20:04.366473
2026042701025536,NICA,8,58,1000,365.0,365000.0,Brilliant Securities Pvt. Ltd.,Naasa Securities Co. Ltd.,2026-04-27 13:20:04.366547
2026042701025537,NICA,8,58,45,365.0,16425.0,Brilliant Securities Pvt. Ltd.,Naasa Securities Co. Ltd.,2026-04-27 13:20:04.366619
2026042701025971,NICA,32,58,200,365.0,73000.0,Premier Securities Company Ltd.,Naasa Securities Co. Ltd.,2026-04-27 13:22:50.180888
2026042701026346,NICA,53,58,100,365.0,36500.0,Investment Management Nepal Pvt. Ltd.,Naasa Securities Co. Ltd.,2026-04-27 13:23:39.235983
2026042701026672,NICA,45,1,100,364.0,36400.0,Imperial Securities Company Pvt. Ltd.,Kumari Securities Private Limited,2026-04-27 13:25:26.335071
2026042701026673,NICA,45,1,440,363.1,159764.0,Imperial Securities Company Pvt. Ltd.,Kumari Securities Private Limited,2026-04-27 13:25:26.335420
2026042701028286,NICA,26,58,173,365.0,63145.0,Asian Securities Private Ltd.,Naasa Securities Co. Ltd.,2026-04-27 13:36:14.796367
2026042701028287,NICA,26,58,79,365.0,28835.0,Asian Securities Private Ltd.,Naasa Securities Co. Ltd.,2026-04-27 13:36:14.796715
2026042701028288,NICA,26,26,300,365.4,109620.0,Asian Securities Private Ltd.,Asian Securities Private Ltd.,2026-04-27 13:36:14.796938
2026042701028289,NICA,26,16,150,365.4,54810.0,Asian Securities Private Ltd.,Primo Securities (PVT) Ltd.,2026-04-27 13:36:14.797187
2026042701028290,NICA,26,49,500,366.0,183000.0,Asian Securities Private Ltd.,Online Securities Pvt. Ltd.,2026-04-27 13:36:14.797434
2026042701028291,NICA,26,45,100,366.0,36600.0,Asian Securities Private Ltd.,Imperial Securities Company Pvt. Ltd.,2026-04-27 13:36:14.797564
2026042701028292,NICA,26,25,150,366.0,54900.0,Asian Securities Private Ltd.,Sweta Securities Private Limited,2026-04-27 13:36:14.797637
2026042701028293,NICA,26,21,350,366.9,128415.0,Asian Securities Private Ltd.,Midas Stock Broking Company Private Limited,2026-04-27 13:36:14.797707
2026042701028294,NICA,26,59,200,366.9,73380.0,Asian Securities Private Ltd.,Deevyaa Securities & Stock House Pvt. Ltd,2026-04-27 13:36:14.797781
2026042701028295,NICA,26,49,500,367.0,183500.0,Asian Securities Private Ltd.,Online Securities Pvt. Ltd.,2026-04-27 13:36:14.797856
2026042701028296,NICA,26,13,100,367.0,36700.0,Asian Securities Private Ltd.,Thrive Brokerage House Pvt. Ltd,2026-04-27 13:36:14.797931
2026042701028297,NICA,26,35,307,367.0,112669.0,Asian Securities Private Ltd.,Kohinoor Investment & Securities Pvt. Ltd.,2026-04-27 13:36:14.798005
2026042701028298,NICA,26,50,2091,367.0,767397.0,Asian Securities Private Ltd.,Cristal Kanchanjanga Securites Pvt. Ltd.,2026-04-27 13:36:14.798096
2026042701028457,NICA,38,50,40,367.0,14680.0,Dipshikha Dhitopatra Karobar Co. Pvt Ltd.,Cristal Kanchanjanga Securites Pvt. Ltd.,2026-04-27 13:37:33.147235
2026042701028598,NICA,59,50,183,367.0,67161.0,Deevyaa Securities & Stock House Pvt. Ltd,Cristal Kanchanjanga Securites Pvt. Ltd.,2026-04-27 13:38:35.155253
2026042701028599,NICA,59,19,12,367.7,4412.4,Deevyaa Securities & Stock House Pvt. Ltd,Nepal Investment And Securities Trading Private Limited,2026-04-27 13:38:35.155441
2026042701029491,NICA,16,74,20,367.0,7340.0,Primo Securities (PVT) Ltd.,KALASH STOCK MARKET PVT. LTD.,2026-04-27 13:45:03.873928
2026042701029764,NICA,58,33,15,368.0,5520.0,Naasa Securities Co. Ltd.,Dakshinkali Investment & Securities Pvt. Ltd.,2026-04-27 13:46:27.860749
2026042701029778,NICA,34,6,25,368.0,9200.0,Vision Securities Pvt. Ltd,Agrawal Securities (PVT) Ltd.,2026-04-27 13:46:40.220565
2026042701029779,NICA,34,35,200,368.5,73700.0,Vision Securities Pvt. Ltd,Kohinoor Investment & Securities Pvt. Ltd.,2026-04-27 13:46:40.220938
2026042701029780,NICA,34,74,775,368.6,285665.0,Vision Securities Pvt. Ltd,KALASH STOCK MARKET PVT. LTD.,2026-04-27 13:46:40.221179
2026042701030206,NICA,22,49,10,366.0,3660.0,Siprabi Securities Pvt. Ltd.,Online Securities Pvt. Ltd.,2026-04-27 13:50:15.466423
2026042701030207,NICA,47,49,100,365.5,36550.0,Neev Securities Pvt. Ltd.,Online Securities Pvt. Ltd.,2026-04-27 13:50:15.466646
2026042701030208,NICA,72,49,100,365.2,36520.0,Hatemalo Financial Services Private Limited,Online Securities Pvt. Ltd.,2026-04-27 13:50:15.466769
2026042701030209,NICA,42,49,100,365.1,36510.0,Sani Securities Company Ltd.,Online Securities Pvt. Ltd.,2026-04-27 13:50:15.466854
2026042701030210,NICA,60,49,224,365.1,81782.4,Nagarik Stock Dealer ,Online Securities Pvt. Ltd.,2026-04-27 13:50:15.466929
2026042701030211,NICA,26,49,5000,365.0,1825000.0,Asian Securities Private Ltd.,Online Securities Pvt. Ltd.,2026-04-27 13:50:15.467006
2026042701030212,NICA,26,49,2000,365.0,730000.0,Asian Securities Private Ltd.,Online Securities Pvt. Ltd.,2026-04-27 13:50:15.467091
2026042701030213,NICA,26,49,2502,365.0,913230.0,Asian Securities Private Ltd.,Online Securities Pvt. Ltd.,2026-04-27 13:50:15.467166
2026042701030451,NICA,26,50,498,365.0,181770.0,Asian Securities Private Ltd.,Cristal Kanchanjanga Securites Pvt. Ltd.,2026-04-27 13:51:50.388208
2026042701030452,NICA,16,50,100,365.0,36500.0,Primo Securities (PVT) Ltd.,Cristal Kanchanjanga Securites Pvt. Ltd.,2026-04-27 13:51:50.388566
2026042701030453,NICA,89,50,200,365.0,73000.0,Global IME Securities Limited,Cristal Kanchanjanga Securites Pvt. Ltd.,2026-04-27 13:51:50.388794
2026042701030454,NICA,60,50,700,365.0,255500.0,Nagarik Stock Dealer ,Cristal Kanchanjanga Securites Pvt. Ltd.,2026-04-27 13:51:50.389016
2026042701031028,NICA,58,35,50,365.0,18250.0,Naasa Securities Co. Ltd.,Kohinoor Investment & Securities Pvt. Ltd.,2026-04-27 13:56:16.199601
2026042701031029,NICA,60,35,76,365.0,27740.0,Nagarik Stock Dealer ,Kohinoor Investment & Securities Pvt. Ltd.,2026-04-27 13:56:16.199698
2026042701031030,NICA,51,35,200,364.5,72900.0,Oxford Securities Pvt. Ltd.,Kohinoor Investment & Securities Pvt. Ltd.,2026-04-27 13:56:16.199775
2026042701031031,NICA,29,35,50,364.0,18200.0,Trisul Securities & Invt. Ltd.,Kohinoor Investment & Securities Pvt. Ltd.,2026-04-27 13:56:16.199855
2026042701031032,NICA,1,35,50,363.0,18150.0,Kumari Securities Private Limited,Kohinoor Investment & Securities Pvt. Ltd.,2026-04-27 13:56:16.199931
2026042701031033,NICA,32,35,10,363.0,3630.0,Premier Securities Company Ltd.,Kohinoor Investment & Securities Pvt. Ltd.,2026-04-27 13:56:16.200005
2026042701031034,NICA,72,35,64,363.0,23232.0,Hatemalo Financial Services Private Limited,Kohinoor Investment & Securities Pvt. Ltd.,2026-04-27 13:56:16.200098
2026042701031341,NICA,35,53,28,366.0,10248.0,Kohinoor Investment & Securities Pvt. Ltd.,Investment Management Nepal Pvt. Ltd.,2026-04-27 13:59:00.174706
2026042701031407,NICA,58,57,15,365.0,5475.0,Naasa Securities Co. Ltd.,Aryatara Investment & Securities,2026-04-27 13:59:38.294795
2026042701031625,NICA,3,57,10,365.0,3650.0,Arun Securities (PVT) Ltd.,Aryatara Investment & Securities,2026-04-27 14:01:14.474168
2026042701032092,NICA,45,57,75,365.0,27375.0,Imperial Securities Company Pvt. Ltd.,Aryatara Investment & Securities,2026-04-27 14:05:01.442341
2026042701032093,NICA,45,45,104,365.0,37960.0,Imperial Securities Company Pvt. Ltd.,Imperial Securities Company Pvt. Ltd.,2026-04-27 14:05:01.442420
2026042701032094,NICA,45,53,122,366.0,44652.0,Imperial Securities Company Pvt. Ltd.,Investment Management Nepal Pvt. Ltd.,2026-04-27 14:05:01.442446
2026042701032095,NICA,45,74,15,366.7,5500.5,Imperial Securities Company Pvt. Ltd.,KALASH STOCK MARKET PVT. LTD.,2026-04-27 14:05:01.442468
2026042701032096,NICA,45,50,502,367.9,184685.8,Imperial Securities Company Pvt. Ltd.,Cristal Kanchanjanga Securites Pvt. Ltd.,2026-04-27 14:05:01.442490
2026042701032097,NICA,45,58,1540,367.9,566566.0,Imperial Securities Company Pvt. Ltd.,Naasa Securities Co. Ltd.,2026-04-27 14:05:01.442512
2026042701032098,NICA,45,74,15,368.0,5520.0,Imperial Securities Company Pvt. Ltd.,KALASH STOCK MARKET PVT. LTD.,2026-04-27 14:05:01.442537
2026042701032099,NICA,45,6,25,368.0,9200.0,Imperial Securities Company Pvt. Ltd.,Agrawal Securities (PVT) Ltd.,2026-04-27 14:05:01.442559
2026042701032100,NICA,45,32,1000,368.0,368000.0,Imperial Securities Company Pvt. Ltd.,Premier Securities Company Ltd.,2026-04-27 14:05:01.442596
2026042701032101,NICA,45,57,43,368.0,15824.0,Imperial Securities Company Pvt. Ltd.,Aryatara Investment & Securities,2026-04-27 14:05:01.442635
2026042701032102,NICA,45,58,10,368.5,3685.0,Imperial Securities Company Pvt. Ltd.,Naasa Securities Co. Ltd.,2026-04-27 14:05:01.442676
2026042701032103,NICA,45,74,225,368.6,82935.0,Imperial Securities Company Pvt. Ltd.,KALASH STOCK MARKET PVT. LTD.,2026-04-27 14:05:01.442699
2026042701032104,NICA,45,35,200,368.8,73760.0,Imperial Securities Company Pvt. Ltd.,Kohinoor Investment & Securities Pvt. Ltd.,2026-04-27 14:05:01.442720
2026042701032105,NICA,45,58,250,368.9,92225.0,Imperial Securities Company Pvt. Ltd.,Naasa Securities Co. Ltd.,2026-04-27 14:05:01.442743
2026042701032106,NICA,45,48,990,369.0,365310.0,Imperial Securities Company Pvt. Ltd.,Trishakti Securities Public Limited,2026-04-27 14:05:01.442763
2026042701032107,NICA,45,42,645,369.0,238005.0,Imperial Securities Company Pvt. Ltd.,Sani Securities Company Ltd.,2026-04-27 14:05:01.442783
2026042701032108,NICA,45,45,12,369.0,4428.0,Imperial Securities Company Pvt. Ltd.,Imperial Securities Company Pvt. Ltd.,2026-04-27 14:05:01.442803
2026042701032109,NICA,45,74,20,369.0,7380.0,Imperial Securities Company Pvt. Ltd.,KALASH STOCK MARKET PVT. LTD.,2026-04-27 14:05:01.442823
2026042701032110,NICA,45,7,300,369.0,110700.0,Imperial Securities Company Pvt. Ltd.,J.F. Securites (PVT) Ltd.,2026-04-27 14:05:01.442842
2026042701032111,NICA,45,38,1000,369.8,369800.0,Imperial Securities Company Pvt. Ltd.,Dipshikha Dhitopatra Karobar Co. Pvt Ltd.,2026-04-27 14:05:01.442866
2026042701032112,NICA,45,17,300,369.9,110970.0,Imperial Securities Company Pvt. Ltd.,ABC Securities Private Limited,2026-04-27 14:05:01.442890
2026042701032113,NICA,45,49,500,370.0,185000.0,Imperial Securities Company Pvt. Ltd.,Online Securities Pvt. Ltd.,2026-04-27 14:05:01.442912
2026042701032114,NICA,45,49,30,370.0,11100.0,Imperial Securities Company Pvt. Ltd.,Online Securities Pvt. Ltd.,2026-04-27 14:05:01.442931
2026042701032115,NICA,45,58,100,370.0,37000.0,Imperial Securities Company Pvt. Ltd.,Naasa Securities Co. Ltd.,2026-04-27 14:05:01.442951
2026042701032116,NICA,45,13,300,370.0,111000.0,Imperial Securities Company Pvt. Ltd.,Thrive Brokerage House Pvt. Ltd,2026-04-27 14:05:01.442971
2026042701032117,NICA,45,14,265,370.0,98050.0,Imperial Securities Company Pvt. Ltd.,Nepal Stock House (PVT) Ltd.,2026-04-27 14:05:01.442991
2026042701032118,NICA,45,22,50,370.0,18500.0,Imperial Securities Company Pvt. Ltd.,Siprabi Securities Pvt. Ltd.,2026-04-27 14:05:01.443013
2026042701032119,NICA,45,5,100,370.0,37000.0,Imperial Securities Company Pvt. Ltd.,Market Securities & Exchange (PVT) Ltd.,2026-04-27 14:05:01.443045
2026042701032120,NICA,45,74,30,370.0,11100.0,Imperial Securities Company Pvt. Ltd.,KALASH STOCK MARKET PVT. LTD.,2026-04-27 14:05:01.443066
2026042701032121,NICA,45,53,580,370.0,214600.0,Imperial Securities Company Pvt. Ltd.,Investment Management Nepal Pvt. Ltd.,2026-04-27 14:05:01.443088
2026042701032122,NICA,45,32,1000,370.0,370000.0,Imperial Securities Company Pvt. Ltd.,Premier Securities Company Ltd.,2026-04-27 14:05:01.443108
2026042701032123,NICA,45,58,50,370.0,18500.0,Imperial Securities Company Pvt. Ltd.,Naasa Securities Co. Ltd.,2026-04-27 14:05:01.443128
2026042701032124,NICA,45,49,91,370.0,33670.0,Imperial Securities Company Pvt. Ltd.,Online Securities Pvt. Ltd.,2026-04-27 14:05:01.443147
2026042701032125,NICA,45,13,1000,370.0,370000.0,Imperial Securities Company Pvt. Ltd.,Thrive Brokerage House Pvt. Ltd,2026-04-27 14:05:01.443168
2026042701032126,NICA,45,41,50,370.0,18500.0,Imperial Securities Company Pvt. Ltd.,Linch Stock Market Ltd.,2026-04-27 14:05:01.443188
2026042701032127,NICA,45,1,30,370.0,11100.0,Imperial Securities Company Pvt. Ltd.,Kumari Securities Private Limited,2026-04-27 14:05:01.443207
2026042701032128,NICA,45,25,80,370.0,29600.0,Imperial Securities Company Pvt. Ltd.,Sweta Securities Private Limited,2026-04-27 14:05:01.443226
2026042701032129,NICA,45,1,229,370.0,84730.0,Imperial Securities Company Pvt. Ltd.,Kumari Securities Private Limited,2026-04-27 14:05:01.443246
2026042701032130,NICA,45,11,30,370.0,11100.0,Imperial Securities Company Pvt. Ltd.,Malla & Malla Stock Broking Company Pvt. Limited,2026-04-27 14:05:01.443265
2026042701032131,NICA,45,49,500,370.0,185000.0,Imperial Securities Company Pvt. Ltd.,Online Securities Pvt. Ltd.,2026-04-27 14:05:01.443283
2026042701032132,NICA,45,33,50,370.8,18540.0,Imperial Securities Company Pvt. Ltd.,Dakshinkali Investment & Securities Pvt. Ltd.,2026-04-27 14:05:01.443325
2026042701032133,NICA,45,58,2000,370.8,741600.0,Imperial Securities Company Pvt. Ltd.,Naasa Securities Co. Ltd.,2026-04-27 14:05:01.443359
2026042701032134,NICA,45,43,500,371.0,185500.0,Imperial Securities Company Pvt. Ltd.,South Asian Bulls Pvt. Ltd.,2026-04-27 14:05:01.443379
2026042701032135,NICA,45,13,1000,371.0,371000.0,Imperial Securities Company Pvt. Ltd.,Thrive Brokerage House Pvt. Ltd,2026-04-27 14:05:01.443400
2026042701032136,NICA,45,74,20,371.0,7420.0,Imperial Securities Company Pvt. Ltd.,KALASH STOCK MARKET PVT. LTD.,2026-04-27 14:05:01.443420
2026042701032137,NICA,45,17,500,371.5,185750.0,Imperial Securities Company Pvt. Ltd.,ABC Securities Private Limited,2026-04-27 14:05:01.443440
2026042701032138,NICA,45,39,30,371.9,11157.0,Imperial Securities Company Pvt. Ltd.,Sumeru Securities Pvt. Ltd.,2026-04-27 14:05:01.443465
2026042701032139,NICA,45,29,10,371.9,3719.0,Imperial Securities Company Pvt. Ltd.,Trisul Securities & Invt. Ltd.,2026-04-27 14:05:01.443504
2026042701032140,NICA,45,21,350,372.0,130200.0,Imperial Securities Company Pvt. Ltd.,Midas Stock Broking Company Private Limited,2026-04-27 14:05:01.443529
2026042701032141,NICA,45,46,15,372.0,5580.0,Imperial Securities Company Pvt. Ltd.,Kalika Securities Pvt. Ltd.,2026-04-27 14:05:01.443550
2026042701032142,NICA,45,96,1000,372.0,372000.0,Imperial Securities Company Pvt. Ltd.,Himalayan Securities Limited,2026-04-27 14:05:01.443567
2026042701032143,NICA,45,58,125,372.8,46600.0,Imperial Securities Company Pvt. Ltd.,Naasa Securities Co. Ltd.,2026-04-27 14:05:01.443590
2026042701032144,NICA,45,33,200,373.0,74600.0,Imperial Securities Company Pvt. Ltd.,Dakshinkali Investment & Securities Pvt. Ltd.,2026-04-27 14:05:01.443614
2026042701032145,NICA,45,1,30,373.0,11190.0,Imperial Securities Company Pvt. Ltd.,Kumari Securities Private Limited,2026-04-27 14:05:01.443634
2026042701032146,NICA,45,58,167,373.0,62291.0,Imperial Securities Company Pvt. Ltd.,Naasa Securities Co. Ltd.,2026-04-27 14:05:01.443653
2026042701032147,NICA,45,19,679,373.5,253606.5,Imperial Securities Company Pvt. Ltd.,Nepal Investment And Securities Trading Private Limited,2026-04-27 14:05:01.443674
2026042701032148,NICA,45,51,57,373.8,21306.6,Imperial Securities Company Pvt. Ltd.,Oxford Securities Pvt. Ltd.,2026-04-27 14:05:01.443697
2026042701032149,NICA,45,49,100,373.8,37380.0,Imperial Securities Company Pvt. Ltd.,Online Securities Pvt. Ltd.,2026-04-27 14:05:01.443717
2026042701032150,NICA,45,19,97,373.8,36258.6,Imperial Securities Company Pvt. Ltd.,Nepal Investment And Securities Trading Private Limited,2026-04-27 14:05:01.443738
2026042701032151,NICA,45,58,100,374.0,37400.0,Imperial Securities Company Pvt. Ltd.,Naasa Securities Co. Ltd.,2026-04-27 14:05:01.443760
2026042701032152,NICA,45,34,200,374.0,74800.0,Imperial Securities Company Pvt. Ltd.,Vision Securities Pvt. Ltd,2026-04-27 14:05:01.443781
2026042701032153,NICA,45,54,499,374.0,186626.0,Imperial Securities Company Pvt. Ltd.,Sewa Securities Pvt. Ltd.,2026-04-27 14:05:01.443800
2026042701032154,NICA,45,51,100,374.9,37490.0,Imperial Securities Company Pvt. Ltd.,Oxford Securities Pvt. Ltd.,2026-04-27 14:05:01.443819
2026042701032155,NICA,45,49,500,375.0,187500.0,Imperial Securities Company Pvt. Ltd.,Online Securities Pvt. Ltd.,2026-04-27 14:05:01.443841
2026042701032156,NICA,45,58,100,375.0,37500.0,Imperial Securities Company Pvt. Ltd.,Naasa Securities Co. Ltd.,2026-04-27 14:05:01.443863
2026042701032157,NICA,45,17,300,375.0,112500.0,Imperial Securities Company Pvt. Ltd.,ABC Securities Private Limited,2026-04-27 14:05:01.443885
2026042701032158,NICA,45,48,100,375.0,37500.0,Imperial Securities Company Pvt. Ltd.,Trishakti Securities Public Limited,2026-04-27 14:05:01.443904
2026042701032159,NICA,45,58,20,375.0,7500.0,Imperial Securities Company Pvt. Ltd.,Naasa Securities Co. Ltd.,2026-04-27 14:05:01.443924
2026042701032160,NICA,45,10,500,375.9,187950.0,Imperial Securities Company Pvt. Ltd.,Pragyan Securities (PVT) Ltd.,2026-04-27 14:05:01.443950
2026042701032161,NICA,45,59,200,375.9,75180.0,Imperial Securities Company Pvt. Ltd.,Deevyaa Securities & Stock House Pvt. Ltd,2026-04-27 14:05:01.443973
2026042701032162,NICA,45,50,200,375.9,75180.0,Imperial Securities Company Pvt. Ltd.,Cristal Kanchanjanga Securites Pvt. Ltd.,2026-04-27 14:05:01.443995
2026042701032163,NICA,45,45,2000,375.9,751800.0,Imperial Securities Company Pvt. Ltd.,Imperial Securities Company Pvt. Ltd.,2026-04-27 14:05:01.444014
2026042701032164,NICA,45,81,250,375.9,93975.0,Imperial Securities Company Pvt. Ltd.,Aakashbhairab Securities Ltd.,2026-04-27 14:05:01.444040
2026042701032165,NICA,45,41,100,376.0,37600.0,Imperial Securities Company Pvt. Ltd.,Linch Stock Market Ltd.,2026-04-27 14:05:01.444061
2026042701032166,NICA,45,42,1060,376.0,398560.0,Imperial Securities Company Pvt. Ltd.,Sani Securities Company Ltd.,2026-04-27 14:05:01.444080
2026042701032167,NICA,45,26,100,376.0,37600.0,Imperial Securities Company Pvt. Ltd.,Asian Securities Private Ltd.,2026-04-27 14:05:01.444100
2026042701032168,NICA,45,7,80,377.0,30160.0,Imperial Securities Company Pvt. Ltd.,J.F. Securites (PVT) Ltd.,2026-04-27 14:05:01.444129
2026042701032169,NICA,45,62,750,378.0,283500.0,Imperial Securities Company Pvt. Ltd.,Capital Max Securities Ltd,2026-04-27 14:05:01.444159
2026042701032170,NICA,45,1,2000,378.5,757000.0,Imperial Securities Company Pvt. Ltd.,Kumari Securities Private Limited,2026-04-27 14:05:01.444199
2026042701032171,NICA,45,58,200,378.7,75740.0,Imperial Securities Company Pvt. Ltd.,Naasa Securities Co. Ltd.,2026-04-27 14:05:01.444225
2026042701032172,NICA,45,11,550,378.7,208285.0,Imperial Securities Company Pvt. Ltd.,Malla & Malla Stock Broking Company Pvt. Limited,2026-04-27 14:05:01.444254
2026042701032173,NICA,45,33,50,379.0,18950.0,Imperial Securities Company Pvt. Ltd.,Dakshinkali Investment & Securities Pvt. Ltd.,2026-04-27 14:05:01.444278
2026042701032174,NICA,45,65,425,379.0,161075.0,Imperial Securities Company Pvt. Ltd.,Sharepro Securities Private Limited,2026-04-27 14:05:01.444302
2026042701032175,NICA,45,52,500,379.0,189500.0,Imperial Securities Company Pvt. Ltd.,Sundhara Securities Limited,2026-04-27 14:05:01.444322
2026042701032176,NICA,45,35,500,379.5,189750.0,Imperial Securities Company Pvt. Ltd.,Kohinoor Investment & Securities Pvt. Ltd.,2026-04-27 14:05:01.444345
2026042701032177,NICA,45,39,1000,379.6,379600.0,Imperial Securities Company Pvt. Ltd.,Sumeru Securities Pvt. Ltd.,2026-04-27 14:05:01.444365
2026042701032178,NICA,45,58,10,379.6,3796.0,Imperial Securities Company Pvt. Ltd.,Naasa Securities Co. Ltd.,2026-04-27 14:05:01.444393
2026042701032179,NICA,45,58,10,379.6,3796.0,Imperial Securities Company Pvt. Ltd.,Naasa Securities Co. Ltd.,2026-04-27 14:05:01.444413
2026042701032180,NICA,45,49,500,380.0,190000.0,Imperial Securities Company Pvt. Ltd.,Online Securities Pvt. Ltd.,2026-04-27 14:05:01.444434
2026042701032181,NICA,45,48,1000,380.0,380000.0,Imperial Securities Company Pvt. Ltd.,Trishakti Securities Public Limited,2026-04-27 14:05:01.444453
2026042701032182,NICA,45,32,100,380.0,38000.0,Imperial Securities Company Pvt. Ltd.,Premier Securities Company Ltd.,2026-04-27 14:05:01.444473
2026042701032183,NICA,45,58,100,380.0,38000.0,Imperial Securities Company Pvt. Ltd.,Naasa Securities Co. Ltd.,2026-04-27 14:05:01.444493
2026042701032184,NICA,45,58,100,380.0,38000.0,Imperial Securities Company Pvt. Ltd.,Naasa Securities Co. Ltd.,2026-04-27 14:05:01.444512
2026042701032185,NICA,45,21,25,380.0,9500.0,Imperial Securities Company Pvt. Ltd.,Midas Stock Broking Company Private Limited,2026-04-27 14:05:01.444530
2026042701032186,NICA,45,41,400,380.0,152000.0,Imperial Securities Company Pvt. Ltd.,Linch Stock Market Ltd.,2026-04-27 14:05:01.444549
2026042701032187,NICA,45,11,209,380.0,79420.0,Imperial Securities Company Pvt. Ltd.,Malla & Malla Stock Broking Company Pvt. Limited,2026-04-27 14:05:01.444574
2026042701032188,NICA,45,44,200,380.0,76000.0,Imperial Securities Company Pvt. Ltd.,Dynamic Money Managers Securities Pvt. Ltd.,2026-04-27 14:05:01.444596
2026042701032189,NICA,45,11,100,380.0,38000.0,Imperial Securities Company Pvt. Ltd.,Malla & Malla Stock Broking Company Pvt. Limited,2026-04-27 14:05:01.444613
2026042701032190,NICA,45,45,2000,380.0,760000.0,Imperial Securities Company Pvt. Ltd.,Imperial Securities Company Pvt. Ltd.,2026-04-27 14:05:01.444633
2026042701032191,NICA,45,19,100,380.0,38000.0,Imperial Securities Company Pvt. Ltd.,Nepal Investment And Securities Trading Private Limited,2026-04-27 14:05:01.444651
2026042701032192,NICA,45,46,300,380.0,114000.0,Imperial Securities Company Pvt. Ltd.,Kalika Securities Pvt. Ltd.,2026-04-27 14:05:01.444682
2026042701032193,NICA,45,58,200,382.0,76400.0,Imperial Securities Company Pvt. Ltd.,Naasa Securities Co. Ltd.,2026-04-27 14:05:01.444699
2026042701032194,NICA,45,34,100,382.1,38210.0,Imperial Securities Company Pvt. Ltd.,Vision Securities Pvt. Ltd,2026-04-27 14:05:01.444720
2026042701032195,NICA,45,81,250,382.9,95725.0,Imperial Securities Company Pvt. Ltd.,Aakashbhairab Securities Ltd.,2026-04-27 14:05:01.444738
2026042701032196,NICA,45,37,1000,383.0,383000.0,Imperial Securities Company Pvt. Ltd.,Swarna Laxmi Securities Pvt. Ltd.,2026-04-27 14:05:01.444756
2026042701032320,NICA,45,44,30,382.0,11460.0,Imperial Securities Company Pvt. Ltd.,Dynamic Money Managers Securities Pvt. Ltd.,2026-04-27 14:05:29.365144
2026042701032321,NICA,45,17,10,364.0,3640.0,Imperial Securities Company Pvt. Ltd.,ABC Securities Private Limited,2026-04-27 14:05:29.771269
2026042701032356,NICA,58,45,10,383.0,3830.0,Naasa Securities Co. Ltd.,Imperial Securities Company Pvt. Ltd.,2026-04-27 14:05:44.210366
2026042701032371,NICA,45,17,10,364.0,3640.0,Imperial Securities Company Pvt. Ltd.,ABC Securities Private Limited,2026-04-27 14:05:50.486529
2026042701032375,NICA,58,35,10,382.0,3820.0,Naasa Securities Co. Ltd.,Kohinoor Investment & Securities Pvt. Ltd.,2026-04-27 14:05:53.698313
2026042701032393,NICA,45,35,490,382.0,187180.0,Imperial Securities Company Pvt. Ltd.,Kohinoor Investment & Securities Pvt. Ltd.,2026-04-27 14:06:05.762016
2026042701032411,NICA,45,17,10,364.0,3640.0,Imperial Securities Company Pvt. Ltd.,ABC Securities Private Limited,2026-04-27 14:06:13.812322
2026042701032457,NICA,45,35,1500,364.0,546000.0,Imperial Securities Company Pvt. Ltd.,Kohinoor Investment & Securities Pvt. Ltd.,2026-04-27 14:06:33.299655
2026042701032559,NICA,48,25,10,374.0,3740.0,Trishakti Securities Public Limited,Sweta Securities Private Limited,2026-04-27 14:07:25.352274
2026042701032602,NICA,57,17,10,366.0,3660.0,Aryatara Investment & Securities,ABC Securities Private Limited,2026-04-27 14:07:44.682076
2026042701032654,NICA,26,49,10,369.0,3690.0,Asian Securities Private Ltd.,Online Securities Pvt. Ltd.,2026-04-27 14:08:07.820320
2026042701032672,NICA,45,49,10,369.0,3690.0,Imperial Securities Company Pvt. Ltd.,Online Securities Pvt. Ltd.,2026-04-27 14:08:12.269084
2026042701032833,NICA,58,21,10,368.0,3680.0,Naasa Securities Co. Ltd.,Midas Stock Broking Company Private Limited,2026-04-27 14:09:10.570331
2026042701032858,NICA,58,21,28,368.0,10304.0,Naasa Securities Co. Ltd.,Midas Stock Broking Company Private Limited,2026-04-27 14:09:23.549914
2026042701032859,NICA,74,21,540,368.0,198720.0,KALASH STOCK MARKET PVT. LTD.,Midas Stock Broking Company Private Limited,2026-04-27 14:09:24.469855
2026042701033029,NICA,35,49,480,369.0,177120.0,Kohinoor Investment & Securities Pvt. Ltd.,Online Securities Pvt. Ltd.,2026-04-27 14:10:44.737343
2026042701033030,NICA,35,91,10,369.1,3691.0,Kohinoor Investment & Securities Pvt. Ltd.,Citizens Share Broker Limited,2026-04-27 14:10:44.737638
2026042701033031,NICA,35,38,10,370.0,3700.0,Kohinoor Investment & Securities Pvt. Ltd.,Dipshikha Dhitopatra Karobar Co. Pvt Ltd.,2026-04-27 14:10:44.737825
2026042701033409,NICA,96,34,160,369.0,59040.0,Himalayan Securities Limited,Vision Securities Pvt. Ltd,2026-04-27 14:12:54.634890
2026042701033492,NICA,74,6,10,368.0,3680.0,KALASH STOCK MARKET PVT. LTD.,Agrawal Securities (PVT) Ltd.,2026-04-27 14:13:32.588384
2026042701033526,NICA,74,21,450,368.0,165600.0,KALASH STOCK MARKET PVT. LTD.,Midas Stock Broking Company Private Limited,2026-04-27 14:13:42.704110
2026042701033528,NICA,42,21,240,368.0,88320.0,Sani Securities Company Ltd.,Midas Stock Broking Company Private Limited,2026-04-27 14:13:43.947704
2026042701033935,NICA,25,21,20,368.0,7360.0,Sweta Securities Private Limited,Midas Stock Broking Company Private Limited,2026-04-27 14:16:49.839200
2026042701034510,NICA,35,34,200,367.5,73500.0,Kohinoor Investment & Securities Pvt. Ltd.,Vision Securities Pvt. Ltd,2026-04-27 14:20:37.793659
2026042701034621,NICA,6,41,10,366.3,3663.0,Agrawal Securities (PVT) Ltd.,Linch Stock Market Ltd.,2026-04-27 14:21:11.783552
2026042701035452,NICA,43,19,30,367.0,11010.0,South Asian Bulls Pvt. Ltd.,Nepal Investment And Securities Trading Private Limited,2026-04-27 14:25:29.851231
2026042701035481,NICA,6,33,90,366.3,32967.0,Agrawal Securities (PVT) Ltd.,Dakshinkali Investment & Securities Pvt. Ltd.,2026-04-27 14:25:41.053076
2026042701035482,NICA,72,33,100,366.1,36610.0,Hatemalo Financial Services Private Limited,Dakshinkali Investment & Securities Pvt. Ltd.,2026-04-27 14:25:41.053396
2026042701035790,NICA,67,34,40,365.5,14620.0,Property Wiard Limited,Vision Securities Pvt. Ltd,2026-04-27 14:27:17.372041
2026042701035822,NICA,45,33,17810,366.1,6520241.0,Imperial Securities Company Pvt. Ltd.,Dakshinkali Investment & Securities Pvt. Ltd.,2026-04-27 14:27:27.420017
2026042701037086,NICA,36,19,10,367.0,3670.0,Secured Securities Ltd.,Nepal Investment And Securities Trading Private Limited,2026-04-27 14:34:42.539382
2026042701037174,NICA,36,21,22,368.0,8096.0,Secured Securities Ltd.,Midas Stock Broking Company Private Limited,2026-04-27 14:35:13.525259
2026042701037723,NICA,36,21,31,368.0,11408.0,Secured Securities Ltd.,Midas Stock Broking Company Private Limited,2026-04-27 14:37:53.089729
2026042701038639,NICA,16,21,11,368.0,4048.0,Primo Securities (PVT) Ltd.,Midas Stock Broking Company Private Limited,2026-04-27 14:42:13.800212
2026042701038640,NICA,16,4,89,368.0,32752.0,Primo Securities (PVT) Ltd.,Opal Securities Investment (PVT) Ltd.,2026-04-27 14:42:13.800415
2026042701038655,NICA,36,4,35,368.0,12880.0,Secured Securities Ltd.,Opal Securities Investment (PVT) Ltd.,2026-04-27 14:42:19.902640
2026042701038854,NICA,58,4,10,368.0,3680.0,Naasa Securities Co. Ltd.,Opal Securities Investment (PVT) Ltd.,2026-04-27 14:43:22.495843
2026042701039012,NICA,58,49,10,367.0,3670.0,Naasa Securities Co. Ltd.,Online Securities Pvt. Ltd.,2026-04-27 14:44:04.080914
2026042701039013,NICA,32,49,20,367.0,7340.0,Premier Securities Company Ltd.,Online Securities Pvt. Ltd.,2026-04-27 14:44:04.081270
2026042701039241,NICA,58,58,20,366.0,7320.0,Naasa Securities Co. Ltd.,Naasa Securities Co. Ltd.,2026-04-27 14:45:13.781503
2026042701039320,NICA,32,49,20,367.0,7340.0,Premier Securities Company Ltd.,Online Securities Pvt. Ltd.,2026-04-27 14:45:39.644618
2026042701039625,NICA,80,16,100,366.0,36600.0,Indira securities pvt. ltd,Primo Securities (PVT) Ltd.,2026-04-27 14:46:53.098289
2026042701039747,NICA,80,57,500,366.0,183000.0,Indira securities pvt. ltd,Aryatara Investment & Securities,2026-04-27 14:47:14.458924
2026042701039810,NICA,80,34,100,366.0,36600.0,Indira securities pvt. ltd,Vision Securities Pvt. Ltd,2026-04-27 14:47:26.463314
2026042701039880,NICA,25,49,950,367.0,348650.0,Sweta Securities Private Limited,Online Securities Pvt. Ltd.,2026-04-27 14:47:43.274798
2026042701039881,NICA,25,16,50,367.0,18350.0,Sweta Securities Private Limited,Primo Securities (PVT) Ltd.,2026-04-27 14:47:43.274970
2026042701040265,NICA,58,16,12,367.0,4404.0,Naasa Securities Co. Ltd.,Primo Securities (PVT) Ltd.,2026-04-27 14:49:29.264705
2026042701040401,NICA,49,42,109,366.1,39904.9,Online Securities Pvt. Ltd.,Sani Securities Company Ltd.,2026-04-27 14:50:09.803145
2026042701040402,NICA,80,42,300,366.0,109800.0,Indira securities pvt. ltd,Sani Securities Company Ltd.,2026-04-27 14:50:09.803556
2026042701040557,NICA,49,42,91,366.0,33306.0,Online Securities Pvt. Ltd.,Sani Securities Company Ltd.,2026-04-27 14:50:40.841934
2026042701040558,NICA,49,16,38,367.0,13946.0,Online Securities Pvt. Ltd.,Primo Securities (PVT) Ltd.,2026-04-27 14:50:40.842169
2026042701040772,NICA,49,58,21,367.0,7707.0,Online Securities Pvt. Ltd.,Naasa Securities Co. Ltd.,2026-04-27 14:51:26.106937
2026042701040807,NICA,72,91,122,367.5,44835.0,Hatemalo Financial Services Private Limited,Citizens Share Broker Limited,2026-04-27 14:51:35.588215
2026042701040950,NICA,7,56,156,367.4,57314.4,J.F. Securites (PVT) Ltd.,Sri Hari Securities Pvt. Ltd.,2026-04-27 14:52:08.559252
2026042701040989,NICA,49,45,300,367.0,110100.0,Online Securities Pvt. Ltd.,Imperial Securities Company Pvt. Ltd.,2026-04-27 14:52:20.853260
2026042701041028,NICA,49,77,24,367.0,8808.0,Online Securities Pvt. Ltd.,Nabil Stock Dealer Ltd.,2026-04-27 14:52:33.589105
2026042701041135,NICA,49,56,844,367.0,309748.0,Online Securities Pvt. Ltd.,Sri Hari Securities Pvt. Ltd.,2026-04-27 14:53:01.251126
2026042701041229,NICA,49,56,500,367.0,183500.0,Online Securities Pvt. Ltd.,Sri Hari Securities Pvt. Ltd.,2026-04-27 14:53:22.353380
2026042701041360,NICA,49,49,182,367.0,66794.0,Online Securities Pvt. Ltd.,Online Securities Pvt. Ltd.,2026-04-27 14:53:53.128172
2026042701041361,NICA,58,49,120,367.0,44040.0,Naasa Securities Co. Ltd.,Online Securities Pvt. Ltd.,2026-04-27 14:53:53.128559
2026042701041522,NICA,1,58,1182,365.7,432257.4,Kumari Securities Private Limited,Naasa Securities Co. Ltd.,2026-04-27 14:54:32.767645
2026042701042305,NICA,45,25,133,366.5,48744.5,Imperial Securities Company Pvt. Ltd.,Sweta Securities Private Limited,2026-04-27 14:56:50.690648
2026042701042306,NICA,45,58,10,366.9,3669.0,Imperial Securities Company Pvt. Ltd.,Naasa Securities Co. Ltd.,2026-04-27 14:56:50.690824
2026042701042307,NICA,45,49,57,367.0,20919.0,Imperial Securities Company Pvt. Ltd.,Online Securities Pvt. Ltd.,2026-04-27 14:56:50.690916
2026042701042443,NICA,45,49,141,367.0,51747.0,Imperial Securities Company Pvt. Ltd.,Online Securities Pvt. Ltd.,2026-04-27 14:57:06.829302
2026042701042444,NICA,45,48,217,367.0,79639.0,Imperial Securities Company Pvt. Ltd.,Trishakti Securities Public Limited,2026-04-27 14:57:06.829685
2026042701042445,NICA,45,49,500,367.0,183500.0,Imperial Securities Company Pvt. Ltd.,Online Securities Pvt. Ltd.,2026-04-27 14:57:06.829954
2026042701042446,NICA,45,46,1570,367.0,576190.0,Imperial Securities Company Pvt. Ltd.,Kalika Securities Pvt. Ltd.,2026-04-27 14:57:06.830236
2026042701042506,NICA,53,91,100,367.5,36750.0,Investment Management Nepal Pvt. Ltd.,Citizens Share Broker Limited,2026-04-27 14:57:17.681571
2026042701042990,NICA,45,91,278,367.5,102165.0,Imperial Securities Company Pvt. Ltd.,Citizens Share Broker Limited,2026-04-27 14:58:24.918637
2026042701042991,NICA,45,29,200,367.5,73500.0,Imperial Securities Company Pvt. Ltd.,Trisul Securities & Invt. Ltd.,2026-04-27 14:58:24.918984
2026042701042992,NICA,45,45,100,367.5,36750.0,Imperial Securities Company Pvt. Ltd.,Imperial Securities Company Pvt. Ltd.,2026-04-27 14:58:24.919274
2026042701042993,NICA,45,4,188,368.0,69184.0,Imperial Securities Company Pvt. Ltd.,Opal Securities Investment (PVT) Ltd.,2026-04-27 14:58:24.919527
2026042701042994,NICA,45,14,100,368.0,36800.0,Imperial Securities Company Pvt. Ltd.,Nepal Stock House (PVT) Ltd.,2026-04-27 14:58:24.919786
2026042701042995,NICA,45,45,50,368.0,18400.0,Imperial Securities Company Pvt. Ltd.,Imperial Securities Company Pvt. Ltd.,2026-04-27 14:58:24.920060
2026042701042996,NICA,45,45,30,368.0,11040.0,Imperial Securities Company Pvt. Ltd.,Imperial Securities Company Pvt. Ltd.,2026-04-27 14:58:24.920311
2026042701042997,NICA,45,39,100,368.0,36800.0,Imperial Securities Company Pvt. Ltd.,Sumeru Securities Pvt. Ltd.,2026-04-27 14:58:24.920572
2026042701042998,NICA,45,39,100,368.0,36800.0,Imperial Securities Company Pvt. Ltd.,Sumeru Securities Pvt. Ltd.,2026-04-27 14:58:24.920834
2026042701042999,NICA,45,13,100,368.0,36800.0,Imperial Securities Company Pvt. Ltd.,Thrive Brokerage House Pvt. Ltd,2026-04-27 14:58:24.921086
2026042701043000,NICA,45,44,250,369.0,92250.0,Imperial Securities Company Pvt. Ltd.,Dynamic Money Managers Securities Pvt. Ltd.,2026-04-27 14:58:24.921341
2026042701043001,NICA,45,46,390,369.0,143910.0,Imperial Securities Company Pvt. Ltd.,Kalika Securities Pvt. Ltd.,2026-04-27 14:58:24.921597
2026042701043002,NICA,45,45,200,369.0,73800.0,Imperial Securities Company Pvt. Ltd.,Imperial Securities Company Pvt. Ltd.,2026-04-27 14:58:24.921849
2026042701043003,NICA,45,57,200,369.0,73800.0,Imperial Securities Company Pvt. Ltd.,Aryatara Investment & Securities,2026-04-27 14:58:24.922112
2026042701043004,NICA,45,1,10,369.0,3690.0,Imperial Securities Company Pvt. Ltd.,Kumari Securities Private Limited,2026-04-27 14:58:24.922351
2026042701043005,NICA,45,38,85,370.0,31450.0,Imperial Securities Company Pvt. Ltd.,Dipshikha Dhitopatra Karobar Co. Pvt Ltd.,2026-04-27 14:58:24.922585
2026042701043006,NICA,45,28,100,370.0,37000.0,Imperial Securities Company Pvt. Ltd.,Shree Krishna Securities Ltd.,2026-04-27 14:58:24.922827
2026042701043007,NICA,45,58,500,370.0,185000.0,Imperial Securities Company Pvt. Ltd.,Naasa Securities Co. Ltd.,2026-04-27 14:58:24.923079
2026042701043008,NICA,45,64,19,370.0,7030.0,Imperial Securities Company Pvt. Ltd.,SUN SECURITIES PVT LTD,2026-04-27 14:58:24.923310
2026042701043092,NICA,45,64,481,370.0,177970.0,Imperial Securities Company Pvt. Ltd.,SUN SECURITIES PVT LTD,2026-04-27 14:58:40.434988
2026042701043093,NICA,45,45,55,370.0,20350.0,Imperial Securities Company Pvt. Ltd.,Imperial Securities Company Pvt. Ltd.,2026-04-27 14:58:40.435352
2026042701043094,NICA,45,58,21,370.0,7770.0,Imperial Securities Company Pvt. Ltd.,Naasa Securities Co. Ltd.,2026-04-27 14:58:40.435599
2026042701043095,NICA,45,51,27,370.0,9990.0,Imperial Securities Company Pvt. Ltd.,Oxford Securities Pvt. Ltd.,2026-04-27 14:58:40.435832
2026042701043096,NICA,45,58,70,370.0,25900.0,Imperial Securities Company Pvt. Ltd.,Naasa Securities Co. Ltd.,2026-04-27 14:58:40.436079
2026042701043097,NICA,45,39,287,370.0,106190.0,Imperial Securities Company Pvt. Ltd.,Sumeru Securities Pvt. Ltd.,2026-04-27 14:58:40.436307
2026042701043098,NICA,45,58,74,372.0,27528.0,Imperial Securities Company Pvt. Ltd.,Naasa Securities Co. Ltd.,2026-04-27 14:58:40.436539
2026042701043099,NICA,45,25,490,374.0,183260.0,Imperial Securities Company Pvt. Ltd.,Sweta Securities Private Limited,2026-04-27 14:58:40.436778
2026042701043100,NICA,45,49,10,375.0,3750.0,Imperial Securities Company Pvt. Ltd.,Online Securities Pvt. Ltd.,2026-04-27 14:58:40.437004
2026042701043101,NICA,45,11,25,375.0,9375.0,Imperial Securities Company Pvt. Ltd.,Malla & Malla Stock Broking Company Pvt. Limited,2026-04-27 14:58:40.437239
2026042701043102,NICA,45,42,45,375.0,16875.0,Imperial Securities Company Pvt. Ltd.,Sani Securities Company Ltd.,2026-04-27 14:58:40.437456
2026042701043103,NICA,45,1,10,375.0,3750.0,Imperial Securities Company Pvt. Ltd.,Kumari Securities Private Limited,2026-04-27 14:58:40.437675
2026042701043104,NICA,45,39,405,375.0,151875.0,Imperial Securities Company Pvt. Ltd.,Sumeru Securities Pvt. Ltd.,2026-04-27 14:58:40.437895
2026042701043546,NICA,45,39,95,375.0,35625.0,Imperial Securities Company Pvt. Ltd.,Sumeru Securities Pvt. Ltd.,2026-04-27 14:59:23.924331
2026042701043547,NICA,45,13,1000,375.0,375000.0,Imperial Securities Company Pvt. Ltd.,Thrive Brokerage House Pvt. Ltd,2026-04-27 14:59:23.924504
2026042701043548,NICA,45,5,100,375.0,37500.0,Imperial Securities Company Pvt. Ltd.,Market Securities & Exchange (PVT) Ltd.,2026-04-27 14:59:23.924599
2026042701043549,NICA,45,58,105,377.5,39637.5,Imperial Securities Company Pvt. Ltd.,Naasa Securities Co. Ltd.,2026-04-27 14:59:23.924717
2026042701043586,NICA,45,14,2000,368.0,736000.0,Imperial Securities Company Pvt. Ltd.,Nepal Stock House (PVT) Ltd.,2026-04-27 14:59:28.481672
2026042701043830,NICA,53,14,20,368.0,7360.0,Investment Management Nepal Pvt. Ltd.,Nepal Stock House (PVT) Ltd.,2026-04-27 14:59:37.988236
2026042701043949,NICA,58,14,250,368.0,92000.0,Naasa Securities Co. Ltd.,Nepal Stock House (PVT) Ltd.,2026-04-27 14:59:41.497624
2026042701043979,NICA,45,14,395,368.0,145360.0,Imperial Securities Company Pvt. Ltd.,Nepal Stock House (PVT) Ltd.,2026-04-27 14:59:44.491497
2026042701043980,NICA,45,45,100,375.0,37500.0,Imperial Securities Company Pvt. Ltd.,Imperial Securities Company Pvt. Ltd.,2026-04-27 14:59:44.491865
2026042701043981,NICA,45,21,100,377.0,37700.0,Imperial Securities Company Pvt. Ltd.,Midas Stock Broking Company Private Limited,2026-04-27 14:59:44.492213
2026042701043982,NICA,45,58,145,377.5,54737.5,Imperial Securities Company Pvt. Ltd.,Naasa Securities Co. Ltd.,2026-04-27 14:59:44.492526
2026042701043983,NICA,45,50,506,377.5,191015.0,Imperial Securities Company Pvt. Ltd.,Cristal Kanchanjanga Securites Pvt. Ltd.,2026-04-27 14:59:44.492783
2026042701043984,NICA,45,58,754,378.0,285012.0,Imperial Securities Company Pvt. Ltd.,Naasa Securities Co. Ltd.,2026-04-27 14:59:44.493014
2026042701044204,NICA,45,58,50,375.0,18750.0,Imperial Securities Company Pvt. Ltd.,Naasa Securities Co. Ltd.,2026-04-27 14:59:57.492013
