contract_id,symbol,buyer_member_id,seller_member_id,volume,price,amount,buyer_broker,seller_broker,transaction_time
2026042705000082,NIFRA,58,42,64,270.0,17280.0,Naasa Securities Co. Ltd.,Sani Securities Company Ltd.,2026-04-27 11:01:47.634510
2026042705000119,NIFRA,58,32,100,270.0,27000.0,Naasa Securities Co. Ltd.,Premier Securities Company Ltd.,2026-04-27 11:02:39.660525
2026042705000128,NIFRA,58,58,336,270.0,90720.0,Naasa Securities Co. Ltd.,Naasa Securities Co. Ltd.,2026-04-27 11:02:51.316119
2026042705000177,NIFRA,7,3,36,269.0,9684.0,J.F. Securites (PVT) Ltd.,Arun Securities (PVT) Ltd.,2026-04-27 11:04:03.406240
2026042705000191,NIFRA,61,40,64,267.0,17088.0,BHOLE GANESH SECURITIES LTD,Creative Securities Pvt Ltd,2026-04-27 11:04:34.106878
2026042705000282,NIFRA,61,40,36,267.0,9612.0,BHOLE GANESH SECURITIES LTD,Creative Securities Pvt Ltd,2026-04-27 11:06:27.551196
2026042705000283,NIFRA,49,40,28,267.0,7476.0,Online Securities Pvt. Ltd.,Creative Securities Pvt Ltd,2026-04-27 11:06:27.551233
2026042705000312,NIFRA,49,36,54,267.0,14418.0,Online Securities Pvt. Ltd.,Secured Securities Ltd.,2026-04-27 11:07:15.798674
2026042705000348,NIFRA,49,21,18,267.0,4806.0,Online Securities Pvt. Ltd.,Midas Stock Broking Company Private Limited,2026-04-27 11:08:09.007084
2026042705000397,NIFRA,58,21,36,266.5,9594.0,Naasa Securities Co. Ltd.,Midas Stock Broking Company Private Limited,2026-04-27 11:08:49.964512
2026042705000521,NIFRA,57,39,8,260.0,2080.0,Aryatara Investment & Securities,Sumeru Securities Pvt. Ltd.,2026-04-27 11:11:32.762380
2026042705000562,NIFRA,7,26,38,269.9,10256.2,J.F. Securites (PVT) Ltd.,Asian Securities Private Ltd.,2026-04-27 11:12:10.858863
2026042705000641,NIFRA,35,41,100,269.0,26900.0,Kohinoor Investment & Securities Pvt. Ltd.,Linch Stock Market Ltd.,2026-04-27 11:13:18.262168
2026042705000698,NIFRA,45,36,21,266.6,5598.6,Imperial Securities Company Pvt. Ltd.,Secured Securities Ltd.,2026-04-27 11:14:32.044444
2026042705000794,NIFRA,45,32,54,266.6,14396.4,Imperial Securities Company Pvt. Ltd.,Premier Securities Company Ltd.,2026-04-27 11:15:32.809674
2026042705000920,NIFRA,58,42,14,266.7,3733.8,Naasa Securities Co. Ltd.,Sani Securities Company Ltd.,2026-04-27 11:17:45.389883
2026042705000921,NIFRA,45,42,10,266.6,2666.0,Imperial Securities Company Pvt. Ltd.,Sani Securities Company Ltd.,2026-04-27 11:17:45.390244
2026042705000922,NIFRA,54,42,14,266.5,3731.0,Sewa Securities Pvt. Ltd.,Sani Securities Company Ltd.,2026-04-27 11:17:45.390487
2026042705000923,NIFRA,8,42,200,266.1,53220.0,Brilliant Securities Pvt. Ltd.,Sani Securities Company Ltd.,2026-04-27 11:17:45.390690
2026042705000924,NIFRA,49,42,100,266.0,26600.0,Online Securities Pvt. Ltd.,Sani Securities Company Ltd.,2026-04-27 11:17:45.390895
2026042705000925,NIFRA,26,42,162,266.0,43092.0,Asian Securities Private Ltd.,Sani Securities Company Ltd.,2026-04-27 11:17:45.391111
2026042705000993,NIFRA,58,6,4,259.0,1036.0,Naasa Securities Co. Ltd.,Agrawal Securities (PVT) Ltd.,2026-04-27 11:18:39.479273
2026042705001032,NIFRA,26,49,38,266.0,10108.0,Asian Securities Private Ltd.,Online Securities Pvt. Ltd.,2026-04-27 11:19:07.237863
2026042705001087,NIFRA,26,49,26,266.0,6916.0,Asian Securities Private Ltd.,Online Securities Pvt. Ltd.,2026-04-27 11:19:46.340410
2026042705001155,NIFRA,36,49,10,266.1,2661.0,Secured Securities Ltd.,Online Securities Pvt. Ltd.,2026-04-27 11:21:01.051637
2026042705001266,NIFRA,39,58,54,266.5,14391.0,Sumeru Securities Pvt. Ltd.,Naasa Securities Co. Ltd.,2026-04-27 11:22:25.946556
2026042705001319,NIFRA,58,42,54,266.9,14412.6,Naasa Securities Co. Ltd.,Sani Securities Company Ltd.,2026-04-27 11:23:08.741903
2026042705001347,NIFRA,58,51,21,266.9,5604.9,Naasa Securities Co. Ltd.,Oxford Securities Pvt. Ltd.,2026-04-27 11:23:35.377367
2026042705001348,NIFRA,58,11,64,266.9,17081.6,Naasa Securities Co. Ltd.,Malla & Malla Stock Broking Company Pvt. Limited,2026-04-27 11:23:37.693404
2026042705001353,NIFRA,58,51,34,266.9,9074.6,Naasa Securities Co. Ltd.,Oxford Securities Pvt. Ltd.,2026-04-27 11:23:42.325013
2026042705001405,NIFRA,58,6,10,266.9,2669.0,Naasa Securities Co. Ltd.,Agrawal Securities (PVT) Ltd.,2026-04-27 11:24:18.792187
2026042705001429,NIFRA,57,6,90,266.9,24021.0,Aryatara Investment & Securities,Agrawal Securities (PVT) Ltd.,2026-04-27 11:24:44.018269
2026042705001430,NIFRA,57,80,64,267.0,17088.0,Aryatara Investment & Securities,Indira securities pvt. ltd,2026-04-27 11:24:44.018674
2026042705001470,NIFRA,25,74,64,266.9,17081.6,Sweta Securities Private Limited,KALASH STOCK MARKET PVT. LTD.,2026-04-27 11:25:31.474758
2026042705001492,NIFRA,25,1,26,266.9,6939.4,Sweta Securities Private Limited,Kumari Securities Private Limited,2026-04-27 11:25:47.885774
2026042705001493,NIFRA,39,1,24,266.5,6396.0,Sumeru Securities Pvt. Ltd.,Kumari Securities Private Limited,2026-04-27 11:25:47.885967
2026042705001498,NIFRA,39,51,10,266.5,2665.0,Sumeru Securities Pvt. Ltd.,Oxford Securities Pvt. Ltd.,2026-04-27 11:25:51.297576
2026042705001515,NIFRA,36,34,64,267.0,17088.0,Secured Securities Ltd.,Vision Securities Pvt. Ltd,2026-04-27 11:25:59.621812
2026042705001529,NIFRA,71,62,38,267.9,10180.2,SHUBHAKAMANA SECURITIES PVT. LTD,Capital Max Securities Ltd,2026-04-27 11:26:17.215697
2026042705001539,NIFRA,58,62,16,267.9,4286.4,Naasa Securities Co. Ltd.,Capital Max Securities Ltd,2026-04-27 11:26:20.987797
2026042705001540,NIFRA,58,58,54,268.0,14472.0,Naasa Securities Co. Ltd.,Naasa Securities Co. Ltd.,2026-04-27 11:26:20.988031
2026042705001568,NIFRA,58,58,25,268.0,6700.0,Naasa Securities Co. Ltd.,Naasa Securities Co. Ltd.,2026-04-27 11:26:40.320922
2026042705001631,NIFRA,74,25,50,268.1,13405.0,KALASH STOCK MARKET PVT. LTD.,Sweta Securities Private Limited,2026-04-27 11:27:20.910805
2026042705001632,NIFRA,58,25,14,268.0,3752.0,Naasa Securities Co. Ltd.,Sweta Securities Private Limited,2026-04-27 11:27:20.911265
2026042705001637,NIFRA,58,4,12,268.0,3216.0,Naasa Securities Co. Ltd.,Opal Securities Investment (PVT) Ltd.,2026-04-27 11:27:22.813268
2026042705001698,NIFRA,58,59,74,268.0,19832.0,Naasa Securities Co. Ltd.,Deevyaa Securities & Stock House Pvt. Ltd,2026-04-27 11:27:58.046513
2026042705001699,NIFRA,13,59,20,268.0,5360.0,Thrive Brokerage House Pvt. Ltd,Deevyaa Securities & Stock House Pvt. Ltd,2026-04-27 11:27:58.046734
2026042705001701,NIFRA,6,59,150,268.0,40200.0,Agrawal Securities (PVT) Ltd.,Deevyaa Securities & Stock House Pvt. Ltd,2026-04-27 11:27:59.549004
2026042705001757,NIFRA,41,59,250,268.0,67000.0,Linch Stock Market Ltd.,Deevyaa Securities & Stock House Pvt. Ltd,2026-04-27 11:28:34.696708
2026042705001840,NIFRA,22,59,64,268.0,17152.0,Siprabi Securities Pvt. Ltd.,Deevyaa Securities & Stock House Pvt. Ltd,2026-04-27 11:29:47.030798
2026042705001890,NIFRA,22,36,54,268.0,14472.0,Siprabi Securities Pvt. Ltd.,Secured Securities Ltd.,2026-04-27 11:30:12.333346
2026042705002005,NIFRA,22,38,22,268.0,5896.0,Siprabi Securities Pvt. Ltd.,Dipshikha Dhitopatra Karobar Co. Pvt Ltd.,2026-04-27 11:31:25.926178
2026042705002086,NIFRA,41,42,30,267.0,8010.0,Linch Stock Market Ltd.,Sani Securities Company Ltd.,2026-04-27 11:32:45.403081
2026042705002087,NIFRA,39,42,24,266.5,6396.0,Sumeru Securities Pvt. Ltd.,Sani Securities Company Ltd.,2026-04-27 11:32:45.403577
2026042705002106,NIFRA,39,56,54,266.5,14391.0,Sumeru Securities Pvt. Ltd.,Sri Hari Securities Pvt. Ltd.,2026-04-27 11:32:59.306532
2026042705002118,NIFRA,39,56,10,266.5,2665.0,Sumeru Securities Pvt. Ltd.,Sri Hari Securities Pvt. Ltd.,2026-04-27 11:33:06.918427
2026042705002122,NIFRA,25,29,14,267.0,3738.0,Sweta Securities Private Limited,Trisul Securities & Invt. Ltd.,2026-04-27 11:33:09.577242
2026042705002161,NIFRA,25,40,36,267.0,9612.0,Sweta Securities Private Limited,Creative Securities Pvt Ltd,2026-04-27 11:33:36.219401
2026042705002162,NIFRA,8,40,20,267.0,5340.0,Brilliant Securities Pvt. Ltd.,Creative Securities Pvt Ltd,2026-04-27 11:33:36.219468
2026042705002204,NIFRA,58,5,40,267.0,10680.0,Naasa Securities Co. Ltd.,Market Securities & Exchange (PVT) Ltd.,2026-04-27 11:34:03.828690
2026042705002238,NIFRA,58,4,10,267.0,2670.0,Naasa Securities Co. Ltd.,Opal Securities Investment (PVT) Ltd.,2026-04-27 11:34:27.445285
2026042705002251,NIFRA,39,38,42,266.5,11193.0,Sumeru Securities Pvt. Ltd.,Dipshikha Dhitopatra Karobar Co. Pvt Ltd.,2026-04-27 11:34:35.730142
2026042705002357,NIFRA,56,40,64,266.5,17056.0,Sri Hari Securities Pvt. Ltd.,Creative Securities Pvt Ltd,2026-04-27 11:35:45.818270
2026042705002388,NIFRA,56,58,64,266.5,17056.0,Sri Hari Securities Pvt. Ltd.,Naasa Securities Co. Ltd.,2026-04-27 11:36:11.842063
2026042705002459,NIFRA,56,6,54,266.5,14391.0,Sri Hari Securities Pvt. Ltd.,Agrawal Securities (PVT) Ltd.,2026-04-27 11:37:08.527849
2026042705002470,NIFRA,56,84,64,266.5,17056.0,Sri Hari Securities Pvt. Ltd.,MILKY WAY SHARE BROKER COMPANY LTD ,2026-04-27 11:37:13.166971
2026042705002472,NIFRA,56,64,64,266.5,17056.0,Sri Hari Securities Pvt. Ltd.,SUN SECURITIES PVT LTD,2026-04-27 11:37:14.704724
2026042705002481,NIFRA,56,45,54,266.5,14391.0,Sri Hari Securities Pvt. Ltd.,Imperial Securities Company Pvt. Ltd.,2026-04-27 11:37:27.001261
2026042705002535,NIFRA,56,57,54,266.5,14391.0,Sri Hari Securities Pvt. Ltd.,Aryatara Investment & Securities,2026-04-27 11:37:55.763343
2026042705002578,NIFRA,62,4,44,267.0,11748.0,Capital Max Securities Ltd,Opal Securities Investment (PVT) Ltd.,2026-04-27 11:38:39.181688
2026042705002579,NIFRA,62,98,156,267.5,41730.0,Capital Max Securities Ltd,Trademow Securities Private Limited,2026-04-27 11:38:39.182012
2026042705002594,NIFRA,56,52,82,266.5,21853.0,Sri Hari Securities Pvt. Ltd.,Sundhara Securities Limited,2026-04-27 11:38:58.970932
2026042705002701,NIFRA,59,34,64,266.5,17056.0,Deevyaa Securities & Stock House Pvt. Ltd,Vision Securities Pvt. Ltd,2026-04-27 11:40:09.339249
2026042705002786,NIFRA,59,47,14,266.5,3731.0,Deevyaa Securities & Stock House Pvt. Ltd,Neev Securities Pvt. Ltd.,2026-04-27 11:41:19.846891
2026042705002969,NIFRA,59,58,54,266.5,14391.0,Deevyaa Securities & Stock House Pvt. Ltd,Naasa Securities Co. Ltd.,2026-04-27 11:44:13.777230
2026042705003112,NIFRA,54,44,20,267.0,5340.0,Sewa Securities Pvt. Ltd.,Dynamic Money Managers Securities Pvt. Ltd.,2026-04-27 11:47:05.553365
2026042705003113,NIFRA,57,44,1,267.0,267.0,Aryatara Investment & Securities,Dynamic Money Managers Securities Pvt. Ltd.,2026-04-27 11:47:05.553847
2026042705003148,NIFRA,59,21,18,266.5,4797.0,Deevyaa Securities & Stock House Pvt. Ltd,Midas Stock Broking Company Private Limited,2026-04-27 11:47:40.065604
2026042705003149,NIFRA,42,21,100,266.5,26650.0,Sani Securities Company Ltd.,Midas Stock Broking Company Private Limited,2026-04-27 11:47:40.066173
2026042705003150,NIFRA,42,21,30,266.5,7995.0,Sani Securities Company Ltd.,Midas Stock Broking Company Private Limited,2026-04-27 11:47:40.066584
2026042705003151,NIFRA,57,21,20,266.5,5330.0,Aryatara Investment & Securities,Midas Stock Broking Company Private Limited,2026-04-27 11:47:40.066955
2026042705003163,NIFRA,35,5,54,266.3,14380.2,Kohinoor Investment & Securities Pvt. Ltd.,Market Securities & Exchange (PVT) Ltd.,2026-04-27 11:47:48.132624
2026042705003198,NIFRA,35,58,14,266.3,3728.2,Kohinoor Investment & Securities Pvt. Ltd.,Naasa Securities Co. Ltd.,2026-04-27 11:48:33.405343
2026042705003207,NIFRA,35,52,54,266.3,14380.2,Kohinoor Investment & Securities Pvt. Ltd.,Sundhara Securities Limited,2026-04-27 11:48:49.711427
2026042705003211,NIFRA,45,98,16,267.8,4284.8,Imperial Securities Company Pvt. Ltd.,Trademow Securities Private Limited,2026-04-27 11:48:55.218438
2026042705003256,NIFRA,35,46,36,266.3,9586.8,Kohinoor Investment & Securities Pvt. Ltd.,Kalika Securities Pvt. Ltd.,2026-04-27 11:49:38.766962
2026042705003267,NIFRA,35,11,270,266.3,71901.0,Kohinoor Investment & Securities Pvt. Ltd.,Malla & Malla Stock Broking Company Pvt. Limited,2026-04-27 11:50:03.765500
2026042705003299,NIFRA,35,51,21,266.3,5592.3,Kohinoor Investment & Securities Pvt. Ltd.,Oxford Securities Pvt. Ltd.,2026-04-27 11:50:34.339896
2026042705003302,NIFRA,57,38,2,260.0,520.0,Aryatara Investment & Securities,Dipshikha Dhitopatra Karobar Co. Pvt Ltd.,2026-04-27 11:50:49.401557
2026042705003310,NIFRA,57,21,2,261.0,522.0,Aryatara Investment & Securities,Midas Stock Broking Company Private Limited,2026-04-27 11:50:58.915512
2026042705003351,NIFRA,35,45,51,266.3,13581.3,Kohinoor Investment & Securities Pvt. Ltd.,Imperial Securities Company Pvt. Ltd.,2026-04-27 11:51:49.491999
2026042705003352,NIFRA,33,45,13,266.3,3461.9,Dakshinkali Investment & Securities Pvt. Ltd.,Imperial Securities Company Pvt. Ltd.,2026-04-27 11:51:49.492625
2026042705003359,NIFRA,33,58,54,266.3,14380.2,Dakshinkali Investment & Securities Pvt. Ltd.,Naasa Securities Co. Ltd.,2026-04-27 11:51:56.196434
2026042705003483,NIFRA,54,1,40,266.5,10660.0,Sewa Securities Pvt. Ltd.,Kumari Securities Private Limited,2026-04-27 11:54:05.902745
2026042705003524,NIFRA,54,33,10,266.5,2665.0,Sewa Securities Pvt. Ltd.,Dakshinkali Investment & Securities Pvt. Ltd.,2026-04-27 11:54:54.762638
2026042705003525,NIFRA,33,33,133,266.3,35417.9,Dakshinkali Investment & Securities Pvt. Ltd.,Dakshinkali Investment & Securities Pvt. Ltd.,2026-04-27 11:54:54.762762
2026042705003526,NIFRA,54,33,20,266.3,5326.0,Sewa Securities Pvt. Ltd.,Dakshinkali Investment & Securities Pvt. Ltd.,2026-04-27 11:54:54.762866
2026042705003527,NIFRA,6,33,25,266.3,6657.5,Agrawal Securities (PVT) Ltd.,Dakshinkali Investment & Securities Pvt. Ltd.,2026-04-27 11:54:54.762937
2026042705003528,NIFRA,74,33,82,266.3,21836.6,KALASH STOCK MARKET PVT. LTD.,Dakshinkali Investment & Securities Pvt. Ltd.,2026-04-27 11:54:54.762994
2026042705003539,NIFRA,74,1,14,266.3,3728.2,KALASH STOCK MARKET PVT. LTD.,Kumari Securities Private Limited,2026-04-27 11:55:08.261483
2026042705003569,NIFRA,35,59,140,266.9,37366.0,Kohinoor Investment & Securities Pvt. Ltd.,Deevyaa Securities & Stock House Pvt. Ltd,2026-04-27 11:55:27.821214
2026042705003586,NIFRA,6,49,4,259.0,1036.0,Agrawal Securities (PVT) Ltd.,Online Securities Pvt. Ltd.,2026-04-27 11:55:47.425805
2026042705003596,NIFRA,34,33,150,266.5,39975.0,Vision Securities Pvt. Ltd,Dakshinkali Investment & Securities Pvt. Ltd.,2026-04-27 11:55:58.050253
2026042705003597,NIFRA,74,33,120,266.3,31956.0,KALASH STOCK MARKET PVT. LTD.,Dakshinkali Investment & Securities Pvt. Ltd.,2026-04-27 11:55:58.050295
2026042705003671,NIFRA,6,45,50,267.0,13350.0,Agrawal Securities (PVT) Ltd.,Imperial Securities Company Pvt. Ltd.,2026-04-27 11:57:44.309363
2026042705003694,NIFRA,7,57,54,266.4,14385.6,J.F. Securites (PVT) Ltd.,Aryatara Investment & Securities,2026-04-27 11:58:02.590982
2026042705003807,NIFRA,7,56,24,266.4,6393.6,J.F. Securites (PVT) Ltd.,Sri Hari Securities Pvt. Ltd.,2026-04-27 11:59:57.809422
2026042705003809,NIFRA,7,19,54,266.4,14385.6,J.F. Securites (PVT) Ltd.,Nepal Investment And Securities Trading Private Limited,2026-04-27 12:00:00.576623
2026042705003844,NIFRA,7,34,54,266.4,14385.6,J.F. Securites (PVT) Ltd.,Vision Securities Pvt. Ltd,2026-04-27 12:00:27.614243
2026042705003853,NIFRA,7,34,14,266.4,3729.6,J.F. Securites (PVT) Ltd.,Vision Securities Pvt. Ltd,2026-04-27 12:00:33.552277
2026042705003878,NIFRA,29,37,54,267.0,14418.0,Trisul Securities & Invt. Ltd.,Swarna Laxmi Securities Pvt. Ltd.,2026-04-27 12:01:06.105175
2026042705003879,NIFRA,29,72,46,267.0,12282.0,Trisul Securities & Invt. Ltd.,Hatemalo Financial Services Private Limited,2026-04-27 12:01:06.105506
2026042705003885,NIFRA,42,42,54,267.0,14418.0,Sani Securities Company Ltd.,Sani Securities Company Ltd.,2026-04-27 12:01:16.611297
2026042705003886,NIFRA,42,38,54,267.0,14418.0,Sani Securities Company Ltd.,Dipshikha Dhitopatra Karobar Co. Pvt Ltd.,2026-04-27 12:01:16.612090
2026042705003887,NIFRA,42,39,92,267.0,24564.0,Sani Securities Company Ltd.,Sumeru Securities Pvt. Ltd.,2026-04-27 12:01:16.612692
2026042705003900,NIFRA,7,56,15,266.4,3996.0,J.F. Securites (PVT) Ltd.,Sri Hari Securities Pvt. Ltd.,2026-04-27 12:01:32.958701
2026042705004014,NIFRA,22,51,10,266.5,2665.0,Siprabi Securities Pvt. Ltd.,Oxford Securities Pvt. Ltd.,2026-04-27 12:04:20.413185
2026042705004028,NIFRA,7,25,32,266.4,8524.8,J.F. Securites (PVT) Ltd.,Sweta Securities Private Limited,2026-04-27 12:04:39.955724
2026042705004040,NIFRA,74,68,64,266.3,17043.2,KALASH STOCK MARKET PVT. LTD.,Elite Stock House Limited,2026-04-27 12:04:54.449800
2026042705004179,NIFRA,74,52,54,266.3,14380.2,KALASH STOCK MARKET PVT. LTD.,Sundhara Securities Limited,2026-04-27 12:07:12.876418
2026042705004199,NIFRA,74,57,54,266.3,14380.2,KALASH STOCK MARKET PVT. LTD.,Aryatara Investment & Securities,2026-04-27 12:07:41.621982
2026042705004204,NIFRA,74,51,44,266.3,11717.2,KALASH STOCK MARKET PVT. LTD.,Oxford Securities Pvt. Ltd.,2026-04-27 12:07:49.426636
2026042705004236,NIFRA,74,57,54,266.3,14380.2,KALASH STOCK MARKET PVT. LTD.,Aryatara Investment & Securities,2026-04-27 12:08:31.660514
2026042705004303,NIFRA,74,58,54,266.3,14380.2,KALASH STOCK MARKET PVT. LTD.,Naasa Securities Co. Ltd.,2026-04-27 12:09:52.804575
2026042705004304,NIFRA,58,47,60,266.4,15984.0,Naasa Securities Co. Ltd.,Neev Securities Pvt. Ltd.,2026-04-27 12:09:53.116170
2026042705004316,NIFRA,42,47,24,266.4,6393.6,Sani Securities Company Ltd.,Neev Securities Pvt. Ltd.,2026-04-27 12:10:14.810485
2026042705004336,NIFRA,74,4,54,266.3,14380.2,KALASH STOCK MARKET PVT. LTD.,Opal Securities Investment (PVT) Ltd.,2026-04-27 12:10:44.693300
2026042705004360,NIFRA,54,58,20,266.3,5326.0,Sewa Securities Pvt. Ltd.,Naasa Securities Co. Ltd.,2026-04-27 12:11:10.815110
2026042705004361,NIFRA,6,58,34,266.3,9054.2,Agrawal Securities (PVT) Ltd.,Naasa Securities Co. Ltd.,2026-04-27 12:11:10.815862
2026042705004393,NIFRA,21,47,16,266.4,4262.4,Midas Stock Broking Company Private Limited,Neev Securities Pvt. Ltd.,2026-04-27 12:11:50.059052
2026042705004394,NIFRA,21,42,21,266.4,5594.4,Midas Stock Broking Company Private Limited,Sani Securities Company Ltd.,2026-04-27 12:11:50.059739
2026042705004400,NIFRA,6,58,16,266.3,4260.8,Agrawal Securities (PVT) Ltd.,Naasa Securities Co. Ltd.,2026-04-27 12:11:57.333552
2026042705004401,NIFRA,38,58,48,266.3,12782.4,Dipshikha Dhitopatra Karobar Co. Pvt Ltd.,Naasa Securities Co. Ltd.,2026-04-27 12:11:57.334222
2026042705004428,NIFRA,81,3,10,266.9,2669.0,Aakashbhairab Securities Ltd.,Arun Securities (PVT) Ltd.,2026-04-27 12:12:34.327034
2026042705004429,NIFRA,81,39,408,267.0,108936.0,Aakashbhairab Securities Ltd.,Sumeru Securities Pvt. Ltd.,2026-04-27 12:12:34.327421
2026042705004509,NIFRA,49,41,12,267.5,3210.0,Online Securities Pvt. Ltd.,Linch Stock Market Ltd.,2026-04-27 12:13:43.835777
2026042705004551,NIFRA,81,58,21,267.0,5607.0,Aakashbhairab Securities Ltd.,Naasa Securities Co. Ltd.,2026-04-27 12:14:21.613892
2026042705004561,NIFRA,81,21,64,267.0,17088.0,Aakashbhairab Securities Ltd.,Midas Stock Broking Company Private Limited,2026-04-27 12:14:29.677782
2026042705004641,NIFRA,81,17,64,267.0,17088.0,Aakashbhairab Securities Ltd.,ABC Securities Private Limited,2026-04-27 12:16:24.688269
2026042705004684,NIFRA,81,38,54,267.0,14418.0,Aakashbhairab Securities Ltd.,Dipshikha Dhitopatra Karobar Co. Pvt Ltd.,2026-04-27 12:17:16.539832
2026042705004710,NIFRA,81,61,64,267.0,17088.0,Aakashbhairab Securities Ltd.,BHOLE GANESH SECURITIES LTD,2026-04-27 12:17:35.333552
2026042705004784,NIFRA,81,6,54,267.0,14418.0,Aakashbhairab Securities Ltd.,Agrawal Securities (PVT) Ltd.,2026-04-27 12:18:46.528804
2026042705004804,NIFRA,81,53,48,267.0,12816.0,Aakashbhairab Securities Ltd.,Investment Management Nepal Pvt. Ltd.,2026-04-27 12:19:09.539835
2026042705004863,NIFRA,81,17,54,267.0,14418.0,Aakashbhairab Securities Ltd.,ABC Securities Private Limited,2026-04-27 12:20:00.879783
2026042705004864,NIFRA,81,49,54,267.0,14418.0,Aakashbhairab Securities Ltd.,Online Securities Pvt. Ltd.,2026-04-27 12:20:01.667644
2026042705004873,NIFRA,81,42,50,267.0,13350.0,Aakashbhairab Securities Ltd.,Sani Securities Company Ltd.,2026-04-27 12:20:06.776794
2026042705004880,NIFRA,81,58,200,267.0,53400.0,Aakashbhairab Securities Ltd.,Naasa Securities Co. Ltd.,2026-04-27 12:20:18.889737
2026042705004901,NIFRA,81,19,10,267.0,2670.0,Aakashbhairab Securities Ltd.,Nepal Investment And Securities Trading Private Limited,2026-04-27 12:20:33.040871
2026042705005043,NIFRA,8,49,54,267.2,14428.8,Brilliant Securities Pvt. Ltd.,Online Securities Pvt. Ltd.,2026-04-27 12:22:56.670479
2026042705005196,NIFRA,42,41,20,267.5,5350.0,Sani Securities Company Ltd.,Linch Stock Market Ltd.,2026-04-27 12:25:27.589885
2026042705005363,NIFRA,58,41,32,267.5,8560.0,Naasa Securities Co. Ltd.,Linch Stock Market Ltd.,2026-04-27 12:28:45.924281
2026042705005364,NIFRA,58,58,18,267.5,4815.0,Naasa Securities Co. Ltd.,Naasa Securities Co. Ltd.,2026-04-27 12:28:45.925067
2026042705005394,NIFRA,8,44,200,267.2,53440.0,Brilliant Securities Pvt. Ltd.,Dynamic Money Managers Securities Pvt. Ltd.,2026-04-27 12:29:48.737509
2026042705005447,NIFRA,8,14,54,267.2,14428.8,Brilliant Securities Pvt. Ltd.,Nepal Stock House (PVT) Ltd.,2026-04-27 12:30:58.929671
2026042705005461,NIFRA,8,32,150,267.2,40080.0,Brilliant Securities Pvt. Ltd.,Premier Securities Company Ltd.,2026-04-27 12:31:21.347809
2026042705005503,NIFRA,8,49,44,267.2,11756.8,Brilliant Securities Pvt. Ltd.,Online Securities Pvt. Ltd.,2026-04-27 12:32:06.260156
2026042705005518,NIFRA,8,5,54,267.2,14428.8,Brilliant Securities Pvt. Ltd.,Market Securities & Exchange (PVT) Ltd.,2026-04-27 12:32:20.700378
2026042705005521,NIFRA,8,36,64,267.2,17100.8,Brilliant Securities Pvt. Ltd.,Secured Securities Ltd.,2026-04-27 12:32:27.077917
2026042705005580,NIFRA,42,58,10,267.5,2675.0,Sani Securities Company Ltd.,Naasa Securities Co. Ltd.,2026-04-27 12:33:17.189913
2026042705005666,NIFRA,35,32,13,267.4,3476.2,Kohinoor Investment & Securities Pvt. Ltd.,Premier Securities Company Ltd.,2026-04-27 12:34:31.555130
2026042705005767,NIFRA,8,99,64,267.2,17100.8,Brilliant Securities Pvt. Ltd.,Prabhu Stock Market Limited,2026-04-27 12:37:28.774825
2026042705005787,NIFRA,8,32,37,267.2,9886.4,Brilliant Securities Pvt. Ltd.,Premier Securities Company Ltd.,2026-04-27 12:37:56.511641
2026042705005893,NIFRA,8,54,149,267.2,39812.8,Brilliant Securities Pvt. Ltd.,Sewa Securities Pvt. Ltd.,2026-04-27 12:39:53.554869
2026042705005894,NIFRA,58,54,43,267.2,11489.6,Naasa Securities Co. Ltd.,Sewa Securities Pvt. Ltd.,2026-04-27 12:39:53.555699
2026042705005914,NIFRA,81,54,24,267.0,6408.0,Aakashbhairab Securities Ltd.,Sewa Securities Pvt. Ltd.,2026-04-27 12:40:20.652071
2026042705005963,NIFRA,81,26,54,267.0,14418.0,Aakashbhairab Securities Ltd.,Asian Securities Private Ltd.,2026-04-27 12:41:28.976685
2026042705005995,NIFRA,81,32,67,267.0,17889.0,Aakashbhairab Securities Ltd.,Premier Securities Company Ltd.,2026-04-27 12:42:28.029786
2026042705005996,NIFRA,56,32,20,267.0,5340.0,Sri Hari Securities Pvt. Ltd.,Premier Securities Company Ltd.,2026-04-27 12:42:28.030145
2026042705005997,NIFRA,11,32,50,267.0,13350.0,Malla & Malla Stock Broking Company Pvt. Limited,Premier Securities Company Ltd.,2026-04-27 12:42:28.030329
2026042705005998,NIFRA,22,32,55,267.0,14685.0,Siprabi Securities Pvt. Ltd.,Premier Securities Company Ltd.,2026-04-27 12:42:28.030504
2026042705006104,NIFRA,45,19,43,266.6,11463.8,Imperial Securities Company Pvt. Ltd.,Nepal Investment And Securities Trading Private Limited,2026-04-27 12:45:09.890836
2026042705006105,NIFRA,51,19,11,266.6,2932.6,Oxford Securities Pvt. Ltd.,Nepal Investment And Securities Trading Private Limited,2026-04-27 12:45:09.891618
2026042705006109,NIFRA,42,52,34,267.0,9078.0,Sani Securities Company Ltd.,Sundhara Securities Limited,2026-04-27 12:45:18.288262
2026042705006110,NIFRA,42,58,29,267.0,7743.0,Sani Securities Company Ltd.,Naasa Securities Co. Ltd.,2026-04-27 12:45:18.289171
2026042705006111,NIFRA,51,32,19,266.6,5065.4,Oxford Securities Pvt. Ltd.,Premier Securities Company Ltd.,2026-04-27 12:45:18.867125
2026042705006130,NIFRA,42,32,39,266.6,10397.4,Sani Securities Company Ltd.,Premier Securities Company Ltd.,2026-04-27 12:45:40.046398
2026042705006156,NIFRA,42,52,64,267.3,17107.2,Sani Securities Company Ltd.,Sundhara Securities Limited,2026-04-27 12:46:02.522891
2026042705006190,NIFRA,42,32,10,267.4,2674.0,Sani Securities Company Ltd.,Premier Securities Company Ltd.,2026-04-27 12:46:35.299510
2026042705006191,NIFRA,42,58,26,267.5,6955.0,Sani Securities Company Ltd.,Naasa Securities Co. Ltd.,2026-04-27 12:46:35.299953
2026042705006192,NIFRA,42,35,10,267.5,2675.0,Sani Securities Company Ltd.,Kohinoor Investment & Securities Pvt. Ltd.,2026-04-27 12:46:35.300144
2026042705006209,NIFRA,42,35,10,267.5,2675.0,Sani Securities Company Ltd.,Kohinoor Investment & Securities Pvt. Ltd.,2026-04-27 12:47:00.524135
2026042705006222,NIFRA,58,32,50,266.5,13325.0,Naasa Securities Co. Ltd.,Premier Securities Company Ltd.,2026-04-27 12:47:11.498645
2026042705006360,NIFRA,58,49,50,266.5,13325.0,Naasa Securities Co. Ltd.,Online Securities Pvt. Ltd.,2026-04-27 12:50:17.056115
2026042705006361,NIFRA,46,49,10,266.4,2664.0,Kalika Securities Pvt. Ltd.,Online Securities Pvt. Ltd.,2026-04-27 12:50:17.056205
2026042705006362,NIFRA,21,49,147,266.4,39160.8,Midas Stock Broking Company Private Limited,Online Securities Pvt. Ltd.,2026-04-27 12:50:17.056233
2026042705006363,NIFRA,36,49,23,266.1,6120.3,Secured Securities Ltd.,Online Securities Pvt. Ltd.,2026-04-27 12:50:17.056257
2026042705006459,NIFRA,36,59,67,266.1,17828.7,Secured Securities Ltd.,Deevyaa Securities & Stock House Pvt. Ltd,2026-04-27 12:52:00.622161
2026042705006460,NIFRA,58,59,100,266.1,26610.0,Naasa Securities Co. Ltd.,Deevyaa Securities & Stock House Pvt. Ltd,2026-04-27 12:52:00.622568
2026042705006461,NIFRA,16,59,500,266.1,133050.0,Primo Securities (PVT) Ltd.,Deevyaa Securities & Stock House Pvt. Ltd,2026-04-27 12:52:00.622753
2026042705006462,NIFRA,35,59,500,266.1,133050.0,Kohinoor Investment & Securities Pvt. Ltd.,Deevyaa Securities & Stock House Pvt. Ltd,2026-04-27 12:52:00.622934
2026042705006463,NIFRA,26,59,1474,266.0,392084.0,Asian Securities Private Ltd.,Deevyaa Securities & Stock House Pvt. Ltd,2026-04-27 12:52:00.623113
2026042705006464,NIFRA,59,59,80,266.0,21280.0,Deevyaa Securities & Stock House Pvt. Ltd,Deevyaa Securities & Stock House Pvt. Ltd,2026-04-27 12:52:00.623303
2026042705006465,NIFRA,45,59,500,266.0,133000.0,Imperial Securities Company Pvt. Ltd.,Deevyaa Securities & Stock House Pvt. Ltd,2026-04-27 12:52:00.623489
2026042705006466,NIFRA,35,59,250,266.0,66500.0,Kohinoor Investment & Securities Pvt. Ltd.,Deevyaa Securities & Stock House Pvt. Ltd,2026-04-27 12:52:00.623665
2026042705006467,NIFRA,57,59,200,266.0,53200.0,Aryatara Investment & Securities,Deevyaa Securities & Stock House Pvt. Ltd,2026-04-27 12:52:00.623845
2026042705006468,NIFRA,62,59,100,266.0,26600.0,Capital Max Securities Ltd,Deevyaa Securities & Stock House Pvt. Ltd,2026-04-27 12:52:00.624023
2026042705006469,NIFRA,41,59,50,266.0,13300.0,Linch Stock Market Ltd.,Deevyaa Securities & Stock House Pvt. Ltd,2026-04-27 12:52:00.624244
2026042705006470,NIFRA,45,59,50,266.0,13300.0,Imperial Securities Company Pvt. Ltd.,Deevyaa Securities & Stock House Pvt. Ltd,2026-04-27 12:52:00.624431
2026042705006471,NIFRA,35,59,1125,266.0,299250.0,Kohinoor Investment & Securities Pvt. Ltd.,Deevyaa Securities & Stock House Pvt. Ltd,2026-04-27 12:52:00.624609
2026042705006504,NIFRA,25,49,20,266.0,5320.0,Sweta Securities Private Limited,Online Securities Pvt. Ltd.,2026-04-27 12:52:39.193631
2026042705006505,NIFRA,46,49,15,266.0,3990.0,Kalika Securities Pvt. Ltd.,Online Securities Pvt. Ltd.,2026-04-27 12:52:39.194420
2026042705006506,NIFRA,58,49,50,266.0,13300.0,Naasa Securities Co. Ltd.,Online Securities Pvt. Ltd.,2026-04-27 12:52:39.194973
2026042705006507,NIFRA,19,49,15,266.0,3990.0,Nepal Investment And Securities Trading Private Limited,Online Securities Pvt. Ltd.,2026-04-27 12:52:39.195525
2026042705006542,NIFRA,19,42,64,266.0,17024.0,Nepal Investment And Securities Trading Private Limited,Sani Securities Company Ltd.,2026-04-27 12:53:31.793947
2026042705006639,NIFRA,19,59,64,266.0,17024.0,Nepal Investment And Securities Trading Private Limited,Deevyaa Securities & Stock House Pvt. Ltd,2026-04-27 12:55:21.924273
2026042705006674,NIFRA,35,34,21,266.1,5588.1,Kohinoor Investment & Securities Pvt. Ltd.,Vision Securities Pvt. Ltd,2026-04-27 12:56:11.462998
2026042705006805,NIFRA,29,57,200,267.0,53400.0,Trisul Securities & Invt. Ltd.,Aryatara Investment & Securities,2026-04-27 12:58:43.977481
2026042705006806,NIFRA,29,57,25,267.0,6675.0,Trisul Securities & Invt. Ltd.,Aryatara Investment & Securities,2026-04-27 12:58:43.978355
2026042705006807,NIFRA,29,32,54,267.0,14418.0,Trisul Securities & Invt. Ltd.,Premier Securities Company Ltd.,2026-04-27 12:58:43.978976
2026042705006808,NIFRA,29,1,54,267.0,14418.0,Trisul Securities & Invt. Ltd.,Kumari Securities Private Limited,2026-04-27 12:58:43.979569
2026042705006809,NIFRA,29,38,54,267.0,14418.0,Trisul Securities & Invt. Ltd.,Dipshikha Dhitopatra Karobar Co. Pvt Ltd.,2026-04-27 12:58:43.980171
2026042705006817,NIFRA,29,49,54,267.0,14418.0,Trisul Securities & Invt. Ltd.,Online Securities Pvt. Ltd.,2026-04-27 12:58:56.872753
2026042705006825,NIFRA,29,58,59,267.0,15753.0,Trisul Securities & Invt. Ltd.,Naasa Securities Co. Ltd.,2026-04-27 12:59:04.414496
2026042705006993,NIFRA,29,8,400,267.5,107000.0,Trisul Securities & Invt. Ltd.,Brilliant Securities Pvt. Ltd.,2026-04-27 13:01:38.349942
2026042705007133,NIFRA,57,58,4,265.0,1060.0,Aryatara Investment & Securities,Naasa Securities Co. Ltd.,2026-04-27 13:04:08.898608
2026042705007369,NIFRA,58,52,44,267.0,11748.0,Naasa Securities Co. Ltd.,Sundhara Securities Limited,2026-04-27 13:07:54.327187
2026042705007371,NIFRA,35,52,10,266.1,2661.0,Kohinoor Investment & Securities Pvt. Ltd.,Sundhara Securities Limited,2026-04-27 13:07:59.587172
2026042705007372,NIFRA,3,8,15,267.5,4012.5,Arun Securities (PVT) Ltd.,Brilliant Securities Pvt. Ltd.,2026-04-27 13:08:00.316965
2026042705007413,NIFRA,35,32,32,266.1,8515.2,Kohinoor Investment & Securities Pvt. Ltd.,Premier Securities Company Ltd.,2026-04-27 13:09:21.200131
2026042705007472,NIFRA,35,3,14,266.1,3725.4,Kohinoor Investment & Securities Pvt. Ltd.,Arun Securities (PVT) Ltd.,2026-04-27 13:09:54.272970
2026042705007489,NIFRA,35,19,21,266.1,5588.1,Kohinoor Investment & Securities Pvt. Ltd.,Nepal Investment And Securities Trading Private Limited,2026-04-27 13:10:27.808893
2026042705007532,NIFRA,32,6,10,266.2,2662.0,Premier Securities Company Ltd.,Agrawal Securities (PVT) Ltd.,2026-04-27 13:11:38.800428
2026042705007579,NIFRA,36,16,34,267.0,9078.0,Secured Securities Ltd.,Primo Securities (PVT) Ltd.,2026-04-27 13:12:28.308018
2026042705007652,NIFRA,40,42,450,266.3,119835.0,Creative Securities Pvt Ltd,Sani Securities Company Ltd.,2026-04-27 13:14:07.170355
2026042705007653,NIFRA,32,42,50,266.2,13310.0,Premier Securities Company Ltd.,Sani Securities Company Ltd.,2026-04-27 13:14:07.170788
2026042705007708,NIFRA,32,26,54,266.2,14374.8,Premier Securities Company Ltd.,Asian Securities Private Ltd.,2026-04-27 13:15:30.312813
2026042705007741,NIFRA,36,16,10,267.0,2670.0,Secured Securities Ltd.,Primo Securities (PVT) Ltd.,2026-04-27 13:16:02.792678
2026042705007822,NIFRA,21,16,10,267.0,2670.0,Midas Stock Broking Company Private Limited,Primo Securities (PVT) Ltd.,2026-04-27 13:17:54.275714
2026042705007865,NIFRA,57,49,4,265.0,1060.0,Aryatara Investment & Securities,Online Securities Pvt. Ltd.,2026-04-27 13:18:56.560820
2026042705007871,NIFRA,32,38,54,266.2,14374.8,Premier Securities Company Ltd.,Dipshikha Dhitopatra Karobar Co. Pvt Ltd.,2026-04-27 13:19:03.483960
2026042705007910,NIFRA,32,58,32,266.2,8518.4,Premier Securities Company Ltd.,Naasa Securities Co. Ltd.,2026-04-27 13:19:48.479574
2026042705007911,NIFRA,26,58,500,266.2,133100.0,Asian Securities Private Ltd.,Naasa Securities Co. Ltd.,2026-04-27 13:19:48.479636
2026042705007912,NIFRA,45,58,50,266.2,13310.0,Imperial Securities Company Pvt. Ltd.,Naasa Securities Co. Ltd.,2026-04-27 13:19:48.479663
2026042705007913,NIFRA,35,58,152,266.1,40447.2,Kohinoor Investment & Securities Pvt. Ltd.,Naasa Securities Co. Ltd.,2026-04-27 13:19:48.479692
2026042705007914,NIFRA,19,58,497,266.1,132251.7,Nepal Investment And Securities Trading Private Limited,Naasa Securities Co. Ltd.,2026-04-27 13:19:48.479725
2026042705007924,NIFRA,19,26,54,266.1,14369.4,Nepal Investment And Securities Trading Private Limited,Asian Securities Private Ltd.,2026-04-27 13:20:04.811798
2026042705007936,NIFRA,42,16,200,267.0,53400.0,Sani Securities Company Ltd.,Primo Securities (PVT) Ltd.,2026-04-27 13:20:14.481030
2026042705007952,NIFRA,42,16,20,267.0,5340.0,Sani Securities Company Ltd.,Primo Securities (PVT) Ltd.,2026-04-27 13:20:33.546709
2026042705007953,NIFRA,42,58,54,267.0,14418.0,Sani Securities Company Ltd.,Naasa Securities Co. Ltd.,2026-04-27 13:20:33.547167
2026042705007954,NIFRA,42,98,226,267.0,60342.0,Sani Securities Company Ltd.,Trademow Securities Private Limited,2026-04-27 13:20:33.547389
2026042705007975,NIFRA,7,98,75,267.0,20025.0,J.F. Securites (PVT) Ltd.,Trademow Securities Private Limited,2026-04-27 13:21:00.784817
2026042705008204,NIFRA,4,98,63,267.0,16821.0,Opal Securities Investment (PVT) Ltd.,Trademow Securities Private Limited,2026-04-27 13:24:29.110273
2026042705008205,NIFRA,4,58,37,267.0,9879.0,Opal Securities Investment (PVT) Ltd.,Naasa Securities Co. Ltd.,2026-04-27 13:24:29.110724
2026042705008244,NIFRA,58,58,64,266.3,17043.2,Naasa Securities Co. Ltd.,Naasa Securities Co. Ltd.,2026-04-27 13:24:47.171916
2026042705008283,NIFRA,4,58,27,267.0,7209.0,Opal Securities Investment (PVT) Ltd.,Naasa Securities Co. Ltd.,2026-04-27 13:25:08.677630
2026042705008303,NIFRA,65,8,85,267.5,22737.5,Sharepro Securities Private Limited,Brilliant Securities Pvt. Ltd.,2026-04-27 13:25:26.455154
2026042705008332,NIFRA,58,38,64,266.3,17043.2,Naasa Securities Co. Ltd.,Dipshikha Dhitopatra Karobar Co. Pvt Ltd.,2026-04-27 13:25:47.263223
2026042705008381,NIFRA,42,32,10,267.0,2670.0,Sani Securities Company Ltd.,Premier Securities Company Ltd.,2026-04-27 13:26:21.336732
2026042705008480,NIFRA,42,62,500,267.8,133900.0,Sani Securities Company Ltd.,Capital Max Securities Ltd,2026-04-27 13:27:57.987542
2026042705008565,NIFRA,25,57,144,267.9,38577.6,Sweta Securities Private Limited,Aryatara Investment & Securities,2026-04-27 13:29:32.560365
2026042705008615,NIFRA,42,42,90,267.0,24030.0,Sani Securities Company Ltd.,Sani Securities Company Ltd.,2026-04-27 13:30:37.486087
2026042705008616,NIFRA,58,42,10,267.0,2670.0,Naasa Securities Co. Ltd.,Sani Securities Company Ltd.,2026-04-27 13:30:37.486578
2026042705008617,NIFRA,80,57,56,267.9,15002.4,Indira securities pvt. ltd,Aryatara Investment & Securities,2026-04-27 13:30:38.212087
2026042705008618,NIFRA,80,58,100,268.0,26800.0,Indira securities pvt. ltd,Naasa Securities Co. Ltd.,2026-04-27 13:30:38.212560
2026042705008619,NIFRA,80,47,141,268.0,37788.0,Indira securities pvt. ltd,Neev Securities Pvt. Ltd.,2026-04-27 13:30:38.212891
2026042705008727,NIFRA,58,52,63,267.0,16821.0,Naasa Securities Co. Ltd.,Sundhara Securities Limited,2026-04-27 13:32:58.494956
2026042705009027,NIFRA,38,58,54,267.1,14423.4,Dipshikha Dhitopatra Karobar Co. Pvt Ltd.,Naasa Securities Co. Ltd.,2026-04-27 13:36:31.961639
2026042705009043,NIFRA,38,42,64,267.1,17094.4,Dipshikha Dhitopatra Karobar Co. Pvt Ltd.,Sani Securities Company Ltd.,2026-04-27 13:36:51.594540
2026042705009072,NIFRA,42,26,47,267.5,12572.5,Sani Securities Company Ltd.,Asian Securities Private Ltd.,2026-04-27 13:37:30.529935
2026042705009193,NIFRA,62,56,54,267.2,14428.8,Capital Max Securities Ltd,Sri Hari Securities Pvt. Ltd.,2026-04-27 13:40:19.130618
2026042705009204,NIFRA,62,42,46,267.2,12291.2,Capital Max Securities Ltd,Sani Securities Company Ltd.,2026-04-27 13:40:37.404539
2026042705009205,NIFRA,50,42,18,267.2,4809.6,Cristal Kanchanjanga Securites Pvt. Ltd.,Sani Securities Company Ltd.,2026-04-27 13:40:37.405449
2026042705009220,NIFRA,50,58,54,267.2,14428.8,Cristal Kanchanjanga Securites Pvt. Ltd.,Naasa Securities Co. Ltd.,2026-04-27 13:40:48.643035
2026042705009251,NIFRA,26,38,54,267.3,14434.2,Asian Securities Private Ltd.,Dipshikha Dhitopatra Karobar Co. Pvt Ltd.,2026-04-27 13:41:28.882028
2026042705009252,NIFRA,26,58,64,267.3,17107.2,Asian Securities Private Ltd.,Naasa Securities Co. Ltd.,2026-04-27 13:41:28.940778
2026042705009300,NIFRA,26,75,50,267.3,13365.0,Asian Securities Private Ltd.,N.I.M.B. Stock Markets Limited,2026-04-27 13:42:05.158265
2026042705009364,NIFRA,26,38,32,267.3,8553.6,Asian Securities Private Ltd.,Dipshikha Dhitopatra Karobar Co. Pvt Ltd.,2026-04-27 13:42:57.194183
2026042705009365,NIFRA,26,38,22,267.3,5880.6,Asian Securities Private Ltd.,Dipshikha Dhitopatra Karobar Co. Pvt Ltd.,2026-04-27 13:42:57.194285
2026042705009423,NIFRA,26,37,118,267.4,31553.2,Asian Securities Private Ltd.,Swarna Laxmi Securities Pvt. Ltd.,2026-04-27 13:44:08.216390
2026042705009488,NIFRA,26,58,64,267.4,17113.6,Asian Securities Private Ltd.,Naasa Securities Co. Ltd.,2026-04-27 13:45:13.325407
2026042705009629,NIFRA,26,42,64,267.5,17120.0,Asian Securities Private Ltd.,Sani Securities Company Ltd.,2026-04-27 13:47:21.308075
2026042705009638,NIFRA,33,36,54,267.8,14461.2,Dakshinkali Investment & Securities Pvt. Ltd.,Secured Securities Ltd.,2026-04-27 13:47:32.688137
2026042705009639,NIFRA,33,51,446,267.9,119483.4,Dakshinkali Investment & Securities Pvt. Ltd.,Oxford Securities Pvt. Ltd.,2026-04-27 13:47:32.689083
2026042705009727,NIFRA,3,51,54,267.9,14466.6,Arun Securities (PVT) Ltd.,Oxford Securities Pvt. Ltd.,2026-04-27 13:48:23.685297
2026042705009728,NIFRA,3,42,10,267.9,2679.0,Arun Securities (PVT) Ltd.,Sani Securities Company Ltd.,2026-04-27 13:48:23.685787
2026042705009729,NIFRA,3,4,108,267.9,28933.2,Arun Securities (PVT) Ltd.,Opal Securities Investment (PVT) Ltd.,2026-04-27 13:48:23.686112
2026042705009730,NIFRA,49,38,4,266.0,1064.0,Online Securities Pvt. Ltd.,Dipshikha Dhitopatra Karobar Co. Pvt Ltd.,2026-04-27 13:48:23.909143
2026042705009740,NIFRA,49,52,4,266.1,1064.4,Online Securities Pvt. Ltd.,Sundhara Securities Limited,2026-04-27 13:48:43.620294
2026042705009776,NIFRA,3,47,13,268.0,3484.0,Arun Securities (PVT) Ltd.,Neev Securities Pvt. Ltd.,2026-04-27 13:49:22.956204
2026042705009836,NIFRA,49,18,4,260.0,1040.0,Online Securities Pvt. Ltd.,Sagarmatha Securities Private Limited,2026-04-27 13:50:33.427668
2026042705009838,NIFRA,42,58,10,267.9,2679.0,Sani Securities Company Ltd.,Naasa Securities Co. Ltd.,2026-04-27 13:50:35.466919
2026042705009854,NIFRA,49,59,4,266.0,1064.0,Online Securities Pvt. Ltd.,Deevyaa Securities & Stock House Pvt. Ltd,2026-04-27 13:50:53.846445
2026042705009856,NIFRA,26,58,36,267.5,9630.0,Asian Securities Private Ltd.,Naasa Securities Co. Ltd.,2026-04-27 13:50:59.486084
2026042705009857,NIFRA,58,58,18,267.5,4815.0,Naasa Securities Co. Ltd.,Naasa Securities Co. Ltd.,2026-04-27 13:50:59.487067
2026042705009906,NIFRA,49,46,4,266.2,1064.8,Online Securities Pvt. Ltd.,Kalika Securities Pvt. Ltd.,2026-04-27 13:51:48.775390
2026042705009937,NIFRA,58,45,10,267.5,2675.0,Naasa Securities Co. Ltd.,Imperial Securities Company Pvt. Ltd.,2026-04-27 13:52:14.693826
2026042705009988,NIFRA,49,49,4,266.0,1064.0,Online Securities Pvt. Ltd.,Online Securities Pvt. Ltd.,2026-04-27 13:53:02.881227
2026042705010063,NIFRA,58,34,62,267.5,16585.0,Naasa Securities Co. Ltd.,Vision Securities Pvt. Ltd,2026-04-27 13:54:19.867458
2026042705010121,NIFRA,26,25,10,267.4,2674.0,Asian Securities Private Ltd.,Sweta Securities Private Limited,2026-04-27 13:55:31.053673
2026042705010122,NIFRA,50,44,350,267.5,93625.0,Cristal Kanchanjanga Securites Pvt. Ltd.,Dynamic Money Managers Securities Pvt. Ltd.,2026-04-27 13:55:31.529830
2026042705010130,NIFRA,50,56,250,267.6,66900.0,Cristal Kanchanjanga Securites Pvt. Ltd.,Sri Hari Securities Pvt. Ltd.,2026-04-27 13:55:42.671999
2026042705010133,NIFRA,50,48,76,267.6,20337.6,Cristal Kanchanjanga Securites Pvt. Ltd.,Trishakti Securities Public Limited,2026-04-27 13:55:49.318654
2026042705010134,NIFRA,58,48,14,267.5,3745.0,Naasa Securities Co. Ltd.,Trishakti Securities Public Limited,2026-04-27 13:55:49.319609
2026042705010150,NIFRA,49,34,2,260.0,520.0,Online Securities Pvt. Ltd.,Vision Securities Pvt. Ltd,2026-04-27 13:56:05.416285
2026042705010154,NIFRA,26,56,100,267.4,26740.0,Asian Securities Private Ltd.,Sri Hari Securities Pvt. Ltd.,2026-04-27 13:56:10.664919
2026042705010165,NIFRA,26,49,10,267.4,2674.0,Asian Securities Private Ltd.,Online Securities Pvt. Ltd.,2026-04-27 13:56:27.455546
2026042705010280,NIFRA,59,72,20,267.4,5348.0,Deevyaa Securities & Stock House Pvt. Ltd,Hatemalo Financial Services Private Limited,2026-04-27 13:58:39.550572
2026042705010281,NIFRA,38,72,34,267.1,9081.4,Dipshikha Dhitopatra Karobar Co. Pvt Ltd.,Hatemalo Financial Services Private Limited,2026-04-27 13:58:39.550753
2026042705010316,NIFRA,38,58,54,267.1,14423.4,Dipshikha Dhitopatra Karobar Co. Pvt Ltd.,Naasa Securities Co. Ltd.,2026-04-27 13:59:20.780708
2026042705010353,NIFRA,38,52,200,267.1,53420.0,Dipshikha Dhitopatra Karobar Co. Pvt Ltd.,Sundhara Securities Limited,2026-04-27 14:00:17.524779
2026042705010407,NIFRA,38,36,1794,267.1,479177.4,Dipshikha Dhitopatra Karobar Co. Pvt Ltd.,Secured Securities Ltd.,2026-04-27 14:00:48.973929
2026042705010408,NIFRA,52,36,100,267.1,26710.0,Sundhara Securities Limited,Secured Securities Ltd.,2026-04-27 14:00:48.974897
2026042705010424,NIFRA,33,72,54,267.0,14418.0,Dakshinkali Investment & Securities Pvt. Ltd.,Hatemalo Financial Services Private Limited,2026-04-27 14:01:01.841658
2026042705010429,NIFRA,49,49,4,266.3,1065.2,Online Securities Pvt. Ltd.,Online Securities Pvt. Ltd.,2026-04-27 14:01:10.563468
2026042705010453,NIFRA,33,38,54,267.0,14418.0,Dakshinkali Investment & Securities Pvt. Ltd.,Dipshikha Dhitopatra Karobar Co. Pvt Ltd.,2026-04-27 14:01:27.007692
2026042705010503,NIFRA,54,36,33,267.1,8814.3,Sewa Securities Pvt. Ltd.,Secured Securities Ltd.,2026-04-27 14:02:10.436149
2026042705010547,NIFRA,49,52,2,266.5,533.0,Online Securities Pvt. Ltd.,Sundhara Securities Limited,2026-04-27 14:02:54.168607
2026042705010570,NIFRA,33,6,54,267.0,14418.0,Dakshinkali Investment & Securities Pvt. Ltd.,Agrawal Securities (PVT) Ltd.,2026-04-27 14:03:34.276485
2026042705010611,NIFRA,19,59,10,267.1,2671.0,Nepal Investment And Securities Trading Private Limited,Deevyaa Securities & Stock House Pvt. Ltd,2026-04-27 14:04:11.887246
2026042705010623,NIFRA,25,48,10,267.5,2675.0,Sweta Securities Private Limited,Trishakti Securities Public Limited,2026-04-27 14:04:23.761617
2026042705010658,NIFRA,48,47,446,268.0,119528.0,Trishakti Securities Public Limited,Neev Securities Pvt. Ltd.,2026-04-27 14:04:53.190747
2026042705010659,NIFRA,48,52,54,268.0,14472.0,Trishakti Securities Public Limited,Sundhara Securities Limited,2026-04-27 14:04:53.191748
2026042705010660,NIFRA,48,47,64,268.0,17152.0,Trishakti Securities Public Limited,Neev Securities Pvt. Ltd.,2026-04-27 14:04:53.192470
2026042705010661,NIFRA,48,47,54,268.0,14472.0,Trishakti Securities Public Limited,Neev Securities Pvt. Ltd.,2026-04-27 14:04:53.193170
2026042705010662,NIFRA,48,47,54,268.0,14472.0,Trishakti Securities Public Limited,Neev Securities Pvt. Ltd.,2026-04-27 14:04:53.193881
2026042705010663,NIFRA,48,14,54,268.0,14472.0,Trishakti Securities Public Limited,Nepal Stock House (PVT) Ltd.,2026-04-27 14:04:53.194601
2026042705010664,NIFRA,48,57,100,268.0,26800.0,Trishakti Securities Public Limited,Aryatara Investment & Securities,2026-04-27 14:04:53.195304
2026042705010665,NIFRA,48,8,55,268.0,14740.0,Trishakti Securities Public Limited,Brilliant Securities Pvt. Ltd.,2026-04-27 14:04:53.195911
2026042705010666,NIFRA,48,7,54,268.0,14472.0,Trishakti Securities Public Limited,J.F. Securites (PVT) Ltd.,2026-04-27 14:04:53.196219
2026042705010667,NIFRA,48,29,54,268.0,14472.0,Trishakti Securities Public Limited,Trisul Securities & Invt. Ltd.,2026-04-27 14:04:53.196455
2026042705010668,NIFRA,48,58,55,268.0,14740.0,Trishakti Securities Public Limited,Naasa Securities Co. Ltd.,2026-04-27 14:04:53.196687
2026042705010669,NIFRA,48,42,500,268.0,134000.0,Trishakti Securities Public Limited,Sani Securities Company Ltd.,2026-04-27 14:04:53.196916
2026042705010670,NIFRA,48,41,50,268.0,13400.0,Trishakti Securities Public Limited,Linch Stock Market Ltd.,2026-04-27 14:04:53.197142
2026042705010671,NIFRA,48,1,54,268.0,14472.0,Trishakti Securities Public Limited,Kumari Securities Private Limited,2026-04-27 14:04:53.197372
2026042705010672,NIFRA,48,58,64,268.0,17152.0,Trishakti Securities Public Limited,Naasa Securities Co. Ltd.,2026-04-27 14:04:53.197600
2026042705010673,NIFRA,48,41,50,268.0,13400.0,Trishakti Securities Public Limited,Linch Stock Market Ltd.,2026-04-27 14:04:53.197825
2026042705010674,NIFRA,48,57,15,268.0,4020.0,Trishakti Securities Public Limited,Aryatara Investment & Securities,2026-04-27 14:04:53.198046
2026042705010677,NIFRA,25,57,39,268.0,10452.0,Sweta Securities Private Limited,Aryatara Investment & Securities,2026-04-27 14:04:55.937619
2026042705010699,NIFRA,19,45,25,267.1,6677.5,Nepal Investment And Securities Trading Private Limited,Imperial Securities Company Pvt. Ltd.,2026-04-27 14:05:25.079760
2026042705010824,NIFRA,26,58,54,267.2,14428.8,Asian Securities Private Ltd.,Naasa Securities Co. Ltd.,2026-04-27 14:07:57.614514
2026042705010872,NIFRA,49,36,4,266.6,1066.4,Online Securities Pvt. Ltd.,Secured Securities Ltd.,2026-04-27 14:08:47.500042
2026042705010984,NIFRA,26,57,54,267.2,14428.8,Asian Securities Private Ltd.,Aryatara Investment & Securities,2026-04-27 14:10:36.342226
2026042705011033,NIFRA,26,4,54,267.2,14428.8,Asian Securities Private Ltd.,Opal Securities Investment (PVT) Ltd.,2026-04-27 14:10:45.483138
2026042705011056,NIFRA,26,60,38,267.2,10153.6,Asian Securities Private Ltd.,Nagarik Stock Dealer ,2026-04-27 14:11:07.273799
2026042705011057,NIFRA,58,60,40,267.2,10688.0,Naasa Securities Co. Ltd.,Nagarik Stock Dealer ,2026-04-27 14:11:07.274760
2026042705011064,NIFRA,49,59,6,266.9,1601.4,Online Securities Pvt. Ltd.,Deevyaa Securities & Stock House Pvt. Ltd,2026-04-27 14:11:15.061010
2026042705011176,NIFRA,19,59,414,267.1,110579.4,Nepal Investment And Securities Trading Private Limited,Deevyaa Securities & Stock House Pvt. Ltd,2026-04-27 14:12:39.345874
2026042705011247,NIFRA,49,58,5,267.0,1335.0,Online Securities Pvt. Ltd.,Naasa Securities Co. Ltd.,2026-04-27 14:13:27.096408
2026042705011287,NIFRA,54,59,54,267.1,14423.4,Sewa Securities Pvt. Ltd.,Deevyaa Securities & Stock House Pvt. Ltd,2026-04-27 14:13:48.419512
2026042705011294,NIFRA,54,57,96,267.1,25641.6,Sewa Securities Pvt. Ltd.,Aryatara Investment & Securities,2026-04-27 14:13:54.742633
2026042705011295,NIFRA,33,57,338,267.0,90246.0,Dakshinkali Investment & Securities Pvt. Ltd.,Aryatara Investment & Securities,2026-04-27 14:13:54.743165
2026042705011296,NIFRA,58,57,180,267.0,48060.0,Naasa Securities Co. Ltd.,Aryatara Investment & Securities,2026-04-27 14:13:54.743421
2026042705011297,NIFRA,42,57,55,267.0,14685.0,Sani Securities Company Ltd.,Aryatara Investment & Securities,2026-04-27 14:13:54.743686
2026042705011298,NIFRA,49,57,65,267.0,17355.0,Online Securities Pvt. Ltd.,Aryatara Investment & Securities,2026-04-27 14:13:54.743955
2026042705011299,NIFRA,58,57,266,267.0,71022.0,Naasa Securities Co. Ltd.,Aryatara Investment & Securities,2026-04-27 14:13:54.744214
2026042705011316,NIFRA,58,6,54,267.0,14418.0,Naasa Securities Co. Ltd.,Agrawal Securities (PVT) Ltd.,2026-04-27 14:14:20.029618
2026042705011344,NIFRA,49,60,2,267.0,534.0,Online Securities Pvt. Ltd.,Nagarik Stock Dealer ,2026-04-27 14:14:47.243939
2026042705011394,NIFRA,16,26,1500,267.1,400650.0,Primo Securities (PVT) Ltd.,Asian Securities Private Ltd.,2026-04-27 14:15:28.490513
2026042705011395,NIFRA,58,26,1500,267.0,400500.0,Naasa Securities Co. Ltd.,Asian Securities Private Ltd.,2026-04-27 14:15:28.491022
2026042705011452,NIFRA,49,38,1,267.0,267.0,Online Securities Pvt. Ltd.,Dipshikha Dhitopatra Karobar Co. Pvt Ltd.,2026-04-27 14:16:15.760707
2026042705011474,NIFRA,58,59,1800,267.0,480600.0,Naasa Securities Co. Ltd.,Deevyaa Securities & Stock House Pvt. Ltd,2026-04-27 14:16:28.874497
2026042705011475,NIFRA,58,58,75,267.0,20025.0,Naasa Securities Co. Ltd.,Naasa Securities Co. Ltd.,2026-04-27 14:16:33.600470
2026042705011496,NIFRA,6,20,30,268.0,8040.0,Agrawal Securities (PVT) Ltd.,Sipla Securities Private Limited,2026-04-27 14:17:00.610012
2026042705011497,NIFRA,6,58,25,268.0,6700.0,Agrawal Securities (PVT) Ltd.,Naasa Securities Co. Ltd.,2026-04-27 14:17:00.610548
2026042705011498,NIFRA,6,35,25,268.0,6700.0,Agrawal Securities (PVT) Ltd.,Kohinoor Investment & Securities Pvt. Ltd.,2026-04-27 14:17:00.610801
2026042705011499,NIFRA,6,57,20,268.0,5360.0,Agrawal Securities (PVT) Ltd.,Aryatara Investment & Securities,2026-04-27 14:17:00.611079
2026042705011505,NIFRA,58,59,100,267.0,26700.0,Naasa Securities Co. Ltd.,Deevyaa Securities & Stock House Pvt. Ltd,2026-04-27 14:17:07.581346
2026042705011605,NIFRA,58,35,54,267.0,14418.0,Naasa Securities Co. Ltd.,Kohinoor Investment & Securities Pvt. Ltd.,2026-04-27 14:19:22.517049
2026042705011655,NIFRA,58,34,16,267.0,4272.0,Naasa Securities Co. Ltd.,Vision Securities Pvt. Ltd,2026-04-27 14:20:18.684837
2026042705011864,NIFRA,58,51,500,267.0,133500.0,Naasa Securities Co. Ltd.,Oxford Securities Pvt. Ltd.,2026-04-27 14:23:06.133619
2026042705011907,NIFRA,58,32,200,267.0,53400.0,Naasa Securities Co. Ltd.,Premier Securities Company Ltd.,2026-04-27 14:23:33.541300
2026042705011914,NIFRA,58,58,14,267.0,3738.0,Naasa Securities Co. Ltd.,Naasa Securities Co. Ltd.,2026-04-27 14:23:39.104765
2026042705011930,NIFRA,58,34,184,267.0,49128.0,Naasa Securities Co. Ltd.,Vision Securities Pvt. Ltd,2026-04-27 14:23:51.552229
2026042705012070,NIFRA,58,57,37,267.0,9879.0,Naasa Securities Co. Ltd.,Aryatara Investment & Securities,2026-04-27 14:24:36.541799
2026042705012257,NIFRA,19,34,54,267.1,14423.4,Nepal Investment And Securities Trading Private Limited,Vision Securities Pvt. Ltd,2026-04-27 14:26:23.738291
2026042705012270,NIFRA,19,56,10,267.1,2671.0,Nepal Investment And Securities Trading Private Limited,Sri Hari Securities Pvt. Ltd.,2026-04-27 14:26:32.243213
2026042705012321,NIFRA,19,43,36,267.1,9615.6,Nepal Investment And Securities Trading Private Limited,South Asian Bulls Pvt. Ltd.,2026-04-27 14:27:15.775172
2026042705012322,NIFRA,53,43,111,267.0,29637.0,Investment Management Nepal Pvt. Ltd.,South Asian Bulls Pvt. Ltd.,2026-04-27 14:27:15.775664
2026042705012323,NIFRA,49,43,400,267.0,106800.0,Online Securities Pvt. Ltd.,South Asian Bulls Pvt. Ltd.,2026-04-27 14:27:15.775910
2026042705012324,NIFRA,34,43,10,267.0,2670.0,Vision Securities Pvt. Ltd,South Asian Bulls Pvt. Ltd.,2026-04-27 14:27:15.776147
2026042705012542,NIFRA,49,43,105,267.0,28035.0,Online Securities Pvt. Ltd.,South Asian Bulls Pvt. Ltd.,2026-04-27 14:30:06.619753
2026042705012543,NIFRA,49,58,54,267.0,14418.0,Online Securities Pvt. Ltd.,Naasa Securities Co. Ltd.,2026-04-27 14:30:06.620783
2026042705012544,NIFRA,49,47,54,267.0,14418.0,Online Securities Pvt. Ltd.,Neev Securities Pvt. Ltd.,2026-04-27 14:30:06.621531
2026042705012550,NIFRA,57,38,2,259.0,518.0,Aryatara Investment & Securities,Dipshikha Dhitopatra Karobar Co. Pvt Ltd.,2026-04-27 14:30:11.800518
2026042705012560,NIFRA,57,59,7,260.0,1820.0,Aryatara Investment & Securities,Deevyaa Securities & Stock House Pvt. Ltd,2026-04-27 14:30:19.535684
2026042705012628,NIFRA,57,57,7,265.0,1855.0,Aryatara Investment & Securities,Aryatara Investment & Securities,2026-04-27 14:31:14.604110
2026042705012679,NIFRA,45,42,50,268.0,13400.0,Imperial Securities Company Pvt. Ltd.,Sani Securities Company Ltd.,2026-04-27 14:31:33.517184
2026042705012691,NIFRA,49,52,30,267.0,8010.0,Online Securities Pvt. Ltd.,Sundhara Securities Limited,2026-04-27 14:31:41.862210
2026042705012710,NIFRA,49,7,137,267.0,36579.0,Online Securities Pvt. Ltd.,J.F. Securites (PVT) Ltd.,2026-04-27 14:31:57.533263
2026042705012777,NIFRA,57,34,31,266.8,8270.8,Aryatara Investment & Securities,Vision Securities Pvt. Ltd,2026-04-27 14:32:49.854385
2026042705012778,NIFRA,44,34,33,266.5,8794.5,Dynamic Money Managers Securities Pvt. Ltd.,Vision Securities Pvt. Ltd,2026-04-27 14:32:49.855406
2026042705012819,NIFRA,44,35,30,266.5,7995.0,Dynamic Money Managers Securities Pvt. Ltd.,Kohinoor Investment & Securities Pvt. Ltd.,2026-04-27 14:33:33.611389
2026042705012878,NIFRA,41,7,143,267.0,38181.0,Linch Stock Market Ltd.,J.F. Securites (PVT) Ltd.,2026-04-27 14:34:32.565997
2026042705012879,NIFRA,41,49,30,267.0,8010.0,Linch Stock Market Ltd.,Online Securities Pvt. Ltd.,2026-04-27 14:34:32.567038
2026042705012880,NIFRA,41,70,64,267.0,17088.0,Linch Stock Market Ltd.,Infinity Securities Limited,2026-04-27 14:34:32.567768
2026042705012881,NIFRA,41,49,121,267.0,32307.0,Linch Stock Market Ltd.,Online Securities Pvt. Ltd.,2026-04-27 14:34:33.587698
2026042705012955,NIFRA,41,49,32,267.0,8544.0,Linch Stock Market Ltd.,Online Securities Pvt. Ltd.,2026-04-27 14:35:22.901242
2026042705012956,NIFRA,5,49,22,267.0,5874.0,Market Securities & Exchange (PVT) Ltd.,Online Securities Pvt. Ltd.,2026-04-27 14:35:22.902481
2026042705012967,NIFRA,5,32,54,267.0,14418.0,Market Securities & Exchange (PVT) Ltd.,Premier Securities Company Ltd.,2026-04-27 14:35:27.201876
2026042705012998,NIFRA,5,29,44,267.0,11748.0,Market Securities & Exchange (PVT) Ltd.,Trisul Securities & Invt. Ltd.,2026-04-27 14:36:02.277012
2026042705012999,NIFRA,5,45,4,267.0,1068.0,Market Securities & Exchange (PVT) Ltd.,Imperial Securities Company Pvt. Ltd.,2026-04-27 14:36:02.277103
2026042705013020,NIFRA,44,29,10,266.5,2665.0,Dynamic Money Managers Securities Pvt. Ltd.,Trisul Securities & Invt. Ltd.,2026-04-27 14:36:10.061911
2026042705013162,NIFRA,44,38,27,266.5,7195.5,Dynamic Money Managers Securities Pvt. Ltd.,Dipshikha Dhitopatra Karobar Co. Pvt Ltd.,2026-04-27 14:38:01.254446
2026042705013163,NIFRA,33,38,13,266.5,3464.5,Dakshinkali Investment & Securities Pvt. Ltd.,Dipshikha Dhitopatra Karobar Co. Pvt Ltd.,2026-04-27 14:38:01.254977
2026042705013348,NIFRA,16,52,100,266.6,26660.0,Primo Securities (PVT) Ltd.,Sundhara Securities Limited,2026-04-27 14:40:25.013970
2026042705013349,NIFRA,33,52,116,266.5,30914.0,Dakshinkali Investment & Securities Pvt. Ltd.,Sundhara Securities Limited,2026-04-27 14:40:25.014026
2026042705013394,NIFRA,33,58,54,266.5,14391.0,Dakshinkali Investment & Securities Pvt. Ltd.,Naasa Securities Co. Ltd.,2026-04-27 14:40:56.462887
2026042705013448,NIFRA,39,58,57,266.6,15196.2,Sumeru Securities Pvt. Ltd.,Naasa Securities Co. Ltd.,2026-04-27 14:41:34.663244
2026042705013453,NIFRA,57,56,9,266.0,2394.0,Aryatara Investment & Securities,Sri Hari Securities Pvt. Ltd.,2026-04-27 14:41:36.066531
2026042705013528,NIFRA,39,38,54,266.7,14401.8,Sumeru Securities Pvt. Ltd.,Dipshikha Dhitopatra Karobar Co. Pvt Ltd.,2026-04-27 14:42:40.766975
2026042705013543,NIFRA,39,58,43,266.7,11468.1,Sumeru Securities Pvt. Ltd.,Naasa Securities Co. Ltd.,2026-04-27 14:42:50.418567
2026042705013601,NIFRA,39,58,64,266.7,17068.8,Sumeru Securities Pvt. Ltd.,Naasa Securities Co. Ltd.,2026-04-27 14:43:09.007595
2026042705013915,NIFRA,39,79,64,266.7,17068.8,Sumeru Securities Pvt. Ltd.,pahiinvestment,2026-04-27 14:46:03.454344
2026042705013966,NIFRA,42,58,54,267.0,14418.0,Sani Securities Company Ltd.,Naasa Securities Co. Ltd.,2026-04-27 14:46:40.842885
2026042705013967,NIFRA,42,42,54,267.0,14418.0,Sani Securities Company Ltd.,Sani Securities Company Ltd.,2026-04-27 14:46:40.843396
2026042705013968,NIFRA,42,7,64,267.0,17088.0,Sani Securities Company Ltd.,J.F. Securites (PVT) Ltd.,2026-04-27 14:46:40.843683
2026042705013969,NIFRA,42,51,20,267.0,5340.0,Sani Securities Company Ltd.,Oxford Securities Pvt. Ltd.,2026-04-27 14:46:40.843937
2026042705013997,NIFRA,42,92,108,267.0,28836.0,Sani Securities Company Ltd.,Roadshow securities limited,2026-04-27 14:46:59.269849
2026042705013998,NIFRA,39,92,18,266.7,4800.6,Sumeru Securities Pvt. Ltd.,Roadshow securities limited,2026-04-27 14:46:59.269989
2026042705013999,NIFRA,33,92,317,266.5,84480.5,Dakshinkali Investment & Securities Pvt. Ltd.,Roadshow securities limited,2026-04-27 14:46:59.270082
2026042705014000,NIFRA,33,92,500,266.5,133250.0,Dakshinkali Investment & Securities Pvt. Ltd.,Roadshow securities limited,2026-04-27 14:46:59.270168
2026042705014001,NIFRA,51,92,10,266.5,2665.0,Oxford Securities Pvt. Ltd.,Roadshow securities limited,2026-04-27 14:46:59.270251
2026042705014002,NIFRA,69,92,47,266.5,12525.5,INDEX SECURITIES LIMITED,Roadshow securities limited,2026-04-27 14:46:59.270355
2026042705014013,NIFRA,89,58,64,267.0,17088.0,Global IME Securities Limited,Naasa Securities Co. Ltd.,2026-04-27 14:47:04.861280
2026042705014097,NIFRA,89,96,46,267.0,12282.0,Global IME Securities Limited,Himalayan Securities Limited,2026-04-27 14:47:59.320078
2026042705014278,NIFRA,62,42,130,267.0,34710.0,Capital Max Securities Ltd,Sani Securities Company Ltd.,2026-04-27 14:49:15.333594
2026042705014385,NIFRA,34,13,20,267.0,5340.0,Vision Securities Pvt. Ltd,Thrive Brokerage House Pvt. Ltd,2026-04-27 14:50:14.099887
2026042705014386,NIFRA,45,13,44,267.0,11748.0,Imperial Securities Company Pvt. Ltd.,Thrive Brokerage House Pvt. Ltd,2026-04-27 14:50:14.100380
2026042705014431,NIFRA,45,40,64,267.0,17088.0,Imperial Securities Company Pvt. Ltd.,Creative Securities Pvt Ltd,2026-04-27 14:50:32.843611
2026042705014471,NIFRA,45,57,500,267.0,133500.0,Imperial Securities Company Pvt. Ltd.,Aryatara Investment & Securities,2026-04-27 14:51:03.104576
2026042705014484,NIFRA,45,17,392,267.0,104664.0,Imperial Securities Company Pvt. Ltd.,ABC Securities Private Limited,2026-04-27 14:51:11.743129
2026042705014717,NIFRA,51,17,508,267.0,135636.0,Oxford Securities Pvt. Ltd.,ABC Securities Private Limited,2026-04-27 14:52:07.863124
2026042705014718,NIFRA,51,22,64,267.0,17088.0,Oxford Securities Pvt. Ltd.,Siprabi Securities Pvt. Ltd.,2026-04-27 14:52:07.863639
2026042705014719,NIFRA,51,5,528,267.2,141081.6,Oxford Securities Pvt. Ltd.,Market Securities & Exchange (PVT) Ltd.,2026-04-27 14:52:07.863896
2026042705014773,NIFRA,34,45,200,267.0,53400.0,Vision Securities Pvt. Ltd,Imperial Securities Company Pvt. Ltd.,2026-04-27 14:52:28.830558
2026042705014774,NIFRA,46,45,20,266.8,5336.0,Kalika Securities Pvt. Ltd.,Imperial Securities Company Pvt. Ltd.,2026-04-27 14:52:28.831042
2026042705014775,NIFRA,33,45,100,266.7,26670.0,Dakshinkali Investment & Securities Pvt. Ltd.,Imperial Securities Company Pvt. Ltd.,2026-04-27 14:52:28.831324
2026042705014776,NIFRA,69,45,180,266.5,47970.0,INDEX SECURITIES LIMITED,Imperial Securities Company Pvt. Ltd.,2026-04-27 14:52:28.831630
2026042705014865,NIFRA,69,47,54,266.5,14391.0,INDEX SECURITIES LIMITED,Neev Securities Pvt. Ltd.,2026-04-27 14:53:01.697717
2026042705015002,NIFRA,69,51,500,266.5,133250.0,INDEX SECURITIES LIMITED,Oxford Securities Pvt. Ltd.,2026-04-27 14:53:39.566642
2026042705015090,NIFRA,69,58,219,266.5,58363.5,INDEX SECURITIES LIMITED,Naasa Securities Co. Ltd.,2026-04-27 14:54:18.236042
2026042705015091,NIFRA,34,58,30,266.5,7995.0,Vision Securities Pvt. Ltd,Naasa Securities Co. Ltd.,2026-04-27 14:54:18.237056
2026042705015092,NIFRA,49,58,30,266.5,7995.0,Online Securities Pvt. Ltd.,Naasa Securities Co. Ltd.,2026-04-27 14:54:18.237792
2026042705015093,NIFRA,4,58,10,266.5,2665.0,Opal Securities Investment (PVT) Ltd.,Naasa Securities Co. Ltd.,2026-04-27 14:54:18.238531
2026042705015094,NIFRA,62,58,11,266.5,2931.5,Capital Max Securities Ltd,Naasa Securities Co. Ltd.,2026-04-27 14:54:18.239249
2026042705015180,NIFRA,62,42,89,266.7,23736.3,Capital Max Securities Ltd,Sani Securities Company Ltd.,2026-04-27 14:54:39.456361
2026042705015186,NIFRA,51,16,400,266.5,106600.0,Oxford Securities Pvt. Ltd.,Primo Securities (PVT) Ltd.,2026-04-27 14:54:42.617176
2026042705015189,NIFRA,51,7,50,266.5,13325.0,Oxford Securities Pvt. Ltd.,J.F. Securites (PVT) Ltd.,2026-04-27 14:54:43.973640
2026042705015190,NIFRA,52,7,100,266.5,26650.0,Sundhara Securities Limited,J.F. Securites (PVT) Ltd.,2026-04-27 14:54:43.974664
2026042705015191,NIFRA,38,7,134,266.2,35670.8,Dipshikha Dhitopatra Karobar Co. Pvt Ltd.,J.F. Securites (PVT) Ltd.,2026-04-27 14:54:43.975420
2026042705015192,NIFRA,58,7,116,266.1,30867.6,Naasa Securities Co. Ltd.,J.F. Securites (PVT) Ltd.,2026-04-27 14:54:43.976166
2026042705015256,NIFRA,58,36,32,266.1,8515.2,Naasa Securities Co. Ltd.,Secured Securities Ltd.,2026-04-27 14:55:05.613048
2026042705015320,NIFRA,96,13,100,266.2,26620.0,Himalayan Securities Limited,Thrive Brokerage House Pvt. Ltd,2026-04-27 14:55:36.474840
2026042705015352,NIFRA,58,18,54,266.1,14369.4,Naasa Securities Co. Ltd.,Sagarmatha Securities Private Limited,2026-04-27 14:55:48.648414
2026042705015390,NIFRA,58,38,48,266.1,12772.8,Naasa Securities Co. Ltd.,Dipshikha Dhitopatra Karobar Co. Pvt Ltd.,2026-04-27 14:55:59.627487
2026042705015391,NIFRA,32,38,12,266.1,3193.2,Premier Securities Company Ltd.,Dipshikha Dhitopatra Karobar Co. Pvt Ltd.,2026-04-27 14:55:59.628001
2026042705015434,NIFRA,32,25,14,266.1,3725.4,Premier Securities Company Ltd.,Sweta Securities Private Limited,2026-04-27 14:56:08.048089
2026042705015457,NIFRA,48,92,30,266.2,7986.0,Trishakti Securities Public Limited,Roadshow securities limited,2026-04-27 14:56:21.157715
2026042705015458,NIFRA,32,92,74,266.1,19691.4,Premier Securities Company Ltd.,Roadshow securities limited,2026-04-27 14:56:21.158207
2026042705015459,NIFRA,58,92,190,266.1,50559.0,Naasa Securities Co. Ltd.,Roadshow securities limited,2026-04-27 14:56:21.158457
2026042705015460,NIFRA,26,92,500,266.1,133050.0,Asian Securities Private Ltd.,Roadshow securities limited,2026-04-27 14:56:21.158696
2026042705015461,NIFRA,25,92,200,266.1,53220.0,Sweta Securities Private Limited,Roadshow securities limited,2026-04-27 14:56:21.158934
2026042705015462,NIFRA,4,92,100,266.1,26610.0,Opal Securities Investment (PVT) Ltd.,Roadshow securities limited,2026-04-27 14:56:21.159169
2026042705015463,NIFRA,45,92,1000,266.1,266100.0,Imperial Securities Company Pvt. Ltd.,Roadshow securities limited,2026-04-27 14:56:21.159412
2026042705015464,NIFRA,52,92,1000,266.0,266000.0,Sundhara Securities Limited,Roadshow securities limited,2026-04-27 14:56:21.159650
2026042705015465,NIFRA,56,92,20,266.0,5320.0,Sri Hari Securities Pvt. Ltd.,Roadshow securities limited,2026-04-27 14:56:21.159884
2026042705015466,NIFRA,58,92,20,266.0,5320.0,Naasa Securities Co. Ltd.,Roadshow securities limited,2026-04-27 14:56:21.160116
2026042705015467,NIFRA,57,92,300,266.0,79800.0,Aryatara Investment & Securities,Roadshow securities limited,2026-04-27 14:56:21.160354
2026042705015468,NIFRA,45,92,1504,266.0,400064.0,Imperial Securities Company Pvt. Ltd.,Roadshow securities limited,2026-04-27 14:56:21.160587
2026042705015469,NIFRA,26,92,500,266.0,133000.0,Asian Securities Private Ltd.,Roadshow securities limited,2026-04-27 14:56:21.160833
2026042705015470,NIFRA,58,92,108,266.0,28728.0,Naasa Securities Co. Ltd.,Roadshow securities limited,2026-04-27 14:56:21.161065
2026042705015471,NIFRA,4,92,15,266.0,3990.0,Opal Securities Investment (PVT) Ltd.,Roadshow securities limited,2026-04-27 14:56:21.161298
2026042705015472,NIFRA,42,92,100,266.0,26600.0,Sani Securities Company Ltd.,Roadshow securities limited,2026-04-27 14:56:21.161537
2026042705015473,NIFRA,45,92,500,266.0,133000.0,Imperial Securities Company Pvt. Ltd.,Roadshow securities limited,2026-04-27 14:56:21.161773
2026042705015474,NIFRA,38,92,25,266.0,6650.0,Dipshikha Dhitopatra Karobar Co. Pvt Ltd.,Roadshow securities limited,2026-04-27 14:56:21.162008
2026042705015475,NIFRA,6,92,15,266.0,3990.0,Agrawal Securities (PVT) Ltd.,Roadshow securities limited,2026-04-27 14:56:21.162255
2026042705015476,NIFRA,57,92,50,266.0,13300.0,Aryatara Investment & Securities,Roadshow securities limited,2026-04-27 14:56:21.162489
2026042705015477,NIFRA,6,92,50,266.0,13300.0,Agrawal Securities (PVT) Ltd.,Roadshow securities limited,2026-04-27 14:56:21.162721
2026042705015478,NIFRA,4,92,100,266.0,26600.0,Opal Securities Investment (PVT) Ltd.,Roadshow securities limited,2026-04-27 14:56:21.162953
2026042705015479,NIFRA,32,92,20,266.0,5320.0,Premier Securities Company Ltd.,Roadshow securities limited,2026-04-27 14:56:21.163185
2026042705015480,NIFRA,56,92,100,266.0,26600.0,Sri Hari Securities Pvt. Ltd.,Roadshow securities limited,2026-04-27 14:56:21.163422
2026042705015481,NIFRA,4,92,750,266.0,199500.0,Opal Securities Investment (PVT) Ltd.,Roadshow securities limited,2026-04-27 14:56:21.163656
2026042705015482,NIFRA,58,92,48,266.0,12768.0,Naasa Securities Co. Ltd.,Roadshow securities limited,2026-04-27 14:56:21.163883
2026042705015483,NIFRA,45,92,200,266.0,53200.0,Imperial Securities Company Pvt. Ltd.,Roadshow securities limited,2026-04-27 14:56:21.164113
2026042705015484,NIFRA,17,92,1000,266.0,266000.0,ABC Securities Private Limited,Roadshow securities limited,2026-04-27 14:56:21.164348
2026042705015485,NIFRA,50,92,39,266.0,10374.0,Cristal Kanchanjanga Securites Pvt. Ltd.,Roadshow securities limited,2026-04-27 14:56:21.164579
2026042705015486,NIFRA,49,92,18,266.0,4788.0,Online Securities Pvt. Ltd.,Roadshow securities limited,2026-04-27 14:56:21.164809
2026042705015487,NIFRA,44,92,45,266.0,11970.0,Dynamic Money Managers Securities Pvt. Ltd.,Roadshow securities limited,2026-04-27 14:56:21.165038
2026042705015492,NIFRA,59,92,1000,266.0,266000.0,Deevyaa Securities & Stock House Pvt. Ltd,Roadshow securities limited,2026-04-27 14:56:25.729029
2026042705015585,NIFRA,41,92,379,266.0,100814.0,Linch Stock Market Ltd.,Roadshow securities limited,2026-04-27 14:56:47.971396
2026042705015586,NIFRA,41,42,54,266.0,14364.0,Linch Stock Market Ltd.,Sani Securities Company Ltd.,2026-04-27 14:56:47.971883
2026042705015606,NIFRA,41,84,54,266.2,14374.8,Linch Stock Market Ltd.,MILKY WAY SHARE BROKER COMPANY LTD ,2026-04-27 14:57:00.170381
2026042705015664,NIFRA,41,36,54,266.2,14374.8,Linch Stock Market Ltd.,Secured Securities Ltd.,2026-04-27 14:57:18.474591
2026042705015701,NIFRA,41,5,72,266.2,19166.4,Linch Stock Market Ltd.,Market Securities & Exchange (PVT) Ltd.,2026-04-27 14:57:29.744569
2026042705015772,NIFRA,41,49,270,266.2,71874.0,Linch Stock Market Ltd.,Online Securities Pvt. Ltd.,2026-04-27 14:57:46.176474
2026042705015990,NIFRA,41,42,11,266.2,2928.2,Linch Stock Market Ltd.,Sani Securities Company Ltd.,2026-04-27 14:58:28.588193
2026042705016028,NIFRA,42,57,100,266.3,26630.0,Sani Securities Company Ltd.,Aryatara Investment & Securities,2026-04-27 14:58:38.712260
2026042705016029,NIFRA,41,57,106,266.2,28217.2,Linch Stock Market Ltd.,Aryatara Investment & Securities,2026-04-27 14:58:38.712765
2026042705016030,NIFRA,42,57,64,266.2,17036.8,Sani Securities Company Ltd.,Aryatara Investment & Securities,2026-04-27 14:58:38.713010
2026042705016047,NIFRA,42,49,54,266.2,14374.8,Sani Securities Company Ltd.,Online Securities Pvt. Ltd.,2026-04-27 14:58:45.573845
2026042705016055,NIFRA,42,35,67,266.2,17835.4,Sani Securities Company Ltd.,Kohinoor Investment & Securities Pvt. Ltd.,2026-04-27 14:58:48.229140
2026042705016056,NIFRA,62,35,20,266.0,5320.0,Capital Max Securities Ltd,Kohinoor Investment & Securities Pvt. Ltd.,2026-04-27 14:58:48.229616
2026042705016057,NIFRA,50,35,300,266.0,79800.0,Cristal Kanchanjanga Securites Pvt. Ltd.,Kohinoor Investment & Securities Pvt. Ltd.,2026-04-27 14:58:48.229844
2026042705016058,NIFRA,14,35,43,266.0,11438.0,Nepal Stock House (PVT) Ltd.,Kohinoor Investment & Securities Pvt. Ltd.,2026-04-27 14:58:48.230067
2026042705016101,NIFRA,14,6,500,266.0,133000.0,Nepal Stock House (PVT) Ltd.,Agrawal Securities (PVT) Ltd.,2026-04-27 14:58:57.062716
2026042705016256,NIFRA,36,49,64,266.2,17036.8,Secured Securities Ltd.,Online Securities Pvt. Ltd.,2026-04-27 14:59:30.106435
2026042705016306,NIFRA,42,33,100,266.1,26610.0,Sani Securities Company Ltd.,Dakshinkali Investment & Securities Pvt. Ltd.,2026-04-27 14:59:37.077785
2026042705016307,NIFRA,42,33,17,266.1,4523.7,Sani Securities Company Ltd.,Dakshinkali Investment & Securities Pvt. Ltd.,2026-04-27 14:59:37.078227
2026042705016308,NIFRA,14,33,333,266.0,88578.0,Nepal Stock House (PVT) Ltd.,Dakshinkali Investment & Securities Pvt. Ltd.,2026-04-27 14:59:37.078476
2026042705016437,NIFRA,58,25,101,266.1,26876.1,Naasa Securities Co. Ltd.,Sweta Securities Private Limited,2026-04-27 14:59:51.175170
2026042705016505,NIFRA,36,47,203,266.4,54079.2,Secured Securities Ltd.,Neev Securities Pvt. Ltd.,2026-04-27 14:59:55.351362
