contractId,stockSymbol,buyerMemberId,sellerMemberId,quantity,rate,amount,businessDate,tradeBookId,stockId,buyerBrokerName,sellerBrokerName,transaction_time,securityName
2026042705000200,NRN,39,40,15,1491.0,22365.0,2026-04-27,187956755,2898,Sumeru Securities Pvt. Ltd.,Creative Securities Pvt Ltd,2026-04-27 11:04:44.688670,NRN Infrastructure and Development Limited
2026042705000286,NRN,58,46,1,1490.0,1490.0,2026-04-27,187958003,2898,Naasa Securities Co. Ltd.,Kalika Securities Pvt. Ltd.,2026-04-27 11:06:31.430210,NRN Infrastructure and Development Limited
2026042705000290,NRN,58,41,1,1490.0,1490.0,2026-04-27,187958125,2898,Naasa Securities Co. Ltd.,Linch Stock Market Ltd.,2026-04-27 11:06:43.399120,NRN Infrastructure and Development Limited
2026042705000298,NRN,58,32,200,1500.0,300000.0,2026-04-27,187958252,2898,Naasa Securities Co. Ltd.,Premier Securities Company Ltd.,2026-04-27 11:06:52.491291,NRN Infrastructure and Development Limited
2026042705000349,NRN,78,57,1,1490.0,1490.0,2026-04-27,187959489,2898,Garima Securities Limited,Aryatara Investment & Securities,2026-04-27 11:08:10.511895,NRN Infrastructure and Development Limited
2026042705000361,NRN,78,52,1,1490.0,1490.0,2026-04-27,187959781,2898,Garima Securities Limited,Sundhara Securities Limited,2026-04-27 11:08:23.864108,NRN Infrastructure and Development Limited
2026042705000399,NRN,78,57,1,1490.0,1490.0,2026-04-27,187960359,2898,Garima Securities Limited,Aryatara Investment & Securities,2026-04-27 11:08:54.685846,NRN Infrastructure and Development Limited
2026042705000423,NRN,96,32,11,1500.0,16500.0,2026-04-27,187960987,2898,Himalayan Securities Limited,Premier Securities Company Ltd.,2026-04-27 11:09:32.616075,NRN Infrastructure and Development Limited
2026042705000424,NRN,96,6,39,1500.0,58500.0,2026-04-27,187960990,2898,Himalayan Securities Limited,Agrawal Securities (PVT) Ltd.,2026-04-27 11:09:32.616187,NRN Infrastructure and Development Limited
2026042705000436,NRN,78,4,1,1491.0,1491.0,2026-04-27,187961451,2898,Garima Securities Limited,Opal Securities Investment (PVT) Ltd.,2026-04-27 11:09:56.072250,NRN Infrastructure and Development Limited
2026042705000461,NRN,6,44,15,1499.0,22485.0,2026-04-27,187961925,2898,Agrawal Securities (PVT) Ltd.,Dynamic Money Managers Securities Pvt. Ltd.,2026-04-27 11:10:21.232467,NRN Infrastructure and Development Limited
2026042705000559,NRN,47,51,1,1455.0,1455.0,2026-04-27,187963599,2898,Neev Securities Pvt. Ltd.,Oxford Securities Pvt. Ltd.,2026-04-27 11:12:05.214171,NRN Infrastructure and Development Limited
2026042705000566,NRN,38,42,1,1455.0,1455.0,2026-04-27,187963741,2898,Dipshikha Dhitopatra Karobar Co. Pvt Ltd.,Sani Securities Company Ltd.,2026-04-27 11:12:16.822021,NRN Infrastructure and Development Limited
2026042705000806,NRN,38,41,1,1455.0,1455.0,2026-04-27,187966635,2898,Dipshikha Dhitopatra Karobar Co. Pvt Ltd.,Linch Stock Market Ltd.,2026-04-27 11:15:44.717551,NRN Infrastructure and Development Limited
2026042705000816,NRN,69,41,1,1490.0,1490.0,2026-04-27,187966843,2898,INDEX SECURITIES LIMITED,Linch Stock Market Ltd.,2026-04-27 11:15:59.954501,NRN Infrastructure and Development Limited
2026042705000895,NRN,78,14,1,1494.0,1494.0,2026-04-27,187967983,2898,Garima Securities Limited,Nepal Stock House (PVT) Ltd.,2026-04-27 11:17:20.575309,NRN Infrastructure and Development Limited
2026042705000960,NRN,38,57,1,1455.0,1455.0,2026-04-27,187968925,2898,Dipshikha Dhitopatra Karobar Co. Pvt Ltd.,Aryatara Investment & Securities,2026-04-27 11:18:20.555160,NRN Infrastructure and Development Limited
2026042705001047,NRN,1,57,1,1455.1,1455.1,2026-04-27,187969689,2898,Kumari Securities Private Limited,Aryatara Investment & Securities,2026-04-27 11:19:11.660760,NRN Infrastructure and Development Limited
2026042705001081,NRN,7,44,10,1496.1,14961.0,2026-04-27,187970208,2898,J.F. Securites (PVT) Ltd.,Dynamic Money Managers Securities Pvt. Ltd.,2026-04-27 11:19:39.081057,NRN Infrastructure and Development Limited
2026042705001164,NRN,35,29,100,1498.0,149800.0,2026-04-27,187971366,2898,Kohinoor Investment & Securities Pvt. Ltd.,Trisul Securities & Invt. Ltd.,2026-04-27 11:21:12.754839,NRN Infrastructure and Development Limited
2026042705001251,NRN,69,44,5,1496.1,7480.5,2026-04-27,187972165,2898,INDEX SECURITIES LIMITED,Dynamic Money Managers Securities Pvt. Ltd.,2026-04-27 11:22:15.976013,NRN Infrastructure and Development Limited
2026042705001271,NRN,38,42,1,1460.0,1460.0,2026-04-27,187972343,2898,Dipshikha Dhitopatra Karobar Co. Pvt Ltd.,Sani Securities Company Ltd.,2026-04-27 11:22:29.848061,NRN Infrastructure and Development Limited
2026042705001272,NRN,97,41,25,1499.0,37475.0,2026-04-27,187972369,2898,R.B.B. Securities Company Ltd,Linch Stock Market Ltd.,2026-04-27 11:22:32.247982,NRN Infrastructure and Development Limited
2026042705001273,NRN,97,6,67,1500.0,100500.0,2026-04-27,187972371,2898,R.B.B. Securities Company Ltd,Agrawal Securities (PVT) Ltd.,2026-04-27 11:22:32.248093,NRN Infrastructure and Development Limited
2026042705001274,NRN,97,64,100,1500.0,150000.0,2026-04-27,187972373,2898,R.B.B. Securities Company Ltd,SUN SECURITIES PVT LTD,2026-04-27 11:22:32.248170,NRN Infrastructure and Development Limited
2026042705001275,NRN,97,57,10,1500.0,15000.0,2026-04-27,187972375,2898,R.B.B. Securities Company Ltd,Aryatara Investment & Securities,2026-04-27 11:22:32.248246,NRN Infrastructure and Development Limited
2026042705001276,NRN,97,14,65,1500.0,97500.0,2026-04-27,187972378,2898,R.B.B. Securities Company Ltd,Nepal Stock House (PVT) Ltd.,2026-04-27 11:22:32.248339,NRN Infrastructure and Development Limited
2026042705001300,NRN,11,14,30,1500.0,45000.0,2026-04-27,187972720,2898,Malla & Malla Stock Broking Company Pvt. Limited,Nepal Stock House (PVT) Ltd.,2026-04-27 11:22:52.812956,NRN Infrastructure and Development Limited
2026042705001305,NRN,8,14,100,1500.0,150000.0,2026-04-27,187972792,2898,Brilliant Securities Pvt. Ltd.,Nepal Stock House (PVT) Ltd.,2026-04-27 11:22:59.299334,NRN Infrastructure and Development Limited
2026042705001355,NRN,65,14,800,1500.0,1200000.0,2026-04-27,187973388,2898,Sharepro Securities Private Limited,Nepal Stock House (PVT) Ltd.,2026-04-27 11:23:43.231962,NRN Infrastructure and Development Limited
2026042705001373,NRN,69,44,1,1480.0,1480.0,2026-04-27,187973563,2898,INDEX SECURITIES LIMITED,Dynamic Money Managers Securities Pvt. Ltd.,2026-04-27 11:23:59.005495,NRN Infrastructure and Development Limited
2026042705001409,NRN,49,29,100,1500.0,150000.0,2026-04-27,187973889,2898,Online Securities Pvt. Ltd.,Trisul Securities & Invt. Ltd.,2026-04-27 11:24:22.952931,NRN Infrastructure and Development Limited
2026042705001427,NRN,49,49,200,1500.0,300000.0,2026-04-27,187974148,2898,Online Securities Pvt. Ltd.,Online Securities Pvt. Ltd.,2026-04-27 11:24:43.890265,NRN Infrastructure and Development Limited
2026042705001428,NRN,46,49,200,1500.0,300000.0,2026-04-27,187974150,2898,Kalika Securities Pvt. Ltd.,Online Securities Pvt. Ltd.,2026-04-27 11:24:43.890410,NRN Infrastructure and Development Limited
2026042705001436,NRN,45,49,50,1500.0,75000.0,2026-04-27,187974184,2898,Imperial Securities Company Pvt. Ltd.,Online Securities Pvt. Ltd.,2026-04-27 11:24:45.993383,NRN Infrastructure and Development Limited
2026042705001752,NRN,26,57,20,1496.2,29924.0,2026-04-27,187977090,2898,Asian Securities Private Ltd.,Aryatara Investment & Securities,2026-04-27 11:28:31.493916,NRN Infrastructure and Development Limited
2026042705001753,NRN,58,57,100,1496.1,149610.0,2026-04-27,187977092,2898,Naasa Securities Co. Ltd.,Aryatara Investment & Securities,2026-04-27 11:28:31.494232,NRN Infrastructure and Development Limited
2026042705001754,NRN,49,57,80,1496.1,119688.0,2026-04-27,187977093,2898,Online Securities Pvt. Ltd.,Aryatara Investment & Securities,2026-04-27 11:28:31.494449,NRN Infrastructure and Development Limited
2026042705001761,NRN,47,53,1,1453.1,1453.1,2026-04-27,187977183,2898,Neev Securities Pvt. Ltd.,Investment Management Nepal Pvt. Ltd.,2026-04-27 11:28:39.002895,NRN Infrastructure and Development Limited
2026042705001817,NRN,94,29,100,1500.0,150000.0,2026-04-27,187977893,2898,K.B.L. Securities Limited ,Trisul Securities & Invt. Ltd.,2026-04-27 11:29:35.117560,NRN Infrastructure and Development Limited
2026042705001818,NRN,94,58,507,1500.0,760500.0,2026-04-27,187977896,2898,K.B.L. Securities Limited ,Naasa Securities Co. Ltd.,2026-04-27 11:29:35.117726,NRN Infrastructure and Development Limited
2026042705001826,NRN,49,14,20,1496.1,29922.0,2026-04-27,187977986,2898,Online Securities Pvt. Ltd.,Nepal Stock House (PVT) Ltd.,2026-04-27 11:29:41.061236,NRN Infrastructure and Development Limited
2026042705001827,NRN,38,14,10,1496.1,14961.0,2026-04-27,187977988,2898,Dipshikha Dhitopatra Karobar Co. Pvt Ltd.,Nepal Stock House (PVT) Ltd.,2026-04-27 11:29:41.061568,NRN Infrastructure and Development Limited
2026042705001828,NRN,45,14,50,1496.1,74805.0,2026-04-27,187977990,2898,Imperial Securities Company Pvt. Ltd.,Nepal Stock House (PVT) Ltd.,2026-04-27 11:29:41.061763,NRN Infrastructure and Development Limited
2026042705001829,NRN,25,14,10,1496.0,14960.0,2026-04-27,187977992,2898,Sweta Securities Private Limited,Nepal Stock House (PVT) Ltd.,2026-04-27 11:29:41.061955,NRN Infrastructure and Development Limited
2026042705001830,NRN,26,14,100,1495.0,149500.0,2026-04-27,187977994,2898,Asian Securities Private Ltd.,Nepal Stock House (PVT) Ltd.,2026-04-27 11:29:41.062163,NRN Infrastructure and Development Limited
2026042705001831,NRN,54,14,10,1495.0,14950.0,2026-04-27,187977996,2898,Sewa Securities Pvt. Ltd.,Nepal Stock House (PVT) Ltd.,2026-04-27 11:29:41.062361,NRN Infrastructure and Development Limited
2026042705001832,NRN,33,14,3540,1495.0,5292300.0,2026-04-27,187977998,2898,Dakshinkali Investment & Securities Pvt. Ltd.,Nepal Stock House (PVT) Ltd.,2026-04-27 11:29:41.062531,NRN Infrastructure and Development Limited
2026042705001839,NRN,97,58,493,1500.0,739500.0,2026-04-27,187978069,2898,R.B.B. Securities Company Ltd,Naasa Securities Co. Ltd.,2026-04-27 11:29:46.559325,NRN Infrastructure and Development Limited
2026042705001845,NRN,33,14,1000,1495.0,1495000.0,2026-04-27,187978101,2898,Dakshinkali Investment & Securities Pvt. Ltd.,Nepal Stock House (PVT) Ltd.,2026-04-27 11:29:50.106828,NRN Infrastructure and Development Limited
2026042705001871,NRN,33,49,460,1495.0,687700.0,2026-04-27,187978228,2898,Dakshinkali Investment & Securities Pvt. Ltd.,Online Securities Pvt. Ltd.,2026-04-27 11:30:00.637715,NRN Infrastructure and Development Limited
2026042705001938,NRN,78,37,1,1475.0,1475.0,2026-04-27,187978731,2898,Garima Securities Limited,Swarna Laxmi Securities Pvt. Ltd.,2026-04-27 11:30:36.732649,NRN Infrastructure and Development Limited
2026042705002049,NRN,78,38,1,1480.0,1480.0,2026-04-27,187979863,2898,Garima Securities Limited,Dipshikha Dhitopatra Karobar Co. Pvt Ltd.,2026-04-27 11:32:15.991063,NRN Infrastructure and Development Limited
2026042705002120,NRN,77,49,20,1499.0,29980.0,2026-04-27,187980544,2898,Nabil Stock Dealer Ltd.,Online Securities Pvt. Ltd.,2026-04-27 11:33:07.994259,NRN Infrastructure and Development Limited
2026042705002154,NRN,78,34,1,1490.0,1490.0,2026-04-27,187980859,2898,Garima Securities Limited,Vision Securities Pvt. Ltd,2026-04-27 11:33:32.351982,NRN Infrastructure and Development Limited
2026042705002279,NRN,22,14,200,1495.1,299020.0,2026-04-27,187982022,2898,Siprabi Securities Pvt. Ltd.,Nepal Stock House (PVT) Ltd.,2026-04-27 11:34:59.987147,NRN Infrastructure and Development Limited
2026042705002280,NRN,49,14,500,1495.0,747500.0,2026-04-27,187982024,2898,Online Securities Pvt. Ltd.,Nepal Stock House (PVT) Ltd.,2026-04-27 11:34:59.987494,NRN Infrastructure and Development Limited
2026042705002281,NRN,42,14,100,1495.0,149500.0,2026-04-27,187982026,2898,Sani Securities Company Ltd.,Nepal Stock House (PVT) Ltd.,2026-04-27 11:34:59.987712,NRN Infrastructure and Development Limited
2026042705002282,NRN,75,14,100,1495.0,149500.0,2026-04-27,187982028,2898,N.I.M.B. Stock Markets Limited,Nepal Stock House (PVT) Ltd.,2026-04-27 11:34:59.987911,NRN Infrastructure and Development Limited
2026042705002283,NRN,16,14,50,1495.0,74750.0,2026-04-27,187982030,2898,Primo Securities (PVT) Ltd.,Nepal Stock House (PVT) Ltd.,2026-04-27 11:34:59.988139,NRN Infrastructure and Development Limited
2026042705002284,NRN,42,14,50,1494.0,74700.0,2026-04-27,187982031,2898,Sani Securities Company Ltd.,Nepal Stock House (PVT) Ltd.,2026-04-27 11:34:59.988362,NRN Infrastructure and Development Limited
2026042705002338,NRN,42,49,50,1494.0,74700.0,2026-04-27,187982462,2898,Sani Securities Company Ltd.,Online Securities Pvt. Ltd.,2026-04-27 11:35:33.846817,NRN Infrastructure and Development Limited
2026042705002339,NRN,17,49,20,1494.0,29880.0,2026-04-27,187982463,2898,ABC Securities Private Limited,Online Securities Pvt. Ltd.,2026-04-27 11:35:33.846974,NRN Infrastructure and Development Limited
2026042705002382,NRN,42,59,10,1499.0,14990.0,2026-04-27,187982856,2898,Sani Securities Company Ltd.,Deevyaa Securities & Stock House Pvt. Ltd,2026-04-27 11:36:06.564242,NRN Infrastructure and Development Limited
2026042705002488,NRN,77,58,1,1492.2,1492.2,2026-04-27,187983955,2898,Nabil Stock Dealer Ltd.,Naasa Securities Co. Ltd.,2026-04-27 11:37:34.992066,NRN Infrastructure and Development Limited
2026042705002540,NRN,77,26,1,1494.0,1494.0,2026-04-27,187984237,2898,Nabil Stock Dealer Ltd.,Asian Securities Private Ltd.,2026-04-27 11:37:57.152595,NRN Infrastructure and Development Limited
2026042705002586,NRN,77,58,1,1490.0,1490.0,2026-04-27,187984795,2898,Nabil Stock Dealer Ltd.,Naasa Securities Co. Ltd.,2026-04-27 11:38:51.859125,NRN Infrastructure and Development Limited
2026042705002662,NRN,77,58,1,1495.0,1495.0,2026-04-27,187985317,2898,Nabil Stock Dealer Ltd.,Naasa Securities Co. Ltd.,2026-04-27 11:39:32.716499,NRN Infrastructure and Development Limited
2026042705002675,NRN,77,41,1,1496.0,1496.0,2026-04-27,187985465,2898,Nabil Stock Dealer Ltd.,Linch Stock Market Ltd.,2026-04-27 11:39:48.614570,NRN Infrastructure and Development Limited
2026042705002774,NRN,4,41,10,1495.0,14950.0,2026-04-27,187986281,2898,Opal Securities Investment (PVT) Ltd.,Linch Stock Market Ltd.,2026-04-27 11:41:07.523447,NRN Infrastructure and Development Limited
2026042705002780,NRN,29,49,20,1495.0,29900.0,2026-04-27,187986390,2898,Trisul Securities & Invt. Ltd.,Online Securities Pvt. Ltd.,2026-04-27 11:41:17.926437,NRN Infrastructure and Development Limited
2026042705002781,NRN,87,49,13,1494.1,19423.3,2026-04-27,187986392,2898,S.P.S.A. Securities Limited,Online Securities Pvt. Ltd.,2026-04-27 11:41:17.926768,NRN Infrastructure and Development Limited
2026042705002782,NRN,17,49,20,1494.0,29880.0,2026-04-27,187986394,2898,ABC Securities Private Limited,Online Securities Pvt. Ltd.,2026-04-27 11:41:17.926982,NRN Infrastructure and Development Limited
2026042705002783,NRN,49,49,100,1494.0,149400.0,2026-04-27,187986396,2898,Online Securities Pvt. Ltd.,Online Securities Pvt. Ltd.,2026-04-27 11:41:17.927190,NRN Infrastructure and Development Limited
2026042705002784,NRN,74,49,10,1494.0,14940.0,2026-04-27,187986398,2898,KALASH STOCK MARKET PVT. LTD.,Online Securities Pvt. Ltd.,2026-04-27 11:41:17.927410,NRN Infrastructure and Development Limited
2026042705002791,NRN,5,49,10,1493.0,14930.0,2026-04-27,187986500,2898,Market Securities & Exchange (PVT) Ltd.,Online Securities Pvt. Ltd.,2026-04-27 11:41:26.770113,NRN Infrastructure and Development Limited
2026042705002792,NRN,57,49,500,1492.6,746300.0,2026-04-27,187986502,2898,Aryatara Investment & Securities,Online Securities Pvt. Ltd.,2026-04-27 11:41:26.770490,NRN Infrastructure and Development Limited
2026042705002793,NRN,26,49,20,1492.5,29850.0,2026-04-27,187986504,2898,Asian Securities Private Ltd.,Online Securities Pvt. Ltd.,2026-04-27 11:41:26.770702,NRN Infrastructure and Development Limited
2026042705002794,NRN,49,49,200,1492.5,298500.0,2026-04-27,187986506,2898,Online Securities Pvt. Ltd.,Online Securities Pvt. Ltd.,2026-04-27 11:41:26.770904,NRN Infrastructure and Development Limited
2026042705002795,NRN,26,49,20,1492.4,29848.0,2026-04-27,187986508,2898,Asian Securities Private Ltd.,Online Securities Pvt. Ltd.,2026-04-27 11:41:26.771101,NRN Infrastructure and Development Limited
2026042705002796,NRN,78,49,15,1492.2,22383.0,2026-04-27,187986510,2898,Garima Securities Limited,Online Securities Pvt. Ltd.,2026-04-27 11:41:26.771292,NRN Infrastructure and Development Limited
2026042705002797,NRN,71,49,100,1492.2,149220.0,2026-04-27,187986512,2898,SHUBHAKAMANA SECURITIES PVT. LTD,Online Securities Pvt. Ltd.,2026-04-27 11:41:26.771501,NRN Infrastructure and Development Limited
2026042705002798,NRN,42,49,50,1492.1,74605.0,2026-04-27,187986514,2898,Sani Securities Company Ltd.,Online Securities Pvt. Ltd.,2026-04-27 11:41:26.771695,NRN Infrastructure and Development Limited
2026042705002799,NRN,64,49,122,1492.0,182024.0,2026-04-27,187986515,2898,SUN SECURITIES PVT LTD,Online Securities Pvt. Ltd.,2026-04-27 11:41:26.771891,NRN Infrastructure and Development Limited
2026042705003000,NRN,77,48,1,1495.0,1495.0,2026-04-27,187988705,2898,Nabil Stock Dealer Ltd.,Trishakti Securities Public Limited,2026-04-27 11:44:40.252548,NRN Infrastructure and Development Limited
2026042705003050,NRN,64,58,10,1492.0,14920.0,2026-04-27,187989439,2898,SUN SECURITIES PVT LTD,Naasa Securities Co. Ltd.,2026-04-27 11:45:53.657343,NRN Infrastructure and Development Limited
2026042705003073,NRN,77,14,15,1499.0,22485.0,2026-04-27,187989632,2898,Nabil Stock Dealer Ltd.,Nepal Stock House (PVT) Ltd.,2026-04-27 11:46:13.156939,NRN Infrastructure and Development Limited
2026042705003081,NRN,57,36,1,1480.0,1480.0,2026-04-27,187989717,2898,Aryatara Investment & Securities,Secured Securities Ltd.,2026-04-27 11:46:20.790587,NRN Infrastructure and Development Limited
2026042705003114,NRN,77,14,10,1492.2,14922.0,2026-04-27,187990164,2898,Nabil Stock Dealer Ltd.,Nepal Stock House (PVT) Ltd.,2026-04-27 11:47:06.713930,NRN Infrastructure and Development Limited
2026042705003115,NRN,34,14,20,1492.1,29842.0,2026-04-27,187990166,2898,Vision Securities Pvt. Ltd,Nepal Stock House (PVT) Ltd.,2026-04-27 11:47:06.714276,NRN Infrastructure and Development Limited
2026042705003116,NRN,64,14,68,1492.0,101456.0,2026-04-27,187990168,2898,SUN SECURITIES PVT LTD,Nepal Stock House (PVT) Ltd.,2026-04-27 11:47:06.714360,NRN Infrastructure and Development Limited
2026042705003117,NRN,39,14,85,1491.0,126735.0,2026-04-27,187990170,2898,Sumeru Securities Pvt. Ltd.,Nepal Stock House (PVT) Ltd.,2026-04-27 11:47:06.714430,NRN Infrastructure and Development Limited
2026042705003118,NRN,6,14,13,1491.0,19383.0,2026-04-27,187990172,2898,Agrawal Securities (PVT) Ltd.,Nepal Stock House (PVT) Ltd.,2026-04-27 11:47:06.714500,NRN Infrastructure and Development Limited
2026042705003119,NRN,42,14,100,1490.0,149000.0,2026-04-27,187990174,2898,Sani Securities Company Ltd.,Nepal Stock House (PVT) Ltd.,2026-04-27 11:47:06.714570,NRN Infrastructure and Development Limited
2026042705003120,NRN,96,14,50,1490.0,74500.0,2026-04-27,187990176,2898,Himalayan Securities Limited,Nepal Stock House (PVT) Ltd.,2026-04-27 11:47:06.714637,NRN Infrastructure and Development Limited
2026042705003121,NRN,37,14,10,1490.0,14900.0,2026-04-27,187990178,2898,Swarna Laxmi Securities Pvt. Ltd.,Nepal Stock House (PVT) Ltd.,2026-04-27 11:47:06.714705,NRN Infrastructure and Development Limited
2026042705003122,NRN,5,14,44,1490.0,65560.0,2026-04-27,187990179,2898,Market Securities & Exchange (PVT) Ltd.,Nepal Stock House (PVT) Ltd.,2026-04-27 11:47:06.714778,NRN Infrastructure and Development Limited
2026042705003130,NRN,49,14,50,1499.0,74950.0,2026-04-27,187990306,2898,Online Securities Pvt. Ltd.,Nepal Stock House (PVT) Ltd.,2026-04-27 11:47:20.221871,NRN Infrastructure and Development Limited
2026042705003144,NRN,35,54,10,1490.0,14900.0,2026-04-27,187990471,2898,Kohinoor Investment & Securities Pvt. Ltd.,Sewa Securities Pvt. Ltd.,2026-04-27 11:47:36.243655,NRN Infrastructure and Development Limited
2026042705003335,NRN,69,19,1,1480.0,1480.0,2026-04-27,187993053,2898,INDEX SECURITIES LIMITED,Nepal Investment And Securities Trading Private Limited,2026-04-27 11:51:34.398897,NRN Infrastructure and Development Limited
2026042705003660,NRN,38,38,1,1450.0,1450.0,2026-04-27,187996969,2898,Dipshikha Dhitopatra Karobar Co. Pvt Ltd.,Dipshikha Dhitopatra Karobar Co. Pvt Ltd.,2026-04-27 11:57:20.660186,NRN Infrastructure and Development Limited
2026042705003685,NRN,38,45,1,1460.0,1460.0,2026-04-27,187997327,2898,Dipshikha Dhitopatra Karobar Co. Pvt Ltd.,Imperial Securities Company Pvt. Ltd.,2026-04-27 11:57:54.019388,NRN Infrastructure and Development Limited
2026042705003705,NRN,17,57,10,1492.0,14920.0,2026-04-27,187997592,2898,ABC Securities Private Limited,Aryatara Investment & Securities,2026-04-27 11:58:21.220108,NRN Infrastructure and Development Limited
2026042705003756,NRN,36,14,10,1492.0,14920.0,2026-04-27,187998052,2898,Secured Securities Ltd.,Nepal Stock House (PVT) Ltd.,2026-04-27 11:59:06.246769,NRN Infrastructure and Development Limited
2026042705003757,NRN,4,14,20,1491.0,29820.0,2026-04-27,187998054,2898,Opal Securities Investment (PVT) Ltd.,Nepal Stock House (PVT) Ltd.,2026-04-27 11:59:06.247120,NRN Infrastructure and Development Limited
2026042705003758,NRN,61,14,50,1491.0,74550.0,2026-04-27,187998056,2898,BHOLE GANESH SECURITIES LTD,Nepal Stock House (PVT) Ltd.,2026-04-27 11:59:06.247381,NRN Infrastructure and Development Limited
2026042705003759,NRN,87,14,10,1490.2,14902.0,2026-04-27,187998058,2898,S.P.S.A. Securities Limited,Nepal Stock House (PVT) Ltd.,2026-04-27 11:59:06.247608,NRN Infrastructure and Development Limited
2026042705003760,NRN,1,14,10,1490.1,14901.0,2026-04-27,187998060,2898,Kumari Securities Private Limited,Nepal Stock House (PVT) Ltd.,2026-04-27 11:59:06.247831,NRN Infrastructure and Development Limited
2026042705003761,NRN,66,14,10,1490.0,14900.0,2026-04-27,187998062,2898,Miyo Securities Pvt Ltd,Nepal Stock House (PVT) Ltd.,2026-04-27 11:59:06.248074,NRN Infrastructure and Development Limited
2026042705003762,NRN,1,14,10,1490.0,14900.0,2026-04-27,187998064,2898,Kumari Securities Private Limited,Nepal Stock House (PVT) Ltd.,2026-04-27 11:59:06.248295,NRN Infrastructure and Development Limited
2026042705003763,NRN,58,14,380,1490.0,566200.0,2026-04-27,187998065,2898,Naasa Securities Co. Ltd.,Nepal Stock House (PVT) Ltd.,2026-04-27 11:59:06.248529,NRN Infrastructure and Development Limited
2026042705003863,NRN,58,34,15,1490.0,22350.0,2026-04-27,187998905,2898,Naasa Securities Co. Ltd.,Vision Securities Pvt. Ltd,2026-04-27 12:00:42.310137,NRN Infrastructure and Development Limited
2026042705003907,NRN,57,58,1,1491.0,1491.0,2026-04-27,187999439,2898,Aryatara Investment & Securities,Naasa Securities Co. Ltd.,2026-04-27 12:01:39.590476,NRN Infrastructure and Development Limited
2026042705004178,NRN,39,33,15,1490.1,22351.5,2026-04-27,188002201,2898,Sumeru Securities Pvt. Ltd.,Dakshinkali Investment & Securities Pvt. Ltd.,2026-04-27 12:07:12.102188,NRN Infrastructure and Development Limited
2026042705004183,NRN,39,99,185,1490.1,275668.5,2026-04-27,188002226,2898,Sumeru Securities Pvt. Ltd.,Prabhu Stock Market Limited,2026-04-27 12:07:15.621656,NRN Infrastructure and Development Limited
2026042705004184,NRN,58,99,118,1490.0,175820.0,2026-04-27,188002228,2898,Naasa Securities Co. Ltd.,Prabhu Stock Market Limited,2026-04-27 12:07:15.621883,NRN Infrastructure and Development Limited
2026042705004185,NRN,22,99,50,1490.0,74500.0,2026-04-27,188002230,2898,Siprabi Securities Pvt. Ltd.,Prabhu Stock Market Limited,2026-04-27 12:07:15.621959,NRN Infrastructure and Development Limited
2026042705004186,NRN,49,99,147,1490.0,219030.0,2026-04-27,188002231,2898,Online Securities Pvt. Ltd.,Prabhu Stock Market Limited,2026-04-27 12:07:15.622037,NRN Infrastructure and Development Limited
2026042705004257,NRN,49,4,50,1491.0,74550.0,2026-04-27,188003003,2898,Online Securities Pvt. Ltd.,Opal Securities Investment (PVT) Ltd.,2026-04-27 12:08:53.354933,NRN Infrastructure and Development Limited
2026042705004286,NRN,32,34,1,1485.0,1485.0,2026-04-27,188003355,2898,Premier Securities Company Ltd.,Vision Securities Pvt. Ltd,2026-04-27 12:09:35.725489,NRN Infrastructure and Development Limited
2026042705004357,NRN,32,57,5,1492.0,7460.0,2026-04-27,188004019,2898,Premier Securities Company Ltd.,Aryatara Investment & Securities,2026-04-27 12:11:02.832979,NRN Infrastructure and Development Limited
2026042705004565,NRN,42,49,30,1493.0,44790.0,2026-04-27,188005866,2898,Sani Securities Company Ltd.,Online Securities Pvt. Ltd.,2026-04-27 12:14:33.822268,NRN Infrastructure and Development Limited
2026042705004665,NRN,38,58,1,1450.0,1450.0,2026-04-27,188007073,2898,Dipshikha Dhitopatra Karobar Co. Pvt Ltd.,Naasa Securities Co. Ltd.,2026-04-27 12:17:01.240335,NRN Infrastructure and Development Limited
2026042705004704,NRN,49,49,12,1493.0,17916.0,2026-04-27,188007475,2898,Online Securities Pvt. Ltd.,Online Securities Pvt. Ltd.,2026-04-27 12:17:30.063054,NRN Infrastructure and Development Limited
2026042705004768,NRN,58,16,10,1495.0,14950.0,2026-04-27,188008021,2898,Naasa Securities Co. Ltd.,Primo Securities (PVT) Ltd.,2026-04-27 12:18:28.904498,NRN Infrastructure and Development Limited
2026042705004769,NRN,58,33,15,1495.0,22425.0,2026-04-27,188008024,2898,Naasa Securities Co. Ltd.,Dakshinkali Investment & Securities Pvt. Ltd.,2026-04-27 12:18:28.904715,NRN Infrastructure and Development Limited
2026042705004869,NRN,49,44,15,1493.0,22395.0,2026-04-27,188008935,2898,Online Securities Pvt. Ltd.,Dynamic Money Managers Securities Pvt. Ltd.,2026-04-27 12:20:03.479903,NRN Infrastructure and Development Limited
2026042705004894,NRN,64,41,4,1493.0,5972.0,2026-04-27,188009173,2898,SUN SECURITIES PVT LTD,Linch Stock Market Ltd.,2026-04-27 12:20:27.507916,NRN Infrastructure and Development Limited
2026042705004932,NRN,49,10,50,1493.0,74650.0,2026-04-27,188009579,2898,Online Securities Pvt. Ltd.,Pragyan Securities (PVT) Ltd.,2026-04-27 12:21:10.504736,NRN Infrastructure and Development Limited
2026042705004946,NRN,49,16,23,1493.0,34339.0,2026-04-27,188009624,2898,Online Securities Pvt. Ltd.,Primo Securities (PVT) Ltd.,2026-04-27 12:21:13.017461,NRN Infrastructure and Development Limited
2026042705004963,NRN,32,16,10,1492.0,14920.0,2026-04-27,188009816,2898,Premier Securities Company Ltd.,Primo Securities (PVT) Ltd.,2026-04-27 12:21:42.824099,NRN Infrastructure and Development Limited
2026042705004964,NRN,58,16,19,1492.0,28348.0,2026-04-27,188009817,2898,Naasa Securities Co. Ltd.,Primo Securities (PVT) Ltd.,2026-04-27 12:21:42.824383,NRN Infrastructure and Development Limited
2026042705005057,NRN,58,49,15,1492.0,22380.0,2026-04-27,188010631,2898,Naasa Securities Co. Ltd.,Online Securities Pvt. Ltd.,2026-04-27 12:23:09.621744,NRN Infrastructure and Development Limited
2026042705005150,NRN,38,43,1,1480.0,1480.0,2026-04-27,188011385,2898,Dipshikha Dhitopatra Karobar Co. Pvt Ltd.,South Asian Bulls Pvt. Ltd.,2026-04-27 12:24:42.014297,NRN Infrastructure and Development Limited
2026042705005216,NRN,49,68,15,1491.0,22365.0,2026-04-27,188012003,2898,Online Securities Pvt. Ltd.,Elite Stock House Limited,2026-04-27 12:25:58.472811,NRN Infrastructure and Development Limited
2026042705005227,NRN,38,54,1,1460.0,1460.0,2026-04-27,188012079,2898,Dipshikha Dhitopatra Karobar Co. Pvt Ltd.,Sewa Securities Pvt. Ltd.,2026-04-27 12:26:09.846357,NRN Infrastructure and Development Limited
2026042705005235,NRN,47,49,1,1446.3,1446.3,2026-04-27,188012213,2898,Neev Securities Pvt. Ltd.,Online Securities Pvt. Ltd.,2026-04-27 12:26:22.583216,NRN Infrastructure and Development Limited
2026042705005259,NRN,21,44,100,1491.0,149100.0,2026-04-27,188012456,2898,Midas Stock Broking Company Private Limited,Dynamic Money Managers Securities Pvt. Ltd.,2026-04-27 12:26:51.404074,NRN Infrastructure and Development Limited
2026042705005260,NRN,45,44,20,1491.0,29820.0,2026-04-27,188012458,2898,Imperial Securities Company Pvt. Ltd.,Dynamic Money Managers Securities Pvt. Ltd.,2026-04-27 12:26:51.404560,NRN Infrastructure and Development Limited
2026042705005261,NRN,21,44,100,1490.1,149010.0,2026-04-27,188012460,2898,Midas Stock Broking Company Private Limited,Dynamic Money Managers Securities Pvt. Ltd.,2026-04-27 12:26:51.404843,NRN Infrastructure and Development Limited
2026042705005262,NRN,49,44,53,1490.0,78970.0,2026-04-27,188012462,2898,Online Securities Pvt. Ltd.,Dynamic Money Managers Securities Pvt. Ltd.,2026-04-27 12:26:51.405171,NRN Infrastructure and Development Limited
2026042705005263,NRN,17,44,10,1490.0,14900.0,2026-04-27,188012464,2898,ABC Securities Private Limited,Dynamic Money Managers Securities Pvt. Ltd.,2026-04-27 12:26:51.405518,NRN Infrastructure and Development Limited
2026042705005264,NRN,5,44,16,1490.0,23840.0,2026-04-27,188012466,2898,Market Securities & Exchange (PVT) Ltd.,Dynamic Money Managers Securities Pvt. Ltd.,2026-04-27 12:26:51.405790,NRN Infrastructure and Development Limited
2026042705005265,NRN,74,44,10,1490.0,14900.0,2026-04-27,188012468,2898,KALASH STOCK MARKET PVT. LTD.,Dynamic Money Managers Securities Pvt. Ltd.,2026-04-27 12:26:51.406079,NRN Infrastructure and Development Limited
2026042705005266,NRN,21,44,100,1490.0,149000.0,2026-04-27,188012470,2898,Midas Stock Broking Company Private Limited,Dynamic Money Managers Securities Pvt. Ltd.,2026-04-27 12:26:51.406470,NRN Infrastructure and Development Limited
2026042705005267,NRN,38,44,50,1490.0,74500.0,2026-04-27,188012472,2898,Dipshikha Dhitopatra Karobar Co. Pvt Ltd.,Dynamic Money Managers Securities Pvt. Ltd.,2026-04-27 12:26:51.406746,NRN Infrastructure and Development Limited
2026042705005268,NRN,17,44,20,1490.0,29800.0,2026-04-27,188012474,2898,ABC Securities Private Limited,Dynamic Money Managers Securities Pvt. Ltd.,2026-04-27 12:26:51.407039,NRN Infrastructure and Development Limited
2026042705005269,NRN,56,44,500,1490.0,745000.0,2026-04-27,188012476,2898,Sri Hari Securities Pvt. Ltd.,Dynamic Money Managers Securities Pvt. Ltd.,2026-04-27 12:26:51.407304,NRN Infrastructure and Development Limited
2026042705005274,NRN,38,53,1,1455.0,1455.0,2026-04-27,188012549,2898,Dipshikha Dhitopatra Karobar Co. Pvt Ltd.,Investment Management Nepal Pvt. Ltd.,2026-04-27 12:27:00.857681,NRN Infrastructure and Development Limited
2026042705005466,NRN,48,59,300,1489.1,446730.0,2026-04-27,188014710,2898,Trishakti Securities Public Limited,Deevyaa Securities & Stock House Pvt. Ltd,2026-04-27 12:31:37.576174,NRN Infrastructure and Development Limited
2026042705005467,NRN,48,59,200,1489.1,297820.0,2026-04-27,188014712,2898,Trishakti Securities Public Limited,Deevyaa Securities & Stock House Pvt. Ltd,2026-04-27 12:31:37.576577,NRN Infrastructure and Development Limited
2026042705005468,NRN,39,59,50,1489.0,74450.0,2026-04-27,188014714,2898,Sumeru Securities Pvt. Ltd.,Deevyaa Securities & Stock House Pvt. Ltd,2026-04-27 12:31:37.576680,NRN Infrastructure and Development Limited
2026042705005469,NRN,45,59,20,1489.0,29780.0,2026-04-27,188014716,2898,Imperial Securities Company Pvt. Ltd.,Deevyaa Securities & Stock House Pvt. Ltd,2026-04-27 12:31:37.576773,NRN Infrastructure and Development Limited
2026042705005470,NRN,63,59,200,1489.0,297800.0,2026-04-27,188014718,2898,Himalayan Brokerage Company Limited,Deevyaa Securities & Stock House Pvt. Ltd,2026-04-27 12:31:37.576871,NRN Infrastructure and Development Limited
2026042705005471,NRN,7,59,200,1488.1,297620.0,2026-04-27,188014720,2898,J.F. Securites (PVT) Ltd.,Deevyaa Securities & Stock House Pvt. Ltd,2026-04-27 12:31:37.576956,NRN Infrastructure and Development Limited
2026042705005472,NRN,63,59,150,1488.1,223215.0,2026-04-27,188014722,2898,Himalayan Brokerage Company Limited,Deevyaa Securities & Stock House Pvt. Ltd,2026-04-27 12:31:37.577041,NRN Infrastructure and Development Limited
2026042705005473,NRN,26,59,100,1488.0,148800.0,2026-04-27,188014724,2898,Asian Securities Private Ltd.,Deevyaa Securities & Stock House Pvt. Ltd,2026-04-27 12:31:37.577125,NRN Infrastructure and Development Limited
2026042705005474,NRN,22,59,50,1488.0,74400.0,2026-04-27,188014726,2898,Siprabi Securities Pvt. Ltd.,Deevyaa Securities & Stock House Pvt. Ltd,2026-04-27 12:31:37.577226,NRN Infrastructure and Development Limited
2026042705005546,NRN,8,14,50,1487.2,74360.0,2026-04-27,188015253,2898,Brilliant Securities Pvt. Ltd.,Nepal Stock House (PVT) Ltd.,2026-04-27 12:32:48.693359,NRN Infrastructure and Development Limited
2026042705005705,NRN,32,59,30,1488.0,44640.0,2026-04-27,188016601,2898,Premier Securities Company Ltd.,Deevyaa Securities & Stock House Pvt. Ltd,2026-04-27 12:35:35.522807,NRN Infrastructure and Development Limited
2026042705005716,NRN,45,44,10,1490.0,14900.0,2026-04-27,188016724,2898,Imperial Securities Company Pvt. Ltd.,Dynamic Money Managers Securities Pvt. Ltd.,2026-04-27 12:35:52.699189,NRN Infrastructure and Development Limited
2026042705005717,NRN,45,44,11,1490.0,16390.0,2026-04-27,188016812,2898,Imperial Securities Company Pvt. Ltd.,Dynamic Money Managers Securities Pvt. Ltd.,2026-04-27 12:36:04.364456,NRN Infrastructure and Development Limited
2026042705005723,NRN,97,57,15,1495.0,22425.0,2026-04-27,188016841,2898,R.B.B. Securities Company Ltd,Aryatara Investment & Securities,2026-04-27 12:36:08.576817,NRN Infrastructure and Development Limited
2026042705005724,NRN,97,57,135,1495.0,201825.0,2026-04-27,188016844,2898,R.B.B. Securities Company Ltd,Aryatara Investment & Securities,2026-04-27 12:36:08.577222,NRN Infrastructure and Development Limited
2026042705005838,NRN,78,21,1,1480.0,1480.0,2026-04-27,188018167,2898,Garima Securities Limited,Midas Stock Broking Company Private Limited,2026-04-27 12:38:54.664273,NRN Infrastructure and Development Limited
2026042705005854,NRN,32,32,10,1490.0,14900.0,2026-04-27,188018296,2898,Premier Securities Company Ltd.,Premier Securities Company Ltd.,2026-04-27 12:39:07.233821,NRN Infrastructure and Development Limited
2026042705005855,NRN,45,32,10,1490.0,14900.0,2026-04-27,188018297,2898,Imperial Securities Company Pvt. Ltd.,Premier Securities Company Ltd.,2026-04-27 12:39:07.234291,NRN Infrastructure and Development Limited
2026042705005858,NRN,78,7,1,1488.0,1488.0,2026-04-27,188018329,2898,Garima Securities Limited,J.F. Securites (PVT) Ltd.,2026-04-27 12:39:11.610536,NRN Infrastructure and Development Limited
2026042705005870,NRN,78,38,1,1489.0,1489.0,2026-04-27,188018443,2898,Garima Securities Limited,Dipshikha Dhitopatra Karobar Co. Pvt Ltd.,2026-04-27 12:39:29.374490,NRN Infrastructure and Development Limited
2026042705005929,NRN,25,18,13,1488.2,19346.6,2026-04-27,188019335,2898,Sweta Securities Private Limited,Sagarmatha Securities Private Limited,2026-04-27 12:40:45.605779,NRN Infrastructure and Development Limited
2026042705006047,NRN,49,40,1,1490.0,1490.0,2026-04-27,188020689,2898,Online Securities Pvt. Ltd.,Creative Securities Pvt Ltd,2026-04-27 12:43:36.972370,NRN Infrastructure and Development Limited
2026042705006066,NRN,38,42,1,1460.0,1460.0,2026-04-27,188020953,2898,Dipshikha Dhitopatra Karobar Co. Pvt Ltd.,Sani Securities Company Ltd.,2026-04-27 12:44:09.996099,NRN Infrastructure and Development Limited
2026042705006101,NRN,56,7,84,1490.0,125160.0,2026-04-27,188021424,2898,Sri Hari Securities Pvt. Ltd.,J.F. Securites (PVT) Ltd.,2026-04-27 12:45:06.898054,NRN Infrastructure and Development Limited
2026042705006114,NRN,48,11,15,1488.6,22329.0,2026-04-27,188021593,2898,Trishakti Securities Public Limited,Malla & Malla Stock Broking Company Pvt. Limited,2026-04-27 12:45:22.482033,NRN Infrastructure and Development Limited
2026042705006207,NRN,45,32,10,1493.9,14939.0,2026-04-27,188022402,2898,Imperial Securities Company Pvt. Ltd.,Premier Securities Company Ltd.,2026-04-27 12:46:56.529607,NRN Infrastructure and Development Limited
2026042705006210,NRN,32,32,10,1490.0,14900.0,2026-04-27,188022429,2898,Premier Securities Company Ltd.,Premier Securities Company Ltd.,2026-04-27 12:47:00.822775,NRN Infrastructure and Development Limited
2026042705006252,NRN,38,42,1,1460.0,1460.0,2026-04-27,188022819,2898,Dipshikha Dhitopatra Karobar Co. Pvt Ltd.,Sani Securities Company Ltd.,2026-04-27 12:48:00.252615,NRN Infrastructure and Development Limited
2026042705006309,NRN,83,52,15,1492.0,22380.0,2026-04-27,188023385,2898,Sanima Securities Limited,Sundhara Securities Limited,2026-04-27 12:49:06.116838,NRN Infrastructure and Development Limited
2026042705006310,NRN,83,57,65,1495.0,97175.0,2026-04-27,188023387,2898,Sanima Securities Limited,Aryatara Investment & Securities,2026-04-27 12:49:06.117105,NRN Infrastructure and Development Limited
2026042705006311,NRN,83,38,20,1495.0,29900.0,2026-04-27,188023389,2898,Sanima Securities Limited,Dipshikha Dhitopatra Karobar Co. Pvt Ltd.,2026-04-27 12:49:06.117351,NRN Infrastructure and Development Limited
2026042705006333,NRN,83,71,320,1497.8,479296.0,2026-04-27,188023533,2898,Sanima Securities Limited,SHUBHAKAMANA SECURITIES PVT. LTD,2026-04-27 12:49:25.194967,NRN Infrastructure and Development Limited
2026042705006334,NRN,83,99,371,1497.9,555720.9,2026-04-27,188023535,2898,Sanima Securities Limited,Prabhu Stock Market Limited,2026-04-27 12:49:25.195195,NRN Infrastructure and Development Limited
2026042705006338,NRN,58,32,48,1497.0,71856.0,2026-04-27,188023584,2898,Naasa Securities Co. Ltd.,Premier Securities Company Ltd.,2026-04-27 12:49:35.270490,NRN Infrastructure and Development Limited
2026042705006364,NRN,40,44,1,1480.0,1480.0,2026-04-27,188023929,2898,Creative Securities Pvt Ltd,Dynamic Money Managers Securities Pvt. Ltd.,2026-04-27 12:50:17.348538,NRN Infrastructure and Development Limited
2026042705006446,NRN,11,32,52,1497.0,77844.0,2026-04-27,188024573,2898,Malla & Malla Stock Broking Company Pvt. Limited,Premier Securities Company Ltd.,2026-04-27 12:51:49.452384,NRN Infrastructure and Development Limited
2026042705006447,NRN,11,32,30,1497.0,44910.0,2026-04-27,188024575,2898,Malla & Malla Stock Broking Company Pvt. Limited,Premier Securities Company Ltd.,2026-04-27 12:51:49.452811,NRN Infrastructure and Development Limited
2026042705006500,NRN,11,59,18,1497.0,26946.0,2026-04-27,188024901,2898,Malla & Malla Stock Broking Company Pvt. Limited,Deevyaa Securities & Stock House Pvt. Ltd,2026-04-27 12:52:34.623577,NRN Infrastructure and Development Limited
2026042705006545,NRN,91,32,28,1497.9,41941.2,2026-04-27,188025301,2898,Citizens Share Broker Limited,Premier Securities Company Ltd.,2026-04-27 12:53:35.030523,NRN Infrastructure and Development Limited
2026042705006546,NRN,91,16,15,1498.0,22470.0,2026-04-27,188025303,2898,Citizens Share Broker Limited,Primo Securities (PVT) Ltd.,2026-04-27 12:53:35.030624,NRN Infrastructure and Development Limited
2026042705006547,NRN,91,14,457,1498.0,684586.0,2026-04-27,188025306,2898,Citizens Share Broker Limited,Nepal Stock House (PVT) Ltd.,2026-04-27 12:53:35.030730,NRN Infrastructure and Development Limited
2026042705006577,NRN,78,4,1,1488.0,1488.0,2026-04-27,188025535,2898,Garima Securities Limited,Opal Securities Investment (PVT) Ltd.,2026-04-27 12:54:08.647980,NRN Infrastructure and Development Limited
2026042705006596,NRN,11,14,100,1498.0,149800.0,2026-04-27,188025678,2898,Malla & Malla Stock Broking Company Pvt. Limited,Nepal Stock House (PVT) Ltd.,2026-04-27 12:54:25.536421,NRN Infrastructure and Development Limited
2026042705006675,NRN,49,42,1,1490.0,1490.0,2026-04-27,188026593,2898,Online Securities Pvt. Ltd.,Sani Securities Company Ltd.,2026-04-27 12:56:13.952076,NRN Infrastructure and Development Limited
2026042705006697,NRN,51,99,25,1497.9,37447.5,2026-04-27,188026962,2898,Oxford Securities Pvt. Ltd.,Prabhu Stock Market Limited,2026-04-27 12:57:03.338610,NRN Infrastructure and Development Limited
2026042705006728,NRN,77,99,50,1497.9,74895.0,2026-04-27,188027226,2898,Nabil Stock Dealer Ltd.,Prabhu Stock Market Limited,2026-04-27 12:57:29.761964,NRN Infrastructure and Development Limited
2026042705006765,NRN,11,14,100,1497.0,149700.0,2026-04-27,188027499,2898,Malla & Malla Stock Broking Company Pvt. Limited,Nepal Stock House (PVT) Ltd.,2026-04-27 12:58:07.914653,NRN Infrastructure and Development Limited
2026042705006766,NRN,47,49,1,1454.0,1454.0,2026-04-27,188027505,2898,Neev Securities Pvt. Ltd.,Online Securities Pvt. Ltd.,2026-04-27 12:58:08.863379,NRN Infrastructure and Development Limited
2026042705006828,NRN,11,35,15,1496.0,22440.0,2026-04-27,188028109,2898,Malla & Malla Stock Broking Company Pvt. Limited,Kohinoor Investment & Securities Pvt. Ltd.,2026-04-27 12:59:08.912448,NRN Infrastructure and Development Limited
2026042705006832,NRN,11,58,85,1496.0,127160.0,2026-04-27,188028220,2898,Malla & Malla Stock Broking Company Pvt. Limited,Naasa Securities Co. Ltd.,2026-04-27 12:59:14.898592,NRN Infrastructure and Development Limited
2026042705006947,NRN,77,14,500,1492.0,746000.0,2026-04-27,188029342,2898,Nabil Stock Dealer Ltd.,Nepal Stock House (PVT) Ltd.,2026-04-27 13:01:15.784792,NRN Infrastructure and Development Limited
2026042705006948,NRN,38,14,100,1492.0,149200.0,2026-04-27,188029344,2898,Dipshikha Dhitopatra Karobar Co. Pvt Ltd.,Nepal Stock House (PVT) Ltd.,2026-04-27 13:01:15.785067,NRN Infrastructure and Development Limited
2026042705006949,NRN,72,14,200,1491.0,298200.0,2026-04-27,188029346,2898,Hatemalo Financial Services Private Limited,Nepal Stock House (PVT) Ltd.,2026-04-27 13:01:15.785171,NRN Infrastructure and Development Limited
2026042705006950,NRN,42,14,15,1490.1,22351.5,2026-04-27,188029348,2898,Sani Securities Company Ltd.,Nepal Stock House (PVT) Ltd.,2026-04-27 13:01:15.785268,NRN Infrastructure and Development Limited
2026042705006951,NRN,58,14,25,1490.1,37252.5,2026-04-27,188029349,2898,Naasa Securities Co. Ltd.,Nepal Stock House (PVT) Ltd.,2026-04-27 13:01:15.785378,NRN Infrastructure and Development Limited
2026042705006972,NRN,58,14,275,1490.1,409777.5,2026-04-27,188029442,2898,Naasa Securities Co. Ltd.,Nepal Stock House (PVT) Ltd.,2026-04-27 13:01:22.713758,NRN Infrastructure and Development Limited
2026042705006973,NRN,48,14,185,1490.1,275668.5,2026-04-27,188029444,2898,Trishakti Securities Public Limited,Nepal Stock House (PVT) Ltd.,2026-04-27 13:01:22.714229,NRN Infrastructure and Development Limited
2026042705006974,NRN,48,14,240,1490.1,357624.0,2026-04-27,188029445,2898,Trishakti Securities Public Limited,Nepal Stock House (PVT) Ltd.,2026-04-27 13:01:22.714555,NRN Infrastructure and Development Limited
2026042705006984,NRN,57,14,19,1495.0,28405.0,2026-04-27,188029580,2898,Aryatara Investment & Securities,Nepal Stock House (PVT) Ltd.,2026-04-27 13:01:37.510025,NRN Infrastructure and Development Limited
2026042705006985,NRN,48,14,60,1490.1,89406.0,2026-04-27,188029582,2898,Trishakti Securities Public Limited,Nepal Stock House (PVT) Ltd.,2026-04-27 13:01:37.510520,NRN Infrastructure and Development Limited
2026042705006986,NRN,22,14,10,1490.0,14900.0,2026-04-27,188029584,2898,Siprabi Securities Pvt. Ltd.,Nepal Stock House (PVT) Ltd.,2026-04-27 13:01:37.510825,NRN Infrastructure and Development Limited
2026042705006987,NRN,42,14,100,1490.0,149000.0,2026-04-27,188029586,2898,Sani Securities Company Ltd.,Nepal Stock House (PVT) Ltd.,2026-04-27 13:01:37.511096,NRN Infrastructure and Development Limited
2026042705006988,NRN,59,14,40,1490.0,59600.0,2026-04-27,188029588,2898,Deevyaa Securities & Stock House Pvt. Ltd,Nepal Stock House (PVT) Ltd.,2026-04-27 13:01:37.511376,NRN Infrastructure and Development Limited
2026042705006989,NRN,53,14,214,1490.0,318860.0,2026-04-27,188029589,2898,Investment Management Nepal Pvt. Ltd.,Nepal Stock House (PVT) Ltd.,2026-04-27 13:01:37.511641,NRN Infrastructure and Development Limited
2026042705007004,NRN,53,96,14,1490.0,20860.0,2026-04-27,188029787,2898,Investment Management Nepal Pvt. Ltd.,Himalayan Securities Limited,2026-04-27 13:02:01.566561,NRN Infrastructure and Development Limited
2026042705007080,NRN,53,58,72,1490.0,107280.0,2026-04-27,188030572,2898,Investment Management Nepal Pvt. Ltd.,Naasa Securities Co. Ltd.,2026-04-27 13:03:28.013952,NRN Infrastructure and Development Limited
2026042705007081,NRN,59,58,100,1489.0,148900.0,2026-04-27,188030574,2898,Deevyaa Securities & Stock House Pvt. Ltd,Naasa Securities Co. Ltd.,2026-04-27 13:03:28.014483,NRN Infrastructure and Development Limited
2026042705007082,NRN,49,58,45,1489.0,67005.0,2026-04-27,188030576,2898,Online Securities Pvt. Ltd.,Naasa Securities Co. Ltd.,2026-04-27 13:03:28.014761,NRN Infrastructure and Development Limited
2026042705007083,NRN,58,58,200,1488.8,297760.0,2026-04-27,188030578,2898,Naasa Securities Co. Ltd.,Naasa Securities Co. Ltd.,2026-04-27 13:03:28.015028,NRN Infrastructure and Development Limited
2026042705007084,NRN,58,58,10,1488.7,14887.0,2026-04-27,188030580,2898,Naasa Securities Co. Ltd.,Naasa Securities Co. Ltd.,2026-04-27 13:03:28.015303,NRN Infrastructure and Development Limited
2026042705007085,NRN,1,58,20,1488.7,29774.0,2026-04-27,188030582,2898,Kumari Securities Private Limited,Naasa Securities Co. Ltd.,2026-04-27 13:03:28.015580,NRN Infrastructure and Development Limited
2026042705007086,NRN,59,58,70,1488.7,104209.0,2026-04-27,188030584,2898,Deevyaa Securities & Stock House Pvt. Ltd,Naasa Securities Co. Ltd.,2026-04-27 13:03:28.015838,NRN Infrastructure and Development Limited
2026042705007087,NRN,59,58,15,1488.6,22329.0,2026-04-27,188030586,2898,Deevyaa Securities & Stock House Pvt. Ltd,Naasa Securities Co. Ltd.,2026-04-27 13:03:28.016101,NRN Infrastructure and Development Limited
2026042705007088,NRN,7,58,93,1488.3,138411.9,2026-04-27,188030587,2898,J.F. Securites (PVT) Ltd.,Naasa Securities Co. Ltd.,2026-04-27 13:03:28.016375,NRN Infrastructure and Development Limited
2026042705007120,NRN,78,34,1,1487.2,1487.2,2026-04-27,188030683,2898,Garima Securities Limited,Vision Securities Pvt. Ltd,2026-04-27 13:03:33.548679,NRN Infrastructure and Development Limited
2026042705007134,NRN,78,48,1,1488.6,1488.6,2026-04-27,188030901,2898,Garima Securities Limited,Trishakti Securities Public Limited,2026-04-27 13:04:10.667890,NRN Infrastructure and Development Limited
2026042705007248,NRN,6,51,15,1490.0,22350.0,2026-04-27,188031771,2898,Agrawal Securities (PVT) Ltd.,Oxford Securities Pvt. Ltd.,2026-04-27 13:05:57.494200,NRN Infrastructure and Development Limited
2026042705007320,NRN,78,38,1,1488.0,1488.0,2026-04-27,188032363,2898,Garima Securities Limited,Dipshikha Dhitopatra Karobar Co. Pvt Ltd.,2026-04-27 13:06:50.809944,NRN Infrastructure and Development Limited
2026042705007349,NRN,77,7,6,1490.0,8940.0,2026-04-27,188032681,2898,Nabil Stock Dealer Ltd.,J.F. Securites (PVT) Ltd.,2026-04-27 13:07:28.691950,NRN Infrastructure and Development Limited
2026042705007381,NRN,77,32,1,1490.0,1490.0,2026-04-27,188033097,2898,Nabil Stock Dealer Ltd.,Premier Securities Company Ltd.,2026-04-27 13:08:23.370813,NRN Infrastructure and Development Limited
2026042705007383,NRN,77,39,1,1490.0,1490.0,2026-04-27,188033117,2898,Nabil Stock Dealer Ltd.,Sumeru Securities Pvt. Ltd.,2026-04-27 13:08:28.925065,NRN Infrastructure and Development Limited
2026042705007388,NRN,77,40,1,1490.0,1490.0,2026-04-27,188033155,2898,Nabil Stock Dealer Ltd.,Creative Securities Pvt Ltd,2026-04-27 13:08:33.544596,NRN Infrastructure and Development Limited
2026042705007392,NRN,77,58,1,1490.0,1490.0,2026-04-27,188033183,2898,Nabil Stock Dealer Ltd.,Naasa Securities Co. Ltd.,2026-04-27 13:08:38.631951,NRN Infrastructure and Development Limited
2026042705007416,NRN,32,22,15,1490.4,22356.0,2026-04-27,188033523,2898,Premier Securities Company Ltd.,Siprabi Securities Pvt. Ltd.,2026-04-27 13:09:27.171137,NRN Infrastructure and Development Limited
2026042705007639,NRN,35,32,10,1491.0,14910.0,2026-04-27,188035572,2898,Kohinoor Investment & Securities Pvt. Ltd.,Premier Securities Company Ltd.,2026-04-27 13:14:01.227154,NRN Infrastructure and Development Limited
2026042705007640,NRN,77,32,38,1490.6,56642.8,2026-04-27,188035574,2898,Nabil Stock Dealer Ltd.,Premier Securities Company Ltd.,2026-04-27 13:14:01.227421,NRN Infrastructure and Development Limited
2026042705007641,NRN,50,32,50,1490.5,74525.0,2026-04-27,188035576,2898,Cristal Kanchanjanga Securites Pvt. Ltd.,Premier Securities Company Ltd.,2026-04-27 13:14:01.227550,NRN Infrastructure and Development Limited
2026042705007642,NRN,32,32,100,1490.4,149040.0,2026-04-27,188035578,2898,Premier Securities Company Ltd.,Premier Securities Company Ltd.,2026-04-27 13:14:01.227674,NRN Infrastructure and Development Limited
2026042705007643,NRN,4,32,10,1490.3,14903.0,2026-04-27,188035580,2898,Opal Securities Investment (PVT) Ltd.,Premier Securities Company Ltd.,2026-04-27 13:14:01.227773,NRN Infrastructure and Development Limited
2026042705007644,NRN,6,32,65,1490.0,96850.0,2026-04-27,188035582,2898,Agrawal Securities (PVT) Ltd.,Premier Securities Company Ltd.,2026-04-27 13:14:01.227878,NRN Infrastructure and Development Limited
2026042705007645,NRN,39,32,50,1490.0,74500.0,2026-04-27,188035584,2898,Sumeru Securities Pvt. Ltd.,Premier Securities Company Ltd.,2026-04-27 13:14:01.228017,NRN Infrastructure and Development Limited
2026042705007646,NRN,11,32,100,1490.0,149000.0,2026-04-27,188035586,2898,Malla & Malla Stock Broking Company Pvt. Limited,Premier Securities Company Ltd.,2026-04-27 13:14:01.228110,NRN Infrastructure and Development Limited
2026042705007647,NRN,66,32,50,1490.0,74500.0,2026-04-27,188035588,2898,Miyo Securities Pvt Ltd,Premier Securities Company Ltd.,2026-04-27 13:14:01.228201,NRN Infrastructure and Development Limited
2026042705007648,NRN,14,32,127,1490.0,189230.0,2026-04-27,188035589,2898,Nepal Stock House (PVT) Ltd.,Premier Securities Company Ltd.,2026-04-27 13:14:01.228291,NRN Infrastructure and Development Limited
2026042705007654,NRN,50,57,200,1495.0,299000.0,2026-04-27,188035625,2898,Cristal Kanchanjanga Securites Pvt. Ltd.,Aryatara Investment & Securities,2026-04-27 13:14:09.860968,NRN Infrastructure and Development Limited
2026042705007655,NRN,50,99,400,1495.9,598360.0,2026-04-27,188035628,2898,Cristal Kanchanjanga Securites Pvt. Ltd.,Prabhu Stock Market Limited,2026-04-27 13:14:09.861243,NRN Infrastructure and Development Limited
2026042705007693,NRN,77,44,1,1490.0,1490.0,2026-04-27,188036135,2898,Nabil Stock Dealer Ltd.,Dynamic Money Managers Securities Pvt. Ltd.,2026-04-27 13:15:10.935219,NRN Infrastructure and Development Limited
2026042705007697,NRN,77,35,1,1490.0,1490.0,2026-04-27,188036161,2898,Nabil Stock Dealer Ltd.,Kohinoor Investment & Securities Pvt. Ltd.,2026-04-27 13:15:14.873110,NRN Infrastructure and Development Limited
2026042705007718,NRN,48,95,100,1491.1,149110.0,2026-04-27,188036356,2898,Trishakti Securities Public Limited,Magnet Securities and Investment Company Private Limited,2026-04-27 13:15:39.844953,NRN Infrastructure and Development Limited
2026042705007719,NRN,14,95,900,1491.1,1341990.0,2026-04-27,188036357,2898,Nepal Stock House (PVT) Ltd.,Magnet Securities and Investment Company Private Limited,2026-04-27 13:15:39.845194,NRN Infrastructure and Development Limited
2026042705007792,NRN,78,65,1,1490.0,1490.0,2026-04-27,188037279,2898,Garima Securities Limited,Sharepro Securities Private Limited,2026-04-27 13:17:20.345543,NRN Infrastructure and Development Limited
2026042705007797,NRN,69,22,1,1452.0,1452.0,2026-04-27,188037323,2898,INDEX SECURITIES LIMITED,Siprabi Securities Pvt. Ltd.,2026-04-27 13:17:28.886913,NRN Infrastructure and Development Limited
2026042705007807,NRN,78,34,1,1490.0,1490.0,2026-04-27,188037435,2898,Garima Securities Limited,Vision Securities Pvt. Ltd,2026-04-27 13:17:37.322752,NRN Infrastructure and Development Limited
2026042705007817,NRN,69,7,1,1470.0,1470.0,2026-04-27,188037537,2898,INDEX SECURITIES LIMITED,J.F. Securites (PVT) Ltd.,2026-04-27 13:17:49.045284,NRN Infrastructure and Development Limited
2026042705007818,NRN,78,58,1,1490.0,1490.0,2026-04-27,188037539,2898,Garima Securities Limited,Naasa Securities Co. Ltd.,2026-04-27 13:17:49.233767,NRN Infrastructure and Development Limited
2026042705007830,NRN,78,19,1,1490.0,1490.0,2026-04-27,188037671,2898,Garima Securities Limited,Nepal Investment And Securities Trading Private Limited,2026-04-27 13:18:08.336516,NRN Infrastructure and Development Limited
2026042705007920,NRN,49,14,1,1490.0,1490.0,2026-04-27,188038601,2898,Online Securities Pvt. Ltd.,Nepal Stock House (PVT) Ltd.,2026-04-27 13:20:01.442973,NRN Infrastructure and Development Limited
2026042705007967,NRN,77,29,13,1492.0,19396.0,2026-04-27,188039107,2898,Nabil Stock Dealer Ltd.,Trisul Securities & Invt. Ltd.,2026-04-27 13:20:42.925555,NRN Infrastructure and Development Limited
2026042705008375,NRN,1,38,1,1460.1,1460.1,2026-04-27,188043071,2898,Kumari Securities Private Limited,Dipshikha Dhitopatra Karobar Co. Pvt Ltd.,2026-04-27 13:26:20.012459,NRN Infrastructure and Development Limited
2026042705008401,NRN,38,17,1,1462.1,1462.1,2026-04-27,188043343,2898,Dipshikha Dhitopatra Karobar Co. Pvt Ltd.,ABC Securities Private Limited,2026-04-27 13:26:46.622469,NRN Infrastructure and Development Limited
2026042705008486,NRN,47,52,1,1448.0,1448.0,2026-04-27,188044073,2898,Neev Securities Pvt. Ltd.,Sundhara Securities Limited,2026-04-27 13:28:11.365867,NRN Infrastructure and Development Limited
2026042705008501,NRN,77,50,4,1490.0,5960.0,2026-04-27,188044317,2898,Nabil Stock Dealer Ltd.,Cristal Kanchanjanga Securites Pvt. Ltd.,2026-04-27 13:28:36.963824,NRN Infrastructure and Development Limited
2026042705008517,NRN,26,58,20,1493.0,29860.0,2026-04-27,188044560,2898,Asian Securities Private Ltd.,Naasa Securities Co. Ltd.,2026-04-27 13:28:53.223443,NRN Infrastructure and Development Limited
2026042705008518,NRN,47,58,50,1492.2,74610.0,2026-04-27,188044562,2898,Neev Securities Pvt. Ltd.,Naasa Securities Co. Ltd.,2026-04-27 13:28:53.223928,NRN Infrastructure and Development Limited
2026042705008519,NRN,5,58,50,1492.1,74605.0,2026-04-27,188044564,2898,Market Securities & Exchange (PVT) Ltd.,Naasa Securities Co. Ltd.,2026-04-27 13:28:53.224231,NRN Infrastructure and Development Limited
2026042705008520,NRN,45,58,10,1492.1,14921.0,2026-04-27,188044566,2898,Imperial Securities Company Pvt. Ltd.,Naasa Securities Co. Ltd.,2026-04-27 13:28:53.224535,NRN Infrastructure and Development Limited
2026042705008521,NRN,77,58,137,1492.0,204404.0,2026-04-27,188044568,2898,Nabil Stock Dealer Ltd.,Naasa Securities Co. Ltd.,2026-04-27 13:28:53.224831,NRN Infrastructure and Development Limited
2026042705008522,NRN,77,58,45,1492.0,67140.0,2026-04-27,188044570,2898,Nabil Stock Dealer Ltd.,Naasa Securities Co. Ltd.,2026-04-27 13:28:53.225118,NRN Infrastructure and Development Limited
2026042705008523,NRN,48,58,300,1491.3,447390.0,2026-04-27,188044572,2898,Trishakti Securities Public Limited,Naasa Securities Co. Ltd.,2026-04-27 13:28:53.225421,NRN Infrastructure and Development Limited
2026042705008524,NRN,48,58,200,1491.3,298260.0,2026-04-27,188044574,2898,Trishakti Securities Public Limited,Naasa Securities Co. Ltd.,2026-04-27 13:28:53.225709,NRN Infrastructure and Development Limited
2026042705008525,NRN,53,58,500,1491.2,745600.0,2026-04-27,188044576,2898,Investment Management Nepal Pvt. Ltd.,Naasa Securities Co. Ltd.,2026-04-27 13:28:53.225989,NRN Infrastructure and Development Limited
2026042705008526,NRN,77,58,70,1491.2,104384.0,2026-04-27,188044578,2898,Nabil Stock Dealer Ltd.,Naasa Securities Co. Ltd.,2026-04-27 13:28:53.226267,NRN Infrastructure and Development Limited
2026042705008527,NRN,14,58,173,1491.1,257960.3,2026-04-27,188044580,2898,Nepal Stock House (PVT) Ltd.,Naasa Securities Co. Ltd.,2026-04-27 13:28:53.226551,NRN Infrastructure and Development Limited
2026042705008528,NRN,83,58,445,1491.1,663539.5,2026-04-27,188044581,2898,Sanima Securities Limited,Naasa Securities Co. Ltd.,2026-04-27 13:28:53.226823,NRN Infrastructure and Development Limited
2026042705008530,NRN,83,58,55,1491.1,82010.5,2026-04-27,188044598,2898,Sanima Securities Limited,Naasa Securities Co. Ltd.,2026-04-27 13:28:57.418541,NRN Infrastructure and Development Limited
2026042705008531,NRN,43,58,30,1490.0,44700.0,2026-04-27,188044600,2898,South Asian Bulls Pvt. Ltd.,Naasa Securities Co. Ltd.,2026-04-27 13:28:57.418996,NRN Infrastructure and Development Limited
2026042705008532,NRN,58,58,20,1490.0,29800.0,2026-04-27,188044602,2898,Naasa Securities Co. Ltd.,Naasa Securities Co. Ltd.,2026-04-27 13:28:57.419274,NRN Infrastructure and Development Limited
2026042705008533,NRN,58,58,60,1490.0,89400.0,2026-04-27,188044604,2898,Naasa Securities Co. Ltd.,Naasa Securities Co. Ltd.,2026-04-27 13:28:57.419565,NRN Infrastructure and Development Limited
2026042705008534,NRN,58,58,10,1490.0,14900.0,2026-04-27,188044606,2898,Naasa Securities Co. Ltd.,Naasa Securities Co. Ltd.,2026-04-27 13:28:57.420094,NRN Infrastructure and Development Limited
2026042705008567,NRN,26,58,10,1490.0,14900.0,2026-04-27,188044974,2898,Asian Securities Private Ltd.,Naasa Securities Co. Ltd.,2026-04-27 13:29:35.028479,NRN Infrastructure and Development Limited
2026042705008576,NRN,71,58,1000,1490.0,1490000.0,2026-04-27,188045074,2898,SHUBHAKAMANA SECURITIES PVT. LTD,Naasa Securities Co. Ltd.,2026-04-27 13:29:51.490955,NRN Infrastructure and Development Limited
2026042705008603,NRN,45,58,815,1490.0,1214350.0,2026-04-27,188045321,2898,Imperial Securities Company Pvt. Ltd.,Naasa Securities Co. Ltd.,2026-04-27 13:30:24.243886,NRN Infrastructure and Development Limited
2026042705008758,NRN,71,43,50,1495.7,74785.0,2026-04-27,188047302,2898,SHUBHAKAMANA SECURITIES PVT. LTD,South Asian Bulls Pvt. Ltd.,2026-04-27 13:33:57.903178,NRN Infrastructure and Development Limited
2026042705008834,NRN,71,43,20,1495.7,29914.0,2026-04-27,188047762,2898,SHUBHAKAMANA SECURITIES PVT. LTD,South Asian Bulls Pvt. Ltd.,2026-04-27 13:34:32.512590,NRN Infrastructure and Development Limited
2026042705008961,NRN,47,52,1,1451.0,1451.0,2026-04-27,188048495,2898,Neev Securities Pvt. Ltd.,Sundhara Securities Limited,2026-04-27 13:35:58.437764,NRN Infrastructure and Development Limited
2026042705009008,NRN,66,58,20,1492.0,29840.0,2026-04-27,188048744,2898,Miyo Securities Pvt Ltd,Naasa Securities Co. Ltd.,2026-04-27 13:36:20.533538,NRN Infrastructure and Development Limited
2026042705009009,NRN,26,58,20,1491.5,29830.0,2026-04-27,188048746,2898,Asian Securities Private Ltd.,Naasa Securities Co. Ltd.,2026-04-27 13:36:20.534070,NRN Infrastructure and Development Limited
2026042705009010,NRN,1,58,10,1491.0,14910.0,2026-04-27,188048748,2898,Kumari Securities Private Limited,Naasa Securities Co. Ltd.,2026-04-27 13:36:20.534428,NRN Infrastructure and Development Limited
2026042705009011,NRN,4,58,100,1491.0,149100.0,2026-04-27,188048750,2898,Opal Securities Investment (PVT) Ltd.,Naasa Securities Co. Ltd.,2026-04-27 13:36:20.534718,NRN Infrastructure and Development Limited
2026042705009012,NRN,77,58,37,1491.0,55167.0,2026-04-27,188048752,2898,Nabil Stock Dealer Ltd.,Naasa Securities Co. Ltd.,2026-04-27 13:36:20.535012,NRN Infrastructure and Development Limited
2026042705009013,NRN,25,58,350,1490.1,521535.0,2026-04-27,188048754,2898,Sweta Securities Private Limited,Naasa Securities Co. Ltd.,2026-04-27 13:36:20.535348,NRN Infrastructure and Development Limited
2026042705009014,NRN,45,58,185,1490.0,275650.0,2026-04-27,188048756,2898,Imperial Securities Company Pvt. Ltd.,Naasa Securities Co. Ltd.,2026-04-27 13:36:20.535636,NRN Infrastructure and Development Limited
2026042705009045,NRN,77,58,26,1490.0,38740.0,2026-04-27,188049004,2898,Nabil Stock Dealer Ltd.,Naasa Securities Co. Ltd.,2026-04-27 13:36:55.285744,NRN Infrastructure and Development Limited
2026042705009046,NRN,32,58,618,1490.0,920820.0,2026-04-27,188049032,2898,Premier Securities Company Ltd.,Naasa Securities Co. Ltd.,2026-04-27 13:37:00.686472,NRN Infrastructure and Development Limited
2026042705009048,NRN,26,58,10,1489.1,14891.0,2026-04-27,188049042,2898,Asian Securities Private Ltd.,Naasa Securities Co. Ltd.,2026-04-27 13:37:02.031444,NRN Infrastructure and Development Limited
2026042705009060,NRN,49,58,10,1490.0,14900.0,2026-04-27,188049128,2898,Online Securities Pvt. Ltd.,Naasa Securities Co. Ltd.,2026-04-27 13:37:11.515228,NRN Infrastructure and Development Limited
2026042705009070,NRN,77,58,30,1490.0,44700.0,2026-04-27,188049272,2898,Nabil Stock Dealer Ltd.,Naasa Securities Co. Ltd.,2026-04-27 13:37:29.052100,NRN Infrastructure and Development Limited
2026042705009077,NRN,14,58,200,1490.0,298000.0,2026-04-27,188049362,2898,Nepal Stock House (PVT) Ltd.,Naasa Securities Co. Ltd.,2026-04-27 13:37:44.201437,NRN Infrastructure and Development Limited
2026042705009083,NRN,71,58,50,1490.0,74500.0,2026-04-27,188049400,2898,SHUBHAKAMANA SECURITIES PVT. LTD,Naasa Securities Co. Ltd.,2026-04-27 13:37:45.193222,NRN Infrastructure and Development Limited
2026042705009134,NRN,22,58,100,1490.0,149000.0,2026-04-27,188049980,2898,Siprabi Securities Pvt. Ltd.,Naasa Securities Co. Ltd.,2026-04-27 13:38:53.632500,NRN Infrastructure and Development Limited
2026042705009145,NRN,71,58,100,1490.0,149000.0,2026-04-27,188050254,2898,SHUBHAKAMANA SECURITIES PVT. LTD,Naasa Securities Co. Ltd.,2026-04-27 13:39:25.815268,NRN Infrastructure and Development Limited
2026042705009172,NRN,75,58,484,1490.0,721160.0,2026-04-27,188050520,2898,N.I.M.B. Stock Markets Limited,Naasa Securities Co. Ltd.,2026-04-27 13:39:58.575499,NRN Infrastructure and Development Limited
2026042705009223,NRN,40,28,1,1485.0,1485.0,2026-04-27,188050981,2898,Creative Securities Pvt Ltd,Shree Krishna Securities Ltd.,2026-04-27 13:40:55.694131,NRN Infrastructure and Development Limited
2026042705009235,NRN,40,57,1,1490.0,1490.0,2026-04-27,188051113,2898,Creative Securities Pvt Ltd,Aryatara Investment & Securities,2026-04-27 13:41:18.017707,NRN Infrastructure and Development Limited
2026042705009247,NRN,40,42,1,1490.0,1490.0,2026-04-27,188051185,2898,Creative Securities Pvt Ltd,Sani Securities Company Ltd.,2026-04-27 13:41:25.615155,NRN Infrastructure and Development Limited
2026042705009263,NRN,40,21,1,1490.0,1490.0,2026-04-27,188051267,2898,Creative Securities Pvt Ltd,Midas Stock Broking Company Private Limited,2026-04-27 13:41:34.783012,NRN Infrastructure and Development Limited
2026042705009310,NRN,40,38,1,1462.1,1462.1,2026-04-27,188051565,2898,Creative Securities Pvt Ltd,Dipshikha Dhitopatra Karobar Co. Pvt Ltd.,2026-04-27 13:42:15.122027,NRN Infrastructure and Development Limited
2026042705009339,NRN,40,4,1,1489.2,1489.2,2026-04-27,188051703,2898,Creative Securities Pvt Ltd,Opal Securities Investment (PVT) Ltd.,2026-04-27 13:42:29.007419,NRN Infrastructure and Development Limited
2026042705009352,NRN,29,58,5,1450.0,7250.0,2026-04-27,188051865,2898,Trisul Securities & Invt. Ltd.,Naasa Securities Co. Ltd.,2026-04-27 13:42:47.965910,NRN Infrastructure and Development Limited
2026042705009402,NRN,71,39,30,1495.0,44850.0,2026-04-27,188052386,2898,SHUBHAKAMANA SECURITIES PVT. LTD,Sumeru Securities Pvt. Ltd.,2026-04-27 13:43:49.825836,NRN Infrastructure and Development Limited
2026042705009412,NRN,1,38,1,1460.1,1460.1,2026-04-27,188052517,2898,Kumari Securities Private Limited,Dipshikha Dhitopatra Karobar Co. Pvt Ltd.,2026-04-27 13:44:02.129961,NRN Infrastructure and Development Limited
2026042705009514,NRN,40,38,1,1485.0,1485.0,2026-04-27,188053673,2898,Creative Securities Pvt Ltd,Dipshikha Dhitopatra Karobar Co. Pvt Ltd.,2026-04-27 13:45:31.407792,NRN Infrastructure and Development Limited
2026042705009627,NRN,38,4,1,1450.2,1450.2,2026-04-27,188054583,2898,Dipshikha Dhitopatra Karobar Co. Pvt Ltd.,Opal Securities Investment (PVT) Ltd.,2026-04-27 13:47:20.023104,NRN Infrastructure and Development Limited
2026042705009647,NRN,40,22,1,1470.0,1470.0,2026-04-27,188054835,2898,Creative Securities Pvt Ltd,Siprabi Securities Pvt. Ltd.,2026-04-27 13:47:42.365094,NRN Infrastructure and Development Limited
2026042705009685,NRN,101,43,15,1495.7,22435.5,2026-04-27,188055091,2898,APPLE SECURITIES PRIVATE LIMITED,South Asian Bulls Pvt. Ltd.,2026-04-27 13:48:05.526799,NRN Infrastructure and Development Limited
2026042705009686,NRN,101,58,70,1495.8,104706.0,2026-04-27,188055093,2898,APPLE SECURITIES PRIVATE LIMITED,Naasa Securities Co. Ltd.,2026-04-27 13:48:05.526896,NRN Infrastructure and Development Limited
2026042705009687,NRN,101,11,15,1498.8,22482.0,2026-04-27,188055095,2898,APPLE SECURITIES PRIVATE LIMITED,Malla & Malla Stock Broking Company Pvt. Limited,2026-04-27 13:48:05.526972,NRN Infrastructure and Development Limited
2026042705009688,NRN,101,99,25,1498.9,37472.5,2026-04-27,188055097,2898,APPLE SECURITIES PRIVATE LIMITED,Prabhu Stock Market Limited,2026-04-27 13:48:05.527050,NRN Infrastructure and Development Limited
2026042705009689,NRN,101,39,20,1499.0,29980.0,2026-04-27,188055099,2898,APPLE SECURITIES PRIVATE LIMITED,Sumeru Securities Pvt. Ltd.,2026-04-27 13:48:05.527127,NRN Infrastructure and Development Limited
2026042705009690,NRN,101,56,15,1499.0,22485.0,2026-04-27,188055102,2898,APPLE SECURITIES PRIVATE LIMITED,Sri Hari Securities Pvt. Ltd.,2026-04-27 13:48:05.527201,NRN Infrastructure and Development Limited
2026042705009758,NRN,62,101,10,1493.0,14930.0,2026-04-27,188055661,2898,Capital Max Securities Ltd,APPLE SECURITIES PRIVATE LIMITED,2026-04-27 13:48:57.335420,NRN Infrastructure and Development Limited
2026042705009792,NRN,40,41,1,1462.1,1462.1,2026-04-27,188055979,2898,Creative Securities Pvt Ltd,Linch Stock Market Ltd.,2026-04-27 13:49:37.123107,NRN Infrastructure and Development Limited
2026042705009917,NRN,40,58,1,1462.1,1462.1,2026-04-27,188057365,2898,Creative Securities Pvt Ltd,Naasa Securities Co. Ltd.,2026-04-27 13:51:59.948984,NRN Infrastructure and Development Limited
2026042705009969,NRN,26,58,10,1494.0,14940.0,2026-04-27,188057776,2898,Asian Securities Private Ltd.,Naasa Securities Co. Ltd.,2026-04-27 13:52:47.601448,NRN Infrastructure and Development Limited
2026042705009970,NRN,29,58,15,1492.0,22380.0,2026-04-27,188057778,2898,Trisul Securities & Invt. Ltd.,Naasa Securities Co. Ltd.,2026-04-27 13:52:47.601723,NRN Infrastructure and Development Limited
2026042705009971,NRN,62,58,10,1492.0,14920.0,2026-04-27,188057780,2898,Capital Max Securities Ltd,Naasa Securities Co. Ltd.,2026-04-27 13:52:47.601835,NRN Infrastructure and Development Limited
2026042705009972,NRN,8,58,10,1491.0,14910.0,2026-04-27,188057782,2898,Brilliant Securities Pvt. Ltd.,Naasa Securities Co. Ltd.,2026-04-27 13:52:47.601932,NRN Infrastructure and Development Limited
2026042705009973,NRN,38,58,85,1491.0,126735.0,2026-04-27,188057784,2898,Dipshikha Dhitopatra Karobar Co. Pvt Ltd.,Naasa Securities Co. Ltd.,2026-04-27 13:52:47.602027,NRN Infrastructure and Development Limited
2026042705009974,NRN,42,58,20,1490.2,29804.0,2026-04-27,188057786,2898,Sani Securities Company Ltd.,Naasa Securities Co. Ltd.,2026-04-27 13:52:47.602125,NRN Infrastructure and Development Limited
2026042705009975,NRN,66,58,50,1490.0,74500.0,2026-04-27,188057788,2898,Miyo Securities Pvt Ltd,Naasa Securities Co. Ltd.,2026-04-27 13:52:47.602224,NRN Infrastructure and Development Limited
2026042705009976,NRN,1,58,10,1490.0,14900.0,2026-04-27,188057790,2898,Kumari Securities Private Limited,Naasa Securities Co. Ltd.,2026-04-27 13:52:47.602327,NRN Infrastructure and Development Limited
2026042705009977,NRN,56,58,500,1490.0,745000.0,2026-04-27,188057792,2898,Sri Hari Securities Pvt. Ltd.,Naasa Securities Co. Ltd.,2026-04-27 13:52:47.602436,NRN Infrastructure and Development Limited
2026042705009978,NRN,8,58,20,1490.0,29800.0,2026-04-27,188057794,2898,Brilliant Securities Pvt. Ltd.,Naasa Securities Co. Ltd.,2026-04-27 13:52:47.602530,NRN Infrastructure and Development Limited
2026042705009979,NRN,28,58,500,1490.0,745000.0,2026-04-27,188057796,2898,Shree Krishna Securities Ltd.,Naasa Securities Co. Ltd.,2026-04-27 13:52:47.602623,NRN Infrastructure and Development Limited
2026042705009980,NRN,25,58,50,1490.0,74500.0,2026-04-27,188057798,2898,Sweta Securities Private Limited,Naasa Securities Co. Ltd.,2026-04-27 13:52:47.602715,NRN Infrastructure and Development Limited
2026042705010007,NRN,62,58,10,1490.0,14900.0,2026-04-27,188058074,2898,Capital Max Securities Ltd,Naasa Securities Co. Ltd.,2026-04-27 13:53:20.245689,NRN Infrastructure and Development Limited
2026042705010090,NRN,71,58,50,1490.0,74500.0,2026-04-27,188058802,2898,SHUBHAKAMANA SECURITIES PVT. LTD,Naasa Securities Co. Ltd.,2026-04-27 13:54:41.001010,NRN Infrastructure and Development Limited
2026042705010163,NRN,58,41,15,1489.7,22345.5,2026-04-27,188059541,2898,Naasa Securities Co. Ltd.,Linch Stock Market Ltd.,2026-04-27 13:56:27.126265,NRN Infrastructure and Development Limited
2026042705010164,NRN,58,58,135,1490.0,201150.0,2026-04-27,188059544,2898,Naasa Securities Co. Ltd.,Naasa Securities Co. Ltd.,2026-04-27 13:56:27.126583,NRN Infrastructure and Development Limited
2026042705010175,NRN,71,58,500,1490.0,745000.0,2026-04-27,188059656,2898,SHUBHAKAMANA SECURITIES PVT. LTD,Naasa Securities Co. Ltd.,2026-04-27 13:56:42.936072,NRN Infrastructure and Development Limited
2026042705010201,NRN,32,101,20,1489.2,29784.0,2026-04-27,188059918,2898,Premier Securities Company Ltd.,APPLE SECURITIES PRIVATE LIMITED,2026-04-27 13:57:15.480025,NRN Infrastructure and Development Limited
2026042705010202,NRN,66,101,100,1489.2,148920.0,2026-04-27,188059920,2898,Miyo Securities Pvt Ltd,APPLE SECURITIES PRIVATE LIMITED,2026-04-27 13:57:15.480120,NRN Infrastructure and Development Limited
2026042705010203,NRN,32,101,50,1489.1,74455.0,2026-04-27,188059922,2898,Premier Securities Company Ltd.,APPLE SECURITIES PRIVATE LIMITED,2026-04-27 13:57:15.480281,NRN Infrastructure and Development Limited
2026042705010204,NRN,49,101,300,1489.1,446730.0,2026-04-27,188059924,2898,Online Securities Pvt. Ltd.,APPLE SECURITIES PRIVATE LIMITED,2026-04-27 13:57:15.480376,NRN Infrastructure and Development Limited
2026042705010205,NRN,45,101,10,1489.1,14891.0,2026-04-27,188059926,2898,Imperial Securities Company Pvt. Ltd.,APPLE SECURITIES PRIVATE LIMITED,2026-04-27 13:57:15.480441,NRN Infrastructure and Development Limited
2026042705010206,NRN,100,101,100,1489.0,148900.0,2026-04-27,188059928,2898,Sunrise Securities Limited,APPLE SECURITIES PRIVATE LIMITED,2026-04-27 13:57:15.480526,NRN Infrastructure and Development Limited
2026042705010207,NRN,1,101,10,1489.0,14890.0,2026-04-27,188059930,2898,Kumari Securities Private Limited,APPLE SECURITIES PRIVATE LIMITED,2026-04-27 13:57:15.480581,NRN Infrastructure and Development Limited
2026042705010208,NRN,22,101,50,1489.0,74450.0,2026-04-27,188059932,2898,Siprabi Securities Pvt. Ltd.,APPLE SECURITIES PRIVATE LIMITED,2026-04-27 13:57:15.480642,NRN Infrastructure and Development Limited
2026042705010209,NRN,49,101,26,1489.0,38714.0,2026-04-27,188059934,2898,Online Securities Pvt. Ltd.,APPLE SECURITIES PRIVATE LIMITED,2026-04-27 13:57:15.480704,NRN Infrastructure and Development Limited
2026042705010210,NRN,42,101,100,1488.5,148850.0,2026-04-27,188059936,2898,Sani Securities Company Ltd.,APPLE SECURITIES PRIVATE LIMITED,2026-04-27 13:57:15.480770,NRN Infrastructure and Development Limited
2026042705010211,NRN,7,101,334,1488.3,497092.2,2026-04-27,188059937,2898,J.F. Securites (PVT) Ltd.,APPLE SECURITIES PRIVATE LIMITED,2026-04-27 13:57:15.480827,NRN Infrastructure and Development Limited
2026042705010222,NRN,1,57,1,1460.1,1460.1,2026-04-27,188060155,2898,Kumari Securities Private Limited,Aryatara Investment & Securities,2026-04-27 13:57:48.723704,NRN Infrastructure and Development Limited
2026042705010345,NRN,40,54,1,1463.0,1463.0,2026-04-27,188061215,2898,Creative Securities Pvt Ltd,Sewa Securities Pvt. Ltd.,2026-04-27 13:59:50.144136,NRN Infrastructure and Development Limited
2026042705010347,NRN,7,34,15,1488.3,22324.5,2026-04-27,188061245,2898,J.F. Securites (PVT) Ltd.,Vision Securities Pvt. Ltd,2026-04-27 13:59:54.667508,NRN Infrastructure and Development Limited
2026042705010356,NRN,29,99,10,1489.9,14899.0,2026-04-27,188061486,2898,Trisul Securities & Invt. Ltd.,Prabhu Stock Market Limited,2026-04-27 14:00:22.171728,NRN Infrastructure and Development Limited
2026042705010447,NRN,56,58,25,1490.0,37250.0,2026-04-27,188062019,2898,Sri Hari Securities Pvt. Ltd.,Naasa Securities Co. Ltd.,2026-04-27 14:01:20.639230,NRN Infrastructure and Development Limited
2026042705010448,NRN,56,63,75,1490.0,111750.0,2026-04-27,188062022,2898,Sri Hari Securities Pvt. Ltd.,Himalayan Brokerage Company Limited,2026-04-27 14:01:20.639820,NRN Infrastructure and Development Limited
2026042705010572,NRN,69,35,1,1462.1,1462.1,2026-04-27,188063033,2898,INDEX SECURITIES LIMITED,Kohinoor Investment & Securities Pvt. Ltd.,2026-04-27 14:03:36.525493,NRN Infrastructure and Development Limited
2026042705010689,NRN,40,17,1,1462.1,1462.1,2026-04-27,188064161,2898,Creative Securities Pvt Ltd,ABC Securities Private Limited,2026-04-27 14:05:12.957688,NRN Infrastructure and Development Limited
2026042705010800,NRN,75,99,490,1494.9,732501.0,2026-04-27,188065335,2898,N.I.M.B. Stock Markets Limited,Prabhu Stock Market Limited,2026-04-27 14:07:31.834295,NRN Infrastructure and Development Limited
2026042705010801,NRN,75,58,10,1495.0,14950.0,2026-04-27,188065338,2898,N.I.M.B. Stock Markets Limited,Naasa Securities Co. Ltd.,2026-04-27 14:07:31.834382,NRN Infrastructure and Development Limited
2026042705010811,NRN,56,66,106,1489.0,157834.0,2026-04-27,188065439,2898,Sri Hari Securities Pvt. Ltd.,Miyo Securities Pvt Ltd,2026-04-27 14:07:45.740046,NRN Infrastructure and Development Limited
2026042705010814,NRN,75,58,150,1495.0,224250.0,2026-04-27,188065456,2898,N.I.M.B. Stock Markets Limited,Naasa Securities Co. Ltd.,2026-04-27 14:07:47.088461,NRN Infrastructure and Development Limited
2026042705010847,NRN,75,50,30,1494.0,44820.0,2026-04-27,188065648,2898,N.I.M.B. Stock Markets Limited,Cristal Kanchanjanga Securites Pvt. Ltd.,2026-04-27 14:08:05.182955,NRN Infrastructure and Development Limited
2026042705010856,NRN,88,58,500,1490.0,745000.0,2026-04-27,188065786,2898,Blue Chip Securities Ltd,Naasa Securities Co. Ltd.,2026-04-27 14:08:19.514056,NRN Infrastructure and Development Limited
2026042705010864,NRN,88,58,60,1490.0,89400.0,2026-04-27,188065894,2898,Blue Chip Securities Ltd,Naasa Securities Co. Ltd.,2026-04-27 14:08:33.537215,NRN Infrastructure and Development Limited
2026042705010881,NRN,56,65,200,1489.0,297800.0,2026-04-27,188066095,2898,Sri Hari Securities Pvt. Ltd.,Sharepro Securities Private Limited,2026-04-27 14:08:52.464279,NRN Infrastructure and Development Limited
2026042705010950,NRN,56,66,194,1489.0,288866.0,2026-04-27,188066810,2898,Sri Hari Securities Pvt. Ltd.,Miyo Securities Pvt Ltd,2026-04-27 14:10:11.031961,NRN Infrastructure and Development Limited
2026042705011081,NRN,66,76,1,1444.4,1444.4,2026-04-27,188067539,2898,Miyo Securities Pvt Ltd,Machhapuchchhre Securities Limited,2026-04-27 14:11:24.274754,NRN Infrastructure and Development Limited
2026042705011086,NRN,65,58,200,1490.0,298000.0,2026-04-27,188067620,2898,Sharepro Securities Private Limited,Naasa Securities Co. Ltd.,2026-04-27 14:11:32.659395,NRN Infrastructure and Development Limited
2026042705011258,NRN,38,34,1,1465.0,1465.0,2026-04-27,188069037,2898,Dipshikha Dhitopatra Karobar Co. Pvt Ltd.,Vision Securities Pvt. Ltd,2026-04-27 14:13:33.534808,NRN Infrastructure and Development Limited
2026042705011261,NRN,6,58,10,1490.0,14900.0,2026-04-27,188069062,2898,Agrawal Securities (PVT) Ltd.,Naasa Securities Co. Ltd.,2026-04-27 14:13:37.753804,NRN Infrastructure and Development Limited
2026042705011263,NRN,62,58,10,1490.0,14900.0,2026-04-27,188069132,2898,Capital Max Securities Ltd,Naasa Securities Co. Ltd.,2026-04-27 14:13:41.577694,NRN Infrastructure and Development Limited
2026042705011267,NRN,38,52,1,1465.0,1465.0,2026-04-27,188069145,2898,Dipshikha Dhitopatra Karobar Co. Pvt Ltd.,Sundhara Securities Limited,2026-04-27 14:13:43.151644,NRN Infrastructure and Development Limited
2026042705011363,NRN,16,58,50,1490.0,74500.0,2026-04-27,188069952,2898,Primo Securities (PVT) Ltd.,Naasa Securities Co. Ltd.,2026-04-27 14:15:09.557466,NRN Infrastructure and Development Limited
2026042705011476,NRN,62,66,10,1489.0,14890.0,2026-04-27,188070830,2898,Capital Max Securities Ltd,Miyo Securities Pvt Ltd,2026-04-27 14:16:38.751010,NRN Infrastructure and Development Limited
2026042705011477,NRN,14,66,200,1489.0,297800.0,2026-04-27,188070832,2898,Nepal Stock House (PVT) Ltd.,Miyo Securities Pvt Ltd,2026-04-27 14:16:38.751322,NRN Infrastructure and Development Limited
2026042705011478,NRN,65,66,10,1489.0,14890.0,2026-04-27,188070833,2898,Sharepro Securities Private Limited,Miyo Securities Pvt Ltd,2026-04-27 14:16:38.751438,NRN Infrastructure and Development Limited
2026042705011506,NRN,82,58,200,1490.0,298000.0,2026-04-27,188071142,2898,N.M.B. SECURITIES LIMITED,Naasa Securities Co. Ltd.,2026-04-27 14:17:11.869228,NRN Infrastructure and Development Limited
2026042705011551,NRN,52,58,20,1490.0,29800.0,2026-04-27,188071744,2898,Sundhara Securities Limited,Naasa Securities Co. Ltd.,2026-04-27 14:18:10.517985,NRN Infrastructure and Development Limited
2026042705011561,NRN,39,58,450,1490.0,670500.0,2026-04-27,188071833,2898,Sumeru Securities Pvt. Ltd.,Naasa Securities Co. Ltd.,2026-04-27 14:18:19.381761,NRN Infrastructure and Development Limited
2026042705011562,NRN,39,34,1000,1490.0,1490000.0,2026-04-27,188071835,2898,Sumeru Securities Pvt. Ltd.,Vision Securities Pvt. Ltd,2026-04-27 14:18:19.382348,NRN Infrastructure and Development Limited
2026042705011576,NRN,39,66,106,1490.0,157940.0,2026-04-27,188071923,2898,Sumeru Securities Pvt. Ltd.,Miyo Securities Pvt Ltd,2026-04-27 14:18:28.255187,NRN Infrastructure and Development Limited
2026042705011647,NRN,40,39,1,1475.0,1475.0,2026-04-27,188072925,2898,Creative Securities Pvt Ltd,Sumeru Securities Pvt. Ltd.,2026-04-27 14:20:05.346731,NRN Infrastructure and Development Limited
2026042705011667,NRN,40,32,1,1463.0,1463.0,2026-04-27,188073113,2898,Creative Securities Pvt Ltd,Premier Securities Company Ltd.,2026-04-27 14:20:23.840138,NRN Infrastructure and Development Limited
2026042705011722,NRN,22,34,10,1492.0,14920.0,2026-04-27,188073692,2898,Siprabi Securities Pvt. Ltd.,Vision Securities Pvt. Ltd,2026-04-27 14:21:10.726298,NRN Infrastructure and Development Limited
2026042705011723,NRN,62,34,89,1491.1,132707.9,2026-04-27,188073694,2898,Capital Max Securities Ltd,Vision Securities Pvt. Ltd,2026-04-27 14:21:10.726622,NRN Infrastructure and Development Limited
2026042705011724,NRN,74,34,140,1491.1,208754.0,2026-04-27,188073696,2898,KALASH STOCK MARKET PVT. LTD.,Vision Securities Pvt. Ltd,2026-04-27 14:21:10.726733,NRN Infrastructure and Development Limited
2026042705011725,NRN,101,34,2468,1491.0,3679788.0,2026-04-27,188073697,2898,APPLE SECURITIES PRIVATE LIMITED,Vision Securities Pvt. Ltd,2026-04-27 14:21:10.726838,NRN Infrastructure and Development Limited
2026042705011865,NRN,45,50,50,1494.0,74700.0,2026-04-27,188075164,2898,Imperial Securities Company Pvt. Ltd.,Cristal Kanchanjanga Securites Pvt. Ltd.,2026-04-27 14:23:07.496567,NRN Infrastructure and Development Limited
2026042705011885,NRN,39,58,444,1490.0,661560.0,2026-04-27,188075276,2898,Sumeru Securities Pvt. Ltd.,Naasa Securities Co. Ltd.,2026-04-27 14:23:13.541583,NRN Infrastructure and Development Limited
2026042705011886,NRN,98,58,500,1490.0,745000.0,2026-04-27,188075278,2898,Trademow Securities Private Limited,Naasa Securities Co. Ltd.,2026-04-27 14:23:13.541627,NRN Infrastructure and Development Limited
2026042705011887,NRN,82,58,66,1490.0,98340.0,2026-04-27,188075279,2898,N.M.B. SECURITIES LIMITED,Naasa Securities Co. Ltd.,2026-04-27 14:23:13.541670,NRN Infrastructure and Development Limited
2026042705011888,NRN,38,58,1,1450.0,1450.0,2026-04-27,188075307,2898,Dipshikha Dhitopatra Karobar Co. Pvt Ltd.,Naasa Securities Co. Ltd.,2026-04-27 14:23:13.995999,NRN Infrastructure and Development Limited
2026042705011921,NRN,6,58,20,1492.0,29840.0,2026-04-27,188075703,2898,Agrawal Securities (PVT) Ltd.,Naasa Securities Co. Ltd.,2026-04-27 14:23:46.123855,NRN Infrastructure and Development Limited
2026042705011923,NRN,82,59,21,1490.0,31290.0,2026-04-27,188075716,2898,N.M.B. SECURITIES LIMITED,Deevyaa Securities & Stock House Pvt. Ltd,2026-04-27 14:23:47.496970,NRN Infrastructure and Development Limited
2026042705011924,NRN,86,59,100,1490.0,149000.0,2026-04-27,188075718,2898,Stoxkarts Securities Limited,Deevyaa Securities & Stock House Pvt. Ltd,2026-04-27 14:23:47.497290,NRN Infrastructure and Development Limited
2026042705012089,NRN,52,52,10,1495.0,14950.0,2026-04-27,188076796,2898,Sundhara Securities Limited,Sundhara Securities Limited,2026-04-27 14:24:47.217509,NRN Infrastructure and Development Limited
2026042705012244,NRN,38,53,1,1480.0,1480.0,2026-04-27,188078045,2898,Dipshikha Dhitopatra Karobar Co. Pvt Ltd.,Investment Management Nepal Pvt. Ltd.,2026-04-27 14:26:18.435709,NRN Infrastructure and Development Limited
2026042705012464,NRN,40,13,1,1462.0,1462.0,2026-04-27,188080029,2898,Creative Securities Pvt Ltd,Thrive Brokerage House Pvt. Ltd,2026-04-27 14:28:54.401540,NRN Infrastructure and Development Limited
2026042705012483,NRN,53,45,50,1489.2,74460.0,2026-04-27,188080216,2898,Investment Management Nepal Pvt. Ltd.,Imperial Securities Company Pvt. Ltd.,2026-04-27 14:29:12.676158,NRN Infrastructure and Development Limited
2026042705012484,NRN,62,45,10,1489.2,14892.0,2026-04-27,188080218,2898,Capital Max Securities Ltd,Imperial Securities Company Pvt. Ltd.,2026-04-27 14:29:12.676259,NRN Infrastructure and Development Limited
2026042705012485,NRN,42,45,100,1489.1,148910.0,2026-04-27,188080220,2898,Sani Securities Company Ltd.,Imperial Securities Company Pvt. Ltd.,2026-04-27 14:29:12.676412,NRN Infrastructure and Development Limited
2026042705012486,NRN,65,45,90,1489.0,134010.0,2026-04-27,188080222,2898,Sharepro Securities Private Limited,Imperial Securities Company Pvt. Ltd.,2026-04-27 14:29:12.676484,NRN Infrastructure and Development Limited
2026042705012487,NRN,56,45,140,1489.0,208460.0,2026-04-27,188080223,2898,Sri Hari Securities Pvt. Ltd.,Imperial Securities Company Pvt. Ltd.,2026-04-27 14:29:12.676552,NRN Infrastructure and Development Limited
2026042705012515,NRN,42,3,100,1488.7,148870.0,2026-04-27,188080493,2898,Sani Securities Company Ltd.,Arun Securities (PVT) Ltd.,2026-04-27 14:29:40.269840,NRN Infrastructure and Development Limited
2026042705012564,NRN,47,52,1,1451.0,1451.0,2026-04-27,188080997,2898,Neev Securities Pvt. Ltd.,Sundhara Securities Limited,2026-04-27 14:30:26.565748,NRN Infrastructure and Development Limited
2026042705012573,NRN,86,45,100,1488.7,148870.0,2026-04-27,188081034,2898,Stoxkarts Securities Limited,Imperial Securities Company Pvt. Ltd.,2026-04-27 14:30:31.278391,NRN Infrastructure and Development Limited
2026042705012574,NRN,58,45,50,1488.6,74430.0,2026-04-27,188081036,2898,Naasa Securities Co. Ltd.,Imperial Securities Company Pvt. Ltd.,2026-04-27 14:30:31.278451,NRN Infrastructure and Development Limited
2026042705012575,NRN,42,45,200,1488.6,297720.0,2026-04-27,188081038,2898,Sani Securities Company Ltd.,Imperial Securities Company Pvt. Ltd.,2026-04-27 14:30:31.278482,NRN Infrastructure and Development Limited
2026042705012576,NRN,58,45,37,1488.6,55078.2,2026-04-27,188081039,2898,Naasa Securities Co. Ltd.,Imperial Securities Company Pvt. Ltd.,2026-04-27 14:30:31.278514,NRN Infrastructure and Development Limited
2026042705012714,NRN,38,13,10,1488.5,14885.0,2026-04-27,188082014,2898,Dipshikha Dhitopatra Karobar Co. Pvt Ltd.,Thrive Brokerage House Pvt. Ltd,2026-04-27 14:32:01.452333,NRN Infrastructure and Development Limited
2026042705012715,NRN,7,13,58,1488.3,86321.4,2026-04-27,188082016,2898,J.F. Securites (PVT) Ltd.,Thrive Brokerage House Pvt. Ltd,2026-04-27 14:32:01.452598,NRN Infrastructure and Development Limited
2026042705012716,NRN,1,13,100,1488.3,148830.0,2026-04-27,188082018,2898,Kumari Securities Private Limited,Thrive Brokerage House Pvt. Ltd,2026-04-27 14:32:01.452707,NRN Infrastructure and Development Limited
2026042705012717,NRN,25,13,232,1488.2,345262.4,2026-04-27,188082019,2898,Sweta Securities Private Limited,Thrive Brokerage House Pvt. Ltd,2026-04-27 14:32:01.452925,NRN Infrastructure and Development Limited
2026042705012824,NRN,19,58,2,1490.0,2980.0,2026-04-27,188083233,2898,Nepal Investment And Securities Trading Private Limited,Naasa Securities Co. Ltd.,2026-04-27 14:33:42.523255,NRN Infrastructure and Development Limited
2026042705012846,NRN,78,52,1,1488.0,1488.0,2026-04-27,188083397,2898,Garima Securities Limited,Sundhara Securities Limited,2026-04-27 14:33:56.433292,NRN Infrastructure and Development Limited
2026042705012983,NRN,58,38,30,1490.0,44700.0,2026-04-27,188084657,2898,Naasa Securities Co. Ltd.,Dipshikha Dhitopatra Karobar Co. Pvt Ltd.,2026-04-27 14:35:43.675817,NRN Infrastructure and Development Limited
2026042705012984,NRN,58,32,15,1490.0,22350.0,2026-04-27,188084660,2898,Naasa Securities Co. Ltd.,Premier Securities Company Ltd.,2026-04-27 14:35:43.676348,NRN Infrastructure and Development Limited
2026042705013045,NRN,45,1,11,1489.1,16380.1,2026-04-27,188085155,2898,Imperial Securities Company Pvt. Ltd.,Kumari Securities Private Limited,2026-04-27 14:36:27.355394,NRN Infrastructure and Development Limited
2026042705013056,NRN,14,41,15,1490.0,22350.0,2026-04-27,188085385,2898,Nepal Stock House (PVT) Ltd.,Linch Stock Market Ltd.,2026-04-27 14:36:46.941581,NRN Infrastructure and Development Limited
2026042705013057,NRN,14,3,100,1491.0,149100.0,2026-04-27,188085387,2898,Nepal Stock House (PVT) Ltd.,Arun Securities (PVT) Ltd.,2026-04-27 14:36:46.941853,NRN Infrastructure and Development Limited
2026042705013058,NRN,14,64,185,1492.0,276020.0,2026-04-27,188085390,2898,Nepal Stock House (PVT) Ltd.,SUN SECURITIES PVT LTD,2026-04-27 14:36:46.941960,NRN Infrastructure and Development Limited
2026042705013064,NRN,14,64,200,1492.0,298400.0,2026-04-27,188085584,2898,Nepal Stock House (PVT) Ltd.,SUN SECURITIES PVT LTD,2026-04-27 14:37:01.000981,NRN Infrastructure and Development Limited
2026042705013065,NRN,78,56,1,1488.0,1488.0,2026-04-27,188085591,2898,Garima Securities Limited,Sri Hari Securities Pvt. Ltd.,2026-04-27 14:37:01.839817,NRN Infrastructure and Development Limited
2026042705013161,NRN,34,43,10,1489.0,14890.0,2026-04-27,188086305,2898,Vision Securities Pvt. Ltd,South Asian Bulls Pvt. Ltd.,2026-04-27 14:37:56.417486,NRN Infrastructure and Development Limited
2026042705013187,NRN,87,64,200,1492.0,298400.0,2026-04-27,188086604,2898,S.P.S.A. Securities Limited,SUN SECURITIES PVT LTD,2026-04-27 14:38:24.075803,NRN Infrastructure and Development Limited
2026042705013395,NRN,34,32,18,1489.0,26802.0,2026-04-27,188088649,2898,Vision Securities Pvt. Ltd,Premier Securities Company Ltd.,2026-04-27 14:40:57.500911,NRN Infrastructure and Development Limited
2026042705013479,NRN,38,52,1,1450.0,1450.0,2026-04-27,188089367,2898,Dipshikha Dhitopatra Karobar Co. Pvt Ltd.,Sundhara Securities Limited,2026-04-27 14:41:57.324826,NRN Infrastructure and Development Limited
2026042705013500,NRN,78,51,1,1488.0,1488.0,2026-04-27,188089675,2898,Garima Securities Limited,Oxford Securities Pvt. Ltd.,2026-04-27 14:42:22.448074,NRN Infrastructure and Development Limited
2026042705013512,NRN,58,66,200,1491.0,298200.0,2026-04-27,188089732,2898,Naasa Securities Co. Ltd.,Miyo Securities Pvt Ltd,2026-04-27 14:42:27.685943,NRN Infrastructure and Development Limited
2026042705013513,NRN,45,32,10,1490.0,14900.0,2026-04-27,188089745,2898,Imperial Securities Company Pvt. Ltd.,Premier Securities Company Ltd.,2026-04-27 14:42:28.279440,NRN Infrastructure and Development Limited
2026042705013527,NRN,78,52,1,1488.0,1488.0,2026-04-27,188089877,2898,Garima Securities Limited,Sundhara Securities Limited,2026-04-27 14:42:40.467843,NRN Infrastructure and Development Limited
2026042705013549,NRN,34,32,70,1489.0,104230.0,2026-04-27,188090007,2898,Vision Securities Pvt. Ltd,Premier Securities Company Ltd.,2026-04-27 14:42:51.938305,NRN Infrastructure and Development Limited
2026042705013606,NRN,36,50,77,1490.0,114730.0,2026-04-27,188090331,2898,Secured Securities Ltd.,Cristal Kanchanjanga Securites Pvt. Ltd.,2026-04-27 14:43:10.939556,NRN Infrastructure and Development Limited
2026042705013607,NRN,36,45,10,1490.0,14900.0,2026-04-27,188090333,2898,Secured Securities Ltd.,Imperial Securities Company Pvt. Ltd.,2026-04-27 14:43:10.940067,NRN Infrastructure and Development Limited
2026042705013668,NRN,36,64,15,1490.0,22350.0,2026-04-27,188090855,2898,Secured Securities Ltd.,SUN SECURITIES PVT LTD,2026-04-27 14:43:44.584261,NRN Infrastructure and Development Limited
2026042705013678,NRN,36,54,10,1490.0,14900.0,2026-04-27,188090941,2898,Secured Securities Ltd.,Sewa Securities Pvt. Ltd.,2026-04-27 14:43:52.411355,NRN Infrastructure and Development Limited
2026042705013683,NRN,40,40,1,1463.0,1463.0,2026-04-27,188090957,2898,Creative Securities Pvt Ltd,Creative Securities Pvt Ltd,2026-04-27 14:43:55.172658,NRN Infrastructure and Development Limited
2026042705013693,NRN,36,92,888,1490.0,1323120.0,2026-04-27,188091032,2898,Secured Securities Ltd.,Roadshow securities limited,2026-04-27 14:43:59.663842,NRN Infrastructure and Development Limited
2026042705013695,NRN,42,92,50,1490.0,74500.0,2026-04-27,188091058,2898,Sani Securities Company Ltd.,Roadshow securities limited,2026-04-27 14:44:02.743952,NRN Infrastructure and Development Limited
2026042705013842,NRN,26,92,12,1490.0,17880.0,2026-04-27,188092105,2898,Asian Securities Private Ltd.,Roadshow securities limited,2026-04-27 14:45:18.036875,NRN Infrastructure and Development Limited
2026042705013847,NRN,78,41,1,1488.3,1488.3,2026-04-27,188092155,2898,Garima Securities Limited,Linch Stock Market Ltd.,2026-04-27 14:45:23.185982,NRN Infrastructure and Development Limited
2026042705013884,NRN,78,37,1,1488.3,1488.3,2026-04-27,188092423,2898,Garima Securities Limited,Swarna Laxmi Securities Pvt. Ltd.,2026-04-27 14:45:42.061055,NRN Infrastructure and Development Limited
2026042705013913,NRN,26,46,10,1490.0,14900.0,2026-04-27,188092627,2898,Asian Securities Private Ltd.,Kalika Securities Pvt. Ltd.,2026-04-27 14:46:00.115413,NRN Infrastructure and Development Limited
2026042705013933,NRN,78,7,1,1488.5,1488.5,2026-04-27,188092839,2898,Garima Securities Limited,J.F. Securites (PVT) Ltd.,2026-04-27 14:46:11.227135,NRN Infrastructure and Development Limited
2026042705013963,NRN,40,25,1,1462.2,1462.2,2026-04-27,188093219,2898,Creative Securities Pvt Ltd,Sweta Securities Private Limited,2026-04-27 14:46:32.015877,NRN Infrastructure and Development Limited
2026042705014037,NRN,42,32,70,1490.0,104300.0,2026-04-27,188093936,2898,Sani Securities Company Ltd.,Premier Securities Company Ltd.,2026-04-27 14:47:12.632191,NRN Infrastructure and Development Limited
2026042705014139,NRN,87,96,12,1488.8,17865.6,2026-04-27,188095062,2898,S.P.S.A. Securities Limited,Himalayan Securities Limited,2026-04-27 14:48:17.997562,NRN Infrastructure and Development Limited
2026042705014214,NRN,26,45,20,1488.7,29774.0,2026-04-27,188095632,2898,Asian Securities Private Ltd.,Imperial Securities Company Pvt. Ltd.,2026-04-27 14:48:50.832391,NRN Infrastructure and Development Limited
2026042705014215,NRN,8,45,50,1488.6,74430.0,2026-04-27,188095634,2898,Brilliant Securities Pvt. Ltd.,Imperial Securities Company Pvt. Ltd.,2026-04-27 14:48:50.832493,NRN Infrastructure and Development Limited
2026042705014216,NRN,42,45,50,1488.5,74425.0,2026-04-27,188095636,2898,Sani Securities Company Ltd.,Imperial Securities Company Pvt. Ltd.,2026-04-27 14:48:50.832552,NRN Infrastructure and Development Limited
2026042705014217,NRN,87,45,100,1488.4,148840.0,2026-04-27,188095638,2898,S.P.S.A. Securities Limited,Imperial Securities Company Pvt. Ltd.,2026-04-27 14:48:50.832623,NRN Infrastructure and Development Limited
2026042705014218,NRN,26,45,20,1488.3,29766.0,2026-04-27,188095639,2898,Asian Securities Private Ltd.,Imperial Securities Company Pvt. Ltd.,2026-04-27 14:48:50.832697,NRN Infrastructure and Development Limited
2026042705014233,NRN,25,45,55,1488.2,81851.0,2026-04-27,188095822,2898,Sweta Securities Private Limited,Imperial Securities Company Pvt. Ltd.,2026-04-27 14:49:02.429638,NRN Infrastructure and Development Limited
2026042705014234,NRN,8,45,100,1488.1,148810.0,2026-04-27,188095824,2898,Brilliant Securities Pvt. Ltd.,Imperial Securities Company Pvt. Ltd.,2026-04-27 14:49:02.429700,NRN Infrastructure and Development Limited
2026042705014235,NRN,39,45,50,1488.0,74400.0,2026-04-27,188095826,2898,Sumeru Securities Pvt. Ltd.,Imperial Securities Company Pvt. Ltd.,2026-04-27 14:49:02.429733,NRN Infrastructure and Development Limited
2026042705014236,NRN,4,45,140,1488.0,208320.0,2026-04-27,188095828,2898,Opal Securities Investment (PVT) Ltd.,Imperial Securities Company Pvt. Ltd.,2026-04-27 14:49:02.429759,NRN Infrastructure and Development Limited
2026042705014237,NRN,101,45,20,1488.0,29760.0,2026-04-27,188095830,2898,APPLE SECURITIES PRIVATE LIMITED,Imperial Securities Company Pvt. Ltd.,2026-04-27 14:49:02.429787,NRN Infrastructure and Development Limited
2026042705014238,NRN,22,45,50,1488.0,74400.0,2026-04-27,188095832,2898,Siprabi Securities Pvt. Ltd.,Imperial Securities Company Pvt. Ltd.,2026-04-27 14:49:02.429830,NRN Infrastructure and Development Limited
2026042705014239,NRN,29,45,15,1488.0,22320.0,2026-04-27,188095835,2898,Trisul Securities & Invt. Ltd.,Imperial Securities Company Pvt. Ltd.,2026-04-27 14:49:02.429894,NRN Infrastructure and Development Limited
2026042705014240,NRN,56,45,200,1488.0,297600.0,2026-04-27,188095838,2898,Sri Hari Securities Pvt. Ltd.,Imperial Securities Company Pvt. Ltd.,2026-04-27 14:49:02.429919,NRN Infrastructure and Development Limited
2026042705014241,NRN,47,45,10,1488.0,14880.0,2026-04-27,188095839,2898,Neev Securities Pvt. Ltd.,Imperial Securities Company Pvt. Ltd.,2026-04-27 14:49:02.429941,NRN Infrastructure and Development Limited
2026042705014322,NRN,33,13,20,1488.0,29760.0,2026-04-27,188096458,2898,Dakshinkali Investment & Securities Pvt. Ltd.,Thrive Brokerage House Pvt. Ltd,2026-04-27 14:49:41.192665,NRN Infrastructure and Development Limited
2026042705014417,NRN,62,62,10,1487.8,14878.0,2026-04-27,188097214,2898,Capital Max Securities Ltd,Capital Max Securities Ltd,2026-04-27 14:50:23.923224,NRN Infrastructure and Development Limited
2026042705014418,NRN,8,62,70,1487.7,104139.0,2026-04-27,188097215,2898,Brilliant Securities Pvt. Ltd.,Capital Max Securities Ltd,2026-04-27 14:50:23.923543,NRN Infrastructure and Development Limited
2026042705014419,NRN,8,95,20,1487.7,29754.0,2026-04-27,188097220,2898,Brilliant Securities Pvt. Ltd.,Magnet Securities and Investment Company Private Limited,2026-04-27 14:50:24.214562,NRN Infrastructure and Development Limited
2026042705014420,NRN,8,95,40,1487.2,59488.0,2026-04-27,188097222,2898,Brilliant Securities Pvt. Ltd.,Magnet Securities and Investment Company Private Limited,2026-04-27 14:50:24.214803,NRN Infrastructure and Development Limited
2026042705014421,NRN,39,95,100,1487.0,148700.0,2026-04-27,188097224,2898,Sumeru Securities Pvt. Ltd.,Magnet Securities and Investment Company Private Limited,2026-04-27 14:50:24.214913,NRN Infrastructure and Development Limited
2026042705014422,NRN,56,95,30,1487.0,44610.0,2026-04-27,188097226,2898,Sri Hari Securities Pvt. Ltd.,Magnet Securities and Investment Company Private Limited,2026-04-27 14:50:24.215020,NRN Infrastructure and Development Limited
2026042705014423,NRN,32,95,20,1487.0,29740.0,2026-04-27,188097228,2898,Premier Securities Company Ltd.,Magnet Securities and Investment Company Private Limited,2026-04-27 14:50:24.215123,NRN Infrastructure and Development Limited
2026042705014424,NRN,85,95,220,1487.0,327140.0,2026-04-27,188097229,2898,Capital Hub P. Ltd,Magnet Securities and Investment Company Private Limited,2026-04-27 14:50:24.215225,NRN Infrastructure and Development Limited
2026042705014435,NRN,85,14,40,1487.0,59480.0,2026-04-27,188097401,2898,Capital Hub P. Ltd,Nepal Stock House (PVT) Ltd.,2026-04-27 14:50:35.776643,NRN Infrastructure and Development Limited
2026042705014509,NRN,38,44,1,1465.0,1465.0,2026-04-27,188098239,2898,Dipshikha Dhitopatra Karobar Co. Pvt Ltd.,Dynamic Money Managers Securities Pvt. Ltd.,2026-04-27 14:51:21.647010,NRN Infrastructure and Development Limited
2026042705014672,NRN,42,74,10,1487.9,14879.0,2026-04-27,188099033,2898,Sani Securities Company Ltd.,KALASH STOCK MARKET PVT. LTD.,2026-04-27 14:51:51.027524,NRN Infrastructure and Development Limited
2026042705014962,NRN,74,13,10,1488.0,14880.0,2026-04-27,188100866,2898,KALASH STOCK MARKET PVT. LTD.,Thrive Brokerage House Pvt. Ltd,2026-04-27 14:53:23.899527,NRN Infrastructure and Development Limited
2026042705014986,NRN,42,32,50,1487.9,74395.0,2026-04-27,188101101,2898,Sani Securities Company Ltd.,Premier Securities Company Ltd.,2026-04-27 14:53:35.475195,NRN Infrastructure and Development Limited
2026042705015100,NRN,21,32,13,1487.8,19341.4,2026-04-27,188101995,2898,Midas Stock Broking Company Private Limited,Premier Securities Company Ltd.,2026-04-27 14:54:19.993436,NRN Infrastructure and Development Limited
2026042705015196,NRN,85,83,40,1487.0,59480.0,2026-04-27,188102583,2898,Capital Hub P. Ltd,Sanima Securities Limited,2026-04-27 14:54:45.343401,NRN Infrastructure and Development Limited
2026042705015197,NRN,35,83,20,1487.0,29740.0,2026-04-27,188102585,2898,Kohinoor Investment & Securities Pvt. Ltd.,Sanima Securities Limited,2026-04-27 14:54:45.343442,NRN Infrastructure and Development Limited
2026042705015198,NRN,32,83,10,1487.0,14870.0,2026-04-27,188102587,2898,Premier Securities Company Ltd.,Sanima Securities Limited,2026-04-27 14:54:45.343471,NRN Infrastructure and Development Limited
2026042705015199,NRN,52,83,21,1486.0,31206.0,2026-04-27,188102589,2898,Sundhara Securities Limited,Sanima Securities Limited,2026-04-27 14:54:45.343500,NRN Infrastructure and Development Limited
2026042705015200,NRN,1,83,10,1486.0,14860.0,2026-04-27,188102591,2898,Kumari Securities Private Limited,Sanima Securities Limited,2026-04-27 14:54:45.343527,NRN Infrastructure and Development Limited
2026042705015201,NRN,22,83,50,1485.3,74265.0,2026-04-27,188102593,2898,Siprabi Securities Pvt. Ltd.,Sanima Securities Limited,2026-04-27 14:54:45.343569,NRN Infrastructure and Development Limited
2026042705015202,NRN,7,83,200,1485.2,297040.0,2026-04-27,188102595,2898,J.F. Securites (PVT) Ltd.,Sanima Securities Limited,2026-04-27 14:54:45.343595,NRN Infrastructure and Development Limited
2026042705015203,NRN,26,83,20,1485.1,29702.0,2026-04-27,188102597,2898,Asian Securities Private Ltd.,Sanima Securities Limited,2026-04-27 14:54:45.343624,NRN Infrastructure and Development Limited
2026042705015204,NRN,8,83,100,1485.1,148510.0,2026-04-27,188102599,2898,Brilliant Securities Pvt. Ltd.,Sanima Securities Limited,2026-04-27 14:54:45.343651,NRN Infrastructure and Development Limited
2026042705015205,NRN,4,83,50,1485.0,74250.0,2026-04-27,188102601,2898,Opal Securities Investment (PVT) Ltd.,Sanima Securities Limited,2026-04-27 14:54:45.343674,NRN Infrastructure and Development Limited
2026042705015206,NRN,101,83,20,1485.0,29700.0,2026-04-27,188102603,2898,APPLE SECURITIES PRIVATE LIMITED,Sanima Securities Limited,2026-04-27 14:54:45.343702,NRN Infrastructure and Development Limited
2026042705015207,NRN,22,83,75,1485.0,111375.0,2026-04-27,188102605,2898,Siprabi Securities Pvt. Ltd.,Sanima Securities Limited,2026-04-27 14:54:45.343729,NRN Infrastructure and Development Limited
2026042705015208,NRN,48,83,100,1485.0,148500.0,2026-04-27,188102607,2898,Trishakti Securities Public Limited,Sanima Securities Limited,2026-04-27 14:54:45.343752,NRN Infrastructure and Development Limited
2026042705015209,NRN,88,83,100,1485.0,148500.0,2026-04-27,188102609,2898,Blue Chip Securities Ltd,Sanima Securities Limited,2026-04-27 14:54:45.343780,NRN Infrastructure and Development Limited
