contractId,stockSymbol,buyerMemberId,sellerMemberId,quantity,rate,amount,businessDate,tradeBookId,stockId,buyerBrokerName,sellerBrokerName,transaction_time,securityName
2026042703000120,RLFL,25,38,82,431.0,35342.0,2026-04-27,187957753,587,Sweta Securities Private Limited,Dipshikha Dhitopatra Karobar Co. Pvt Ltd.,2026-04-27 11:06:10.909989,Reliance Finance Ltd.
2026042703000276,RLFL,45,57,10,432.0,4320.0,2026-04-27,187964921,587,Imperial Securities Company Pvt. Ltd.,Aryatara Investment & Securities,2026-04-27 11:13:44.301368,Reliance Finance Ltd.
2026042703000601,RLFL,58,62,105,437.0,45885.0,2026-04-27,187973826,587,Naasa Securities Co. Ltd.,Capital Max Securities Ltd,2026-04-27 11:24:19.145217,Reliance Finance Ltd.
2026042703000762,RLFL,45,62,20,437.0,8740.0,2026-04-27,187978710,587,Imperial Securities Company Pvt. Ltd.,Capital Max Securities Ltd,2026-04-27 11:30:35.356330,Reliance Finance Ltd.
2026042703001338,RLFL,4,14,350,434.0,151900.0,2026-04-27,187992903,587,Opal Securities Investment (PVT) Ltd.,Nepal Stock House (PVT) Ltd.,2026-04-27 11:51:29.112431,Reliance Finance Ltd.
2026042703001412,RLFL,6,57,10,436.0,4360.0,2026-04-27,187995471,587,Agrawal Securities (PVT) Ltd.,Aryatara Investment & Securities,2026-04-27 11:54:49.622581,Reliance Finance Ltd.
2026042703001413,RLFL,6,62,75,437.0,32775.0,2026-04-27,187995473,587,Agrawal Securities (PVT) Ltd.,Capital Max Securities Ltd,2026-04-27 11:54:49.622777,Reliance Finance Ltd.
2026042703001414,RLFL,6,57,15,438.0,6570.0,2026-04-27,187995476,587,Agrawal Securities (PVT) Ltd.,Aryatara Investment & Securities,2026-04-27 11:54:49.622896,Reliance Finance Ltd.
2026042703001587,RLFL,74,57,35,438.0,15330.0,2026-04-27,187999773,587,KALASH STOCK MARKET PVT. LTD.,Aryatara Investment & Securities,2026-04-27 12:02:27.394174,Reliance Finance Ltd.
2026042703001588,RLFL,74,62,45,440.0,19800.0,2026-04-27,187999776,587,KALASH STOCK MARKET PVT. LTD.,Capital Max Securities Ltd,2026-04-27 12:02:27.394348,Reliance Finance Ltd.
2026042703001705,RLFL,58,13,10,439.9,4399.0,2026-04-27,188003246,587,Naasa Securities Co. Ltd.,Thrive Brokerage House Pvt. Ltd,2026-04-27 12:09:20.822218,Reliance Finance Ltd.
2026042703001866,RLFL,58,13,15,439.9,6598.5,2026-04-27,188007464,587,Naasa Securities Co. Ltd.,Thrive Brokerage House Pvt. Ltd,2026-04-27 12:17:29.031498,Reliance Finance Ltd.
2026042703001995,RLFL,58,13,15,439.9,6598.5,2026-04-27,188010906,587,Naasa Securities Co. Ltd.,Thrive Brokerage House Pvt. Ltd,2026-04-27 12:23:42.542909,Reliance Finance Ltd.
2026042703002047,RLFL,29,19,3,430.0,1290.0,2026-04-27,188011891,587,Trisul Securities & Invt. Ltd.,Nepal Investment And Securities Trading Private Limited,2026-04-27 12:25:45.271517,Reliance Finance Ltd.
2026042703002097,RLFL,7,13,40,439.9,17596.0,2026-04-27,188013035,587,J.F. Securites (PVT) Ltd.,Thrive Brokerage House Pvt. Ltd,2026-04-27 12:28:01.146997,Reliance Finance Ltd.
2026042703002098,RLFL,7,62,155,440.0,68200.0,2026-04-27,188013037,587,J.F. Securites (PVT) Ltd.,Capital Max Securities Ltd,2026-04-27 12:28:01.147070,Reliance Finance Ltd.
2026042703002099,RLFL,7,57,100,440.0,44000.0,2026-04-27,188013039,587,J.F. Securites (PVT) Ltd.,Aryatara Investment & Securities,2026-04-27 12:28:01.147108,Reliance Finance Ltd.
2026042703002100,RLFL,7,72,205,441.0,90405.0,2026-04-27,188013042,587,J.F. Securites (PVT) Ltd.,Hatemalo Financial Services Private Limited,2026-04-27 12:28:01.147130,Reliance Finance Ltd.
2026042703002217,RLFL,58,62,98,440.0,43120.0,2026-04-27,188016554,587,Naasa Securities Co. Ltd.,Capital Max Securities Ltd,2026-04-27 12:35:30.763143,Reliance Finance Ltd.
2026042703002294,RLFL,58,62,35,440.0,15400.0,2026-04-27,188017660,587,Naasa Securities Co. Ltd.,Capital Max Securities Ltd,2026-04-27 12:37:51.632008,Reliance Finance Ltd.
2026042703002626,RLFL,57,62,67,440.0,29480.0,2026-04-27,188023167,587,Aryatara Investment & Securities,Capital Max Securities Ltd,2026-04-27 12:48:35.555778,Reliance Finance Ltd.
2026042703002627,RLFL,57,14,50,440.0,22000.0,2026-04-27,188023169,587,Aryatara Investment & Securities,Nepal Stock House (PVT) Ltd.,2026-04-27 12:48:35.555987,Reliance Finance Ltd.
2026042703002628,RLFL,57,94,73,440.0,32120.0,2026-04-27,188023171,587,Aryatara Investment & Securities,K.B.L. Securities Limited ,2026-04-27 12:48:35.556135,Reliance Finance Ltd.
2026042703002643,RLFL,57,14,37,440.0,16280.0,2026-04-27,188023423,587,Aryatara Investment & Securities,Nepal Stock House (PVT) Ltd.,2026-04-27 12:49:10.838983,Reliance Finance Ltd.
2026042703002772,RLFL,26,94,10,440.0,4400.0,2026-04-27,188025423,587,Asian Securities Private Ltd.,K.B.L. Securities Limited ,2026-04-27 12:53:49.405404,Reliance Finance Ltd.
2026042703002791,RLFL,26,28,25,440.0,11000.0,2026-04-27,188025776,587,Asian Securities Private Ltd.,Shree Krishna Securities Ltd.,2026-04-27 12:54:30.772031,Reliance Finance Ltd.
2026042703002924,RLFL,57,28,75,440.0,33000.0,2026-04-27,188027266,587,Aryatara Investment & Securities,Shree Krishna Securities Ltd.,2026-04-27 12:57:31.987198,Reliance Finance Ltd.
2026042703002952,RLFL,39,52,500,439.0,219500.0,2026-04-27,188027522,587,Sumeru Securities Pvt. Ltd.,Sundhara Securities Limited,2026-04-27 12:58:11.113481,Reliance Finance Ltd.
2026042703002953,RLFL,51,52,10,439.0,4390.0,2026-04-27,188027523,587,Oxford Securities Pvt. Ltd.,Sundhara Securities Limited,2026-04-27 12:58:11.113680,Reliance Finance Ltd.
2026042703003581,RLFL,57,57,50,440.0,22000.0,2026-04-27,188037582,587,Aryatara Investment & Securities,Aryatara Investment & Securities,2026-04-27 13:17:54.918040,Reliance Finance Ltd.
2026042703003596,RLFL,58,72,10,441.0,4410.0,2026-04-27,188037992,587,Naasa Securities Co. Ltd.,Hatemalo Financial Services Private Limited,2026-04-27 13:18:53.709131,Reliance Finance Ltd.
2026042703003816,RLFL,42,72,10,441.0,4410.0,2026-04-27,188044004,587,Sani Securities Company Ltd.,Hatemalo Financial Services Private Limited,2026-04-27 13:27:58.692586,Reliance Finance Ltd.
2026042703003990,RLFL,58,72,10,441.0,4410.0,2026-04-27,188047304,587,Naasa Securities Co. Ltd.,Hatemalo Financial Services Private Limited,2026-04-27 13:33:57.928508,Reliance Finance Ltd.
2026042703004094,RLFL,52,72,13,441.0,5733.0,2026-04-27,188049956,587,Sundhara Securities Limited,Hatemalo Financial Services Private Limited,2026-04-27 13:38:49.353091,Reliance Finance Ltd.
2026042703004422,RLFL,34,41,15,438.0,6570.0,2026-04-27,188055803,587,Vision Securities Pvt. Ltd,Linch Stock Market Ltd.,2026-04-27 13:49:14.969362,Reliance Finance Ltd.
2026042703004599,RLFL,45,57,20,440.0,8800.0,2026-04-27,188059317,587,Imperial Securities Company Pvt. Ltd.,Aryatara Investment & Securities,2026-04-27 13:55:50.745632,Reliance Finance Ltd.
2026042703004972,RLFL,45,49,10,440.0,4400.0,2026-04-27,188066296,587,Imperial Securities Company Pvt. Ltd.,Online Securities Pvt. Ltd.,2026-04-27 14:09:15.664447,Reliance Finance Ltd.
2026042703005287,RLFL,34,49,35,438.0,15330.0,2026-04-27,188072418,587,Vision Securities Pvt. Ltd,Online Securities Pvt. Ltd.,2026-04-27 14:19:15.370256,Reliance Finance Ltd.
2026042703005583,RLFL,41,49,455,438.0,199290.0,2026-04-27,188078043,587,Linch Stock Market Ltd.,Online Securities Pvt. Ltd.,2026-04-27 14:26:17.961102,Reliance Finance Ltd.
2026042703005779,RLFL,41,72,160,438.0,70080.0,2026-04-27,188081814,587,Linch Stock Market Ltd.,Hatemalo Financial Services Private Limited,2026-04-27 14:31:41.655726,Reliance Finance Ltd.
2026042703005895,RLFL,58,72,10,438.0,4380.0,2026-04-27,188084156,587,Naasa Securities Co. Ltd.,Hatemalo Financial Services Private Limited,2026-04-27 14:34:56.668450,Reliance Finance Ltd.
2026042703006161,RLFL,58,62,40,437.0,17480.0,2026-04-27,188090054,587,Naasa Securities Co. Ltd.,Capital Max Securities Ltd,2026-04-27 14:42:55.845170,Reliance Finance Ltd.
2026042703006162,RLFL,89,62,10,437.0,4370.0,2026-04-27,188090056,587,Global IME Securities Limited,Capital Max Securities Ltd,2026-04-27 14:42:55.845286,Reliance Finance Ltd.
2026042703006163,RLFL,34,62,10,437.0,4370.0,2026-04-27,188090058,587,Vision Securities Pvt. Ltd,Capital Max Securities Ltd,2026-04-27 14:42:55.845335,Reliance Finance Ltd.
2026042703006164,RLFL,42,62,20,437.0,8740.0,2026-04-27,188090060,587,Sani Securities Company Ltd.,Capital Max Securities Ltd,2026-04-27 14:42:55.845385,Reliance Finance Ltd.
2026042703006183,RLFL,57,62,20,437.0,8740.0,2026-04-27,188090566,587,Aryatara Investment & Securities,Capital Max Securities Ltd,2026-04-27 14:43:27.750365,Reliance Finance Ltd.
2026042703006229,RLFL,58,49,100,436.0,43600.0,2026-04-27,188091519,587,Naasa Securities Co. Ltd.,Online Securities Pvt. Ltd.,2026-04-27 14:44:31.702422,Reliance Finance Ltd.
2026042703006480,RLFL,29,45,70,435.0,30450.0,2026-04-27,188095914,587,Trisul Securities & Invt. Ltd.,Imperial Securities Company Pvt. Ltd.,2026-04-27 14:49:07.066998,Reliance Finance Ltd.
2026042703006481,RLFL,58,45,15,435.0,6525.0,2026-04-27,188095916,587,Naasa Securities Co. Ltd.,Imperial Securities Company Pvt. Ltd.,2026-04-27 14:49:07.067219,Reliance Finance Ltd.
2026042703006482,RLFL,37,45,15,435.0,6525.0,2026-04-27,188095918,587,Swarna Laxmi Securities Pvt. Ltd.,Imperial Securities Company Pvt. Ltd.,2026-04-27 14:49:07.067356,Reliance Finance Ltd.
2026042703006483,RLFL,14,45,100,433.1,43310.0,2026-04-27,188095920,587,Nepal Stock House (PVT) Ltd.,Imperial Securities Company Pvt. Ltd.,2026-04-27 14:49:07.067500,Reliance Finance Ltd.
2026042703006484,RLFL,41,45,30,432.0,12960.0,2026-04-27,188095922,587,Linch Stock Market Ltd.,Imperial Securities Company Pvt. Ltd.,2026-04-27 14:49:07.067629,Reliance Finance Ltd.
2026042703006485,RLFL,41,45,10,432.0,4320.0,2026-04-27,188095924,587,Linch Stock Market Ltd.,Imperial Securities Company Pvt. Ltd.,2026-04-27 14:49:07.067751,Reliance Finance Ltd.
2026042703006486,RLFL,57,45,115,431.1,49576.5,2026-04-27,188095926,587,Aryatara Investment & Securities,Imperial Securities Company Pvt. Ltd.,2026-04-27 14:49:07.067873,Reliance Finance Ltd.
2026042703006487,RLFL,25,45,18,431.0,7758.0,2026-04-27,188095928,587,Sweta Securities Private Limited,Imperial Securities Company Pvt. Ltd.,2026-04-27 14:49:07.068007,Reliance Finance Ltd.
2026042703006488,RLFL,39,45,147,431.0,63357.0,2026-04-27,188095929,587,Sumeru Securities Pvt. Ltd.,Imperial Securities Company Pvt. Ltd.,2026-04-27 14:49:07.068155,Reliance Finance Ltd.
2026042703006656,RLFL,34,14,50,431.1,21555.0,2026-04-27,188098751,587,Vision Securities Pvt. Ltd,Nepal Stock House (PVT) Ltd.,2026-04-27 14:51:37.701248,Reliance Finance Ltd.
2026042703006712,RLFL,39,57,353,431.0,152143.0,2026-04-27,188100086,587,Sumeru Securities Pvt. Ltd.,Aryatara Investment & Securities,2026-04-27 14:52:48.077987,Reliance Finance Ltd.
2026042703006713,RLFL,39,57,500,431.0,215500.0,2026-04-27,188100088,587,Sumeru Securities Pvt. Ltd.,Aryatara Investment & Securities,2026-04-27 14:52:48.078037,Reliance Finance Ltd.
2026042703006714,RLFL,49,57,90,431.0,38790.0,2026-04-27,188100090,587,Online Securities Pvt. Ltd.,Aryatara Investment & Securities,2026-04-27 14:52:48.078065,Reliance Finance Ltd.
2026042703006715,RLFL,57,57,200,431.0,86200.0,2026-04-27,188100092,587,Aryatara Investment & Securities,Aryatara Investment & Securities,2026-04-27 14:52:48.078090,Reliance Finance Ltd.
2026042703006716,RLFL,22,57,800,431.0,344800.0,2026-04-27,188100094,587,Siprabi Securities Pvt. Ltd.,Aryatara Investment & Securities,2026-04-27 14:52:48.078113,Reliance Finance Ltd.
2026042703006717,RLFL,45,57,25,431.0,10775.0,2026-04-27,188100096,587,Imperial Securities Company Pvt. Ltd.,Aryatara Investment & Securities,2026-04-27 14:52:48.078138,Reliance Finance Ltd.
2026042703006718,RLFL,56,57,100,430.1,43010.0,2026-04-27,188100098,587,Sri Hari Securities Pvt. Ltd.,Aryatara Investment & Securities,2026-04-27 14:52:48.078163,Reliance Finance Ltd.
2026042703006719,RLFL,34,57,1000,430.0,430000.0,2026-04-27,188100100,587,Vision Securities Pvt. Ltd,Aryatara Investment & Securities,2026-04-27 14:52:48.078189,Reliance Finance Ltd.
2026042703006720,RLFL,34,57,50,430.0,21500.0,2026-04-27,188100102,587,Vision Securities Pvt. Ltd,Aryatara Investment & Securities,2026-04-27 14:52:48.078214,Reliance Finance Ltd.
2026042703006721,RLFL,50,57,43,430.0,18490.0,2026-04-27,188100104,587,Cristal Kanchanjanga Securites Pvt. Ltd.,Aryatara Investment & Securities,2026-04-27 14:52:48.078244,Reliance Finance Ltd.
2026042703006722,RLFL,5,57,200,430.0,86000.0,2026-04-27,188100106,587,Market Securities & Exchange (PVT) Ltd.,Aryatara Investment & Securities,2026-04-27 14:52:48.078264,Reliance Finance Ltd.
2026042703006723,RLFL,42,57,20,430.0,8600.0,2026-04-27,188100108,587,Sani Securities Company Ltd.,Aryatara Investment & Securities,2026-04-27 14:52:48.078285,Reliance Finance Ltd.
2026042703006724,RLFL,34,57,419,430.0,180170.0,2026-04-27,188100109,587,Vision Securities Pvt. Ltd,Aryatara Investment & Securities,2026-04-27 14:52:48.078310,Reliance Finance Ltd.
2026042703006874,RLFL,29,22,50,430.1,21505.0,2026-04-27,188103923,587,Trisul Securities & Invt. Ltd.,Siprabi Securities Pvt. Ltd.,2026-04-27 14:55:45.384557,Reliance Finance Ltd.
2026042703006889,RLFL,29,45,1,420.0,420.0,2026-04-27,188104297,587,Trisul Securities & Invt. Ltd.,Imperial Securities Company Pvt. Ltd.,2026-04-27 14:55:59.371162,Reliance Finance Ltd.
2026042703007114,RLFL,29,72,50,430.1,21505.0,2026-04-27,188109338,587,Trisul Securities & Invt. Ltd.,Hatemalo Financial Services Private Limited,2026-04-27 14:58:36.662628,Reliance Finance Ltd.
2026042703007115,RLFL,45,72,25,430.1,10752.5,2026-04-27,188109340,587,Imperial Securities Company Pvt. Ltd.,Hatemalo Financial Services Private Limited,2026-04-27 14:58:36.662725,Reliance Finance Ltd.
2026042703007116,RLFL,51,72,15,430.1,6451.5,2026-04-27,188109342,587,Oxford Securities Pvt. Ltd.,Hatemalo Financial Services Private Limited,2026-04-27 14:58:36.662783,Reliance Finance Ltd.
2026042703007117,RLFL,34,72,81,430.0,34830.0,2026-04-27,188109344,587,Vision Securities Pvt. Ltd,Hatemalo Financial Services Private Limited,2026-04-27 14:58:36.662830,Reliance Finance Ltd.
2026042703007118,RLFL,45,72,25,430.0,10750.0,2026-04-27,188109346,587,Imperial Securities Company Pvt. Ltd.,Hatemalo Financial Services Private Limited,2026-04-27 14:58:36.662875,Reliance Finance Ltd.
2026042703007119,RLFL,42,72,100,430.0,43000.0,2026-04-27,188109348,587,Sani Securities Company Ltd.,Hatemalo Financial Services Private Limited,2026-04-27 14:58:36.662920,Reliance Finance Ltd.
2026042703007120,RLFL,45,72,25,430.0,10750.0,2026-04-27,188109350,587,Imperial Securities Company Pvt. Ltd.,Hatemalo Financial Services Private Limited,2026-04-27 14:58:36.662963,Reliance Finance Ltd.
2026042703007173,RLFL,56,72,205,430.0,88150.0,2026-04-27,188110642,587,Sri Hari Securities Pvt. Ltd.,Hatemalo Financial Services Private Limited,2026-04-27 14:59:08.872489,Reliance Finance Ltd.
2026042703007256,RLFL,29,5,2,417.1,834.2,2026-04-27,188111517,587,Trisul Securities & Invt. Ltd.,Market Securities & Exchange (PVT) Ltd.,2026-04-27 14:59:25.040784,Reliance Finance Ltd.
2026042703007329,RLFL,49,72,50,430.0,21500.0,2026-04-27,188113472,587,Online Securities Pvt. Ltd.,Hatemalo Financial Services Private Limited,2026-04-27 14:59:48.919288,Reliance Finance Ltd.
2026042703007628,RLFL,52,8,50,430.0,21500.0,2026-04-27,188115068,587,Sundhara Securities Limited,Brilliant Securities Pvt. Ltd.,2026-04-27 14:59:59.358728,Reliance Finance Ltd.
2026042703007629,RLFL,52,45,50,434.0,21700.0,2026-04-27,188115072,587,Sundhara Securities Limited,Imperial Securities Company Pvt. Ltd.,2026-04-27 14:59:59.358839,Reliance Finance Ltd.
2026042703007630,RLFL,52,14,12,435.0,5220.0,2026-04-27,188115076,587,Sundhara Securities Limited,Nepal Stock House (PVT) Ltd.,2026-04-27 14:59:59.358888,Reliance Finance Ltd.
2026042703007631,RLFL,52,42,15,436.0,6540.0,2026-04-27,188115080,587,Sundhara Securities Limited,Sani Securities Company Ltd.,2026-04-27 14:59:59.358930,Reliance Finance Ltd.
2026042703007632,RLFL,52,45,23,437.0,10051.0,2026-04-27,188115087,587,Sundhara Securities Limited,Imperial Securities Company Pvt. Ltd.,2026-04-27 14:59:59.358972,Reliance Finance Ltd.
