contractId,stockSymbol,buyerMemberId,sellerMemberId,quantity,rate,amount,businessDate,tradeBookId,stockId,buyerBrokerName,sellerBrokerName,transaction_time,securityName
2026042703000034,SAPDBL,62,6,10,795.0,7950.0,2026-04-27,187953786,2860,Capital Max Securities Ltd,Agrawal Securities (PVT) Ltd.,2026-04-27 11:00:32.502626,Saptakoshi Development Bank Ltd
2026042703000035,SAPDBL,58,6,190,795.0,151050.0,2026-04-27,187953787,2860,Naasa Securities Co. Ltd.,Agrawal Securities (PVT) Ltd.,2026-04-27 11:00:32.502711,Saptakoshi Development Bank Ltd
2026042703000049,SAPDBL,14,50,42,810.0,34020.0,2026-04-27,187954564,2860,Nepal Stock House (PVT) Ltd.,Cristal Kanchanjanga Securites Pvt. Ltd.,2026-04-27 11:01:38.037205,Saptakoshi Development Bank Ltd
2026042703000060,SAPDBL,17,50,40,810.0,32400.0,2026-04-27,187954968,2860,ABC Securities Private Limited,Cristal Kanchanjanga Securites Pvt. Ltd.,2026-04-27 11:02:10.229158,Saptakoshi Development Bank Ltd
2026042703000063,SAPDBL,28,87,10,800.0,8000.0,2026-04-27,187955005,2860,Shree Krishna Securities Ltd.,S.P.S.A. Securities Limited,2026-04-27 11:02:14.581836,Saptakoshi Development Bank Ltd
2026042703000075,SAPDBL,28,58,20,800.0,16000.0,2026-04-27,187955564,2860,Shree Krishna Securities Ltd.,Naasa Securities Co. Ltd.,2026-04-27 11:03:08.066386,Saptakoshi Development Bank Ltd
2026042703000076,SAPDBL,34,58,10,800.0,8000.0,2026-04-27,187955566,2860,Vision Securities Pvt. Ltd,Naasa Securities Co. Ltd.,2026-04-27 11:03:08.066530,Saptakoshi Development Bank Ltd
2026042703000077,SAPDBL,34,58,50,800.0,40000.0,2026-04-27,187955568,2860,Vision Securities Pvt. Ltd,Naasa Securities Co. Ltd.,2026-04-27 11:03:08.066626,Saptakoshi Development Bank Ltd
2026042703000079,SAPDBL,58,58,20,800.0,16000.0,2026-04-27,187955583,2860,Naasa Securities Co. Ltd.,Naasa Securities Co. Ltd.,2026-04-27 11:03:08.870187,Saptakoshi Development Bank Ltd
2026042703000089,SAPDBL,57,34,300,800.0,240000.0,2026-04-27,187956394,2860,Aryatara Investment & Securities,Vision Securities Pvt. Ltd,2026-04-27 11:04:14.203302,Saptakoshi Development Bank Ltd
2026042703000090,SAPDBL,58,34,40,797.0,31880.0,2026-04-27,187956396,2860,Naasa Securities Co. Ltd.,Vision Securities Pvt. Ltd,2026-04-27 11:04:14.203473,Saptakoshi Development Bank Ltd
2026042703000091,SAPDBL,47,34,100,796.3,79630.0,2026-04-27,187956398,2860,Neev Securities Pvt. Ltd.,Vision Securities Pvt. Ltd,2026-04-27 11:04:14.203579,Saptakoshi Development Bank Ltd
2026042703000092,SAPDBL,32,34,50,796.2,39810.0,2026-04-27,187956400,2860,Premier Securities Company Ltd.,Vision Securities Pvt. Ltd,2026-04-27 11:04:14.203681,Saptakoshi Development Bank Ltd
2026042703000093,SAPDBL,6,34,50,796.2,39810.0,2026-04-27,187956402,2860,Agrawal Securities (PVT) Ltd.,Vision Securities Pvt. Ltd,2026-04-27 11:04:14.203777,Saptakoshi Development Bank Ltd
2026042703000094,SAPDBL,34,34,10,796.0,7960.0,2026-04-27,187956404,2860,Vision Securities Pvt. Ltd,Vision Securities Pvt. Ltd,2026-04-27 11:04:14.203878,Saptakoshi Development Bank Ltd
2026042703000095,SAPDBL,59,34,500,796.0,398000.0,2026-04-27,187956406,2860,Deevyaa Securities & Stock House Pvt. Ltd,Vision Securities Pvt. Ltd,2026-04-27 11:04:14.203969,Saptakoshi Development Bank Ltd
2026042703000096,SAPDBL,74,34,450,795.1,357795.0,2026-04-27,187956407,2860,KALASH STOCK MARKET PVT. LTD.,Vision Securities Pvt. Ltd,2026-04-27 11:04:14.204094,Saptakoshi Development Bank Ltd
2026042703000197,SAPDBL,57,50,60,804.8,48288.0,2026-04-27,187962242,2860,Aryatara Investment & Securities,Cristal Kanchanjanga Securites Pvt. Ltd.,2026-04-27 11:10:38.228867,Saptakoshi Development Bank Ltd
2026042703000198,SAPDBL,45,87,10,800.0,8000.0,2026-04-27,187962353,2860,Imperial Securities Company Pvt. Ltd.,S.P.S.A. Securities Limited,2026-04-27 11:10:44.515692,Saptakoshi Development Bank Ltd
2026042703000201,SAPDBL,45,58,40,800.0,32000.0,2026-04-27,187962536,2860,Imperial Securities Company Pvt. Ltd.,Naasa Securities Co. Ltd.,2026-04-27 11:10:56.447897,Saptakoshi Development Bank Ltd
2026042703000202,SAPDBL,34,58,10,800.0,8000.0,2026-04-27,187962538,2860,Vision Securities Pvt. Ltd,Naasa Securities Co. Ltd.,2026-04-27 11:10:56.448118,Saptakoshi Development Bank Ltd
2026042703000203,SAPDBL,58,58,10,800.0,8000.0,2026-04-27,187962539,2860,Naasa Securities Co. Ltd.,Naasa Securities Co. Ltd.,2026-04-27 11:10:56.448262,Saptakoshi Development Bank Ltd
2026042703000211,SAPDBL,57,56,50,800.1,40005.0,2026-04-27,187963238,2860,Aryatara Investment & Securities,Sri Hari Securities Pvt. Ltd.,2026-04-27 11:11:40.517697,Saptakoshi Development Bank Ltd
2026042703000212,SAPDBL,58,56,25,800.0,20000.0,2026-04-27,187963239,2860,Naasa Securities Co. Ltd.,Sri Hari Securities Pvt. Ltd.,2026-04-27 11:11:40.517812,Saptakoshi Development Bank Ltd
2026042703000218,SAPDBL,35,50,200,802.9,160580.0,2026-04-27,187963604,2860,Kohinoor Investment & Securities Pvt. Ltd.,Cristal Kanchanjanga Securites Pvt. Ltd.,2026-04-27 11:12:05.538543,Saptakoshi Development Bank Ltd
2026042703000219,SAPDBL,35,50,100,802.9,80290.0,2026-04-27,187963766,2860,Kohinoor Investment & Securities Pvt. Ltd.,Cristal Kanchanjanga Securites Pvt. Ltd.,2026-04-27 11:12:20.057610,Saptakoshi Development Bank Ltd
2026042703000220,SAPDBL,45,56,15,800.0,12000.0,2026-04-27,187963779,2860,Imperial Securities Company Pvt. Ltd.,Sri Hari Securities Pvt. Ltd.,2026-04-27 11:12:20.552528,Saptakoshi Development Bank Ltd
2026042703000234,SAPDBL,58,50,250,802.9,200725.0,2026-04-27,187964186,2860,Naasa Securities Co. Ltd.,Cristal Kanchanjanga Securites Pvt. Ltd.,2026-04-27 11:12:50.081875,Saptakoshi Development Bank Ltd
2026042703000253,SAPDBL,59,50,11,802.9,8831.9,2026-04-27,187964378,2860,Deevyaa Securities & Stock House Pvt. Ltd,Cristal Kanchanjanga Securites Pvt. Ltd.,2026-04-27 11:13:02.357482,Saptakoshi Development Bank Ltd
2026042703000254,SAPDBL,35,50,317,802.9,254519.3,2026-04-27,187964473,2860,Kohinoor Investment & Securities Pvt. Ltd.,Cristal Kanchanjanga Securites Pvt. Ltd.,2026-04-27 11:13:08.725826,Saptakoshi Development Bank Ltd
2026042703000263,SAPDBL,54,14,30,803.0,24090.0,2026-04-27,187964598,2860,Sewa Securities Pvt. Ltd.,Nepal Stock House (PVT) Ltd.,2026-04-27 11:13:19.908005,Saptakoshi Development Bank Ltd
2026042703000270,SAPDBL,89,14,160,803.0,128480.0,2026-04-27,187964652,2860,Global IME Securities Limited,Nepal Stock House (PVT) Ltd.,2026-04-27 11:13:24.955343,Saptakoshi Development Bank Ltd
2026042703000280,SAPDBL,26,14,100,803.0,80300.0,2026-04-27,187965056,2860,Asian Securities Private Ltd.,Nepal Stock House (PVT) Ltd.,2026-04-27 11:13:56.201659,Saptakoshi Development Bank Ltd
2026042703000306,SAPDBL,28,14,95,803.0,76285.0,2026-04-27,187965830,2860,Shree Krishna Securities Ltd.,Nepal Stock House (PVT) Ltd.,2026-04-27 11:14:51.654391,Saptakoshi Development Bank Ltd
2026042703000310,SAPDBL,22,14,240,803.0,192720.0,2026-04-27,187966028,2860,Siprabi Securities Pvt. Ltd.,Nepal Stock House (PVT) Ltd.,2026-04-27 11:15:01.714413,Saptakoshi Development Bank Ltd
2026042703000315,SAPDBL,77,14,20,803.0,16060.0,2026-04-27,187966212,2860,Nabil Stock Dealer Ltd.,Nepal Stock House (PVT) Ltd.,2026-04-27 11:15:13.989545,Saptakoshi Development Bank Ltd
2026042703000331,SAPDBL,91,14,50,803.0,40150.0,2026-04-27,187966838,2860,Citizens Share Broker Limited,Nepal Stock House (PVT) Ltd.,2026-04-27 11:15:59.779205,Saptakoshi Development Bank Ltd
2026042703000339,SAPDBL,35,71,11,802.9,8831.9,2026-04-27,187967207,2860,Kohinoor Investment & Securities Pvt. Ltd.,SHUBHAKAMANA SECURITIES PVT. LTD,2026-04-27 11:16:24.171049,Saptakoshi Development Bank Ltd
2026042703000345,SAPDBL,58,14,100,803.0,80300.0,2026-04-27,187967332,2860,Naasa Securities Co. Ltd.,Nepal Stock House (PVT) Ltd.,2026-04-27 11:16:32.807998,Saptakoshi Development Bank Ltd
2026042703000391,SAPDBL,57,71,21,801.0,16821.0,2026-04-27,187967825,2860,Aryatara Investment & Securities,SHUBHAKAMANA SECURITIES PVT. LTD,2026-04-27 11:17:07.912662,Saptakoshi Development Bank Ltd
2026042703000468,SAPDBL,26,14,100,803.0,80300.0,2026-04-27,187969452,2860,Asian Securities Private Ltd.,Nepal Stock House (PVT) Ltd.,2026-04-27 11:18:54.464973,Saptakoshi Development Bank Ltd
2026042703000470,SAPDBL,57,14,35,803.0,28105.0,2026-04-27,187969526,2860,Aryatara Investment & Securities,Nepal Stock House (PVT) Ltd.,2026-04-27 11:18:59.067834,Saptakoshi Development Bank Ltd
2026042703000488,SAPDBL,39,14,300,803.0,240900.0,2026-04-27,187970362,2860,Sumeru Securities Pvt. Ltd.,Nepal Stock House (PVT) Ltd.,2026-04-27 11:19:51.779346,Saptakoshi Development Bank Ltd
2026042703000508,SAPDBL,57,14,30,803.0,24090.0,2026-04-27,187970888,2860,Aryatara Investment & Securities,Nepal Stock House (PVT) Ltd.,2026-04-27 11:20:31.414489,Saptakoshi Development Bank Ltd
2026042703000511,SAPDBL,58,14,20,803.0,16060.0,2026-04-27,187970972,2860,Naasa Securities Co. Ltd.,Nepal Stock House (PVT) Ltd.,2026-04-27 11:20:38.221543,Saptakoshi Development Bank Ltd
2026042703000514,SAPDBL,59,14,120,803.0,96360.0,2026-04-27,187971041,2860,Deevyaa Securities & Stock House Pvt. Ltd,Nepal Stock House (PVT) Ltd.,2026-04-27 11:20:45.783511,Saptakoshi Development Bank Ltd
2026042703000515,SAPDBL,59,26,50,805.0,40250.0,2026-04-27,187971044,2860,Deevyaa Securities & Stock House Pvt. Ltd,Asian Securities Private Ltd.,2026-04-27 11:20:45.783604,Saptakoshi Development Bank Ltd
2026042703000517,SAPDBL,34,26,30,805.0,24150.0,2026-04-27,187971270,2860,Vision Securities Pvt. Ltd,Asian Securities Private Ltd.,2026-04-27 11:21:04.364267,Saptakoshi Development Bank Ltd
2026042703000521,SAPDBL,46,26,10,805.0,8050.0,2026-04-27,187971334,2860,Kalika Securities Pvt. Ltd.,Asian Securities Private Ltd.,2026-04-27 11:21:09.742760,Saptakoshi Development Bank Ltd
2026042703000528,SAPDBL,45,26,100,805.0,80500.0,2026-04-27,187971570,2860,Imperial Securities Company Pvt. Ltd.,Asian Securities Private Ltd.,2026-04-27 11:21:27.716440,Saptakoshi Development Bank Ltd
2026042703000593,SAPDBL,36,26,10,805.0,8050.0,2026-04-27,187973360,2860,Secured Securities Ltd.,Asian Securities Private Ltd.,2026-04-27 11:23:41.452835,Saptakoshi Development Bank Ltd
2026042703000598,SAPDBL,87,38,10,813.0,8130.0,2026-04-27,187973530,2860,S.P.S.A. Securities Limited,Dipshikha Dhitopatra Karobar Co. Pvt Ltd.,2026-04-27 11:23:55.232812,Saptakoshi Development Bank Ltd
2026042703000599,SAPDBL,81,38,150,813.0,121950.0,2026-04-27,187973666,2860,Aakashbhairab Securities Ltd.,Dipshikha Dhitopatra Karobar Co. Pvt Ltd.,2026-04-27 11:24:06.179070,Saptakoshi Development Bank Ltd
2026042703000644,SAPDBL,35,87,10,806.0,8060.0,2026-04-27,187974749,2860,Kohinoor Investment & Securities Pvt. Ltd.,S.P.S.A. Securities Limited,2026-04-27 11:25:35.208413,Saptakoshi Development Bank Ltd
2026042703000706,SAPDBL,32,56,10,812.9,8129.0,2026-04-27,187977131,2860,Premier Securities Company Ltd.,Sri Hari Securities Pvt. Ltd.,2026-04-27 11:28:33.705271,Saptakoshi Development Bank Ltd
2026042703000707,SAPDBL,32,38,43,813.0,34959.0,2026-04-27,187977133,2860,Premier Securities Company Ltd.,Dipshikha Dhitopatra Karobar Co. Pvt Ltd.,2026-04-27 11:28:33.705440,Saptakoshi Development Bank Ltd
2026042703000708,SAPDBL,32,71,10,816.9,8169.0,2026-04-27,187977135,2860,Premier Securities Company Ltd.,SHUBHAKAMANA SECURITIES PVT. LTD,2026-04-27 11:28:33.705527,Saptakoshi Development Bank Ltd
2026042703000709,SAPDBL,32,17,37,817.5,30247.5,2026-04-27,187977138,2860,Premier Securities Company Ltd.,ABC Securities Private Limited,2026-04-27 11:28:33.705588,Saptakoshi Development Bank Ltd
2026042703000768,SAPDBL,49,71,40,809.1,32364.0,2026-04-27,187978951,2860,Online Securities Pvt. Ltd.,SHUBHAKAMANA SECURITIES PVT. LTD,2026-04-27 11:30:58.657284,Saptakoshi Development Bank Ltd
2026042703000770,SAPDBL,49,71,20,809.1,16182.0,2026-04-27,187979061,2860,Online Securities Pvt. Ltd.,SHUBHAKAMANA SECURITIES PVT. LTD,2026-04-27 11:31:08.397992,Saptakoshi Development Bank Ltd
2026042703000772,SAPDBL,49,57,240,809.1,194184.0,2026-04-27,187979130,2860,Online Securities Pvt. Ltd.,Aryatara Investment & Securities,2026-04-27 11:31:13.288299,Saptakoshi Development Bank Ltd
2026042703000773,SAPDBL,74,57,55,809.1,44500.5,2026-04-27,187979132,2860,KALASH STOCK MARKET PVT. LTD.,Aryatara Investment & Securities,2026-04-27 11:31:13.288507,Saptakoshi Development Bank Ltd
2026042703000774,SAPDBL,35,57,205,809.0,165845.0,2026-04-27,187979133,2860,Kohinoor Investment & Securities Pvt. Ltd.,Aryatara Investment & Securities,2026-04-27 11:31:13.288582,Saptakoshi Development Bank Ltd
2026042703000775,SAPDBL,35,71,20,809.0,16180.0,2026-04-27,187979211,2860,Kohinoor Investment & Securities Pvt. Ltd.,SHUBHAKAMANA SECURITIES PVT. LTD,2026-04-27 11:31:16.715771,Saptakoshi Development Bank Ltd
2026042703000776,SAPDBL,35,71,10,809.0,8090.0,2026-04-27,187979329,2860,Kohinoor Investment & Securities Pvt. Ltd.,SHUBHAKAMANA SECURITIES PVT. LTD,2026-04-27 11:31:25.217479,Saptakoshi Development Bank Ltd
2026042703000851,SAPDBL,42,57,75,813.0,60975.0,2026-04-27,187980986,2860,Sani Securities Company Ltd.,Aryatara Investment & Securities,2026-04-27 11:33:41.499045,Saptakoshi Development Bank Ltd
2026042703000857,SAPDBL,35,19,10,812.9,8129.0,2026-04-27,187981291,2860,Kohinoor Investment & Securities Pvt. Ltd.,Nepal Investment And Securities Trading Private Limited,2026-04-27 11:34:02.420394,Saptakoshi Development Bank Ltd
2026042703000858,SAPDBL,35,57,45,813.0,36585.0,2026-04-27,187981294,2860,Kohinoor Investment & Securities Pvt. Ltd.,Aryatara Investment & Securities,2026-04-27 11:34:02.420716,Saptakoshi Development Bank Ltd
2026042703000872,SAPDBL,57,57,100,808.0,80800.0,2026-04-27,187981574,2860,Aryatara Investment & Securities,Aryatara Investment & Securities,2026-04-27 11:34:27.495724,Saptakoshi Development Bank Ltd
2026042703000873,SAPDBL,58,57,10,806.0,8060.0,2026-04-27,187981576,2860,Naasa Securities Co. Ltd.,Aryatara Investment & Securities,2026-04-27 11:34:27.495822,Saptakoshi Development Bank Ltd
2026042703000874,SAPDBL,38,57,30,805.0,24150.0,2026-04-27,187981578,2860,Dipshikha Dhitopatra Karobar Co. Pvt Ltd.,Aryatara Investment & Securities,2026-04-27 11:34:27.495918,Saptakoshi Development Bank Ltd
2026042703000875,SAPDBL,45,57,905,805.0,728525.0,2026-04-27,187981579,2860,Imperial Securities Company Pvt. Ltd.,Aryatara Investment & Securities,2026-04-27 11:34:27.495990,Saptakoshi Development Bank Ltd
2026042703001155,SAPDBL,6,49,100,807.0,80700.0,2026-04-27,187988356,2860,Agrawal Securities (PVT) Ltd.,Online Securities Pvt. Ltd.,2026-04-27 11:44:13.442638,Saptakoshi Development Bank Ltd
2026042703001156,SAPDBL,6,49,100,806.0,80600.0,2026-04-27,187988358,2860,Agrawal Securities (PVT) Ltd.,Online Securities Pvt. Ltd.,2026-04-27 11:44:13.442872,Saptakoshi Development Bank Ltd
2026042703001157,SAPDBL,45,49,20,805.0,16100.0,2026-04-27,187988360,2860,Imperial Securities Company Pvt. Ltd.,Online Securities Pvt. Ltd.,2026-04-27 11:44:13.442951,Saptakoshi Development Bank Ltd
2026042703001158,SAPDBL,42,49,80,805.0,64400.0,2026-04-27,187988362,2860,Sani Securities Company Ltd.,Online Securities Pvt. Ltd.,2026-04-27 11:44:13.443036,Saptakoshi Development Bank Ltd
2026042703001159,SAPDBL,6,49,100,805.0,80500.0,2026-04-27,187988364,2860,Agrawal Securities (PVT) Ltd.,Online Securities Pvt. Ltd.,2026-04-27 11:44:13.443117,Saptakoshi Development Bank Ltd
2026042703001160,SAPDBL,49,49,185,805.0,148925.0,2026-04-27,187988366,2860,Online Securities Pvt. Ltd.,Online Securities Pvt. Ltd.,2026-04-27 11:44:13.443187,Saptakoshi Development Bank Ltd
2026042703001161,SAPDBL,58,49,18,805.0,14490.0,2026-04-27,187988368,2860,Naasa Securities Co. Ltd.,Online Securities Pvt. Ltd.,2026-04-27 11:44:13.443259,Saptakoshi Development Bank Ltd
2026042703001162,SAPDBL,6,49,100,803.0,80300.0,2026-04-27,187988370,2860,Agrawal Securities (PVT) Ltd.,Online Securities Pvt. Ltd.,2026-04-27 11:44:13.443333,Saptakoshi Development Bank Ltd
2026042703001163,SAPDBL,41,49,50,803.0,40150.0,2026-04-27,187988372,2860,Linch Stock Market Ltd.,Online Securities Pvt. Ltd.,2026-04-27 11:44:13.443405,Saptakoshi Development Bank Ltd
2026042703001164,SAPDBL,38,49,350,801.0,280350.0,2026-04-27,187988374,2860,Dipshikha Dhitopatra Karobar Co. Pvt Ltd.,Online Securities Pvt. Ltd.,2026-04-27 11:44:13.443476,Saptakoshi Development Bank Ltd
2026042703001165,SAPDBL,6,49,100,801.0,80100.0,2026-04-27,187988376,2860,Agrawal Securities (PVT) Ltd.,Online Securities Pvt. Ltd.,2026-04-27 11:44:13.443546,Saptakoshi Development Bank Ltd
2026042703001166,SAPDBL,52,49,20,800.0,16000.0,2026-04-27,187988378,2860,Sundhara Securities Limited,Online Securities Pvt. Ltd.,2026-04-27 11:44:13.443616,Saptakoshi Development Bank Ltd
2026042703001167,SAPDBL,34,49,10,800.0,8000.0,2026-04-27,187988380,2860,Vision Securities Pvt. Ltd,Online Securities Pvt. Ltd.,2026-04-27 11:44:13.443685,Saptakoshi Development Bank Ltd
2026042703001168,SAPDBL,17,49,67,800.0,53600.0,2026-04-27,187988381,2860,ABC Securities Private Limited,Online Securities Pvt. Ltd.,2026-04-27 11:44:13.443753,Saptakoshi Development Bank Ltd
2026042703001333,SAPDBL,43,33,100,800.1,80010.0,2026-04-27,187992741,2860,South Asian Bulls Pvt. Ltd.,Dakshinkali Investment & Securities Pvt. Ltd.,2026-04-27 11:51:22.354737,Saptakoshi Development Bank Ltd
2026042703001402,SAPDBL,36,38,2,800.0,1600.0,2026-04-27,187995229,2860,Secured Securities Ltd.,Dipshikha Dhitopatra Karobar Co. Pvt Ltd.,2026-04-27 11:54:21.976355,Saptakoshi Development Bank Ltd
2026042703001434,SAPDBL,87,66,10,808.0,8080.0,2026-04-27,187995594,2860,S.P.S.A. Securities Limited,Miyo Securities Pvt Ltd,2026-04-27 11:55:01.615496,Saptakoshi Development Bank Ltd
2026042703001472,SAPDBL,3,66,190,808.0,153520.0,2026-04-27,187996361,2860,Arun Securities (PVT) Ltd.,Miyo Securities Pvt Ltd,2026-04-27 11:56:23.584414,Saptakoshi Development Bank Ltd
2026042703001484,SAPDBL,87,32,10,814.0,8140.0,2026-04-27,187996748,2860,S.P.S.A. Securities Limited,Premier Securities Company Ltd.,2026-04-27 11:56:54.594744,Saptakoshi Development Bank Ltd
2026042703001485,SAPDBL,49,32,30,814.0,24420.0,2026-04-27,187996773,2860,Online Securities Pvt. Ltd.,Premier Securities Company Ltd.,2026-04-27 11:56:56.391295,Saptakoshi Development Bank Ltd
2026042703001509,SAPDBL,3,56,50,811.6,40580.0,2026-04-27,187997623,2860,Arun Securities (PVT) Ltd.,Sri Hari Securities Pvt. Ltd.,2026-04-27 11:58:24.704045,Saptakoshi Development Bank Ltd
2026042703001510,SAPDBL,3,38,105,811.7,85228.5,2026-04-27,187997626,2860,Arun Securities (PVT) Ltd.,Dipshikha Dhitopatra Karobar Co. Pvt Ltd.,2026-04-27 11:58:24.704234,Saptakoshi Development Bank Ltd
2026042703001565,SAPDBL,87,38,10,810.5,8105.0,2026-04-27,187999255,2860,S.P.S.A. Securities Limited,Dipshikha Dhitopatra Karobar Co. Pvt Ltd.,2026-04-27 12:01:19.100244,Saptakoshi Development Bank Ltd
2026042703001566,SAPDBL,87,57,290,810.6,235074.0,2026-04-27,187999258,2860,S.P.S.A. Securities Limited,Aryatara Investment & Securities,2026-04-27 12:01:19.100462,Saptakoshi Development Bank Ltd
2026042703001576,SAPDBL,36,57,20,810.6,16212.0,2026-04-27,187999528,2860,Secured Securities Ltd.,Aryatara Investment & Securities,2026-04-27 12:01:54.272494,Saptakoshi Development Bank Ltd
2026042703001671,SAPDBL,58,56,10,808.0,8080.0,2026-04-27,188002277,2860,Naasa Securities Co. Ltd.,Sri Hari Securities Pvt. Ltd.,2026-04-27 12:07:20.897521,Saptakoshi Development Bank Ltd
2026042703001680,SAPDBL,87,56,10,809.9,8099.0,2026-04-27,188002690,2860,S.P.S.A. Securities Limited,Sri Hari Securities Pvt. Ltd.,2026-04-27 12:08:22.432114,Saptakoshi Development Bank Ltd
2026042703001698,SAPDBL,42,77,10,808.0,8080.0,2026-04-27,188003044,2860,Sani Securities Company Ltd.,Nabil Stock Dealer Ltd.,2026-04-27 12:08:57.996806,Saptakoshi Development Bank Ltd
2026042703001710,SAPDBL,1,74,15,805.0,12075.0,2026-04-27,188003318,2860,Kumari Securities Private Limited,KALASH STOCK MARKET PVT. LTD.,2026-04-27 12:09:29.496690,Saptakoshi Development Bank Ltd
2026042703001711,SAPDBL,39,74,285,805.0,229425.0,2026-04-27,188003319,2860,Sumeru Securities Pvt. Ltd.,KALASH STOCK MARKET PVT. LTD.,2026-04-27 12:09:29.497126,Saptakoshi Development Bank Ltd
2026042703001717,SAPDBL,39,38,215,805.0,173075.0,2026-04-27,188003404,2860,Sumeru Securities Pvt. Ltd.,Dipshikha Dhitopatra Karobar Co. Pvt Ltd.,2026-04-27 12:09:39.621370,Saptakoshi Development Bank Ltd
2026042703001723,SAPDBL,19,47,20,804.0,16080.0,2026-04-27,188003526,2860,Nepal Investment And Securities Trading Private Limited,Neev Securities Pvt. Ltd.,2026-04-27 12:09:53.718714,Saptakoshi Development Bank Ltd
2026042703001724,SAPDBL,52,47,30,804.0,24120.0,2026-04-27,188003528,2860,Sundhara Securities Limited,Neev Securities Pvt. Ltd.,2026-04-27 12:09:53.718793,Saptakoshi Development Bank Ltd
2026042703001725,SAPDBL,49,47,109,803.0,87527.0,2026-04-27,188003529,2860,Online Securities Pvt. Ltd.,Neev Securities Pvt. Ltd.,2026-04-27 12:09:53.718853,Saptakoshi Development Bank Ltd
2026042703001727,SAPDBL,49,38,50,803.0,40150.0,2026-04-27,188003591,2860,Online Securities Pvt. Ltd.,Dipshikha Dhitopatra Karobar Co. Pvt Ltd.,2026-04-27 12:10:02.362840,Saptakoshi Development Bank Ltd
2026042703001734,SAPDBL,49,32,141,803.0,113223.0,2026-04-27,188003684,2860,Online Securities Pvt. Ltd.,Premier Securities Company Ltd.,2026-04-27 12:10:19.846354,Saptakoshi Development Bank Ltd
2026042703001735,SAPDBL,59,32,59,803.0,47377.0,2026-04-27,188003685,2860,Deevyaa Securities & Stock House Pvt. Ltd,Premier Securities Company Ltd.,2026-04-27 12:10:19.846449,Saptakoshi Development Bank Ltd
2026042703001850,SAPDBL,87,38,10,808.0,8080.0,2026-04-27,188006880,2860,S.P.S.A. Securities Limited,Dipshikha Dhitopatra Karobar Co. Pvt Ltd.,2026-04-27 12:16:43.235058,Saptakoshi Development Bank Ltd
2026042703001868,SAPDBL,39,38,40,808.0,32320.0,2026-04-27,188007491,2860,Sumeru Securities Pvt. Ltd.,Dipshikha Dhitopatra Karobar Co. Pvt Ltd.,2026-04-27 12:17:31.255889,Saptakoshi Development Bank Ltd
2026042703001869,SAPDBL,39,57,10,808.0,8080.0,2026-04-27,188007494,2860,Sumeru Securities Pvt. Ltd.,Aryatara Investment & Securities,2026-04-27 12:17:31.256137,Saptakoshi Development Bank Ltd
2026042703001904,SAPDBL,35,57,100,808.0,80800.0,2026-04-27,188008738,2860,Kohinoor Investment & Securities Pvt. Ltd.,Aryatara Investment & Securities,2026-04-27 12:19:44.325676,Saptakoshi Development Bank Ltd
2026042703001919,SAPDBL,36,58,10,803.1,8031.0,2026-04-27,188008996,2860,Secured Securities Ltd.,Naasa Securities Co. Ltd.,2026-04-27 12:20:08.888488,Saptakoshi Development Bank Ltd
2026042703001920,SAPDBL,59,58,41,803.0,32923.0,2026-04-27,188008998,2860,Deevyaa Securities & Stock House Pvt. Ltd,Naasa Securities Co. Ltd.,2026-04-27 12:20:08.888543,Saptakoshi Development Bank Ltd
2026042703001921,SAPDBL,58,58,250,803.0,200750.0,2026-04-27,188009000,2860,Naasa Securities Co. Ltd.,Naasa Securities Co. Ltd.,2026-04-27 12:20:08.888598,Saptakoshi Development Bank Ltd
2026042703001922,SAPDBL,42,58,50,802.1,40105.0,2026-04-27,188009002,2860,Sani Securities Company Ltd.,Naasa Securities Co. Ltd.,2026-04-27 12:20:08.888620,Saptakoshi Development Bank Ltd
2026042703001923,SAPDBL,17,58,57,802.0,45714.0,2026-04-27,188009003,2860,ABC Securities Private Limited,Naasa Securities Co. Ltd.,2026-04-27 12:20:08.888641,Saptakoshi Development Bank Ltd
2026042703001936,SAPDBL,87,57,10,808.0,8080.0,2026-04-27,188009310,2860,S.P.S.A. Securities Limited,Aryatara Investment & Securities,2026-04-27 12:20:39.575802,Saptakoshi Development Bank Ltd
2026042703001953,SAPDBL,67,21,10,802.3,8023.0,2026-04-27,188010036,2860,Property Wiard Limited,Midas Stock Broking Company Private Limited,2026-04-27 12:22:04.240377,Saptakoshi Development Bank Ltd
2026042703001954,SAPDBL,67,21,10,802.2,8022.0,2026-04-27,188010038,2860,Property Wiard Limited,Midas Stock Broking Company Private Limited,2026-04-27 12:22:04.240782,Saptakoshi Development Bank Ltd
2026042703001955,SAPDBL,89,21,10,802.1,8021.0,2026-04-27,188010040,2860,Global IME Securities Limited,Midas Stock Broking Company Private Limited,2026-04-27 12:22:04.241062,Saptakoshi Development Bank Ltd
2026042703001956,SAPDBL,67,21,10,802.1,8021.0,2026-04-27,188010042,2860,Property Wiard Limited,Midas Stock Broking Company Private Limited,2026-04-27 12:22:04.241315,Saptakoshi Development Bank Ltd
2026042703001957,SAPDBL,17,21,43,802.0,34486.0,2026-04-27,188010044,2860,ABC Securities Private Limited,Midas Stock Broking Company Private Limited,2026-04-27 12:22:04.241573,Saptakoshi Development Bank Ltd
2026042703001958,SAPDBL,59,21,217,802.0,174034.0,2026-04-27,188010045,2860,Deevyaa Securities & Stock House Pvt. Ltd,Midas Stock Broking Company Private Limited,2026-04-27 12:22:04.241831,Saptakoshi Development Bank Ltd
2026042703001966,SAPDBL,59,38,480,802.0,384960.0,2026-04-27,188010185,2860,Deevyaa Securities & Stock House Pvt. Ltd,Dipshikha Dhitopatra Karobar Co. Pvt Ltd.,2026-04-27 12:22:18.492184,Saptakoshi Development Bank Ltd
2026042703001979,SAPDBL,46,58,13,807.0,10491.0,2026-04-27,188010536,2860,Kalika Securities Pvt. Ltd.,Naasa Securities Co. Ltd.,2026-04-27 12:22:57.828485,Saptakoshi Development Bank Ltd
2026042703001992,SAPDBL,34,56,30,806.9,24207.0,2026-04-27,188010887,2860,Vision Securities Pvt. Ltd,Sri Hari Securities Pvt. Ltd.,2026-04-27 12:23:39.889568,Saptakoshi Development Bank Ltd
2026042703001993,SAPDBL,34,58,20,807.0,16140.0,2026-04-27,188010890,2860,Vision Securities Pvt. Ltd,Naasa Securities Co. Ltd.,2026-04-27 12:23:39.890005,Saptakoshi Development Bank Ltd
2026042703002075,SAPDBL,42,38,540,806.0,435240.0,2026-04-27,188012521,2860,Sani Securities Company Ltd.,Dipshikha Dhitopatra Karobar Co. Pvt Ltd.,2026-04-27 12:26:57.511793,Saptakoshi Development Bank Ltd
2026042703002092,SAPDBL,42,71,60,806.0,48360.0,2026-04-27,188012911,2860,Sani Securities Company Ltd.,SHUBHAKAMANA SECURITIES PVT. LTD,2026-04-27 12:27:38.651941,Saptakoshi Development Bank Ltd
2026042703002234,SAPDBL,72,11,100,805.0,80500.0,2026-04-27,188016740,2860,Hatemalo Financial Services Private Limited,Malla & Malla Stock Broking Company Pvt. Limited,2026-04-27 12:35:53.308011,Saptakoshi Development Bank Ltd
2026042703002245,SAPDBL,66,56,20,805.9,16118.0,2026-04-27,188016907,2860,Miyo Securities Pvt Ltd,Sri Hari Securities Pvt. Ltd.,2026-04-27 12:36:22.084248,Saptakoshi Development Bank Ltd
2026042703002246,SAPDBL,66,57,123,806.0,99138.0,2026-04-27,188016909,2860,Miyo Securities Pvt Ltd,Aryatara Investment & Securities,2026-04-27 12:36:22.084346,Saptakoshi Development Bank Ltd
2026042703002247,SAPDBL,66,57,500,806.0,403000.0,2026-04-27,188016912,2860,Miyo Securities Pvt Ltd,Aryatara Investment & Securities,2026-04-27 12:36:22.084419,Saptakoshi Development Bank Ltd
2026042703002258,SAPDBL,57,56,50,804.1,40205.0,2026-04-27,188017065,2860,Aryatara Investment & Securities,Sri Hari Securities Pvt. Ltd.,2026-04-27 12:36:46.821931,Saptakoshi Development Bank Ltd
2026042703002269,SAPDBL,48,34,500,803.0,401500.0,2026-04-27,188017377,2860,Trishakti Securities Public Limited,Vision Securities Pvt. Ltd,2026-04-27 12:37:19.713248,Saptakoshi Development Bank Ltd
2026042703002275,SAPDBL,87,56,10,806.9,8069.0,2026-04-27,188017574,2860,S.P.S.A. Securities Limited,Sri Hari Securities Pvt. Ltd.,2026-04-27 12:37:44.159585,Saptakoshi Development Bank Ltd
2026042703002301,SAPDBL,58,56,10,806.9,8069.0,2026-04-27,188017890,2860,Naasa Securities Co. Ltd.,Sri Hari Securities Pvt. Ltd.,2026-04-27 12:38:19.225091,Saptakoshi Development Bank Ltd
2026042703002303,SAPDBL,67,58,10,803.1,8031.0,2026-04-27,188017908,2860,Property Wiard Limited,Naasa Securities Co. Ltd.,2026-04-27 12:38:23.978655,Saptakoshi Development Bank Ltd
2026042703002304,SAPDBL,87,58,57,803.1,45776.7,2026-04-27,188017909,2860,S.P.S.A. Securities Limited,Naasa Securities Co. Ltd.,2026-04-27 12:38:23.978767,Saptakoshi Development Bank Ltd
2026042703002365,SAPDBL,87,56,11,806.9,8875.9,2026-04-27,188018668,2860,S.P.S.A. Securities Limited,Sri Hari Securities Pvt. Ltd.,2026-04-27 12:39:44.760116,Saptakoshi Development Bank Ltd
2026042703002368,SAPDBL,87,57,10,807.8,8078.0,2026-04-27,188018688,2860,S.P.S.A. Securities Limited,Aryatara Investment & Securities,2026-04-27 12:39:48.633253,Saptakoshi Development Bank Ltd
2026042703002402,SAPDBL,87,16,10,808.0,8080.0,2026-04-27,188019082,2860,S.P.S.A. Securities Limited,Primo Securities (PVT) Ltd.,2026-04-27 12:40:16.557548,Saptakoshi Development Bank Ltd
2026042703002407,SAPDBL,87,22,10,810.0,8100.0,2026-04-27,188019109,2860,S.P.S.A. Securities Limited,Siprabi Securities Pvt. Ltd.,2026-04-27 12:40:20.135518,Saptakoshi Development Bank Ltd
2026042703002408,SAPDBL,87,57,10,811.0,8110.0,2026-04-27,188019112,2860,S.P.S.A. Securities Limited,Aryatara Investment & Securities,2026-04-27 12:40:20.135554,Saptakoshi Development Bank Ltd
2026042703002432,SAPDBL,87,71,11,812.9,8941.9,2026-04-27,188019752,2860,S.P.S.A. Securities Limited,SHUBHAKAMANA SECURITIES PVT. LTD,2026-04-27 12:41:34.917548,Saptakoshi Development Bank Ltd
2026042703002464,SAPDBL,25,57,200,813.0,162600.0,2026-04-27,188020492,2860,Sweta Securities Private Limited,Aryatara Investment & Securities,2026-04-27 12:43:13.143339,Saptakoshi Development Bank Ltd
2026042703002550,SAPDBL,52,58,30,808.1,24243.0,2026-04-27,188022010,2860,Sundhara Securities Limited,Naasa Securities Co. Ltd.,2026-04-27 12:46:06.547097,Saptakoshi Development Bank Ltd
2026042703002551,SAPDBL,45,58,70,808.1,56567.0,2026-04-27,188022011,2860,Imperial Securities Company Pvt. Ltd.,Naasa Securities Co. Ltd.,2026-04-27 12:46:06.547346,Saptakoshi Development Bank Ltd
2026042703002579,SAPDBL,58,57,250,810.9,202725.0,2026-04-27,188022515,2860,Naasa Securities Co. Ltd.,Aryatara Investment & Securities,2026-04-27 12:47:14.064351,Saptakoshi Development Bank Ltd
2026042703002580,SAPDBL,58,48,200,811.0,162200.0,2026-04-27,188022517,2860,Naasa Securities Co. Ltd.,Trishakti Securities Public Limited,2026-04-27 12:47:14.064793,Saptakoshi Development Bank Ltd
2026042703002581,SAPDBL,58,57,37,812.9,30077.3,2026-04-27,188022519,2860,Naasa Securities Co. Ltd.,Aryatara Investment & Securities,2026-04-27 12:47:14.065091,Saptakoshi Development Bank Ltd
2026042703002582,SAPDBL,58,57,990,814.8,806652.0,2026-04-27,188022521,2860,Naasa Securities Co. Ltd.,Aryatara Investment & Securities,2026-04-27 12:47:14.065417,Saptakoshi Development Bank Ltd
2026042703002583,SAPDBL,58,21,100,814.9,81490.0,2026-04-27,188022523,2860,Naasa Securities Co. Ltd.,Midas Stock Broking Company Private Limited,2026-04-27 12:47:14.065698,Saptakoshi Development Bank Ltd
2026042703002584,SAPDBL,58,90,200,815.0,163000.0,2026-04-27,188022525,2860,Naasa Securities Co. Ltd.,Sajilo Broker Limited,2026-04-27 12:47:14.065974,Saptakoshi Development Bank Ltd
2026042703002585,SAPDBL,58,22,223,815.0,181745.0,2026-04-27,188022528,2860,Naasa Securities Co. Ltd.,Siprabi Securities Pvt. Ltd.,2026-04-27 12:47:14.066261,Saptakoshi Development Bank Ltd
2026042703002603,SAPDBL,11,22,100,815.0,81500.0,2026-04-27,188022840,2860,Malla & Malla Stock Broking Company Pvt. Limited,Siprabi Securities Pvt. Ltd.,2026-04-27 12:48:02.857189,Saptakoshi Development Bank Ltd
2026042703002620,SAPDBL,47,22,127,815.0,103505.0,2026-04-27,188023031,2860,Neev Securities Pvt. Ltd.,Siprabi Securities Pvt. Ltd.,2026-04-27 12:48:20.504549,Saptakoshi Development Bank Ltd
2026042703002621,SAPDBL,47,22,10,815.0,8150.0,2026-04-27,188023033,2860,Neev Securities Pvt. Ltd.,Siprabi Securities Pvt. Ltd.,2026-04-27 12:48:20.505008,Saptakoshi Development Bank Ltd
2026042703002640,SAPDBL,87,94,10,817.5,8175.0,2026-04-27,188023368,2860,S.P.S.A. Securities Limited,K.B.L. Securities Limited ,2026-04-27 12:49:02.109927,Saptakoshi Development Bank Ltd
2026042703002644,SAPDBL,47,94,43,817.5,35152.5,2026-04-27,188023440,2860,Neev Securities Pvt. Ltd.,K.B.L. Securities Limited ,2026-04-27 12:49:13.210190,Saptakoshi Development Bank Ltd
2026042703002653,SAPDBL,52,94,10,817.5,8175.0,2026-04-27,188023554,2860,Sundhara Securities Limited,K.B.L. Securities Limited ,2026-04-27 12:49:28.447794,Saptakoshi Development Bank Ltd
2026042703002660,SAPDBL,43,94,237,817.5,193747.5,2026-04-27,188023761,2860,South Asian Bulls Pvt. Ltd.,K.B.L. Securities Limited ,2026-04-27 12:49:55.546807,Saptakoshi Development Bank Ltd
2026042703002661,SAPDBL,43,94,163,817.8,133301.4,2026-04-27,188023764,2860,South Asian Bulls Pvt. Ltd.,K.B.L. Securities Limited ,2026-04-27 12:49:55.547074,Saptakoshi Development Bank Ltd
2026042703002663,SAPDBL,58,94,37,817.8,30258.6,2026-04-27,188023825,2860,Naasa Securities Co. Ltd.,K.B.L. Securities Limited ,2026-04-27 12:50:04.942823,Saptakoshi Development Bank Ltd
2026042703002664,SAPDBL,58,57,500,818.0,409000.0,2026-04-27,188023827,2860,Naasa Securities Co. Ltd.,Aryatara Investment & Securities,2026-04-27 12:50:04.943257,Saptakoshi Development Bank Ltd
2026042703002665,SAPDBL,58,59,10,818.0,8180.0,2026-04-27,188023829,2860,Naasa Securities Co. Ltd.,Deevyaa Securities & Stock House Pvt. Ltd,2026-04-27 12:50:04.943532,Saptakoshi Development Bank Ltd
2026042703002666,SAPDBL,58,42,20,818.0,16360.0,2026-04-27,188023831,2860,Naasa Securities Co. Ltd.,Sani Securities Company Ltd.,2026-04-27 12:50:04.943789,Saptakoshi Development Bank Ltd
2026042703002667,SAPDBL,58,45,500,820.0,410000.0,2026-04-27,188023833,2860,Naasa Securities Co. Ltd.,Imperial Securities Company Pvt. Ltd.,2026-04-27 12:50:04.944055,Saptakoshi Development Bank Ltd
2026042703002668,SAPDBL,58,42,10,820.0,8200.0,2026-04-27,188023835,2860,Naasa Securities Co. Ltd.,Sani Securities Company Ltd.,2026-04-27 12:50:04.944313,Saptakoshi Development Bank Ltd
2026042703002669,SAPDBL,58,60,50,820.0,41000.0,2026-04-27,188023837,2860,Naasa Securities Co. Ltd.,Nagarik Stock Dealer ,2026-04-27 12:50:04.944562,Saptakoshi Development Bank Ltd
2026042703002670,SAPDBL,58,11,500,820.0,410000.0,2026-04-27,188023839,2860,Naasa Securities Co. Ltd.,Malla & Malla Stock Broking Company Pvt. Limited,2026-04-27 12:50:04.944817,Saptakoshi Development Bank Ltd
2026042703002671,SAPDBL,58,45,50,820.0,41000.0,2026-04-27,188023841,2860,Naasa Securities Co. Ltd.,Imperial Securities Company Pvt. Ltd.,2026-04-27 12:50:04.945075,Saptakoshi Development Bank Ltd
2026042703002678,SAPDBL,87,33,10,822.0,8220.0,2026-04-27,188023928,2860,S.P.S.A. Securities Limited,Dakshinkali Investment & Securities Pvt. Ltd.,2026-04-27 12:50:17.275892,Saptakoshi Development Bank Ltd
2026042703002679,SAPDBL,58,66,70,820.0,57400.0,2026-04-27,188023933,2860,Naasa Securities Co. Ltd.,Miyo Securities Pvt Ltd,2026-04-27 12:50:18.047626,Saptakoshi Development Bank Ltd
2026042703002687,SAPDBL,60,33,190,822.0,156180.0,2026-04-27,188024098,2860,Nagarik Stock Dealer ,Dakshinkali Investment & Securities Pvt. Ltd.,2026-04-27 12:50:40.314919,Saptakoshi Development Bank Ltd
2026042703002690,SAPDBL,86,32,200,822.0,164400.0,2026-04-27,188024129,2860,Stoxkarts Securities Limited,Premier Securities Company Ltd.,2026-04-27 12:50:46.855218,Saptakoshi Development Bank Ltd
2026042703002693,SAPDBL,46,4,10,824.0,8240.0,2026-04-27,188024196,2860,Kalika Securities Pvt. Ltd.,Opal Securities Investment (PVT) Ltd.,2026-04-27 12:50:52.141902,Saptakoshi Development Bank Ltd
2026042703002708,SAPDBL,58,4,15,824.0,12360.0,2026-04-27,188024317,2860,Naasa Securities Co. Ltd.,Opal Securities Investment (PVT) Ltd.,2026-04-27 12:51:12.828639,Saptakoshi Development Bank Ltd
2026042703002709,SAPDBL,58,44,185,824.0,152440.0,2026-04-27,188024320,2860,Naasa Securities Co. Ltd.,Dynamic Money Managers Securities Pvt. Ltd.,2026-04-27 12:51:12.829097,Saptakoshi Development Bank Ltd
2026042703002719,SAPDBL,86,66,100,822.0,82200.0,2026-04-27,188024541,2860,Stoxkarts Securities Limited,Miyo Securities Pvt Ltd,2026-04-27 12:51:41.664261,Saptakoshi Development Bank Ltd
2026042703002735,SAPDBL,58,66,253,820.0,207460.0,2026-04-27,188024756,2860,Naasa Securities Co. Ltd.,Miyo Securities Pvt Ltd,2026-04-27 12:52:11.561801,Saptakoshi Development Bank Ltd
2026042703002748,SAPDBL,49,66,47,820.0,38540.0,2026-04-27,188025015,2860,Online Securities Pvt. Ltd.,Miyo Securities Pvt Ltd,2026-04-27 12:52:49.217269,Saptakoshi Development Bank Ltd
2026042703002749,SAPDBL,49,94,100,823.9,82390.0,2026-04-27,188025017,2860,Online Securities Pvt. Ltd.,K.B.L. Securities Limited ,2026-04-27 12:52:49.217488,Saptakoshi Development Bank Ltd
2026042703002783,SAPDBL,64,38,20,823.0,16460.0,2026-04-27,188025629,2860,SUN SECURITIES PVT LTD,Dipshikha Dhitopatra Karobar Co. Pvt Ltd.,2026-04-27 12:54:17.164128,Saptakoshi Development Bank Ltd
2026042703002803,SAPDBL,33,16,6,808.0,4848.0,2026-04-27,188025833,2860,Dakshinkali Investment & Securities Pvt. Ltd.,Primo Securities (PVT) Ltd.,2026-04-27 12:54:40.548641,Saptakoshi Development Bank Ltd
2026042703002804,SAPDBL,64,22,10,823.0,8230.0,2026-04-27,188025839,2860,SUN SECURITIES PVT LTD,Siprabi Securities Pvt. Ltd.,2026-04-27 12:54:41.755681,Saptakoshi Development Bank Ltd
2026042703002822,SAPDBL,86,58,29,823.9,23893.1,2026-04-27,188026015,2860,Stoxkarts Securities Limited,Naasa Securities Co. Ltd.,2026-04-27 12:55:03.298528,Saptakoshi Development Bank Ltd
2026042703002823,SAPDBL,86,44,171,824.0,140904.0,2026-04-27,188026018,2860,Stoxkarts Securities Limited,Dynamic Money Managers Securities Pvt. Ltd.,2026-04-27 12:55:03.298753,Saptakoshi Development Bank Ltd
2026042703002863,SAPDBL,1,44,44,824.0,36256.0,2026-04-27,188026268,2860,Kumari Securities Private Limited,Dynamic Money Managers Securities Pvt. Ltd.,2026-04-27 12:55:28.199293,Saptakoshi Development Bank Ltd
2026042703002873,SAPDBL,87,59,10,825.0,8250.0,2026-04-27,188026493,2860,S.P.S.A. Securities Limited,Deevyaa Securities & Stock House Pvt. Ltd,2026-04-27 12:55:57.976397,Saptakoshi Development Bank Ltd
2026042703002874,SAPDBL,87,4,10,827.0,8270.0,2026-04-27,188026496,2860,S.P.S.A. Securities Limited,Opal Securities Investment (PVT) Ltd.,2026-04-27 12:55:57.976497,Saptakoshi Development Bank Ltd
2026042703002894,SAPDBL,64,4,38,827.0,31426.0,2026-04-27,188026806,2860,SUN SECURITIES PVT LTD,Opal Securities Investment (PVT) Ltd.,2026-04-27 12:56:37.268254,Saptakoshi Development Bank Ltd
2026042703002897,SAPDBL,87,42,10,827.0,8270.0,2026-04-27,188026905,2860,S.P.S.A. Securities Limited,Sani Securities Company Ltd.,2026-04-27 12:56:56.051118,Saptakoshi Development Bank Ltd
2026042703002898,SAPDBL,87,35,10,829.0,8290.0,2026-04-27,188026908,2860,S.P.S.A. Securities Limited,Kohinoor Investment & Securities Pvt. Ltd.,2026-04-27 12:56:56.051217,Saptakoshi Development Bank Ltd
2026042703002940,SAPDBL,94,45,200,827.0,165400.0,2026-04-27,188027362,2860,K.B.L. Securities Limited ,Imperial Securities Company Pvt. Ltd.,2026-04-27 12:57:46.983191,Saptakoshi Development Bank Ltd
2026042703002963,SAPDBL,80,43,400,826.9,330760.0,2026-04-27,188027722,2860,Indira securities pvt. ltd,South Asian Bulls Pvt. Ltd.,2026-04-27 12:58:30.978829,Saptakoshi Development Bank Ltd
2026042703002965,SAPDBL,87,40,10,828.0,8280.0,2026-04-27,188027808,2860,S.P.S.A. Securities Limited,Creative Securities Pvt Ltd,2026-04-27 12:58:37.435755,Saptakoshi Development Bank Ltd
2026042703002970,SAPDBL,58,40,50,828.0,41400.0,2026-04-27,188027932,2860,Naasa Securities Co. Ltd.,Creative Securities Pvt Ltd,2026-04-27 12:58:50.193884,Saptakoshi Development Bank Ltd
2026042703002977,SAPDBL,74,40,40,828.0,33120.0,2026-04-27,188027961,2860,KALASH STOCK MARKET PVT. LTD.,Creative Securities Pvt Ltd,2026-04-27 12:58:53.460519,Saptakoshi Development Bank Ltd
2026042703002978,SAPDBL,74,70,200,829.0,165800.0,2026-04-27,188027963,2860,KALASH STOCK MARKET PVT. LTD.,Infinity Securities Limited,2026-04-27 12:58:53.460971,Saptakoshi Development Bank Ltd
2026042703002979,SAPDBL,74,17,63,829.0,52227.0,2026-04-27,188027965,2860,KALASH STOCK MARKET PVT. LTD.,ABC Securities Private Limited,2026-04-27 12:58:53.461275,Saptakoshi Development Bank Ltd
2026042703002980,SAPDBL,74,16,10,829.0,8290.0,2026-04-27,188027967,2860,KALASH STOCK MARKET PVT. LTD.,Primo Securities (PVT) Ltd.,2026-04-27 12:58:53.461555,Saptakoshi Development Bank Ltd
2026042703002981,SAPDBL,74,6,37,829.0,30673.0,2026-04-27,188027970,2860,KALASH STOCK MARKET PVT. LTD.,Agrawal Securities (PVT) Ltd.,2026-04-27 12:58:53.461830,Saptakoshi Development Bank Ltd
2026042703002994,SAPDBL,19,86,25,828.9,20722.5,2026-04-27,188028327,2860,Nepal Investment And Securities Trading Private Limited,Stoxkarts Securities Limited,2026-04-27 12:59:23.625115,Saptakoshi Development Bank Ltd
2026042703002995,SAPDBL,19,6,63,829.0,52227.0,2026-04-27,188028329,2860,Nepal Investment And Securities Trading Private Limited,Agrawal Securities (PVT) Ltd.,2026-04-27 12:59:23.625611,Saptakoshi Development Bank Ltd
2026042703002996,SAPDBL,19,22,10,829.1,8291.0,2026-04-27,188028331,2860,Nepal Investment And Securities Trading Private Limited,Siprabi Securities Pvt. Ltd.,2026-04-27 12:59:23.625916,Saptakoshi Development Bank Ltd
2026042703002997,SAPDBL,19,51,402,829.1,333298.2,2026-04-27,188028334,2860,Nepal Investment And Securities Trading Private Limited,Oxford Securities Pvt. Ltd.,2026-04-27 12:59:23.626226,Saptakoshi Development Bank Ltd
2026042703003001,SAPDBL,71,51,500,829.1,414550.0,2026-04-27,188028358,2860,SHUBHAKAMANA SECURITIES PVT. LTD,Oxford Securities Pvt. Ltd.,2026-04-27 12:59:28.747500,Saptakoshi Development Bank Ltd
2026042703003010,SAPDBL,56,51,98,829.1,81251.8,2026-04-27,188028441,2860,Sri Hari Securities Pvt. Ltd.,Oxford Securities Pvt. Ltd.,2026-04-27 12:59:38.238955,Saptakoshi Development Bank Ltd
2026042703003011,SAPDBL,56,54,402,830.0,333660.0,2026-04-27,188028444,2860,Sri Hari Securities Pvt. Ltd.,Sewa Securities Pvt. Ltd.,2026-04-27 12:59:38.239413,Saptakoshi Development Bank Ltd
2026042703003030,SAPDBL,48,32,20,828.0,16560.0,2026-04-27,188028679,2860,Trishakti Securities Public Limited,Premier Securities Company Ltd.,2026-04-27 13:00:04.590107,Saptakoshi Development Bank Ltd
2026042703003031,SAPDBL,48,57,10,829.9,8299.0,2026-04-27,188028681,2860,Trishakti Securities Public Limited,Aryatara Investment & Securities,2026-04-27 13:00:04.590373,Saptakoshi Development Bank Ltd
2026042703003032,SAPDBL,48,54,148,830.0,122840.0,2026-04-27,188028683,2860,Trishakti Securities Public Limited,Sewa Securities Pvt. Ltd.,2026-04-27 13:00:04.590471,Saptakoshi Development Bank Ltd
2026042703003033,SAPDBL,48,64,172,830.0,142760.0,2026-04-27,188028686,2860,Trishakti Securities Public Limited,SUN SECURITIES PVT LTD,2026-04-27 13:00:04.590571,Saptakoshi Development Bank Ltd
2026042703003041,SAPDBL,52,64,19,830.0,15770.0,2026-04-27,188028789,2860,Sundhara Securities Limited,SUN SECURITIES PVT LTD,2026-04-27 13:00:18.035375,Saptakoshi Development Bank Ltd
2026042703003042,SAPDBL,52,6,40,830.0,33200.0,2026-04-27,188028791,2860,Sundhara Securities Limited,Agrawal Securities (PVT) Ltd.,2026-04-27 13:00:18.035850,Saptakoshi Development Bank Ltd
2026042703003043,SAPDBL,52,38,50,830.0,41500.0,2026-04-27,188028793,2860,Sundhara Securities Limited,Dipshikha Dhitopatra Karobar Co. Pvt Ltd.,2026-04-27 13:00:18.036148,Saptakoshi Development Bank Ltd
2026042703003044,SAPDBL,52,42,100,830.0,83000.0,2026-04-27,188028795,2860,Sundhara Securities Limited,Sani Securities Company Ltd.,2026-04-27 13:00:18.036412,Saptakoshi Development Bank Ltd
2026042703003045,SAPDBL,52,66,30,830.4,24912.0,2026-04-27,188028797,2860,Sundhara Securities Limited,Miyo Securities Pvt Ltd,2026-04-27 13:00:18.036744,Saptakoshi Development Bank Ltd
2026042703003050,SAPDBL,50,58,20,831.2,16624.0,2026-04-27,188028887,2860,Cristal Kanchanjanga Securites Pvt. Ltd.,Naasa Securities Co. Ltd.,2026-04-27 13:00:28.247942,Saptakoshi Development Bank Ltd
2026042703003051,SAPDBL,50,57,100,832.0,83200.0,2026-04-27,188028889,2860,Cristal Kanchanjanga Securites Pvt. Ltd.,Aryatara Investment & Securities,2026-04-27 13:00:28.248385,Saptakoshi Development Bank Ltd
2026042703003052,SAPDBL,50,52,154,832.2,128158.8,2026-04-27,188028891,2860,Cristal Kanchanjanga Securites Pvt. Ltd.,Sundhara Securities Limited,2026-04-27 13:00:28.248662,Saptakoshi Development Bank Ltd
2026042703003053,SAPDBL,50,51,200,833.0,166600.0,2026-04-27,188028893,2860,Cristal Kanchanjanga Securites Pvt. Ltd.,Oxford Securities Pvt. Ltd.,2026-04-27 13:00:28.248968,Saptakoshi Development Bank Ltd
2026042703003054,SAPDBL,50,56,26,833.0,21658.0,2026-04-27,188028896,2860,Cristal Kanchanjanga Securites Pvt. Ltd.,Sri Hari Securities Pvt. Ltd.,2026-04-27 13:00:28.249252,Saptakoshi Development Bank Ltd
2026042703003061,SAPDBL,52,43,161,831.0,133791.0,2026-04-27,188029018,2860,Sundhara Securities Limited,South Asian Bulls Pvt. Ltd.,2026-04-27 13:00:37.103950,Saptakoshi Development Bank Ltd
2026042703003072,SAPDBL,77,43,39,830.0,32370.0,2026-04-27,188029295,2860,Nabil Stock Dealer Ltd.,South Asian Bulls Pvt. Ltd.,2026-04-27 13:01:07.639318,Saptakoshi Development Bank Ltd
2026042703003078,SAPDBL,87,86,10,832.9,8329.0,2026-04-27,188029430,2860,S.P.S.A. Securities Limited,Stoxkarts Securities Limited,2026-04-27 13:01:21.951618,Saptakoshi Development Bank Ltd
2026042703003084,SAPDBL,34,26,20,832.9,16658.0,2026-04-27,188029643,2860,Vision Securities Pvt. Ltd,Asian Securities Private Ltd.,2026-04-27 13:01:44.265568,Saptakoshi Development Bank Ltd
2026042703003085,SAPDBL,34,56,80,833.0,66640.0,2026-04-27,188029646,2860,Vision Securities Pvt. Ltd,Sri Hari Securities Pvt. Ltd.,2026-04-27 13:01:44.265644,Saptakoshi Development Bank Ltd
2026042703003086,SAPDBL,6,56,94,833.0,78302.0,2026-04-27,188029657,2860,Agrawal Securities (PVT) Ltd.,Sri Hari Securities Pvt. Ltd.,2026-04-27 13:01:45.144482,Saptakoshi Development Bank Ltd
2026042703003087,SAPDBL,6,42,10,833.0,8330.0,2026-04-27,188029659,2860,Agrawal Securities (PVT) Ltd.,Sani Securities Company Ltd.,2026-04-27 13:01:45.144562,Saptakoshi Development Bank Ltd
2026042703003088,SAPDBL,6,32,10,833.0,8330.0,2026-04-27,188029661,2860,Agrawal Securities (PVT) Ltd.,Premier Securities Company Ltd.,2026-04-27 13:01:45.144590,Saptakoshi Development Bank Ltd
2026042703003089,SAPDBL,6,51,86,833.2,71655.2,2026-04-27,188029664,2860,Agrawal Securities (PVT) Ltd.,Oxford Securities Pvt. Ltd.,2026-04-27 13:01:45.144629,Saptakoshi Development Bank Ltd
2026042703003105,SAPDBL,46,51,70,833.2,58324.0,2026-04-27,188029804,2860,Kalika Securities Pvt. Ltd.,Oxford Securities Pvt. Ltd.,2026-04-27 13:02:03.998816,Saptakoshi Development Bank Ltd
2026042703003109,SAPDBL,16,51,424,833.2,353276.8,2026-04-27,188029831,2860,Primo Securities (PVT) Ltd.,Oxford Securities Pvt. Ltd.,2026-04-27 13:02:06.299184,Saptakoshi Development Bank Ltd
2026042703003115,SAPDBL,87,86,10,834.9,8349.0,2026-04-27,188029960,2860,S.P.S.A. Securities Limited,Stoxkarts Securities Limited,2026-04-27 13:02:18.308729,Saptakoshi Development Bank Ltd
2026042703003122,SAPDBL,46,36,20,835.0,16700.0,2026-04-27,188030130,2860,Kalika Securities Pvt. Ltd.,Secured Securities Ltd.,2026-04-27 13:02:32.030783,Saptakoshi Development Bank Ltd
2026042703003131,SAPDBL,16,4,20,833.2,16664.0,2026-04-27,188030239,2860,Primo Securities (PVT) Ltd.,Opal Securities Investment (PVT) Ltd.,2026-04-27 13:02:44.482469,Saptakoshi Development Bank Ltd
2026042703003138,SAPDBL,6,42,100,834.0,83400.0,2026-04-27,188030342,2860,Agrawal Securities (PVT) Ltd.,Sani Securities Company Ltd.,2026-04-27 13:02:58.630047,Saptakoshi Development Bank Ltd
2026042703003139,SAPDBL,11,32,10,835.0,8350.0,2026-04-27,188030353,2860,Malla & Malla Stock Broking Company Pvt. Limited,Premier Securities Company Ltd.,2026-04-27 13:03:02.419972,Saptakoshi Development Bank Ltd
2026042703003140,SAPDBL,11,51,90,835.0,75150.0,2026-04-27,188030356,2860,Malla & Malla Stock Broking Company Pvt. Limited,Oxford Securities Pvt. Ltd.,2026-04-27 13:03:02.420483,Saptakoshi Development Bank Ltd
2026042703003143,SAPDBL,34,51,10,835.0,8350.0,2026-04-27,188030367,2860,Vision Securities Pvt. Ltd,Oxford Securities Pvt. Ltd.,2026-04-27 13:03:06.466618,Saptakoshi Development Bank Ltd
2026042703003144,SAPDBL,34,41,50,835.2,41760.0,2026-04-27,188030369,2860,Vision Securities Pvt. Ltd,Linch Stock Market Ltd.,2026-04-27 13:03:06.466938,Saptakoshi Development Bank Ltd
2026042703003145,SAPDBL,34,34,100,835.3,83530.0,2026-04-27,188030371,2860,Vision Securities Pvt. Ltd,Vision Securities Pvt. Ltd,2026-04-27 13:03:06.467061,Saptakoshi Development Bank Ltd
2026042703003149,SAPDBL,34,17,100,835.3,83530.0,2026-04-27,188030429,2860,Vision Securities Pvt. Ltd,ABC Securities Private Limited,2026-04-27 13:03:11.699293,Saptakoshi Development Bank Ltd
2026042703003161,SAPDBL,39,42,20,836.0,16720.0,2026-04-27,188030529,2860,Sumeru Securities Pvt. Ltd.,Sani Securities Company Ltd.,2026-04-27 13:03:24.724057,Saptakoshi Development Bank Ltd
2026042703003162,SAPDBL,39,17,80,837.1,66968.0,2026-04-27,188030532,2860,Sumeru Securities Pvt. Ltd.,ABC Securities Private Limited,2026-04-27 13:03:24.724331,Saptakoshi Development Bank Ltd
2026042703003165,SAPDBL,46,49,20,836.0,16720.0,2026-04-27,188030604,2860,Kalika Securities Pvt. Ltd.,Online Securities Pvt. Ltd.,2026-04-27 13:03:29.605201,Saptakoshi Development Bank Ltd
2026042703003166,SAPDBL,34,49,40,835.3,33412.0,2026-04-27,188030606,2860,Vision Securities Pvt. Ltd,Online Securities Pvt. Ltd.,2026-04-27 13:03:29.605477,Saptakoshi Development Bank Ltd
2026042703003167,SAPDBL,21,49,30,833.5,25005.0,2026-04-27,188030608,2860,Midas Stock Broking Company Private Limited,Online Securities Pvt. Ltd.,2026-04-27 13:03:29.605612,Saptakoshi Development Bank Ltd
2026042703003168,SAPDBL,16,49,10,833.2,8332.0,2026-04-27,188030609,2860,Primo Securities (PVT) Ltd.,Online Securities Pvt. Ltd.,2026-04-27 13:03:29.605710,Saptakoshi Development Bank Ltd
2026042703003183,SAPDBL,21,17,30,837.1,25113.0,2026-04-27,188030724,2860,Midas Stock Broking Company Private Limited,ABC Securities Private Limited,2026-04-27 13:03:43.909697,Saptakoshi Development Bank Ltd
2026042703003191,SAPDBL,77,17,50,836.9,41845.0,2026-04-27,188030819,2860,Nabil Stock Dealer Ltd.,ABC Securities Private Limited,2026-04-27 13:04:01.200506,Saptakoshi Development Bank Ltd
2026042703003192,SAPDBL,77,42,100,837.0,83700.0,2026-04-27,188030821,2860,Nabil Stock Dealer Ltd.,Sani Securities Company Ltd.,2026-04-27 13:04:01.200968,Saptakoshi Development Bank Ltd
2026042703003193,SAPDBL,77,17,40,837.1,33484.0,2026-04-27,188030823,2860,Nabil Stock Dealer Ltd.,ABC Securities Private Limited,2026-04-27 13:04:01.201271,Saptakoshi Development Bank Ltd
2026042703003194,SAPDBL,77,59,10,837.3,8373.0,2026-04-27,188030825,2860,Nabil Stock Dealer Ltd.,Deevyaa Securities & Stock House Pvt. Ltd,2026-04-27 13:04:01.201577,Saptakoshi Development Bank Ltd
2026042703003195,SAPDBL,77,1,35,838.0,29330.0,2026-04-27,188030827,2860,Nabil Stock Dealer Ltd.,Kumari Securities Private Limited,2026-04-27 13:04:01.201855,Saptakoshi Development Bank Ltd
2026042703003196,SAPDBL,77,21,100,838.2,83820.0,2026-04-27,188030829,2860,Nabil Stock Dealer Ltd.,Midas Stock Broking Company Private Limited,2026-04-27 13:04:01.202145,Saptakoshi Development Bank Ltd
2026042703003197,SAPDBL,77,74,515,838.4,431776.0,2026-04-27,188030832,2860,Nabil Stock Dealer Ltd.,KALASH STOCK MARKET PVT. LTD.,2026-04-27 13:04:01.202439,Saptakoshi Development Bank Ltd
2026042703003232,SAPDBL,49,1,10,837.0,8370.0,2026-04-27,188031423,2860,Online Securities Pvt. Ltd.,Kumari Securities Private Limited,2026-04-27 13:05:11.698535,Saptakoshi Development Bank Ltd
2026042703003233,SAPDBL,49,57,10,837.0,8370.0,2026-04-27,188031427,2860,Online Securities Pvt. Ltd.,Aryatara Investment & Securities,2026-04-27 13:05:12.784932,Saptakoshi Development Bank Ltd
2026042703003235,SAPDBL,49,74,17,837.0,14229.0,2026-04-27,188031458,2860,Online Securities Pvt. Ltd.,KALASH STOCK MARKET PVT. LTD.,2026-04-27 13:05:17.083410,Saptakoshi Development Bank Ltd
2026042703003236,SAPDBL,58,74,20,835.0,16700.0,2026-04-27,188031460,2860,Naasa Securities Co. Ltd.,KALASH STOCK MARKET PVT. LTD.,2026-04-27 13:05:17.083979,Saptakoshi Development Bank Ltd
2026042703003237,SAPDBL,21,74,100,834.0,83400.0,2026-04-27,188031462,2860,Midas Stock Broking Company Private Limited,KALASH STOCK MARKET PVT. LTD.,2026-04-27 13:05:17.084305,Saptakoshi Development Bank Ltd
2026042703003238,SAPDBL,11,74,58,833.2,48325.6,2026-04-27,188031463,2860,Malla & Malla Stock Broking Company Pvt. Limited,KALASH STOCK MARKET PVT. LTD.,2026-04-27 13:05:17.084662,Saptakoshi Development Bank Ltd
2026042703003256,SAPDBL,11,17,20,833.2,16664.0,2026-04-27,188031791,2860,Malla & Malla Stock Broking Company Pvt. Limited,ABC Securities Private Limited,2026-04-27 13:06:00.828882,Saptakoshi Development Bank Ltd
2026042703003264,SAPDBL,11,21,22,833.2,18330.4,2026-04-27,188031908,2860,Malla & Malla Stock Broking Company Pvt. Limited,Midas Stock Broking Company Private Limited,2026-04-27 13:06:11.548155,Saptakoshi Development Bank Ltd
2026042703003265,SAPDBL,39,21,78,832.0,64896.0,2026-04-27,188031909,2860,Sumeru Securities Pvt. Ltd.,Midas Stock Broking Company Private Limited,2026-04-27 13:06:11.548622,Saptakoshi Development Bank Ltd
2026042703003268,SAPDBL,39,74,22,832.0,18304.0,2026-04-27,188032040,2860,Sumeru Securities Pvt. Ltd.,KALASH STOCK MARKET PVT. LTD.,2026-04-27 13:06:24.689958,Saptakoshi Development Bank Ltd
2026042703003283,SAPDBL,46,74,50,832.0,41600.0,2026-04-27,188032312,2860,Kalika Securities Pvt. Ltd.,KALASH STOCK MARKET PVT. LTD.,2026-04-27 13:06:47.738120,Saptakoshi Development Bank Ltd
2026042703003285,SAPDBL,21,74,28,832.0,23296.0,2026-04-27,188032361,2860,Midas Stock Broking Company Private Limited,KALASH STOCK MARKET PVT. LTD.,2026-04-27 13:06:50.264447,Saptakoshi Development Bank Ltd
2026042703003380,SAPDBL,71,89,60,832.1,49926.0,2026-04-27,188033810,2860,SHUBHAKAMANA SECURITIES PVT. LTD,Global IME Securities Limited,2026-04-27 13:09:54.083743,Saptakoshi Development Bank Ltd
2026042703003381,SAPDBL,74,89,200,832.0,166400.0,2026-04-27,188033812,2860,KALASH STOCK MARKET PVT. LTD.,Global IME Securities Limited,2026-04-27 13:09:54.084245,Saptakoshi Development Bank Ltd
2026042703003382,SAPDBL,42,89,10,832.0,8320.0,2026-04-27,188033814,2860,Sani Securities Company Ltd.,Global IME Securities Limited,2026-04-27 13:09:54.084636,Saptakoshi Development Bank Ltd
2026042703003383,SAPDBL,59,89,30,832.0,24960.0,2026-04-27,188033815,2860,Deevyaa Securities & Stock House Pvt. Ltd,Global IME Securities Limited,2026-04-27 13:09:54.084950,Saptakoshi Development Bank Ltd
2026042703003413,SAPDBL,45,42,180,832.1,149778.0,2026-04-27,188034084,2860,Imperial Securities Company Pvt. Ltd.,Sani Securities Company Ltd.,2026-04-27 13:10:33.604067,Saptakoshi Development Bank Ltd
2026042703003414,SAPDBL,59,42,170,832.0,141440.0,2026-04-27,188034086,2860,Deevyaa Securities & Stock House Pvt. Ltd,Sani Securities Company Ltd.,2026-04-27 13:10:33.604323,Saptakoshi Development Bank Ltd
2026042703003433,SAPDBL,58,71,40,829.0,33160.0,2026-04-27,188034237,2860,Naasa Securities Co. Ltd.,SHUBHAKAMANA SECURITIES PVT. LTD,2026-04-27 13:10:59.399610,Saptakoshi Development Bank Ltd
2026042703003444,SAPDBL,18,56,100,830.0,83000.0,2026-04-27,188034434,2860,Sagarmatha Securities Private Limited,Sri Hari Securities Pvt. Ltd.,2026-04-27 13:11:21.678700,Saptakoshi Development Bank Ltd
2026042703003445,SAPDBL,58,56,21,829.0,17409.0,2026-04-27,188034436,2860,Naasa Securities Co. Ltd.,Sri Hari Securities Pvt. Ltd.,2026-04-27 13:11:21.678804,Saptakoshi Development Bank Ltd
2026042703003446,SAPDBL,63,56,384,825.0,316800.0,2026-04-27,188034437,2860,Himalayan Brokerage Company Limited,Sri Hari Securities Pvt. Ltd.,2026-04-27 13:11:21.678861,Saptakoshi Development Bank Ltd
2026042703003450,SAPDBL,49,58,3,824.0,2472.0,2026-04-27,188034529,2860,Online Securities Pvt. Ltd.,Naasa Securities Co. Ltd.,2026-04-27 13:11:29.757115,Saptakoshi Development Bank Ltd
2026042703003455,SAPDBL,63,71,100,825.0,82500.0,2026-04-27,188034567,2860,Himalayan Brokerage Company Limited,SHUBHAKAMANA SECURITIES PVT. LTD,2026-04-27 13:11:40.971086,Saptakoshi Development Bank Ltd
2026042703003474,SAPDBL,63,58,90,825.0,74250.0,2026-04-27,188034907,2860,Himalayan Brokerage Company Limited,Naasa Securities Co. Ltd.,2026-04-27 13:12:30.396420,Saptakoshi Development Bank Ltd
2026042703003483,SAPDBL,63,47,26,825.0,21450.0,2026-04-27,188035086,2860,Himalayan Brokerage Company Limited,Neev Securities Pvt. Ltd.,2026-04-27 13:12:55.371179,Saptakoshi Development Bank Ltd
2026042703003484,SAPDBL,18,47,40,825.0,33000.0,2026-04-27,188035088,2860,Sagarmatha Securities Private Limited,Neev Securities Pvt. Ltd.,2026-04-27 13:12:55.371726,Saptakoshi Development Bank Ltd
2026042703003485,SAPDBL,59,47,34,825.0,28050.0,2026-04-27,188035089,2860,Deevyaa Securities & Stock House Pvt. Ltd,Neev Securities Pvt. Ltd.,2026-04-27 13:12:55.372059,Saptakoshi Development Bank Ltd
2026042703003500,SAPDBL,59,42,66,825.0,54450.0,2026-04-27,188035466,2860,Deevyaa Securities & Stock House Pvt. Ltd,Sani Securities Company Ltd.,2026-04-27 13:13:49.171186,Saptakoshi Development Bank Ltd
2026042703003501,SAPDBL,25,17,100,824.0,82400.0,2026-04-27,188035507,2860,Sweta Securities Private Limited,ABC Securities Private Limited,2026-04-27 13:13:50.210286,Saptakoshi Development Bank Ltd
2026042703003510,SAPDBL,25,42,100,824.0,82400.0,2026-04-27,188035778,2860,Sweta Securities Private Limited,Sani Securities Company Ltd.,2026-04-27 13:14:34.156746,Saptakoshi Development Bank Ltd
2026042703003511,SAPDBL,35,42,100,820.0,82000.0,2026-04-27,188035780,2860,Kohinoor Investment & Securities Pvt. Ltd.,Sani Securities Company Ltd.,2026-04-27 13:14:34.157292,Saptakoshi Development Bank Ltd
2026042703003512,SAPDBL,46,42,10,820.0,8200.0,2026-04-27,188035782,2860,Kalika Securities Pvt. Ltd.,Sani Securities Company Ltd.,2026-04-27 13:14:34.157610,Saptakoshi Development Bank Ltd
2026042703003513,SAPDBL,42,42,20,820.0,16400.0,2026-04-27,188035783,2860,Sani Securities Company Ltd.,Sani Securities Company Ltd.,2026-04-27 13:14:34.157907,Saptakoshi Development Bank Ltd
2026042703003544,SAPDBL,46,34,90,824.0,74160.0,2026-04-27,188036652,2860,Kalika Securities Pvt. Ltd.,Vision Securities Pvt. Ltd,2026-04-27 13:15:59.732781,Saptakoshi Development Bank Ltd
2026042703003563,SAPDBL,36,42,14,823.0,11522.0,2026-04-27,188037154,2860,Secured Securities Ltd.,Sani Securities Company Ltd.,2026-04-27 13:17:06.706799,Saptakoshi Development Bank Ltd
2026042703003577,SAPDBL,74,42,101,823.0,83123.0,2026-04-27,188037449,2860,KALASH STOCK MARKET PVT. LTD.,Sani Securities Company Ltd.,2026-04-27 13:17:38.970138,Saptakoshi Development Bank Ltd
2026042703003578,SAPDBL,74,34,399,824.0,328776.0,2026-04-27,188037452,2860,KALASH STOCK MARKET PVT. LTD.,Vision Securities Pvt. Ltd,2026-04-27 13:17:38.970236,Saptakoshi Development Bank Ltd
2026042703003589,SAPDBL,1,34,10,824.0,8240.0,2026-04-27,188037920,2860,Kumari Securities Private Limited,Vision Securities Pvt. Ltd,2026-04-27 13:18:38.931473,Saptakoshi Development Bank Ltd
2026042703003611,SAPDBL,1,71,10,823.0,8230.0,2026-04-27,188038506,2860,Kumari Securities Private Limited,SHUBHAKAMANA SECURITIES PVT. LTD,2026-04-27 13:19:44.974105,Saptakoshi Development Bank Ltd
2026042703003612,SAPDBL,49,71,29,822.0,23838.0,2026-04-27,188038507,2860,Online Securities Pvt. Ltd.,SHUBHAKAMANA SECURITIES PVT. LTD,2026-04-27 13:19:44.974605,Saptakoshi Development Bank Ltd
2026042703003667,SAPDBL,87,41,10,825.0,8250.0,2026-04-27,188039434,2860,S.P.S.A. Securities Limited,Linch Stock Market Ltd.,2026-04-27 13:21:15.548001,Saptakoshi Development Bank Ltd
2026042703003698,SAPDBL,86,41,40,825.0,33000.0,2026-04-27,188040973,2860,Stoxkarts Securities Limited,Linch Stock Market Ltd.,2026-04-27 13:22:59.409277,Saptakoshi Development Bank Ltd
2026042703003699,SAPDBL,86,62,100,825.0,82500.0,2026-04-27,188040975,2860,Stoxkarts Securities Limited,Capital Max Securities Ltd,2026-04-27 13:22:59.409591,Saptakoshi Development Bank Ltd
2026042703003705,SAPDBL,87,22,10,828.8,8288.0,2026-04-27,188041134,2860,S.P.S.A. Securities Limited,Siprabi Securities Pvt. Ltd.,2026-04-27 13:23:17.528792,Saptakoshi Development Bank Ltd
2026042703003707,SAPDBL,45,22,490,828.8,406112.0,2026-04-27,188041143,2860,Imperial Securities Company Pvt. Ltd.,Siprabi Securities Pvt. Ltd.,2026-04-27 13:23:18.853571,Saptakoshi Development Bank Ltd
2026042703003711,SAPDBL,87,42,10,833.0,8330.0,2026-04-27,188041268,2860,S.P.S.A. Securities Limited,Sani Securities Company Ltd.,2026-04-27 13:23:35.847118,Saptakoshi Development Bank Ltd
2026042703003765,SAPDBL,52,42,15,833.0,12495.0,2026-04-27,188042536,2860,Sundhara Securities Limited,Sani Securities Company Ltd.,2026-04-27 13:25:22.431894,Saptakoshi Development Bank Ltd
2026042703003795,SAPDBL,45,42,225,833.0,187425.0,2026-04-27,188043269,2860,Imperial Securities Company Pvt. Ltd.,Sani Securities Company Ltd.,2026-04-27 13:26:37.864122,Saptakoshi Development Bank Ltd
2026042703003796,SAPDBL,45,1,100,834.0,83400.0,2026-04-27,188043271,2860,Imperial Securities Company Pvt. Ltd.,Kumari Securities Private Limited,2026-04-27 13:26:37.864694,Saptakoshi Development Bank Ltd
2026042703003798,SAPDBL,87,1,10,835.0,8350.0,2026-04-27,188043408,2860,S.P.S.A. Securities Limited,Kumari Securities Private Limited,2026-04-27 13:26:56.346389,Saptakoshi Development Bank Ltd
2026042703003799,SAPDBL,8,1,10,835.0,8350.0,2026-04-27,188043474,2860,Brilliant Securities Pvt. Ltd.,Kumari Securities Private Limited,2026-04-27 13:26:59.066704,Saptakoshi Development Bank Ltd
2026042703003806,SAPDBL,45,58,100,834.0,83400.0,2026-04-27,188043595,2860,Imperial Securities Company Pvt. Ltd.,Naasa Securities Co. Ltd.,2026-04-27 13:27:17.586897,Saptakoshi Development Bank Ltd
2026042703003814,SAPDBL,87,1,10,835.0,8350.0,2026-04-27,188043887,2860,S.P.S.A. Securities Limited,Kumari Securities Private Limited,2026-04-27 13:27:49.479571,Saptakoshi Development Bank Ltd
2026042703003826,SAPDBL,57,1,10,835.0,8350.0,2026-04-27,188044111,2860,Aryatara Investment & Securities,Kumari Securities Private Limited,2026-04-27 13:28:13.372943,Saptakoshi Development Bank Ltd
2026042703003827,SAPDBL,57,42,20,835.0,16700.0,2026-04-27,188044113,2860,Aryatara Investment & Securities,Sani Securities Company Ltd.,2026-04-27 13:28:13.373230,Saptakoshi Development Bank Ltd
2026042703003831,SAPDBL,87,38,10,837.0,8370.0,2026-04-27,188044172,2860,S.P.S.A. Securities Limited,Dipshikha Dhitopatra Karobar Co. Pvt Ltd.,2026-04-27 13:28:18.729463,Saptakoshi Development Bank Ltd
2026042703003840,SAPDBL,58,38,60,837.0,50220.0,2026-04-27,188044444,2860,Naasa Securities Co. Ltd.,Dipshikha Dhitopatra Karobar Co. Pvt Ltd.,2026-04-27 13:28:45.644414,Saptakoshi Development Bank Ltd
2026042703003841,SAPDBL,33,38,10,837.0,8370.0,2026-04-27,188044470,2860,Dakshinkali Investment & Securities Pvt. Ltd.,Dipshikha Dhitopatra Karobar Co. Pvt Ltd.,2026-04-27 13:28:48.244917,Saptakoshi Development Bank Ltd
2026042703003852,SAPDBL,58,38,70,837.0,58590.0,2026-04-27,188044690,2860,Naasa Securities Co. Ltd.,Dipshikha Dhitopatra Karobar Co. Pvt Ltd.,2026-04-27 13:29:08.303969,Saptakoshi Development Bank Ltd
2026042703003856,SAPDBL,57,51,70,837.0,58590.0,2026-04-27,188044888,2860,Aryatara Investment & Securities,Oxford Securities Pvt. Ltd.,2026-04-27 13:29:26.484404,Saptakoshi Development Bank Ltd
2026042703003857,SAPDBL,45,51,30,837.0,25110.0,2026-04-27,188044921,2860,Imperial Securities Company Pvt. Ltd.,Oxford Securities Pvt. Ltd.,2026-04-27 13:29:30.969689,Saptakoshi Development Bank Ltd
2026042703003861,SAPDBL,33,34,1,824.0,824.0,2026-04-27,188044975,2860,Dakshinkali Investment & Securities Pvt. Ltd.,Vision Securities Pvt. Ltd,2026-04-27 13:29:35.446574,Saptakoshi Development Bank Ltd
2026042703003864,SAPDBL,45,86,10,837.9,8379.0,2026-04-27,188044991,2860,Imperial Securities Company Pvt. Ltd.,Stoxkarts Securities Limited,2026-04-27 13:29:39.133504,Saptakoshi Development Bank Ltd
2026042703003865,SAPDBL,45,32,10,838.0,8380.0,2026-04-27,188044993,2860,Imperial Securities Company Pvt. Ltd.,Premier Securities Company Ltd.,2026-04-27 13:29:39.134048,Saptakoshi Development Bank Ltd
2026042703003866,SAPDBL,45,32,65,838.0,54470.0,2026-04-27,188044996,2860,Imperial Securities Company Pvt. Ltd.,Premier Securities Company Ltd.,2026-04-27 13:29:39.134389,Saptakoshi Development Bank Ltd
2026042703003869,SAPDBL,58,32,135,838.0,113130.0,2026-04-27,188045039,2860,Naasa Securities Co. Ltd.,Premier Securities Company Ltd.,2026-04-27 13:29:43.590009,Saptakoshi Development Bank Ltd
2026042703003870,SAPDBL,62,74,35,838.4,29344.0,2026-04-27,188045107,2860,Capital Max Securities Ltd,KALASH STOCK MARKET PVT. LTD.,2026-04-27 13:29:54.020766,Saptakoshi Development Bank Ltd
2026042703003871,SAPDBL,62,41,50,838.8,41940.0,2026-04-27,188045109,2860,Capital Max Securities Ltd,Linch Stock Market Ltd.,2026-04-27 13:29:54.020834,Saptakoshi Development Bank Ltd
2026042703003872,SAPDBL,62,17,415,838.9,348143.5,2026-04-27,188045112,2860,Capital Max Securities Ltd,ABC Securities Private Limited,2026-04-27 13:29:54.020881,Saptakoshi Development Bank Ltd
2026042703003874,SAPDBL,58,5,65,838.0,54470.0,2026-04-27,188045154,2860,Naasa Securities Co. Ltd.,Market Securities & Exchange (PVT) Ltd.,2026-04-27 13:29:58.843066,Saptakoshi Development Bank Ltd
2026042703003875,SAPDBL,45,5,135,837.0,112995.0,2026-04-27,188045155,2860,Imperial Securities Company Pvt. Ltd.,Market Securities & Exchange (PVT) Ltd.,2026-04-27 13:29:58.843613,Saptakoshi Development Bank Ltd
2026042703003879,SAPDBL,87,87,10,838.0,8380.0,2026-04-27,188045216,2860,S.P.S.A. Securities Limited,S.P.S.A. Securities Limited,2026-04-27 13:30:09.424565,Saptakoshi Development Bank Ltd
2026042703003880,SAPDBL,45,45,35,837.0,29295.0,2026-04-27,188045220,2860,Imperial Securities Company Pvt. Ltd.,Imperial Securities Company Pvt. Ltd.,2026-04-27 13:30:10.090057,Saptakoshi Development Bank Ltd
2026042703003881,SAPDBL,42,45,65,836.0,54340.0,2026-04-27,188045221,2860,Sani Securities Company Ltd.,Imperial Securities Company Pvt. Ltd.,2026-04-27 13:30:10.090587,Saptakoshi Development Bank Ltd
2026042703003882,SAPDBL,42,87,35,836.0,29260.0,2026-04-27,188045252,2860,Sani Securities Company Ltd.,S.P.S.A. Securities Limited,2026-04-27 13:30:13.452856,Saptakoshi Development Bank Ltd
2026042703003908,SAPDBL,8,87,10,836.0,8360.0,2026-04-27,188045678,2860,Brilliant Securities Pvt. Ltd.,S.P.S.A. Securities Limited,2026-04-27 13:30:57.861404,Saptakoshi Development Bank Ltd
2026042703004001,SAPDBL,82,87,90,836.0,75240.0,2026-04-27,188047807,2860,N.M.B. SECURITIES LIMITED,S.P.S.A. Securities Limited,2026-04-27 13:34:38.545902,Saptakoshi Development Bank Ltd
2026042703004002,SAPDBL,82,32,910,836.0,760760.0,2026-04-27,188047810,2860,N.M.B. SECURITIES LIMITED,Premier Securities Company Ltd.,2026-04-27 13:34:38.546476,Saptakoshi Development Bank Ltd
2026042703004025,SAPDBL,82,58,90,835.0,75150.0,2026-04-27,188048457,2860,N.M.B. SECURITIES LIMITED,Naasa Securities Co. Ltd.,2026-04-27 13:35:53.094725,Saptakoshi Development Bank Ltd
2026042703004026,SAPDBL,82,86,10,835.9,8359.0,2026-04-27,188048459,2860,N.M.B. SECURITIES LIMITED,Stoxkarts Securities Limited,2026-04-27 13:35:53.095014,Saptakoshi Development Bank Ltd
2026042703004027,SAPDBL,82,32,90,836.0,75240.0,2026-04-27,188048461,2860,N.M.B. SECURITIES LIMITED,Premier Securities Company Ltd.,2026-04-27 13:35:53.095178,Saptakoshi Development Bank Ltd
2026042703004028,SAPDBL,82,42,20,836.0,16720.0,2026-04-27,188048463,2860,N.M.B. SECURITIES LIMITED,Sani Securities Company Ltd.,2026-04-27 13:35:53.095307,Saptakoshi Development Bank Ltd
2026042703004031,SAPDBL,82,6,10,836.0,8360.0,2026-04-27,188048561,2860,N.M.B. SECURITIES LIMITED,Agrawal Securities (PVT) Ltd.,2026-04-27 13:36:04.461669,Saptakoshi Development Bank Ltd
2026042703004033,SAPDBL,87,87,10,838.0,8380.0,2026-04-27,188048620,2860,S.P.S.A. Securities Limited,S.P.S.A. Securities Limited,2026-04-27 13:36:12.660552,Saptakoshi Development Bank Ltd
2026042703004049,SAPDBL,82,28,30,836.0,25080.0,2026-04-27,188049161,2860,N.M.B. SECURITIES LIMITED,Shree Krishna Securities Ltd.,2026-04-27 13:37:17.459979,Saptakoshi Development Bank Ltd
2026042703004056,SAPDBL,87,86,10,837.9,8379.0,2026-04-27,188049300,2860,S.P.S.A. Securities Limited,Stoxkarts Securities Limited,2026-04-27 13:37:33.448942,Saptakoshi Development Bank Ltd
2026042703004057,SAPDBL,82,87,750,836.0,627000.0,2026-04-27,188049314,2860,N.M.B. SECURITIES LIMITED,S.P.S.A. Securities Limited,2026-04-27 13:37:35.300363,Saptakoshi Development Bank Ltd
2026042703004058,SAPDBL,58,87,100,836.0,83600.0,2026-04-27,188049315,2860,Naasa Securities Co. Ltd.,S.P.S.A. Securities Limited,2026-04-27 13:37:35.300906,Saptakoshi Development Bank Ltd
2026042703004084,SAPDBL,87,17,10,838.0,8380.0,2026-04-27,188049767,2860,S.P.S.A. Securities Limited,ABC Securities Private Limited,2026-04-27 13:38:27.734935,Saptakoshi Development Bank Ltd
2026042703004085,SAPDBL,87,22,10,838.0,8380.0,2026-04-27,188049769,2860,S.P.S.A. Securities Limited,Siprabi Securities Pvt. Ltd.,2026-04-27 13:38:27.735044,Saptakoshi Development Bank Ltd
2026042703004086,SAPDBL,87,86,10,838.8,8388.0,2026-04-27,188049772,2860,S.P.S.A. Securities Limited,Stoxkarts Securities Limited,2026-04-27 13:38:27.735129,Saptakoshi Development Bank Ltd
2026042703004089,SAPDBL,59,17,85,838.9,71306.5,2026-04-27,188049901,2860,Deevyaa Securities & Stock House Pvt. Ltd,ABC Securities Private Limited,2026-04-27 13:38:45.591894,Saptakoshi Development Bank Ltd
2026042703004090,SAPDBL,59,66,100,838.9,83890.0,2026-04-27,188049903,2860,Deevyaa Securities & Stock House Pvt. Ltd,Miyo Securities Pvt Ltd,2026-04-27 13:38:45.592184,Saptakoshi Development Bank Ltd
2026042703004091,SAPDBL,59,16,10,839.0,8390.0,2026-04-27,188049905,2860,Deevyaa Securities & Stock House Pvt. Ltd,Primo Securities (PVT) Ltd.,2026-04-27 13:38:45.592306,Saptakoshi Development Bank Ltd
2026042703004092,SAPDBL,59,41,50,839.0,41950.0,2026-04-27,188049907,2860,Deevyaa Securities & Stock House Pvt. Ltd,Linch Stock Market Ltd.,2026-04-27 13:38:45.592441,Saptakoshi Development Bank Ltd
2026042703004096,SAPDBL,87,41,10,839.4,8394.0,2026-04-27,188049996,2860,S.P.S.A. Securities Limited,Linch Stock Market Ltd.,2026-04-27 13:38:55.592922,Saptakoshi Development Bank Ltd
2026042703004100,SAPDBL,43,41,40,839.4,33576.0,2026-04-27,188050031,2860,South Asian Bulls Pvt. Ltd.,Linch Stock Market Ltd.,2026-04-27 13:38:59.704871,Saptakoshi Development Bank Ltd
2026042703004101,SAPDBL,43,38,460,840.0,386400.0,2026-04-27,188050034,2860,South Asian Bulls Pvt. Ltd.,Dipshikha Dhitopatra Karobar Co. Pvt Ltd.,2026-04-27 13:38:59.705177,Saptakoshi Development Bank Ltd
2026042703004123,SAPDBL,43,38,240,840.0,201600.0,2026-04-27,188050317,2860,South Asian Bulls Pvt. Ltd.,Dipshikha Dhitopatra Karobar Co. Pvt Ltd.,2026-04-27 13:39:32.557638,Saptakoshi Development Bank Ltd
2026042703004124,SAPDBL,43,43,100,840.0,84000.0,2026-04-27,188050319,2860,South Asian Bulls Pvt. Ltd.,South Asian Bulls Pvt. Ltd.,2026-04-27 13:39:32.558205,Saptakoshi Development Bank Ltd
2026042703004125,SAPDBL,43,87,15,840.0,12600.0,2026-04-27,188050321,2860,South Asian Bulls Pvt. Ltd.,S.P.S.A. Securities Limited,2026-04-27 13:39:32.558557,Saptakoshi Development Bank Ltd
2026042703004126,SAPDBL,43,44,14,840.0,11760.0,2026-04-27,188050323,2860,South Asian Bulls Pvt. Ltd.,Dynamic Money Managers Securities Pvt. Ltd.,2026-04-27 13:39:32.558898,Saptakoshi Development Bank Ltd
2026042703004127,SAPDBL,43,21,131,842.0,110302.0,2026-04-27,188050326,2860,South Asian Bulls Pvt. Ltd.,Midas Stock Broking Company Private Limited,2026-04-27 13:39:32.559257,Saptakoshi Development Bank Ltd
2026042703004144,SAPDBL,48,17,20,841.0,16820.0,2026-04-27,188050521,2860,Trishakti Securities Public Limited,ABC Securities Private Limited,2026-04-27 13:39:59.482156,Saptakoshi Development Bank Ltd
2026042703004145,SAPDBL,48,21,19,842.0,15998.0,2026-04-27,188050523,2860,Trishakti Securities Public Limited,Midas Stock Broking Company Private Limited,2026-04-27 13:39:59.482694,Saptakoshi Development Bank Ltd
2026042703004146,SAPDBL,48,49,461,842.0,388162.0,2026-04-27,188050526,2860,Trishakti Securities Public Limited,Online Securities Pvt. Ltd.,2026-04-27 13:39:59.483060,Saptakoshi Development Bank Ltd
2026042703004267,SAPDBL,95,87,150,839.0,125850.0,2026-04-27,188052888,2860,Magnet Securities and Investment Company Private Limited,S.P.S.A. Securities Limited,2026-04-27 13:44:37.741927,Saptakoshi Development Bank Ltd
2026042703004411,SAPDBL,48,1,10,838.9,8389.0,2026-04-27,188055621,2860,Trishakti Securities Public Limited,Kumari Securities Private Limited,2026-04-27 13:48:53.399352,Saptakoshi Development Bank Ltd
2026042703004412,SAPDBL,48,87,90,839.0,75510.0,2026-04-27,188055624,2860,Trishakti Securities Public Limited,S.P.S.A. Securities Limited,2026-04-27 13:48:53.399926,Saptakoshi Development Bank Ltd
2026042703004418,SAPDBL,48,87,100,839.0,83900.0,2026-04-27,188055712,2860,Trishakti Securities Public Limited,S.P.S.A. Securities Limited,2026-04-27 13:49:04.137675,Saptakoshi Development Bank Ltd
2026042703004482,SAPDBL,86,35,100,838.0,83800.0,2026-04-27,188057085,2860,Stoxkarts Securities Limited,Kohinoor Investment & Securities Pvt. Ltd.,2026-04-27 13:51:33.002118,Saptakoshi Development Bank Ltd
2026042703004489,SAPDBL,87,87,10,839.0,8390.0,2026-04-27,188057172,2860,S.P.S.A. Securities Limited,S.P.S.A. Securities Limited,2026-04-27 13:51:43.018701,Saptakoshi Development Bank Ltd
2026042703004497,SAPDBL,86,74,50,838.0,41900.0,2026-04-27,188057409,2860,Stoxkarts Securities Limited,KALASH STOCK MARKET PVT. LTD.,2026-04-27 13:52:03.370357,Saptakoshi Development Bank Ltd
2026042703004501,SAPDBL,14,87,40,839.0,33560.0,2026-04-27,188057473,2860,Nepal Stock House (PVT) Ltd.,S.P.S.A. Securities Limited,2026-04-27 13:52:08.266740,Saptakoshi Development Bank Ltd
2026042703004502,SAPDBL,14,45,95,839.0,79705.0,2026-04-27,188057505,2860,Nepal Stock House (PVT) Ltd.,Imperial Securities Company Pvt. Ltd.,2026-04-27 13:52:13.429006,Saptakoshi Development Bank Ltd
2026042703004505,SAPDBL,87,86,10,839.8,8398.0,2026-04-27,188057548,2860,S.P.S.A. Securities Limited,Stoxkarts Securities Limited,2026-04-27 13:52:17.869269,Saptakoshi Development Bank Ltd
2026042703004509,SAPDBL,48,17,50,840.0,42000.0,2026-04-27,188057574,2860,Trishakti Securities Public Limited,ABC Securities Private Limited,2026-04-27 13:52:24.955645,Saptakoshi Development Bank Ltd
2026042703004518,SAPDBL,87,56,10,841.8,8418.0,2026-04-27,188057642,2860,S.P.S.A. Securities Limited,Sri Hari Securities Pvt. Ltd.,2026-04-27 13:52:32.596176,Saptakoshi Development Bank Ltd
2026042703004519,SAPDBL,48,56,390,841.8,328302.0,2026-04-27,188057647,2860,Trishakti Securities Public Limited,Sri Hari Securities Pvt. Ltd.,2026-04-27 13:52:32.708607,Saptakoshi Development Bank Ltd
2026042703004520,SAPDBL,48,86,10,841.9,8419.0,2026-04-27,188057649,2860,Trishakti Securities Public Limited,Stoxkarts Securities Limited,2026-04-27 13:52:32.709185,Saptakoshi Development Bank Ltd
2026042703004521,SAPDBL,48,88,20,841.9,16838.0,2026-04-27,188057651,2860,Trishakti Securities Public Limited,Blue Chip Securities Ltd,2026-04-27 13:52:32.709540,Saptakoshi Development Bank Ltd
2026042703004522,SAPDBL,48,49,80,842.0,67360.0,2026-04-27,188057654,2860,Trishakti Securities Public Limited,Online Securities Pvt. Ltd.,2026-04-27 13:52:32.709918,Saptakoshi Development Bank Ltd
2026042703004533,SAPDBL,14,35,35,839.0,29365.0,2026-04-27,188057949,2860,Nepal Stock House (PVT) Ltd.,Kohinoor Investment & Securities Pvt. Ltd.,2026-04-27 13:53:02.777302,Saptakoshi Development Bank Ltd
2026042703004537,SAPDBL,47,74,50,841.0,42050.0,2026-04-27,188058039,2860,Neev Securities Pvt. Ltd.,KALASH STOCK MARKET PVT. LTD.,2026-04-27 13:53:17.558084,Saptakoshi Development Bank Ltd
2026042703004538,SAPDBL,47,57,20,841.0,16820.0,2026-04-27,188058041,2860,Neev Securities Pvt. Ltd.,Aryatara Investment & Securities,2026-04-27 13:53:17.558827,Saptakoshi Development Bank Ltd
2026042703004539,SAPDBL,47,49,159,842.0,133878.0,2026-04-27,188058043,2860,Neev Securities Pvt. Ltd.,Online Securities Pvt. Ltd.,2026-04-27 13:53:17.559526,Saptakoshi Development Bank Ltd
2026042703004540,SAPDBL,47,33,65,842.0,54730.0,2026-04-27,188058045,2860,Neev Securities Pvt. Ltd.,Dakshinkali Investment & Securities Pvt. Ltd.,2026-04-27 13:53:17.560139,Saptakoshi Development Bank Ltd
2026042703004541,SAPDBL,47,32,10,842.0,8420.0,2026-04-27,188058047,2860,Neev Securities Pvt. Ltd.,Premier Securities Company Ltd.,2026-04-27 13:53:17.560670,Saptakoshi Development Bank Ltd
2026042703004542,SAPDBL,47,51,96,842.0,80832.0,2026-04-27,188058050,2860,Neev Securities Pvt. Ltd.,Oxford Securities Pvt. Ltd.,2026-04-27 13:53:17.561125,Saptakoshi Development Bank Ltd
2026042703004544,SAPDBL,87,51,10,842.0,8420.0,2026-04-27,188058054,2860,S.P.S.A. Securities Limited,Oxford Securities Pvt. Ltd.,2026-04-27 13:53:18.228546,Saptakoshi Development Bank Ltd
2026042703004553,SAPDBL,46,42,100,842.0,84200.0,2026-04-27,188058222,2860,Kalika Securities Pvt. Ltd.,Sani Securities Company Ltd.,2026-04-27 13:53:42.367089,Saptakoshi Development Bank Ltd
2026042703004554,SAPDBL,47,42,40,842.0,33680.0,2026-04-27,188058227,2860,Neev Securities Pvt. Ltd.,Sani Securities Company Ltd.,2026-04-27 13:53:42.631218,Saptakoshi Development Bank Ltd
2026042703004555,SAPDBL,47,16,10,842.0,8420.0,2026-04-27,188058229,2860,Neev Securities Pvt. Ltd.,Primo Securities (PVT) Ltd.,2026-04-27 13:53:42.631775,Saptakoshi Development Bank Ltd
2026042703004557,SAPDBL,87,74,10,843.0,8430.0,2026-04-27,188058260,2860,S.P.S.A. Securities Limited,KALASH STOCK MARKET PVT. LTD.,2026-04-27 13:53:48.897307,Saptakoshi Development Bank Ltd
2026042703004559,SAPDBL,46,74,70,843.0,59010.0,2026-04-27,188058280,2860,Kalika Securities Pvt. Ltd.,KALASH STOCK MARKET PVT. LTD.,2026-04-27 13:53:52.828406,Saptakoshi Development Bank Ltd
2026042703004563,SAPDBL,32,74,10,843.0,8430.0,2026-04-27,188058474,2860,Premier Securities Company Ltd.,KALASH STOCK MARKET PVT. LTD.,2026-04-27 13:54:11.069853,Saptakoshi Development Bank Ltd
2026042703004565,SAPDBL,32,74,10,843.0,8430.0,2026-04-27,188058666,2860,Premier Securities Company Ltd.,KALASH STOCK MARKET PVT. LTD.,2026-04-27 13:54:29.780645,Saptakoshi Development Bank Ltd
2026042703004570,SAPDBL,47,16,50,842.0,42100.0,2026-04-27,188058889,2860,Neev Securities Pvt. Ltd.,Primo Securities (PVT) Ltd.,2026-04-27 13:54:50.411371,Saptakoshi Development Bank Ltd
2026042703004584,SAPDBL,87,42,11,842.9,9271.9,2026-04-27,188059026,2860,S.P.S.A. Securities Limited,Sani Securities Company Ltd.,2026-04-27 13:55:13.567667,Saptakoshi Development Bank Ltd
2026042703004591,SAPDBL,43,1,30,842.9,25287.0,2026-04-27,188059095,2860,South Asian Bulls Pvt. Ltd.,Kumari Securities Private Limited,2026-04-27 13:55:24.938841,Saptakoshi Development Bank Ltd
2026042703004592,SAPDBL,43,74,150,843.0,126450.0,2026-04-27,188059098,2860,South Asian Bulls Pvt. Ltd.,KALASH STOCK MARKET PVT. LTD.,2026-04-27 13:55:24.939230,Saptakoshi Development Bank Ltd
2026042703004603,SAPDBL,86,74,210,843.0,177030.0,2026-04-27,188059412,2860,Stoxkarts Securities Limited,KALASH STOCK MARKET PVT. LTD.,2026-04-27 13:55:58.267740,Saptakoshi Development Bank Ltd
2026042703004608,SAPDBL,57,74,40,843.0,33720.0,2026-04-27,188059601,2860,Aryatara Investment & Securities,KALASH STOCK MARKET PVT. LTD.,2026-04-27 13:56:34.764880,Saptakoshi Development Bank Ltd
2026042703004609,SAPDBL,57,42,10,843.0,8430.0,2026-04-27,188059604,2860,Aryatara Investment & Securities,Sani Securities Company Ltd.,2026-04-27 13:56:34.765504,Saptakoshi Development Bank Ltd
2026042703004611,SAPDBL,45,42,10,843.0,8430.0,2026-04-27,188059644,2860,Imperial Securities Company Pvt. Ltd.,Sani Securities Company Ltd.,2026-04-27 13:56:40.417167,Saptakoshi Development Bank Ltd
2026042703004617,SAPDBL,35,43,10,842.5,8425.0,2026-04-27,188059829,2860,Kohinoor Investment & Securities Pvt. Ltd.,South Asian Bulls Pvt. Ltd.,2026-04-27 13:57:00.933786,Saptakoshi Development Bank Ltd
2026042703004619,SAPDBL,86,101,200,843.0,168600.0,2026-04-27,188059872,2860,Stoxkarts Securities Limited,APPLE SECURITIES PRIVATE LIMITED,2026-04-27 13:57:08.373475,Saptakoshi Development Bank Ltd
2026042703004622,SAPDBL,87,59,10,844.0,8440.0,2026-04-27,188059899,2860,S.P.S.A. Securities Limited,Deevyaa Securities & Stock House Pvt. Ltd,2026-04-27 13:57:12.147786,Saptakoshi Development Bank Ltd
2026042703004624,SAPDBL,87,1,10,844.0,8440.0,2026-04-27,188059939,2860,S.P.S.A. Securities Limited,Kumari Securities Private Limited,2026-04-27 13:57:15.902008,Saptakoshi Development Bank Ltd
2026042703004625,SAPDBL,87,42,10,845.0,8450.0,2026-04-27,188059942,2860,S.P.S.A. Securities Limited,Sani Securities Company Ltd.,2026-04-27 13:57:15.902134,Saptakoshi Development Bank Ltd
2026042703004626,SAPDBL,38,64,20,841.0,16820.0,2026-04-27,188059946,2860,Dipshikha Dhitopatra Karobar Co. Pvt Ltd.,SUN SECURITIES PVT LTD,2026-04-27 13:57:16.628897,Saptakoshi Development Bank Ltd
2026042703004627,SAPDBL,48,64,20,840.0,16800.0,2026-04-27,188059947,2860,Trishakti Securities Public Limited,SUN SECURITIES PVT LTD,2026-04-27 13:57:16.629570,Saptakoshi Development Bank Ltd
2026042703004628,SAPDBL,87,28,10,844.0,8440.0,2026-04-27,188059980,2860,S.P.S.A. Securities Limited,Shree Krishna Securities Ltd.,2026-04-27 13:57:23.157164,Saptakoshi Development Bank Ltd
2026042703004638,SAPDBL,34,28,50,844.0,42200.0,2026-04-27,188060022,2860,Vision Securities Pvt. Ltd,Shree Krishna Securities Ltd.,2026-04-27 13:57:30.724125,Saptakoshi Development Bank Ltd
2026042703004695,SAPDBL,25,16,100,840.0,84000.0,2026-04-27,188060649,2860,Sweta Securities Private Limited,Primo Securities (PVT) Ltd.,2026-04-27 13:58:39.629267,Saptakoshi Development Bank Ltd
2026042703004696,SAPDBL,25,25,100,840.0,84000.0,2026-04-27,188060679,2860,Sweta Securities Private Limited,Sweta Securities Private Limited,2026-04-27 13:58:44.384812,Saptakoshi Development Bank Ltd
2026042703004697,SAPDBL,81,88,24,840.0,20160.0,2026-04-27,188060690,2860,Aakashbhairab Securities Ltd.,Blue Chip Securities Ltd,2026-04-27 13:58:45.901269,Saptakoshi Development Bank Ltd
2026042703004698,SAPDBL,48,88,130,840.0,109200.0,2026-04-27,188060692,2860,Trishakti Securities Public Limited,Blue Chip Securities Ltd,2026-04-27 13:58:45.901558,Saptakoshi Development Bank Ltd
2026042703004710,SAPDBL,35,88,346,840.0,290640.0,2026-04-27,188061090,2860,Kohinoor Investment & Securities Pvt. Ltd.,Blue Chip Securities Ltd,2026-04-27 13:59:37.890825,Saptakoshi Development Bank Ltd
2026042703004720,SAPDBL,87,45,10,840.9,8409.0,2026-04-27,188061374,2860,S.P.S.A. Securities Limited,Imperial Securities Company Pvt. Ltd.,2026-04-27 14:00:03.902864,Saptakoshi Development Bank Ltd
2026042703004743,SAPDBL,48,88,10,840.0,8400.0,2026-04-27,188061782,2860,Trishakti Securities Public Limited,Blue Chip Securities Ltd,2026-04-27 14:00:57.117273,Saptakoshi Development Bank Ltd
2026042703004744,SAPDBL,34,88,50,840.0,42000.0,2026-04-27,188061784,2860,Vision Securities Pvt. Ltd,Blue Chip Securities Ltd,2026-04-27 14:00:57.117848,Saptakoshi Development Bank Ltd
2026042703004749,SAPDBL,14,44,130,839.0,109070.0,2026-04-27,188061858,2860,Nepal Stock House (PVT) Ltd.,Dynamic Money Managers Securities Pvt. Ltd.,2026-04-27 14:01:08.650700,Saptakoshi Development Bank Ltd
2026042703004750,SAPDBL,87,44,370,839.0,310430.0,2026-04-27,188061859,2860,S.P.S.A. Securities Limited,Dynamic Money Managers Securities Pvt. Ltd.,2026-04-27 14:01:08.651276,Saptakoshi Development Bank Ltd
2026042703004764,SAPDBL,38,88,50,840.0,42000.0,2026-04-27,188062072,2860,Dipshikha Dhitopatra Karobar Co. Pvt Ltd.,Blue Chip Securities Ltd,2026-04-27 14:01:26.390379,Saptakoshi Development Bank Ltd
2026042703004767,SAPDBL,29,88,390,840.0,327600.0,2026-04-27,188062097,2860,Trisul Securities & Invt. Ltd.,Blue Chip Securities Ltd,2026-04-27 14:01:30.024993,Saptakoshi Development Bank Ltd
2026042703004784,SAPDBL,29,44,10,840.0,8400.0,2026-04-27,188062517,2860,Trisul Securities & Invt. Ltd.,Dynamic Money Managers Securities Pvt. Ltd.,2026-04-27 14:02:26.098475,Saptakoshi Development Bank Ltd
2026042703004787,SAPDBL,29,44,10,840.0,8400.0,2026-04-27,188062653,2860,Trisul Securities & Invt. Ltd.,Dynamic Money Managers Securities Pvt. Ltd.,2026-04-27 14:02:40.587927,Saptakoshi Development Bank Ltd
2026042703004799,SAPDBL,87,45,10,840.8,8408.0,2026-04-27,188062860,2860,S.P.S.A. Securities Limited,Imperial Securities Company Pvt. Ltd.,2026-04-27 14:03:10.586388,Saptakoshi Development Bank Ltd
2026042703004809,SAPDBL,29,74,40,840.0,33600.0,2026-04-27,188063190,2860,Trisul Securities & Invt. Ltd.,KALASH STOCK MARKET PVT. LTD.,2026-04-27 14:03:50.361146,Saptakoshi Development Bank Ltd
2026042703004810,SAPDBL,58,74,14,840.0,11760.0,2026-04-27,188063192,2860,Naasa Securities Co. Ltd.,KALASH STOCK MARKET PVT. LTD.,2026-04-27 14:03:50.361758,Saptakoshi Development Bank Ltd
2026042703004811,SAPDBL,29,74,50,840.0,42000.0,2026-04-27,188063194,2860,Trisul Securities & Invt. Ltd.,KALASH STOCK MARKET PVT. LTD.,2026-04-27 14:03:50.362153,Saptakoshi Development Bank Ltd
2026042703004827,SAPDBL,65,74,96,839.1,80553.6,2026-04-27,188063399,2860,Sharepro Securities Private Limited,KALASH STOCK MARKET PVT. LTD.,2026-04-27 14:04:20.263600,Saptakoshi Development Bank Ltd
2026042703004842,SAPDBL,47,88,200,840.0,168000.0,2026-04-27,188063752,2860,Neev Securities Pvt. Ltd.,Blue Chip Securities Ltd,2026-04-27 14:04:58.596474,Saptakoshi Development Bank Ltd
2026042703004846,SAPDBL,29,88,360,840.0,302400.0,2026-04-27,188064218,2860,Trisul Securities & Invt. Ltd.,Blue Chip Securities Ltd,2026-04-27 14:05:14.673565,Saptakoshi Development Bank Ltd
2026042703004847,SAPDBL,29,64,30,840.0,25200.0,2026-04-27,188064221,2860,Trisul Securities & Invt. Ltd.,SUN SECURITIES PVT LTD,2026-04-27 14:05:14.673862,Saptakoshi Development Bank Ltd
2026042703004858,SAPDBL,29,39,110,840.0,92400.0,2026-04-27,188064346,2860,Trisul Securities & Invt. Ltd.,Sumeru Securities Pvt. Ltd.,2026-04-27 14:05:29.726808,Saptakoshi Development Bank Ltd
2026042703004859,SAPDBL,48,39,30,840.0,25200.0,2026-04-27,188064348,2860,Trishakti Securities Public Limited,Sumeru Securities Pvt. Ltd.,2026-04-27 14:05:29.727143,Saptakoshi Development Bank Ltd
2026042703004860,SAPDBL,65,39,60,839.1,50346.0,2026-04-27,188064349,2860,Sharepro Securities Private Limited,Sumeru Securities Pvt. Ltd.,2026-04-27 14:05:29.727277,Saptakoshi Development Bank Ltd
2026042703004861,SAPDBL,87,45,21,840.8,17656.8,2026-04-27,188064354,2860,S.P.S.A. Securities Limited,Imperial Securities Company Pvt. Ltd.,2026-04-27 14:05:30.062388,Saptakoshi Development Bank Ltd
2026042703004862,SAPDBL,87,28,11,844.0,9284.0,2026-04-27,188064386,2860,S.P.S.A. Securities Limited,Shree Krishna Securities Ltd.,2026-04-27 14:05:32.857979,Saptakoshi Development Bank Ltd
2026042703004898,SAPDBL,58,34,10,844.0,8440.0,2026-04-27,188065173,2860,Naasa Securities Co. Ltd.,Vision Securities Pvt. Ltd,2026-04-27 14:07:13.038585,Saptakoshi Development Bank Ltd
2026042703004899,SAPDBL,58,64,10,844.0,8440.0,2026-04-27,188065175,2860,Naasa Securities Co. Ltd.,SUN SECURITIES PVT LTD,2026-04-27 14:07:13.038884,Saptakoshi Development Bank Ltd
2026042703004900,SAPDBL,58,26,10,844.0,8440.0,2026-04-27,188065177,2860,Naasa Securities Co. Ltd.,Asian Securities Private Ltd.,2026-04-27 14:07:13.039016,Saptakoshi Development Bank Ltd
2026042703004901,SAPDBL,58,32,10,844.0,8440.0,2026-04-27,188065179,2860,Naasa Securities Co. Ltd.,Premier Securities Company Ltd.,2026-04-27 14:07:13.039156,Saptakoshi Development Bank Ltd
2026042703004902,SAPDBL,58,26,20,844.0,16880.0,2026-04-27,188065181,2860,Naasa Securities Co. Ltd.,Asian Securities Private Ltd.,2026-04-27 14:07:13.039278,Saptakoshi Development Bank Ltd
2026042703004903,SAPDBL,58,56,82,844.4,69240.8,2026-04-27,188065184,2860,Naasa Securities Co. Ltd.,Sri Hari Securities Pvt. Ltd.,2026-04-27 14:07:13.039400,Saptakoshi Development Bank Ltd
2026042703004960,SAPDBL,29,34,50,840.0,42000.0,2026-04-27,188066014,2860,Trisul Securities & Invt. Ltd.,Vision Securities Pvt. Ltd,2026-04-27 14:08:48.442439,Saptakoshi Development Bank Ltd
2026042703004961,SAPDBL,42,34,150,840.0,126000.0,2026-04-27,188066015,2860,Sani Securities Company Ltd.,Vision Securities Pvt. Ltd,2026-04-27 14:08:48.442770,Saptakoshi Development Bank Ltd
2026042703004969,SAPDBL,62,88,13,842.9,10957.7,2026-04-27,188066176,2860,Capital Max Securities Ltd,Blue Chip Securities Ltd,2026-04-27 14:09:00.011270,Saptakoshi Development Bank Ltd
2026042703005001,SAPDBL,29,88,400,840.0,336000.0,2026-04-27,188066880,2860,Trisul Securities & Invt. Ltd.,Blue Chip Securities Ltd,2026-04-27 14:10:15.819323,Saptakoshi Development Bank Ltd
2026042703005009,SAPDBL,48,88,50,840.0,42000.0,2026-04-27,188067004,2860,Trishakti Securities Public Limited,Blue Chip Securities Ltd,2026-04-27 14:10:35.710008,Saptakoshi Development Bank Ltd
2026042703005012,SAPDBL,87,22,10,842.0,8420.0,2026-04-27,188067224,2860,S.P.S.A. Securities Limited,Siprabi Securities Pvt. Ltd.,2026-04-27 14:10:54.110534,Saptakoshi Development Bank Ltd
2026042703005039,SAPDBL,87,16,10,842.8,8428.0,2026-04-27,188067754,2860,S.P.S.A. Securities Limited,Primo Securities (PVT) Ltd.,2026-04-27 14:11:46.317904,Saptakoshi Development Bank Ltd
2026042703005040,SAPDBL,11,42,20,840.0,16800.0,2026-04-27,188067763,2860,Malla & Malla Stock Broking Company Pvt. Limited,Sani Securities Company Ltd.,2026-04-27 14:11:47.948646,Saptakoshi Development Bank Ltd
2026042703005059,SAPDBL,87,88,10,842.0,8420.0,2026-04-27,188068008,2860,S.P.S.A. Securities Limited,Blue Chip Securities Ltd,2026-04-27 14:12:16.020250,Saptakoshi Development Bank Ltd
2026042703005102,SAPDBL,11,40,80,840.0,67200.0,2026-04-27,188069006,2860,Malla & Malla Stock Broking Company Pvt. Limited,Creative Securities Pvt Ltd,2026-04-27 14:13:32.444242,Saptakoshi Development Bank Ltd
2026042703005103,SAPDBL,59,40,500,840.0,420000.0,2026-04-27,188069008,2860,Deevyaa Securities & Stock House Pvt. Ltd,Creative Securities Pvt Ltd,2026-04-27 14:13:32.444835,Saptakoshi Development Bank Ltd
2026042703005104,SAPDBL,46,40,620,840.0,520800.0,2026-04-27,188069009,2860,Kalika Securities Pvt. Ltd.,Creative Securities Pvt Ltd,2026-04-27 14:13:32.445303,Saptakoshi Development Bank Ltd
2026042703005108,SAPDBL,95,88,150,842.0,126300.0,2026-04-27,188069208,2860,Magnet Securities and Investment Company Private Limited,Blue Chip Securities Ltd,2026-04-27 14:13:47.665256,Saptakoshi Development Bank Ltd
2026042703005110,SAPDBL,87,88,10,842.0,8420.0,2026-04-27,188069250,2860,S.P.S.A. Securities Limited,Blue Chip Securities Ltd,2026-04-27 14:13:51.911448,Saptakoshi Development Bank Ltd
2026042703005125,SAPDBL,56,88,30,842.0,25260.0,2026-04-27,188069741,2860,Sri Hari Securities Pvt. Ltd.,Blue Chip Securities Ltd,2026-04-27 14:14:48.561696,Saptakoshi Development Bank Ltd
2026042703005126,SAPDBL,56,87,200,842.0,168400.0,2026-04-27,188069743,2860,Sri Hari Securities Pvt. Ltd.,S.P.S.A. Securities Limited,2026-04-27 14:14:48.562097,Saptakoshi Development Bank Ltd
2026042703005129,SAPDBL,87,16,10,842.8,8428.0,2026-04-27,188069838,2860,S.P.S.A. Securities Limited,Primo Securities (PVT) Ltd.,2026-04-27 14:14:57.981388,Saptakoshi Development Bank Ltd
2026042703005151,SAPDBL,56,58,10,842.0,8420.0,2026-04-27,188070064,2860,Sri Hari Securities Pvt. Ltd.,Naasa Securities Co. Ltd.,2026-04-27 14:15:22.405979,Saptakoshi Development Bank Ltd
2026042703005159,SAPDBL,56,57,50,842.0,42100.0,2026-04-27,188070197,2860,Sri Hari Securities Pvt. Ltd.,Aryatara Investment & Securities,2026-04-27 14:15:34.891534,Saptakoshi Development Bank Ltd
2026042703005182,SAPDBL,87,16,10,842.8,8428.0,2026-04-27,188070522,2860,S.P.S.A. Securities Limited,Primo Securities (PVT) Ltd.,2026-04-27 14:16:01.782382,Saptakoshi Development Bank Ltd
2026042703005194,SAPDBL,21,54,500,842.1,421050.0,2026-04-27,188070749,2860,Midas Stock Broking Company Private Limited,Sewa Securities Pvt. Ltd.,2026-04-27 14:16:25.463308,Saptakoshi Development Bank Ltd
2026042703005217,SAPDBL,87,16,10,842.8,8428.0,2026-04-27,188071120,2860,S.P.S.A. Securities Limited,Primo Securities (PVT) Ltd.,2026-04-27 14:17:08.937602,Saptakoshi Development Bank Ltd
2026042703005222,SAPDBL,38,91,100,842.2,84220.0,2026-04-27,188071294,2860,Dipshikha Dhitopatra Karobar Co. Pvt Ltd.,Citizens Share Broker Limited,2026-04-27 14:17:25.929336,Saptakoshi Development Bank Ltd
2026042703005223,SAPDBL,87,91,400,842.1,336840.0,2026-04-27,188071295,2860,S.P.S.A. Securities Limited,Citizens Share Broker Limited,2026-04-27 14:17:25.929715,Saptakoshi Development Bank Ltd
2026042703005260,SAPDBL,87,16,10,842.8,8428.0,2026-04-27,188071762,2860,S.P.S.A. Securities Limited,Primo Securities (PVT) Ltd.,2026-04-27 14:18:13.365890,Saptakoshi Development Bank Ltd
2026042703005264,SAPDBL,56,16,50,842.8,42140.0,2026-04-27,188071891,2860,Sri Hari Securities Pvt. Ltd.,Primo Securities (PVT) Ltd.,2026-04-27 14:18:24.237219,Saptakoshi Development Bank Ltd
2026042703005265,SAPDBL,56,87,160,842.8,134848.0,2026-04-27,188071894,2860,Sri Hari Securities Pvt. Ltd.,S.P.S.A. Securities Limited,2026-04-27 14:18:24.237575,Saptakoshi Development Bank Ltd
2026042703005269,SAPDBL,87,91,500,842.3,421150.0,2026-04-27,188071941,2860,S.P.S.A. Securities Limited,Citizens Share Broker Limited,2026-04-27 14:18:30.937107,Saptakoshi Development Bank Ltd
2026042703005275,SAPDBL,87,56,68,842.3,57276.4,2026-04-27,188072042,2860,S.P.S.A. Securities Limited,Sri Hari Securities Pvt. Ltd.,2026-04-27 14:18:39.961799,Saptakoshi Development Bank Ltd
2026042703005277,SAPDBL,87,87,10,842.8,8428.0,2026-04-27,188072126,2860,S.P.S.A. Securities Limited,S.P.S.A. Securities Limited,2026-04-27 14:18:48.455937,Saptakoshi Development Bank Ltd
2026042703005285,SAPDBL,87,51,19,842.4,16005.6,2026-04-27,188072391,2860,S.P.S.A. Securities Limited,Oxford Securities Pvt. Ltd.,2026-04-27 14:19:12.218009,Saptakoshi Development Bank Ltd
2026042703005288,SAPDBL,87,58,100,842.4,84240.0,2026-04-27,188072423,2860,S.P.S.A. Securities Limited,Naasa Securities Co. Ltd.,2026-04-27 14:19:17.334993,Saptakoshi Development Bank Ltd
2026042703005289,SAPDBL,87,88,881,842.4,742154.4,2026-04-27,188072440,2860,S.P.S.A. Securities Limited,Blue Chip Securities Ltd,2026-04-27 14:19:19.959469,Saptakoshi Development Bank Ltd
2026042703005295,SAPDBL,34,88,119,842.4,100245.6,2026-04-27,188072685,2860,Vision Securities Pvt. Ltd,Blue Chip Securities Ltd,2026-04-27 14:19:37.148575,Saptakoshi Development Bank Ltd
2026042703005296,SAPDBL,34,62,15,842.4,12636.0,2026-04-27,188072687,2860,Vision Securities Pvt. Ltd,Capital Max Securities Ltd,2026-04-27 14:19:37.149170,Saptakoshi Development Bank Ltd
2026042703005297,SAPDBL,34,87,130,842.8,109564.0,2026-04-27,188072689,2860,Vision Securities Pvt. Ltd,S.P.S.A. Securities Limited,2026-04-27 14:19:37.149632,Saptakoshi Development Bank Ltd
2026042703005298,SAPDBL,34,41,100,843.0,84300.0,2026-04-27,188072691,2860,Vision Securities Pvt. Ltd,Linch Stock Market Ltd.,2026-04-27 14:19:37.150048,Saptakoshi Development Bank Ltd
2026042703005308,SAPDBL,87,45,10,844.3,8443.0,2026-04-27,188072782,2860,S.P.S.A. Securities Limited,Imperial Securities Company Pvt. Ltd.,2026-04-27 14:19:45.629519,Saptakoshi Development Bank Ltd
2026042703005310,SAPDBL,87,44,21,844.9,17742.9,2026-04-27,188072814,2860,S.P.S.A. Securities Limited,Dynamic Money Managers Securities Pvt. Ltd.,2026-04-27 14:19:50.374366,Saptakoshi Development Bank Ltd
2026042703005312,SAPDBL,87,42,10,845.0,8450.0,2026-04-27,188072858,2860,S.P.S.A. Securities Limited,Sani Securities Company Ltd.,2026-04-27 14:19:56.376315,Saptakoshi Development Bank Ltd
2026042703005331,SAPDBL,34,45,100,843.0,84300.0,2026-04-27,188073133,2860,Vision Securities Pvt. Ltd,Imperial Securities Company Pvt. Ltd.,2026-04-27 14:20:25.543096,Saptakoshi Development Bank Ltd
2026042703005334,SAPDBL,87,14,10,844.8,8448.0,2026-04-27,188073262,2860,S.P.S.A. Securities Limited,Nepal Stock House (PVT) Ltd.,2026-04-27 14:20:34.917650,Saptakoshi Development Bank Ltd
2026042703005336,SAPDBL,42,14,60,844.8,50688.0,2026-04-27,188073297,2860,Sani Securities Company Ltd.,Nepal Stock House (PVT) Ltd.,2026-04-27 14:20:42.309915,Saptakoshi Development Bank Ltd
2026042703005337,SAPDBL,42,87,490,844.9,414001.0,2026-04-27,188073300,2860,Sani Securities Company Ltd.,S.P.S.A. Securities Limited,2026-04-27 14:20:42.310246,Saptakoshi Development Bank Ltd
2026042703005342,SAPDBL,87,38,10,845.0,8450.0,2026-04-27,188073472,2860,S.P.S.A. Securities Limited,Dipshikha Dhitopatra Karobar Co. Pvt Ltd.,2026-04-27 14:20:54.595184,Saptakoshi Development Bank Ltd
2026042703005345,SAPDBL,22,38,30,845.0,25350.0,2026-04-27,188073578,2860,Siprabi Securities Pvt. Ltd.,Dipshikha Dhitopatra Karobar Co. Pvt Ltd.,2026-04-27 14:20:59.688706,Saptakoshi Development Bank Ltd
2026042703005360,SAPDBL,49,38,55,845.0,46475.0,2026-04-27,188073985,2860,Online Securities Pvt. Ltd.,Dipshikha Dhitopatra Karobar Co. Pvt Ltd.,2026-04-27 14:21:36.707775,Saptakoshi Development Bank Ltd
2026042703005361,SAPDBL,49,11,53,845.0,44785.0,2026-04-27,188073988,2860,Online Securities Pvt. Ltd.,Malla & Malla Stock Broking Company Pvt. Limited,2026-04-27 14:21:36.708143,Saptakoshi Development Bank Ltd
2026042703005371,SAPDBL,14,88,500,844.9,422450.0,2026-04-27,188074429,2860,Nepal Stock House (PVT) Ltd.,Blue Chip Securities Ltd,2026-04-27 14:22:11.246334,Saptakoshi Development Bank Ltd
2026042703005381,SAPDBL,87,11,10,845.0,8450.0,2026-04-27,188074604,2860,S.P.S.A. Securities Limited,Malla & Malla Stock Broking Company Pvt. Limited,2026-04-27 14:22:20.693279,Saptakoshi Development Bank Ltd
2026042703005385,SAPDBL,34,11,100,845.0,84500.0,2026-04-27,188074726,2860,Vision Securities Pvt. Ltd,Malla & Malla Stock Broking Company Pvt. Limited,2026-04-27 14:22:30.918763,Saptakoshi Development Bank Ltd
2026042703005396,SAPDBL,46,51,100,844.9,84490.0,2026-04-27,188074821,2860,Kalika Securities Pvt. Ltd.,Oxford Securities Pvt. Ltd.,2026-04-27 14:22:40.472040,Saptakoshi Development Bank Ltd
2026042703005397,SAPDBL,58,11,30,845.0,25350.0,2026-04-27,188074920,2860,Naasa Securities Co. Ltd.,Malla & Malla Stock Broking Company Pvt. Limited,2026-04-27 14:22:50.741568,Saptakoshi Development Bank Ltd
2026042703005404,SAPDBL,46,25,20,844.9,16898.0,2026-04-27,188074969,2860,Kalika Securities Pvt. Ltd.,Sweta Securities Private Limited,2026-04-27 14:22:56.000017,Saptakoshi Development Bank Ltd
2026042703005406,SAPDBL,14,11,307,845.0,259415.0,2026-04-27,188075105,2860,Nepal Stock House (PVT) Ltd.,Malla & Malla Stock Broking Company Pvt. Limited,2026-04-27 14:23:03.306379,Saptakoshi Development Bank Ltd
2026042703005407,SAPDBL,14,62,15,845.0,12675.0,2026-04-27,188075107,2860,Nepal Stock House (PVT) Ltd.,Capital Max Securities Ltd,2026-04-27 14:23:03.306979,Saptakoshi Development Bank Ltd
2026042703005414,SAPDBL,87,101,10,846.0,8460.0,2026-04-27,188075226,2860,S.P.S.A. Securities Limited,APPLE SECURITIES PRIVATE LIMITED,2026-04-27 14:23:09.645334,Saptakoshi Development Bank Ltd
2026042703005415,SAPDBL,14,44,11,845.0,9295.0,2026-04-27,188075261,2860,Nepal Stock House (PVT) Ltd.,Dynamic Money Managers Securities Pvt. Ltd.,2026-04-27 14:23:11.991356,Saptakoshi Development Bank Ltd
2026042703005429,SAPDBL,14,25,17,845.0,14365.0,2026-04-27,188075340,2860,Nepal Stock House (PVT) Ltd.,Sweta Securities Private Limited,2026-04-27 14:23:16.840429,Saptakoshi Development Bank Ltd
2026042703005430,SAPDBL,87,41,10,845.0,8450.0,2026-04-27,188075368,2860,S.P.S.A. Securities Limited,Linch Stock Market Ltd.,2026-04-27 14:23:19.944656,Saptakoshi Development Bank Ltd
2026042703005433,SAPDBL,87,88,10,845.0,8450.0,2026-04-27,188075501,2860,S.P.S.A. Securities Limited,Blue Chip Securities Ltd,2026-04-27 14:23:31.167652,Saptakoshi Development Bank Ltd
2026042703005444,SAPDBL,46,17,10,844.9,8449.0,2026-04-27,188075831,2860,Kalika Securities Pvt. Ltd.,ABC Securities Private Limited,2026-04-27 14:23:54.054352,Saptakoshi Development Bank Ltd
2026042703005456,SAPDBL,42,88,100,845.0,84500.0,2026-04-27,188075880,2860,Sani Securities Company Ltd.,Blue Chip Securities Ltd,2026-04-27 14:23:57.086710,Saptakoshi Development Bank Ltd
2026042703005457,SAPDBL,46,16,100,844.9,84490.0,2026-04-27,188075887,2860,Kalika Securities Pvt. Ltd.,Primo Securities (PVT) Ltd.,2026-04-27 14:23:57.705476,Saptakoshi Development Bank Ltd
