contract_id,symbol,buyer_member_id,seller_member_id,volume,price,amount,buyer_broker,seller_broker,transaction_time
2026042701003014,SBL,35,14,20,392.9,7858.0,Kohinoor Investment & Securities Pvt. Ltd.,Nepal Stock House (PVT) Ltd.,2026-04-27 11:09:40.774389
2026042701006205,SBL,14,45,10,390.0,3900.0,Nepal Stock House (PVT) Ltd.,Imperial Securities Company Pvt. Ltd.,2026-04-27 11:19:56.107293
2026042701006517,SBL,14,39,500,390.0,195000.0,Nepal Stock House (PVT) Ltd.,Sumeru Securities Pvt. Ltd.,2026-04-27 11:21:14.244974
2026042701006758,SBL,14,14,1990,390.0,776100.0,Nepal Stock House (PVT) Ltd.,Nepal Stock House (PVT) Ltd.,2026-04-27 11:22:21.647047
2026042701006759,SBL,49,14,990,390.0,386100.0,Online Securities Pvt. Ltd.,Nepal Stock House (PVT) Ltd.,2026-04-27 11:22:21.647216
2026042701006805,SBL,58,22,10,390.5,3905.0,Naasa Securities Co. Ltd.,Siprabi Securities Pvt. Ltd.,2026-04-27 11:22:34.427954
2026042701006806,SBL,58,5,10,392.0,3920.0,Naasa Securities Co. Ltd.,Market Securities & Exchange (PVT) Ltd.,2026-04-27 11:22:34.428084
2026042701007147,SBL,44,47,10,390.5,3905.0,Dynamic Money Managers Securities Pvt. Ltd.,Neev Securities Pvt. Ltd.,2026-04-27 11:23:47.199102
2026042701007148,SBL,49,47,567,390.0,221130.0,Online Securities Pvt. Ltd.,Neev Securities Pvt. Ltd.,2026-04-27 11:23:47.199272
2026042701007295,SBL,49,41,50,390.0,19500.0,Online Securities Pvt. Ltd.,Linch Stock Market Ltd.,2026-04-27 11:24:24.179473
2026042701007326,SBL,37,5,20,392.0,7840.0,Swarna Laxmi Securities Pvt. Ltd.,Market Securities & Exchange (PVT) Ltd.,2026-04-27 11:24:32.075007
2026042701007502,SBL,61,5,10,392.0,3920.0,BHOLE GANESH SECURITIES LTD,Market Securities & Exchange (PVT) Ltd.,2026-04-27 11:25:17.962243
2026042701008325,SBL,49,37,390,390.0,152100.0,Online Securities Pvt. Ltd.,Swarna Laxmi Securities Pvt. Ltd.,2026-04-27 11:29:02.581656
2026042701008369,SBL,36,5,20,392.0,7840.0,Secured Securities Ltd.,Market Securities & Exchange (PVT) Ltd.,2026-04-27 11:29:12.791501
2026042701008727,SBL,14,34,30,390.9,11727.0,Nepal Stock House (PVT) Ltd.,Vision Securities Pvt. Ltd,2026-04-27 11:30:53.658530
2026042701008795,SBL,11,4,3,393.0,1179.0,Malla & Malla Stock Broking Company Pvt. Limited,Opal Securities Investment (PVT) Ltd.,2026-04-27 11:31:14.300991
2026042701008833,SBL,49,4,3,390.0,1170.0,Online Securities Pvt. Ltd.,Opal Securities Investment (PVT) Ltd.,2026-04-27 11:31:23.979410
2026042701008912,SBL,14,58,970,390.9,379173.0,Nepal Stock House (PVT) Ltd.,Naasa Securities Co. Ltd.,2026-04-27 11:31:51.128763
2026042701009726,SBL,33,4,25,387.0,9675.0,Dakshinkali Investment & Securities Pvt. Ltd.,Opal Securities Investment (PVT) Ltd.,2026-04-27 11:35:51.645867
2026042701009943,SBL,76,58,10,390.0,3900.0,Machhapuchchhre Securities Limited,Naasa Securities Co. Ltd.,2026-04-27 11:36:47.029393
2026042701010069,SBL,57,58,30,387.0,11610.0,Aryatara Investment & Securities,Naasa Securities Co. Ltd.,2026-04-27 11:37:24.320341
2026042701010719,SBL,76,58,10,390.0,3900.0,Machhapuchchhre Securities Limited,Naasa Securities Co. Ltd.,2026-04-27 11:40:44.674914
2026042701012143,SBL,33,96,12,387.1,4645.2,Dakshinkali Investment & Securities Pvt. Ltd.,Himalayan Securities Limited,2026-04-27 11:48:10.354129
2026042701012144,SBL,58,96,25,387.1,9677.5,Naasa Securities Co. Ltd.,Himalayan Securities Limited,2026-04-27 11:48:10.354220
2026042701012145,SBL,57,96,970,387.0,375390.0,Aryatara Investment & Securities,Himalayan Securities Limited,2026-04-27 11:48:10.354274
2026042701012146,SBL,44,96,500,386.8,193400.0,Dynamic Money Managers Securities Pvt. Ltd.,Himalayan Securities Limited,2026-04-27 11:48:10.354318
2026042701012147,SBL,14,96,900,386.7,348030.0,Nepal Stock House (PVT) Ltd.,Himalayan Securities Limited,2026-04-27 11:48:10.354363
2026042701012148,SBL,14,96,50,386.6,19330.0,Nepal Stock House (PVT) Ltd.,Himalayan Securities Limited,2026-04-27 11:48:10.354403
2026042701012149,SBL,33,96,500,386.6,193300.0,Dakshinkali Investment & Securities Pvt. Ltd.,Himalayan Securities Limited,2026-04-27 11:48:10.354442
2026042701012150,SBL,83,96,43,386.6,16623.8,Sanima Securities Limited,Himalayan Securities Limited,2026-04-27 11:48:10.354481
2026042701012238,SBL,76,58,10,390.0,3900.0,Machhapuchchhre Securities Limited,Naasa Securities Co. Ltd.,2026-04-27 11:48:39.097298
2026042701012541,SBL,83,32,100,386.6,38660.0,Sanima Securities Limited,Premier Securities Company Ltd.,2026-04-27 11:50:16.461011
2026042701012542,SBL,83,32,100,386.5,38650.0,Sanima Securities Limited,Premier Securities Company Ltd.,2026-04-27 11:50:16.461224
2026042701012543,SBL,14,32,200,386.0,77200.0,Nepal Stock House (PVT) Ltd.,Premier Securities Company Ltd.,2026-04-27 11:50:16.461349
2026042701012739,SBL,58,58,10,390.0,3900.0,Naasa Securities Co. Ltd.,Naasa Securities Co. Ltd.,2026-04-27 11:51:15.803595
2026042701012755,SBL,76,58,10,390.0,3900.0,Machhapuchchhre Securities Limited,Naasa Securities Co. Ltd.,2026-04-27 11:51:21.461309
2026042701017047,SBL,85,96,50,386.3,19315.0,Capital Hub P. Ltd,Himalayan Securities Limited,2026-04-27 12:16:54.900195
2026042701017048,SBL,49,96,15,386.3,5794.5,Online Securities Pvt. Ltd.,Himalayan Securities Limited,2026-04-27 12:16:54.900304
2026042701017049,SBL,45,96,500,386.3,193150.0,Imperial Securities Company Pvt. Ltd.,Himalayan Securities Limited,2026-04-27 12:16:54.900376
2026042701017050,SBL,74,96,100,386.2,38620.0,KALASH STOCK MARKET PVT. LTD.,Himalayan Securities Limited,2026-04-27 12:16:54.900442
2026042701017051,SBL,85,96,100,386.1,38610.0,Capital Hub P. Ltd,Himalayan Securities Limited,2026-04-27 12:16:54.900508
2026042701017052,SBL,85,96,200,386.1,77220.0,Capital Hub P. Ltd,Himalayan Securities Limited,2026-04-27 12:16:54.900569
2026042701017053,SBL,85,96,200,386.1,77220.0,Capital Hub P. Ltd,Himalayan Securities Limited,2026-04-27 12:16:54.900631
2026042701017054,SBL,50,96,100,386.1,38610.0,Cristal Kanchanjanga Securites Pvt. Ltd.,Himalayan Securities Limited,2026-04-27 12:16:54.900690
2026042701017055,SBL,14,96,800,386.0,308800.0,Nepal Stock House (PVT) Ltd.,Himalayan Securities Limited,2026-04-27 12:16:54.900758
2026042701017056,SBL,28,96,270,386.0,104220.0,Shree Krishna Securities Ltd.,Himalayan Securities Limited,2026-04-27 12:16:54.900818
2026042701017057,SBL,34,96,250,385.0,96250.0,Vision Securities Pvt. Ltd,Himalayan Securities Limited,2026-04-27 12:16:54.900906
2026042701017058,SBL,62,96,210,385.0,80850.0,Capital Max Securities Ltd,Himalayan Securities Limited,2026-04-27 12:16:54.900976
2026042701017059,SBL,42,96,200,385.0,77000.0,Sani Securities Company Ltd.,Himalayan Securities Limited,2026-04-27 12:16:54.901052
2026042701017060,SBL,94,96,400,384.3,153720.0,K.B.L. Securities Limited ,Himalayan Securities Limited,2026-04-27 12:16:54.901118
2026042701017061,SBL,44,96,500,384.2,192100.0,Dynamic Money Managers Securities Pvt. Ltd.,Himalayan Securities Limited,2026-04-27 12:16:54.901183
2026042701017062,SBL,14,96,550,384.1,211255.0,Nepal Stock House (PVT) Ltd.,Himalayan Securities Limited,2026-04-27 12:16:54.901245
2026042701017063,SBL,85,96,1555,384.1,597275.5,Capital Hub P. Ltd,Himalayan Securities Limited,2026-04-27 12:16:54.901308
2026042701017822,SBL,38,57,10,389.9,3899.0,Dipshikha Dhitopatra Karobar Co. Pvt Ltd.,Aryatara Investment & Securities,2026-04-27 12:20:55.012285
2026042701019139,SBL,85,8,50,385.2,19260.0,Capital Hub P. Ltd,Brilliant Securities Pvt. Ltd.,2026-04-27 12:29:51.728609
2026042701019173,SBL,74,8,100,385.1,38510.0,KALASH STOCK MARKET PVT. LTD.,Brilliant Securities Pvt. Ltd.,2026-04-27 12:30:04.832238
2026042701019289,SBL,85,8,50,385.1,19255.0,Capital Hub P. Ltd,Brilliant Securities Pvt. Ltd.,2026-04-27 12:31:07.085497
2026042701019317,SBL,85,8,50,385.1,19255.0,Capital Hub P. Ltd,Brilliant Securities Pvt. Ltd.,2026-04-27 12:31:19.411719
2026042701019318,SBL,50,8,50,385.1,19255.0,Cristal Kanchanjanga Securites Pvt. Ltd.,Brilliant Securities Pvt. Ltd.,2026-04-27 12:31:19.411967
2026042701019377,SBL,50,8,1303,385.0,501655.0,Cristal Kanchanjanga Securites Pvt. Ltd.,Brilliant Securities Pvt. Ltd.,2026-04-27 12:31:45.582415
2026042701019462,SBL,50,58,80,385.0,30800.0,Cristal Kanchanjanga Securites Pvt. Ltd.,Naasa Securities Co. Ltd.,2026-04-27 12:32:35.019806
2026042701019710,SBL,85,58,10,385.1,3851.0,Capital Hub P. Ltd,Naasa Securities Co. Ltd.,2026-04-27 12:34:17.368329
2026042701019969,SBL,85,3,14,385.1,5391.4,Capital Hub P. Ltd,Arun Securities (PVT) Ltd.,2026-04-27 12:36:22.125881
2026042701020069,SBL,85,45,15,385.1,5776.5,Capital Hub P. Ltd,Imperial Securities Company Pvt. Ltd.,2026-04-27 12:37:05.441851
2026042701020071,SBL,49,54,10,386.0,3860.0,Online Securities Pvt. Ltd.,Sewa Securities Pvt. Ltd.,2026-04-27 12:37:08.308739
2026042701020581,SBL,89,33,10,389.8,3898.0,Global IME Securities Limited,Dakshinkali Investment & Securities Pvt. Ltd.,2026-04-27 12:40:29.280557
2026042701022849,SBL,49,57,10,387.5,3875.0,Online Securities Pvt. Ltd.,Aryatara Investment & Securities,2026-04-27 12:59:12.083132
2026042701024235,SBL,49,33,215,388.8,83592.0,Online Securities Pvt. Ltd.,Dakshinkali Investment & Securities Pvt. Ltd.,2026-04-27 13:09:36.468553
2026042701024640,SBL,49,59,1000,387.9,387900.0,Online Securities Pvt. Ltd.,Deevyaa Securities & Stock House Pvt. Ltd,2026-04-27 13:13:39.278060
2026042701025069,SBL,50,1,150,388.0,58200.0,Cristal Kanchanjanga Securites Pvt. Ltd.,Kumari Securities Private Limited,2026-04-27 13:16:33.910177
2026042701025337,SBL,49,32,500,389.0,194500.0,Online Securities Pvt. Ltd.,Premier Securities Company Ltd.,2026-04-27 13:18:41.015462
2026042701025443,SBL,58,1,3,386.0,1158.0,Naasa Securities Co. Ltd.,Kumari Securities Private Limited,2026-04-27 13:19:22.282008
2026042701025502,SBL,58,52,1,384.0,384.0,Naasa Securities Co. Ltd.,Sundhara Securities Limited,2026-04-27 13:19:48.710476
2026042701025510,SBL,58,41,1,385.0,385.0,Naasa Securities Co. Ltd.,Linch Stock Market Ltd.,2026-04-27 13:19:54.576231
2026042701026378,SBL,75,57,40,389.9,15596.0,N.I.M.B. Stock Markets Limited,Aryatara Investment & Securities,2026-04-27 13:23:52.729055
2026042701026379,SBL,75,85,50,389.9,19495.0,N.I.M.B. Stock Markets Limited,Capital Hub P. Ltd,2026-04-27 13:23:52.729360
2026042701026380,SBL,75,53,100,390.0,39000.0,N.I.M.B. Stock Markets Limited,Investment Management Nepal Pvt. Ltd.,2026-04-27 13:23:52.729572
2026042701026381,SBL,75,82,226,390.0,88140.0,N.I.M.B. Stock Markets Limited,N.M.B. SECURITIES LIMITED,2026-04-27 13:23:52.729760
2026042701026382,SBL,75,36,21,390.0,8190.0,N.I.M.B. Stock Markets Limited,Secured Securities Ltd.,2026-04-27 13:23:52.729942
2026042701026383,SBL,75,4,300,390.0,117000.0,N.I.M.B. Stock Markets Limited,Opal Securities Investment (PVT) Ltd.,2026-04-27 13:23:52.730134
2026042701026384,SBL,75,17,210,390.0,81900.0,N.I.M.B. Stock Markets Limited,ABC Securities Private Limited,2026-04-27 13:23:52.730315
2026042701026385,SBL,75,14,100,390.0,39000.0,N.I.M.B. Stock Markets Limited,Nepal Stock House (PVT) Ltd.,2026-04-27 13:23:52.730474
2026042701026386,SBL,75,34,11,390.0,4290.0,N.I.M.B. Stock Markets Limited,Vision Securities Pvt. Ltd,2026-04-27 13:23:52.730652
2026042701026387,SBL,75,32,50,390.0,19500.0,N.I.M.B. Stock Markets Limited,Premier Securities Company Ltd.,2026-04-27 13:23:52.730824
2026042701026388,SBL,75,45,59,390.0,23010.0,N.I.M.B. Stock Markets Limited,Imperial Securities Company Pvt. Ltd.,2026-04-27 13:23:52.730977
2026042701026389,SBL,75,32,433,390.0,168870.0,N.I.M.B. Stock Markets Limited,Premier Securities Company Ltd.,2026-04-27 13:23:52.731173
2026042701027375,SBL,75,32,67,390.0,26130.0,N.I.M.B. Stock Markets Limited,Premier Securities Company Ltd.,2026-04-27 13:30:19.344810
2026042701027376,SBL,75,57,1000,390.0,390000.0,N.I.M.B. Stock Markets Limited,Aryatara Investment & Securities,2026-04-27 13:30:19.345122
2026042701028045,SBL,26,34,1,390.0,390.0,Asian Securities Private Ltd.,Vision Securities Pvt. Ltd,2026-04-27 13:34:22.208272
2026042701029739,SBL,49,33,195,389.9,76030.5,Online Securities Pvt. Ltd.,Dakshinkali Investment & Securities Pvt. Ltd.,2026-04-27 13:46:04.105998
2026042701029830,SBL,42,41,200,389.0,77800.0,Sani Securities Company Ltd.,Linch Stock Market Ltd.,2026-04-27 13:47:15.214839
2026042701030002,SBL,49,41,727,389.0,282803.0,Online Securities Pvt. Ltd.,Linch Stock Market Ltd.,2026-04-27 13:48:25.071383
2026042701030414,SBL,75,38,1000,390.0,390000.0,N.I.M.B. Stock Markets Limited,Dipshikha Dhitopatra Karobar Co. Pvt Ltd.,2026-04-27 13:51:26.774279
2026042701030415,SBL,75,8,94,390.0,36660.0,N.I.M.B. Stock Markets Limited,Brilliant Securities Pvt. Ltd.,2026-04-27 13:51:26.774442
2026042701030416,SBL,75,11,20,390.0,7800.0,N.I.M.B. Stock Markets Limited,Malla & Malla Stock Broking Company Pvt. Limited,2026-04-27 13:51:26.774507
2026042701031198,SBL,45,38,480,390.0,187200.0,Imperial Securities Company Pvt. Ltd.,Dipshikha Dhitopatra Karobar Co. Pvt Ltd.,2026-04-27 13:57:45.959916
2026042701031912,SBL,25,38,41,390.0,15990.0,Sweta Securities Private Limited,Dipshikha Dhitopatra Karobar Co. Pvt Ltd.,2026-04-27 14:03:41.289129
2026042701032589,SBL,35,38,50,390.0,19500.0,Kohinoor Investment & Securities Pvt. Ltd.,Dipshikha Dhitopatra Karobar Co. Pvt Ltd.,2026-04-27 14:07:42.996668
2026042701032641,SBL,35,38,20,390.0,7800.0,Kohinoor Investment & Securities Pvt. Ltd.,Dipshikha Dhitopatra Karobar Co. Pvt Ltd.,2026-04-27 14:08:02.428747
2026042701033124,SBL,41,38,45,390.0,17550.0,Linch Stock Market Ltd.,Dipshikha Dhitopatra Karobar Co. Pvt Ltd.,2026-04-27 14:11:28.995237
2026042701033210,SBL,50,37,500,389.0,194500.0,Cristal Kanchanjanga Securites Pvt. Ltd.,Swarna Laxmi Securities Pvt. Ltd.,2026-04-27 14:12:06.300472
2026042701033540,SBL,4,38,170,390.0,66300.0,Opal Securities Investment (PVT) Ltd.,Dipshikha Dhitopatra Karobar Co. Pvt Ltd.,2026-04-27 14:13:52.432968
2026042701034336,SBL,49,1,128,389.1,49804.8,Online Securities Pvt. Ltd.,Kumari Securities Private Limited,2026-04-27 14:19:32.936370
2026042701034413,SBL,49,74,715,389.1,278206.5,Online Securities Pvt. Ltd.,KALASH STOCK MARKET PVT. LTD.,2026-04-27 14:20:07.943229
2026042701034414,SBL,50,74,3117,389.0,1212513.0,Cristal Kanchanjanga Securites Pvt. Ltd.,KALASH STOCK MARKET PVT. LTD.,2026-04-27 14:20:07.943400
2026042701034415,SBL,50,74,850,389.0,330650.0,Cristal Kanchanjanga Securites Pvt. Ltd.,KALASH STOCK MARKET PVT. LTD.,2026-04-27 14:20:07.943467
2026042701034623,SBL,14,35,10,388.0,3880.0,Nepal Stock House (PVT) Ltd.,Kohinoor Investment & Securities Pvt. Ltd.,2026-04-27 14:21:12.321517
2026042701034691,SBL,14,46,61,388.0,23668.0,Nepal Stock House (PVT) Ltd.,Kalika Securities Pvt. Ltd.,2026-04-27 14:21:37.663661
2026042701034710,SBL,14,57,10,388.0,3880.0,Nepal Stock House (PVT) Ltd.,Aryatara Investment & Securities,2026-04-27 14:21:41.246315
2026042701034996,SBL,14,58,10,388.0,3880.0,Nepal Stock House (PVT) Ltd.,Naasa Securities Co. Ltd.,2026-04-27 14:23:12.407855
2026042701036273,SBL,42,74,50,389.0,19450.0,Sani Securities Company Ltd.,KALASH STOCK MARKET PVT. LTD.,2026-04-27 14:29:55.757899
2026042701036602,SBL,75,53,6,385.0,2310.0,N.I.M.B. Stock Markets Limited,Investment Management Nepal Pvt. Ltd.,2026-04-27 14:31:59.046478
2026042701036850,SBL,8,28,20,388.1,7762.0,Brilliant Securities Pvt. Ltd.,Shree Krishna Securities Ltd.,2026-04-27 14:33:30.291808
2026042701037358,SBL,57,50,10,389.0,3890.0,Aryatara Investment & Securities,Cristal Kanchanjanga Securites Pvt. Ltd.,2026-04-27 14:36:16.843839
2026042701038010,SBL,8,67,11,388.1,4269.1,Brilliant Securities Pvt. Ltd.,Property Wiard Limited,2026-04-27 14:39:37.138632
2026042701038606,SBL,8,42,31,388.1,12031.1,Brilliant Securities Pvt. Ltd.,Sani Securities Company Ltd.,2026-04-27 14:42:04.702543
2026042701039167,SBL,75,74,1000,389.9,389900.0,N.I.M.B. Stock Markets Limited,KALASH STOCK MARKET PVT. LTD.,2026-04-27 14:44:49.385428
2026042701039168,SBL,75,38,194,390.0,75660.0,N.I.M.B. Stock Markets Limited,Dipshikha Dhitopatra Karobar Co. Pvt Ltd.,2026-04-27 14:44:49.385591
2026042701039169,SBL,75,59,100,390.0,39000.0,N.I.M.B. Stock Markets Limited,Deevyaa Securities & Stock House Pvt. Ltd,2026-04-27 14:44:49.385657
2026042701039170,SBL,75,38,1000,390.0,390000.0,N.I.M.B. Stock Markets Limited,Dipshikha Dhitopatra Karobar Co. Pvt Ltd.,2026-04-27 14:44:49.385724
2026042701039171,SBL,75,14,68,390.0,26520.0,N.I.M.B. Stock Markets Limited,Nepal Stock House (PVT) Ltd.,2026-04-27 14:44:49.385789
2026042701039172,SBL,75,6,1938,390.0,755820.0,N.I.M.B. Stock Markets Limited,Agrawal Securities (PVT) Ltd.,2026-04-27 14:44:49.385852
2026042701040598,SBL,44,10,20,388.9,7778.0,Dynamic Money Managers Securities Pvt. Ltd.,Pragyan Securities (PVT) Ltd.,2026-04-27 14:50:45.276320
2026042701040599,SBL,8,10,38,388.1,14747.8,Brilliant Securities Pvt. Ltd.,Pragyan Securities (PVT) Ltd.,2026-04-27 14:50:45.276693
2026042701040600,SBL,58,10,2193,388.1,851103.3,Naasa Securities Co. Ltd.,Pragyan Securities (PVT) Ltd.,2026-04-27 14:50:45.276916
2026042701040601,SBL,14,10,109,388.0,42292.0,Nepal Stock House (PVT) Ltd.,Pragyan Securities (PVT) Ltd.,2026-04-27 14:50:45.277183
2026042701040602,SBL,47,10,155,388.0,60140.0,Neev Securities Pvt. Ltd.,Pragyan Securities (PVT) Ltd.,2026-04-27 14:50:45.277376
2026042701040603,SBL,42,10,80,388.0,31040.0,Sani Securities Company Ltd.,Pragyan Securities (PVT) Ltd.,2026-04-27 14:50:45.277561
2026042701040604,SBL,20,10,2939,388.0,1140332.0,Sipla Securities Private Limited,Pragyan Securities (PVT) Ltd.,2026-04-27 14:50:45.277745
2026042701041336,SBL,20,74,61,388.0,23668.0,Sipla Securities Private Limited,KALASH STOCK MARKET PVT. LTD.,2026-04-27 14:53:48.807230
2026042701041337,SBL,44,74,2000,388.0,776000.0,Dynamic Money Managers Securities Pvt. Ltd.,KALASH STOCK MARKET PVT. LTD.,2026-04-27 14:53:48.807570
2026042701041338,SBL,51,74,580,388.0,225040.0,Oxford Securities Pvt. Ltd.,KALASH STOCK MARKET PVT. LTD.,2026-04-27 14:53:48.807787
2026042701041339,SBL,13,74,10,388.0,3880.0,Thrive Brokerage House Pvt. Ltd,KALASH STOCK MARKET PVT. LTD.,2026-04-27 14:53:48.807995
2026042701041340,SBL,52,74,255,387.6,98838.0,Sundhara Securities Limited,KALASH STOCK MARKET PVT. LTD.,2026-04-27 14:53:48.808222
2026042701041341,SBL,18,74,5000,387.5,1937500.0,Sagarmatha Securities Private Limited,KALASH STOCK MARKET PVT. LTD.,2026-04-27 14:53:48.808456
2026042701041342,SBL,20,74,2000,387.2,774400.0,Sipla Securities Private Limited,KALASH STOCK MARKET PVT. LTD.,2026-04-27 14:53:48.808670
2026042701041343,SBL,58,74,10,387.2,3872.0,Naasa Securities Co. Ltd.,KALASH STOCK MARKET PVT. LTD.,2026-04-27 14:53:48.808887
2026042701041344,SBL,20,74,5000,387.2,1936000.0,Sipla Securities Private Limited,KALASH STOCK MARKET PVT. LTD.,2026-04-27 14:53:48.809110
2026042701041345,SBL,74,74,85,387.1,32903.5,KALASH STOCK MARKET PVT. LTD.,KALASH STOCK MARKET PVT. LTD.,2026-04-27 14:53:48.809323
2026042701042640,SBL,50,6,62,390.0,24180.0,Cristal Kanchanjanga Securites Pvt. Ltd.,Agrawal Securities (PVT) Ltd.,2026-04-27 14:57:37.114817
2026042701042641,SBL,50,82,38,390.0,14820.0,Cristal Kanchanjanga Securites Pvt. Ltd.,N.M.B. SECURITIES LIMITED,2026-04-27 14:57:37.114963
2026042701043142,SBL,75,82,962,390.0,375180.0,N.I.M.B. Stock Markets Limited,N.M.B. SECURITIES LIMITED,2026-04-27 14:58:44.089127
2026042701043143,SBL,75,10,1000,390.0,390000.0,N.I.M.B. Stock Markets Limited,Pragyan Securities (PVT) Ltd.,2026-04-27 14:58:44.089277
2026042701043144,SBL,75,19,100,390.0,39000.0,N.I.M.B. Stock Markets Limited,Nepal Investment And Securities Trading Private Limited,2026-04-27 14:58:44.089343
2026042701043807,SBL,74,1,100,387.4,38740.0,KALASH STOCK MARKET PVT. LTD.,Kumari Securities Private Limited,2026-04-27 14:59:36.147942
2026042701043808,SBL,58,1,30,387.3,11619.0,Naasa Securities Co. Ltd.,Kumari Securities Private Limited,2026-04-27 14:59:36.148231
