contractId,stockSymbol,buyerMemberId,sellerMemberId,quantity,rate,amount,businessDate,tradeBookId,stockId,buyerBrokerName,sellerBrokerName,transaction_time,securityName
2026042701003014,SBL,35,14,20,392.9,7858.0,2026-04-27,187961166,145,Kohinoor Investment & Securities Pvt. Ltd.,Nepal Stock House (PVT) Ltd.,2026-04-27 11:09:40.774389,Siddhartha Bank Limited
2026042701006205,SBL,14,45,10,390.0,3900.0,2026-04-27,187970413,145,Nepal Stock House (PVT) Ltd.,Imperial Securities Company Pvt. Ltd.,2026-04-27 11:19:56.107293,Siddhartha Bank Limited
2026042701006517,SBL,14,39,500,390.0,195000.0,2026-04-27,187971389,145,Nepal Stock House (PVT) Ltd.,Sumeru Securities Pvt. Ltd.,2026-04-27 11:21:14.244974,Siddhartha Bank Limited
2026042701006758,SBL,14,14,1990,390.0,776100.0,2026-04-27,187972228,145,Nepal Stock House (PVT) Ltd.,Nepal Stock House (PVT) Ltd.,2026-04-27 11:22:21.647047,Siddhartha Bank Limited
2026042701006759,SBL,49,14,990,390.0,386100.0,2026-04-27,187972229,145,Online Securities Pvt. Ltd.,Nepal Stock House (PVT) Ltd.,2026-04-27 11:22:21.647216,Siddhartha Bank Limited
2026042701006805,SBL,58,22,10,390.5,3905.0,2026-04-27,187972423,145,Naasa Securities Co. Ltd.,Siprabi Securities Pvt. Ltd.,2026-04-27 11:22:34.427954,Siddhartha Bank Limited
2026042701006806,SBL,58,5,10,392.0,3920.0,2026-04-27,187972426,145,Naasa Securities Co. Ltd.,Market Securities & Exchange (PVT) Ltd.,2026-04-27 11:22:34.428084,Siddhartha Bank Limited
2026042701007147,SBL,44,47,10,390.5,3905.0,2026-04-27,187973426,145,Dynamic Money Managers Securities Pvt. Ltd.,Neev Securities Pvt. Ltd.,2026-04-27 11:23:47.199102,Siddhartha Bank Limited
2026042701007148,SBL,49,47,567,390.0,221130.0,2026-04-27,187973427,145,Online Securities Pvt. Ltd.,Neev Securities Pvt. Ltd.,2026-04-27 11:23:47.199272,Siddhartha Bank Limited
2026042701007295,SBL,49,41,50,390.0,19500.0,2026-04-27,187973899,145,Online Securities Pvt. Ltd.,Linch Stock Market Ltd.,2026-04-27 11:24:24.179473,Siddhartha Bank Limited
2026042701007326,SBL,37,5,20,392.0,7840.0,2026-04-27,187973996,145,Swarna Laxmi Securities Pvt. Ltd.,Market Securities & Exchange (PVT) Ltd.,2026-04-27 11:24:32.075007,Siddhartha Bank Limited
2026042701007502,SBL,61,5,10,392.0,3920.0,2026-04-27,187974544,145,BHOLE GANESH SECURITIES LTD,Market Securities & Exchange (PVT) Ltd.,2026-04-27 11:25:17.962243,Siddhartha Bank Limited
2026042701008325,SBL,49,37,390,390.0,152100.0,2026-04-27,187977443,145,Online Securities Pvt. Ltd.,Swarna Laxmi Securities Pvt. Ltd.,2026-04-27 11:29:02.581656,Siddhartha Bank Limited
2026042701008369,SBL,36,5,20,392.0,7840.0,2026-04-27,187977574,145,Secured Securities Ltd.,Market Securities & Exchange (PVT) Ltd.,2026-04-27 11:29:12.791501,Siddhartha Bank Limited
2026042701008727,SBL,14,34,30,390.9,11727.0,2026-04-27,187978901,145,Nepal Stock House (PVT) Ltd.,Vision Securities Pvt. Ltd,2026-04-27 11:30:53.658530,Siddhartha Bank Limited
2026042701008795,SBL,11,4,3,393.0,1179.0,2026-04-27,187979179,145,Malla & Malla Stock Broking Company Pvt. Limited,Opal Securities Investment (PVT) Ltd.,2026-04-27 11:31:14.300991,Siddhartha Bank Limited
2026042701008833,SBL,49,4,3,390.0,1170.0,2026-04-27,187979299,145,Online Securities Pvt. Ltd.,Opal Securities Investment (PVT) Ltd.,2026-04-27 11:31:23.979410,Siddhartha Bank Limited
2026042701008912,SBL,14,58,970,390.9,379173.0,2026-04-27,187979608,145,Nepal Stock House (PVT) Ltd.,Naasa Securities Co. Ltd.,2026-04-27 11:31:51.128763,Siddhartha Bank Limited
2026042701009726,SBL,33,4,25,387.0,9675.0,2026-04-27,187982648,145,Dakshinkali Investment & Securities Pvt. Ltd.,Opal Securities Investment (PVT) Ltd.,2026-04-27 11:35:51.645867,Siddhartha Bank Limited
2026042701009943,SBL,76,58,10,390.0,3900.0,2026-04-27,187983416,145,Machhapuchchhre Securities Limited,Naasa Securities Co. Ltd.,2026-04-27 11:36:47.029393,Siddhartha Bank Limited
2026042701010069,SBL,57,58,30,387.0,11610.0,2026-04-27,187983829,145,Aryatara Investment & Securities,Naasa Securities Co. Ltd.,2026-04-27 11:37:24.320341,Siddhartha Bank Limited
2026042701010719,SBL,76,58,10,390.0,3900.0,2026-04-27,187986060,145,Machhapuchchhre Securities Limited,Naasa Securities Co. Ltd.,2026-04-27 11:40:44.674914,Siddhartha Bank Limited
2026042701012143,SBL,33,96,12,387.1,4645.2,2026-04-27,187990822,145,Dakshinkali Investment & Securities Pvt. Ltd.,Himalayan Securities Limited,2026-04-27 11:48:10.354129,Siddhartha Bank Limited
2026042701012144,SBL,58,96,25,387.1,9677.5,2026-04-27,187990824,145,Naasa Securities Co. Ltd.,Himalayan Securities Limited,2026-04-27 11:48:10.354220,Siddhartha Bank Limited
2026042701012145,SBL,57,96,970,387.0,375390.0,2026-04-27,187990826,145,Aryatara Investment & Securities,Himalayan Securities Limited,2026-04-27 11:48:10.354274,Siddhartha Bank Limited
2026042701012146,SBL,44,96,500,386.8,193400.0,2026-04-27,187990828,145,Dynamic Money Managers Securities Pvt. Ltd.,Himalayan Securities Limited,2026-04-27 11:48:10.354318,Siddhartha Bank Limited
2026042701012147,SBL,14,96,900,386.7,348030.0,2026-04-27,187990830,145,Nepal Stock House (PVT) Ltd.,Himalayan Securities Limited,2026-04-27 11:48:10.354363,Siddhartha Bank Limited
2026042701012148,SBL,14,96,50,386.6,19330.0,2026-04-27,187990832,145,Nepal Stock House (PVT) Ltd.,Himalayan Securities Limited,2026-04-27 11:48:10.354403,Siddhartha Bank Limited
2026042701012149,SBL,33,96,500,386.6,193300.0,2026-04-27,187990834,145,Dakshinkali Investment & Securities Pvt. Ltd.,Himalayan Securities Limited,2026-04-27 11:48:10.354442,Siddhartha Bank Limited
2026042701012150,SBL,83,96,43,386.6,16623.8,2026-04-27,187990835,145,Sanima Securities Limited,Himalayan Securities Limited,2026-04-27 11:48:10.354481,Siddhartha Bank Limited
2026042701012238,SBL,76,58,10,390.0,3900.0,2026-04-27,187991134,145,Machhapuchchhre Securities Limited,Naasa Securities Co. Ltd.,2026-04-27 11:48:39.097298,Siddhartha Bank Limited
2026042701012541,SBL,83,32,100,386.6,38660.0,2026-04-27,187992072,145,Sanima Securities Limited,Premier Securities Company Ltd.,2026-04-27 11:50:16.461011,Siddhartha Bank Limited
2026042701012542,SBL,83,32,100,386.5,38650.0,2026-04-27,187992074,145,Sanima Securities Limited,Premier Securities Company Ltd.,2026-04-27 11:50:16.461224,Siddhartha Bank Limited
2026042701012543,SBL,14,32,200,386.0,77200.0,2026-04-27,187992075,145,Nepal Stock House (PVT) Ltd.,Premier Securities Company Ltd.,2026-04-27 11:50:16.461349,Siddhartha Bank Limited
2026042701012739,SBL,58,58,10,390.0,3900.0,2026-04-27,187992680,145,Naasa Securities Co. Ltd.,Naasa Securities Co. Ltd.,2026-04-27 11:51:15.803595,Siddhartha Bank Limited
2026042701012755,SBL,76,58,10,390.0,3900.0,2026-04-27,187992730,145,Machhapuchchhre Securities Limited,Naasa Securities Co. Ltd.,2026-04-27 11:51:21.461309,Siddhartha Bank Limited
2026042701017047,SBL,85,96,50,386.3,19315.0,2026-04-27,188006960,145,Capital Hub P. Ltd,Himalayan Securities Limited,2026-04-27 12:16:54.900195,Siddhartha Bank Limited
2026042701017048,SBL,49,96,15,386.3,5794.5,2026-04-27,188006962,145,Online Securities Pvt. Ltd.,Himalayan Securities Limited,2026-04-27 12:16:54.900304,Siddhartha Bank Limited
2026042701017049,SBL,45,96,500,386.3,193150.0,2026-04-27,188006964,145,Imperial Securities Company Pvt. Ltd.,Himalayan Securities Limited,2026-04-27 12:16:54.900376,Siddhartha Bank Limited
2026042701017050,SBL,74,96,100,386.2,38620.0,2026-04-27,188006966,145,KALASH STOCK MARKET PVT. LTD.,Himalayan Securities Limited,2026-04-27 12:16:54.900442,Siddhartha Bank Limited
2026042701017051,SBL,85,96,100,386.1,38610.0,2026-04-27,188006968,145,Capital Hub P. Ltd,Himalayan Securities Limited,2026-04-27 12:16:54.900508,Siddhartha Bank Limited
2026042701017052,SBL,85,96,200,386.1,77220.0,2026-04-27,188006970,145,Capital Hub P. Ltd,Himalayan Securities Limited,2026-04-27 12:16:54.900569,Siddhartha Bank Limited
2026042701017053,SBL,85,96,200,386.1,77220.0,2026-04-27,188006972,145,Capital Hub P. Ltd,Himalayan Securities Limited,2026-04-27 12:16:54.900631,Siddhartha Bank Limited
2026042701017054,SBL,50,96,100,386.1,38610.0,2026-04-27,188006974,145,Cristal Kanchanjanga Securites Pvt. Ltd.,Himalayan Securities Limited,2026-04-27 12:16:54.900690,Siddhartha Bank Limited
2026042701017055,SBL,14,96,800,386.0,308800.0,2026-04-27,188006976,145,Nepal Stock House (PVT) Ltd.,Himalayan Securities Limited,2026-04-27 12:16:54.900758,Siddhartha Bank Limited
2026042701017056,SBL,28,96,270,386.0,104220.0,2026-04-27,188006978,145,Shree Krishna Securities Ltd.,Himalayan Securities Limited,2026-04-27 12:16:54.900818,Siddhartha Bank Limited
2026042701017057,SBL,34,96,250,385.0,96250.0,2026-04-27,188006980,145,Vision Securities Pvt. Ltd,Himalayan Securities Limited,2026-04-27 12:16:54.900906,Siddhartha Bank Limited
2026042701017058,SBL,62,96,210,385.0,80850.0,2026-04-27,188006982,145,Capital Max Securities Ltd,Himalayan Securities Limited,2026-04-27 12:16:54.900976,Siddhartha Bank Limited
2026042701017059,SBL,42,96,200,385.0,77000.0,2026-04-27,188006984,145,Sani Securities Company Ltd.,Himalayan Securities Limited,2026-04-27 12:16:54.901052,Siddhartha Bank Limited
2026042701017060,SBL,94,96,400,384.3,153720.0,2026-04-27,188006986,145,K.B.L. Securities Limited ,Himalayan Securities Limited,2026-04-27 12:16:54.901118,Siddhartha Bank Limited
2026042701017061,SBL,44,96,500,384.2,192100.0,2026-04-27,188006988,145,Dynamic Money Managers Securities Pvt. Ltd.,Himalayan Securities Limited,2026-04-27 12:16:54.901183,Siddhartha Bank Limited
2026042701017062,SBL,14,96,550,384.1,211255.0,2026-04-27,188006990,145,Nepal Stock House (PVT) Ltd.,Himalayan Securities Limited,2026-04-27 12:16:54.901245,Siddhartha Bank Limited
2026042701017063,SBL,85,96,1555,384.1,597275.5,2026-04-27,188006991,145,Capital Hub P. Ltd,Himalayan Securities Limited,2026-04-27 12:16:54.901308,Siddhartha Bank Limited
2026042701017822,SBL,38,57,10,389.9,3899.0,2026-04-27,188009438,145,Dipshikha Dhitopatra Karobar Co. Pvt Ltd.,Aryatara Investment & Securities,2026-04-27 12:20:55.012285,Siddhartha Bank Limited
2026042701019139,SBL,85,8,50,385.2,19260.0,2026-04-27,188013985,145,Capital Hub P. Ltd,Brilliant Securities Pvt. Ltd.,2026-04-27 12:29:51.728609,Siddhartha Bank Limited
2026042701019173,SBL,74,8,100,385.1,38510.0,2026-04-27,188014077,145,KALASH STOCK MARKET PVT. LTD.,Brilliant Securities Pvt. Ltd.,2026-04-27 12:30:04.832238,Siddhartha Bank Limited
2026042701019289,SBL,85,8,50,385.1,19255.0,2026-04-27,188014497,145,Capital Hub P. Ltd,Brilliant Securities Pvt. Ltd.,2026-04-27 12:31:07.085497,Siddhartha Bank Limited
2026042701019317,SBL,85,8,50,385.1,19255.0,2026-04-27,188014594,145,Capital Hub P. Ltd,Brilliant Securities Pvt. Ltd.,2026-04-27 12:31:19.411719,Siddhartha Bank Limited
2026042701019318,SBL,50,8,50,385.1,19255.0,2026-04-27,188014595,145,Cristal Kanchanjanga Securites Pvt. Ltd.,Brilliant Securities Pvt. Ltd.,2026-04-27 12:31:19.411967,Siddhartha Bank Limited
2026042701019377,SBL,50,8,1303,385.0,501655.0,2026-04-27,188014799,145,Cristal Kanchanjanga Securites Pvt. Ltd.,Brilliant Securities Pvt. Ltd.,2026-04-27 12:31:45.582415,Siddhartha Bank Limited
2026042701019462,SBL,50,58,80,385.0,30800.0,2026-04-27,188015141,145,Cristal Kanchanjanga Securites Pvt. Ltd.,Naasa Securities Co. Ltd.,2026-04-27 12:32:35.019806,Siddhartha Bank Limited
2026042701019710,SBL,85,58,10,385.1,3851.0,2026-04-27,188016003,145,Capital Hub P. Ltd,Naasa Securities Co. Ltd.,2026-04-27 12:34:17.368329,Siddhartha Bank Limited
2026042701019969,SBL,85,3,14,385.1,5391.4,2026-04-27,188016913,145,Capital Hub P. Ltd,Arun Securities (PVT) Ltd.,2026-04-27 12:36:22.125881,Siddhartha Bank Limited
2026042701020069,SBL,85,45,15,385.1,5776.5,2026-04-27,188017309,145,Capital Hub P. Ltd,Imperial Securities Company Pvt. Ltd.,2026-04-27 12:37:05.441851,Siddhartha Bank Limited
2026042701020071,SBL,49,54,10,386.0,3860.0,2026-04-27,188017323,145,Online Securities Pvt. Ltd.,Sewa Securities Pvt. Ltd.,2026-04-27 12:37:08.308739,Siddhartha Bank Limited
2026042701020581,SBL,89,33,10,389.8,3898.0,2026-04-27,188019188,145,Global IME Securities Limited,Dakshinkali Investment & Securities Pvt. Ltd.,2026-04-27 12:40:29.280557,Siddhartha Bank Limited
2026042701022849,SBL,49,57,10,387.5,3875.0,2026-04-27,188028151,145,Online Securities Pvt. Ltd.,Aryatara Investment & Securities,2026-04-27 12:59:12.083132,Siddhartha Bank Limited
2026042701024235,SBL,49,33,215,388.8,83592.0,2026-04-27,188033613,145,Online Securities Pvt. Ltd.,Dakshinkali Investment & Securities Pvt. Ltd.,2026-04-27 13:09:36.468553,Siddhartha Bank Limited
2026042701024640,SBL,49,59,1000,387.9,387900.0,2026-04-27,188035427,145,Online Securities Pvt. Ltd.,Deevyaa Securities & Stock House Pvt. Ltd,2026-04-27 13:13:39.278060,Siddhartha Bank Limited
2026042701025069,SBL,50,1,150,388.0,58200.0,2026-04-27,188036981,145,Cristal Kanchanjanga Securites Pvt. Ltd.,Kumari Securities Private Limited,2026-04-27 13:16:33.910177,Siddhartha Bank Limited
2026042701025337,SBL,49,32,500,389.0,194500.0,2026-04-27,188037933,145,Online Securities Pvt. Ltd.,Premier Securities Company Ltd.,2026-04-27 13:18:41.015462,Siddhartha Bank Limited
2026042701025443,SBL,58,1,3,386.0,1158.0,2026-04-27,188038255,145,Naasa Securities Co. Ltd.,Kumari Securities Private Limited,2026-04-27 13:19:22.282008,Siddhartha Bank Limited
2026042701025502,SBL,58,52,1,384.0,384.0,2026-04-27,188038537,145,Naasa Securities Co. Ltd.,Sundhara Securities Limited,2026-04-27 13:19:48.710476,Siddhartha Bank Limited
2026042701025510,SBL,58,41,1,385.0,385.0,2026-04-27,188038565,145,Naasa Securities Co. Ltd.,Linch Stock Market Ltd.,2026-04-27 13:19:54.576231,Siddhartha Bank Limited
2026042701026378,SBL,75,57,40,389.9,15596.0,2026-04-27,188041467,145,N.I.M.B. Stock Markets Limited,Aryatara Investment & Securities,2026-04-27 13:23:52.729055,Siddhartha Bank Limited
2026042701026379,SBL,75,85,50,389.9,19495.0,2026-04-27,188041469,145,N.I.M.B. Stock Markets Limited,Capital Hub P. Ltd,2026-04-27 13:23:52.729360,Siddhartha Bank Limited
2026042701026380,SBL,75,53,100,390.0,39000.0,2026-04-27,188041471,145,N.I.M.B. Stock Markets Limited,Investment Management Nepal Pvt. Ltd.,2026-04-27 13:23:52.729572,Siddhartha Bank Limited
2026042701026381,SBL,75,82,226,390.0,88140.0,2026-04-27,188041473,145,N.I.M.B. Stock Markets Limited,N.M.B. SECURITIES LIMITED,2026-04-27 13:23:52.729760,Siddhartha Bank Limited
2026042701026382,SBL,75,36,21,390.0,8190.0,2026-04-27,188041475,145,N.I.M.B. Stock Markets Limited,Secured Securities Ltd.,2026-04-27 13:23:52.729942,Siddhartha Bank Limited
2026042701026383,SBL,75,4,300,390.0,117000.0,2026-04-27,188041477,145,N.I.M.B. Stock Markets Limited,Opal Securities Investment (PVT) Ltd.,2026-04-27 13:23:52.730134,Siddhartha Bank Limited
2026042701026384,SBL,75,17,210,390.0,81900.0,2026-04-27,188041479,145,N.I.M.B. Stock Markets Limited,ABC Securities Private Limited,2026-04-27 13:23:52.730315,Siddhartha Bank Limited
2026042701026385,SBL,75,14,100,390.0,39000.0,2026-04-27,188041481,145,N.I.M.B. Stock Markets Limited,Nepal Stock House (PVT) Ltd.,2026-04-27 13:23:52.730474,Siddhartha Bank Limited
2026042701026386,SBL,75,34,11,390.0,4290.0,2026-04-27,188041483,145,N.I.M.B. Stock Markets Limited,Vision Securities Pvt. Ltd,2026-04-27 13:23:52.730652,Siddhartha Bank Limited
2026042701026387,SBL,75,32,50,390.0,19500.0,2026-04-27,188041485,145,N.I.M.B. Stock Markets Limited,Premier Securities Company Ltd.,2026-04-27 13:23:52.730824,Siddhartha Bank Limited
2026042701026388,SBL,75,45,59,390.0,23010.0,2026-04-27,188041487,145,N.I.M.B. Stock Markets Limited,Imperial Securities Company Pvt. Ltd.,2026-04-27 13:23:52.730977,Siddhartha Bank Limited
2026042701026389,SBL,75,32,433,390.0,168870.0,2026-04-27,188041490,145,N.I.M.B. Stock Markets Limited,Premier Securities Company Ltd.,2026-04-27 13:23:52.731173,Siddhartha Bank Limited
2026042701027375,SBL,75,32,67,390.0,26130.0,2026-04-27,188045291,145,N.I.M.B. Stock Markets Limited,Premier Securities Company Ltd.,2026-04-27 13:30:19.344810,Siddhartha Bank Limited
2026042701027376,SBL,75,57,1000,390.0,390000.0,2026-04-27,188045294,145,N.I.M.B. Stock Markets Limited,Aryatara Investment & Securities,2026-04-27 13:30:19.345122,Siddhartha Bank Limited
2026042701028045,SBL,26,34,1,390.0,390.0,2026-04-27,188047685,145,Asian Securities Private Ltd.,Vision Securities Pvt. Ltd,2026-04-27 13:34:22.208272,Siddhartha Bank Limited
2026042701029739,SBL,49,33,195,389.9,76030.5,2026-04-27,188054003,145,Online Securities Pvt. Ltd.,Dakshinkali Investment & Securities Pvt. Ltd.,2026-04-27 13:46:04.105998,Siddhartha Bank Limited
2026042701029830,SBL,42,41,200,389.0,77800.0,2026-04-27,188054536,145,Sani Securities Company Ltd.,Linch Stock Market Ltd.,2026-04-27 13:47:15.214839,Siddhartha Bank Limited
2026042701030002,SBL,49,41,727,389.0,282803.0,2026-04-27,188055345,145,Online Securities Pvt. Ltd.,Linch Stock Market Ltd.,2026-04-27 13:48:25.071383,Siddhartha Bank Limited
2026042701030414,SBL,75,38,1000,390.0,390000.0,2026-04-27,188057049,145,N.I.M.B. Stock Markets Limited,Dipshikha Dhitopatra Karobar Co. Pvt Ltd.,2026-04-27 13:51:26.774279,Siddhartha Bank Limited
2026042701030415,SBL,75,8,94,390.0,36660.0,2026-04-27,188057051,145,N.I.M.B. Stock Markets Limited,Brilliant Securities Pvt. Ltd.,2026-04-27 13:51:26.774442,Siddhartha Bank Limited
2026042701030416,SBL,75,11,20,390.0,7800.0,2026-04-27,188057054,145,N.I.M.B. Stock Markets Limited,Malla & Malla Stock Broking Company Pvt. Limited,2026-04-27 13:51:26.774507,Siddhartha Bank Limited
2026042701031198,SBL,45,38,480,390.0,187200.0,2026-04-27,188060116,145,Imperial Securities Company Pvt. Ltd.,Dipshikha Dhitopatra Karobar Co. Pvt Ltd.,2026-04-27 13:57:45.959916,Siddhartha Bank Limited
2026042701031912,SBL,25,38,41,390.0,15990.0,2026-04-27,188063096,145,Sweta Securities Private Limited,Dipshikha Dhitopatra Karobar Co. Pvt Ltd.,2026-04-27 14:03:41.289129,Siddhartha Bank Limited
2026042701032589,SBL,35,38,50,390.0,19500.0,2026-04-27,188065396,145,Kohinoor Investment & Securities Pvt. Ltd.,Dipshikha Dhitopatra Karobar Co. Pvt Ltd.,2026-04-27 14:07:42.996668,Siddhartha Bank Limited
2026042701032641,SBL,35,38,20,390.0,7800.0,2026-04-27,188065616,145,Kohinoor Investment & Securities Pvt. Ltd.,Dipshikha Dhitopatra Karobar Co. Pvt Ltd.,2026-04-27 14:08:02.428747,Siddhartha Bank Limited
2026042701033124,SBL,41,38,45,390.0,17550.0,2026-04-27,188067570,145,Linch Stock Market Ltd.,Dipshikha Dhitopatra Karobar Co. Pvt Ltd.,2026-04-27 14:11:28.995237,Siddhartha Bank Limited
2026042701033210,SBL,50,37,500,389.0,194500.0,2026-04-27,188067949,145,Cristal Kanchanjanga Securites Pvt. Ltd.,Swarna Laxmi Securities Pvt. Ltd.,2026-04-27 14:12:06.300472,Siddhartha Bank Limited
2026042701033540,SBL,4,38,170,390.0,66300.0,2026-04-27,188069264,145,Opal Securities Investment (PVT) Ltd.,Dipshikha Dhitopatra Karobar Co. Pvt Ltd.,2026-04-27 14:13:52.432968,Siddhartha Bank Limited
2026042701034336,SBL,49,1,128,389.1,49804.8,2026-04-27,188072637,145,Online Securities Pvt. Ltd.,Kumari Securities Private Limited,2026-04-27 14:19:32.936370,Siddhartha Bank Limited
2026042701034413,SBL,49,74,715,389.1,278206.5,2026-04-27,188072960,145,Online Securities Pvt. Ltd.,KALASH STOCK MARKET PVT. LTD.,2026-04-27 14:20:07.943229,Siddhartha Bank Limited
2026042701034414,SBL,50,74,3117,389.0,1212513.0,2026-04-27,188072962,145,Cristal Kanchanjanga Securites Pvt. Ltd.,KALASH STOCK MARKET PVT. LTD.,2026-04-27 14:20:07.943400,Siddhartha Bank Limited
2026042701034415,SBL,50,74,850,389.0,330650.0,2026-04-27,188072963,145,Cristal Kanchanjanga Securites Pvt. Ltd.,KALASH STOCK MARKET PVT. LTD.,2026-04-27 14:20:07.943467,Siddhartha Bank Limited
2026042701034623,SBL,14,35,10,388.0,3880.0,2026-04-27,188073723,145,Nepal Stock House (PVT) Ltd.,Kohinoor Investment & Securities Pvt. Ltd.,2026-04-27 14:21:12.321517,Siddhartha Bank Limited
2026042701034691,SBL,14,46,61,388.0,23668.0,2026-04-27,188073993,145,Nepal Stock House (PVT) Ltd.,Kalika Securities Pvt. Ltd.,2026-04-27 14:21:37.663661,Siddhartha Bank Limited
2026042701034710,SBL,14,57,10,388.0,3880.0,2026-04-27,188074041,145,Nepal Stock House (PVT) Ltd.,Aryatara Investment & Securities,2026-04-27 14:21:41.246315,Siddhartha Bank Limited
2026042701034996,SBL,14,58,10,388.0,3880.0,2026-04-27,188075265,145,Nepal Stock House (PVT) Ltd.,Naasa Securities Co. Ltd.,2026-04-27 14:23:12.407855,Siddhartha Bank Limited
2026042701036273,SBL,42,74,50,389.0,19450.0,2026-04-27,188080689,145,Sani Securities Company Ltd.,KALASH STOCK MARKET PVT. LTD.,2026-04-27 14:29:55.757899,Siddhartha Bank Limited
2026042701036602,SBL,75,53,6,385.0,2310.0,2026-04-27,188081991,145,N.I.M.B. Stock Markets Limited,Investment Management Nepal Pvt. Ltd.,2026-04-27 14:31:59.046478,Siddhartha Bank Limited
2026042701036850,SBL,8,28,20,388.1,7762.0,2026-04-27,188083109,145,Brilliant Securities Pvt. Ltd.,Shree Krishna Securities Ltd.,2026-04-27 14:33:30.291808,Siddhartha Bank Limited
2026042701037358,SBL,57,50,10,389.0,3890.0,2026-04-27,188085044,145,Aryatara Investment & Securities,Cristal Kanchanjanga Securites Pvt. Ltd.,2026-04-27 14:36:16.843839,Siddhartha Bank Limited
2026042701038010,SBL,8,67,11,388.1,4269.1,2026-04-27,188087453,145,Brilliant Securities Pvt. Ltd.,Property Wiard Limited,2026-04-27 14:39:37.138632,Siddhartha Bank Limited
2026042701038606,SBL,8,42,31,388.1,12031.1,2026-04-27,188089489,145,Brilliant Securities Pvt. Ltd.,Sani Securities Company Ltd.,2026-04-27 14:42:04.702543,Siddhartha Bank Limited
2026042701039167,SBL,75,74,1000,389.9,389900.0,2026-04-27,188091709,145,N.I.M.B. Stock Markets Limited,KALASH STOCK MARKET PVT. LTD.,2026-04-27 14:44:49.385428,Siddhartha Bank Limited
2026042701039168,SBL,75,38,194,390.0,75660.0,2026-04-27,188091711,145,N.I.M.B. Stock Markets Limited,Dipshikha Dhitopatra Karobar Co. Pvt Ltd.,2026-04-27 14:44:49.385591,Siddhartha Bank Limited
2026042701039169,SBL,75,59,100,390.0,39000.0,2026-04-27,188091713,145,N.I.M.B. Stock Markets Limited,Deevyaa Securities & Stock House Pvt. Ltd,2026-04-27 14:44:49.385657,Siddhartha Bank Limited
2026042701039170,SBL,75,38,1000,390.0,390000.0,2026-04-27,188091715,145,N.I.M.B. Stock Markets Limited,Dipshikha Dhitopatra Karobar Co. Pvt Ltd.,2026-04-27 14:44:49.385724,Siddhartha Bank Limited
2026042701039171,SBL,75,14,68,390.0,26520.0,2026-04-27,188091717,145,N.I.M.B. Stock Markets Limited,Nepal Stock House (PVT) Ltd.,2026-04-27 14:44:49.385789,Siddhartha Bank Limited
2026042701039172,SBL,75,6,1938,390.0,755820.0,2026-04-27,188091720,145,N.I.M.B. Stock Markets Limited,Agrawal Securities (PVT) Ltd.,2026-04-27 14:44:49.385852,Siddhartha Bank Limited
2026042701040598,SBL,44,10,20,388.9,7778.0,2026-04-27,188097624,145,Dynamic Money Managers Securities Pvt. Ltd.,Pragyan Securities (PVT) Ltd.,2026-04-27 14:50:45.276320,Siddhartha Bank Limited
2026042701040599,SBL,8,10,38,388.1,14747.8,2026-04-27,188097626,145,Brilliant Securities Pvt. Ltd.,Pragyan Securities (PVT) Ltd.,2026-04-27 14:50:45.276693,Siddhartha Bank Limited
2026042701040600,SBL,58,10,2193,388.1,851103.3,2026-04-27,188097628,145,Naasa Securities Co. Ltd.,Pragyan Securities (PVT) Ltd.,2026-04-27 14:50:45.276916,Siddhartha Bank Limited
2026042701040601,SBL,14,10,109,388.0,42292.0,2026-04-27,188097630,145,Nepal Stock House (PVT) Ltd.,Pragyan Securities (PVT) Ltd.,2026-04-27 14:50:45.277183,Siddhartha Bank Limited
2026042701040602,SBL,47,10,155,388.0,60140.0,2026-04-27,188097632,145,Neev Securities Pvt. Ltd.,Pragyan Securities (PVT) Ltd.,2026-04-27 14:50:45.277376,Siddhartha Bank Limited
2026042701040603,SBL,42,10,80,388.0,31040.0,2026-04-27,188097634,145,Sani Securities Company Ltd.,Pragyan Securities (PVT) Ltd.,2026-04-27 14:50:45.277561,Siddhartha Bank Limited
2026042701040604,SBL,20,10,2939,388.0,1140332.0,2026-04-27,188097635,145,Sipla Securities Private Limited,Pragyan Securities (PVT) Ltd.,2026-04-27 14:50:45.277745,Siddhartha Bank Limited
2026042701041336,SBL,20,74,61,388.0,23668.0,2026-04-27,188101364,145,Sipla Securities Private Limited,KALASH STOCK MARKET PVT. LTD.,2026-04-27 14:53:48.807230,Siddhartha Bank Limited
2026042701041337,SBL,44,74,2000,388.0,776000.0,2026-04-27,188101366,145,Dynamic Money Managers Securities Pvt. Ltd.,KALASH STOCK MARKET PVT. LTD.,2026-04-27 14:53:48.807570,Siddhartha Bank Limited
2026042701041338,SBL,51,74,580,388.0,225040.0,2026-04-27,188101368,145,Oxford Securities Pvt. Ltd.,KALASH STOCK MARKET PVT. LTD.,2026-04-27 14:53:48.807787,Siddhartha Bank Limited
2026042701041339,SBL,13,74,10,388.0,3880.0,2026-04-27,188101370,145,Thrive Brokerage House Pvt. Ltd,KALASH STOCK MARKET PVT. LTD.,2026-04-27 14:53:48.807995,Siddhartha Bank Limited
2026042701041340,SBL,52,74,255,387.6,98838.0,2026-04-27,188101372,145,Sundhara Securities Limited,KALASH STOCK MARKET PVT. LTD.,2026-04-27 14:53:48.808222,Siddhartha Bank Limited
2026042701041341,SBL,18,74,5000,387.5,1937500.0,2026-04-27,188101374,145,Sagarmatha Securities Private Limited,KALASH STOCK MARKET PVT. LTD.,2026-04-27 14:53:48.808456,Siddhartha Bank Limited
2026042701041342,SBL,20,74,2000,387.2,774400.0,2026-04-27,188101376,145,Sipla Securities Private Limited,KALASH STOCK MARKET PVT. LTD.,2026-04-27 14:53:48.808670,Siddhartha Bank Limited
2026042701041343,SBL,58,74,10,387.2,3872.0,2026-04-27,188101378,145,Naasa Securities Co. Ltd.,KALASH STOCK MARKET PVT. LTD.,2026-04-27 14:53:48.808887,Siddhartha Bank Limited
2026042701041344,SBL,20,74,5000,387.2,1936000.0,2026-04-27,188101380,145,Sipla Securities Private Limited,KALASH STOCK MARKET PVT. LTD.,2026-04-27 14:53:48.809110,Siddhartha Bank Limited
2026042701041345,SBL,74,74,85,387.1,32903.5,2026-04-27,188101381,145,KALASH STOCK MARKET PVT. LTD.,KALASH STOCK MARKET PVT. LTD.,2026-04-27 14:53:48.809323,Siddhartha Bank Limited
2026042701042640,SBL,50,6,62,390.0,24180.0,2026-04-27,188107277,145,Cristal Kanchanjanga Securites Pvt. Ltd.,Agrawal Securities (PVT) Ltd.,2026-04-27 14:57:37.114817,Siddhartha Bank Limited
2026042701042641,SBL,50,82,38,390.0,14820.0,2026-04-27,188107280,145,Cristal Kanchanjanga Securites Pvt. Ltd.,N.M.B. SECURITIES LIMITED,2026-04-27 14:57:37.114963,Siddhartha Bank Limited
2026042701043142,SBL,75,82,962,390.0,375180.0,2026-04-27,188109623,145,N.I.M.B. Stock Markets Limited,N.M.B. SECURITIES LIMITED,2026-04-27 14:58:44.089127,Siddhartha Bank Limited
2026042701043143,SBL,75,10,1000,390.0,390000.0,2026-04-27,188109625,145,N.I.M.B. Stock Markets Limited,Pragyan Securities (PVT) Ltd.,2026-04-27 14:58:44.089277,Siddhartha Bank Limited
2026042701043144,SBL,75,19,100,390.0,39000.0,2026-04-27,188109628,145,N.I.M.B. Stock Markets Limited,Nepal Investment And Securities Trading Private Limited,2026-04-27 14:58:44.089343,Siddhartha Bank Limited
2026042701043807,SBL,74,1,100,387.4,38740.0,2026-04-27,188112416,145,KALASH STOCK MARKET PVT. LTD.,Kumari Securities Private Limited,2026-04-27 14:59:36.147942,Siddhartha Bank Limited
2026042701043808,SBL,58,1,30,387.3,11619.0,2026-04-27,188112418,145,Naasa Securities Co. Ltd.,Kumari Securities Private Limited,2026-04-27 14:59:36.148231,Siddhartha Bank Limited
