contractId,stockSymbol,buyerMemberId,sellerMemberId,quantity,rate,amount,businessDate,tradeBookId,stockId,buyerBrokerName,sellerBrokerName,transaction_time,securityName
2026042704000260,SHL,42,45,100,501.0,50100.0,2026-04-27,187958372,147,Sani Securities Company Ltd.,Imperial Securities Company Pvt. Ltd.,2026-04-27 11:07:03.951293,Soaltee Hotel Limited
2026042704000408,SHL,75,44,100,501.0,50100.0,2026-04-27,187962599,147,N.I.M.B. Stock Markets Limited,Dynamic Money Managers Securities Pvt. Ltd.,2026-04-27 11:11:01.538342,Soaltee Hotel Limited
2026042704001969,SHL,75,45,100,501.0,50100.0,2026-04-27,187987452,147,N.I.M.B. Stock Markets Limited,Imperial Securities Company Pvt. Ltd.,2026-04-27 11:42:46.611989,Soaltee Hotel Limited
2026042704001970,SHL,54,45,100,501.0,50100.0,2026-04-27,187987453,147,Sewa Securities Pvt. Ltd.,Imperial Securities Company Pvt. Ltd.,2026-04-27 11:42:46.612087,Soaltee Hotel Limited
2026042704002593,SHL,42,38,100,501.5,50150.0,2026-04-27,187997506,147,Sani Securities Company Ltd.,Dipshikha Dhitopatra Karobar Co. Pvt Ltd.,2026-04-27 11:58:12.944084,Soaltee Hotel Limited
2026042704002594,SHL,38,38,114,501.0,57114.0,2026-04-27,187997508,147,Dipshikha Dhitopatra Karobar Co. Pvt Ltd.,Dipshikha Dhitopatra Karobar Co. Pvt Ltd.,2026-04-27 11:58:12.944354,Soaltee Hotel Limited
2026042704002595,SHL,71,38,166,500.1,83016.6,2026-04-27,187997509,147,SHUBHAKAMANA SECURITIES PVT. LTD,Dipshikha Dhitopatra Karobar Co. Pvt Ltd.,2026-04-27 11:58:12.944504,Soaltee Hotel Limited
2026042704002980,SHL,75,44,100,501.0,50100.0,2026-04-27,188002914,147,N.I.M.B. Stock Markets Limited,Dynamic Money Managers Securities Pvt. Ltd.,2026-04-27 12:08:42.264427,Soaltee Hotel Limited
2026042704003452,SHL,44,58,20,505.0,10100.0,2026-04-27,188009767,147,Dynamic Money Managers Securities Pvt. Ltd.,Naasa Securities Co. Ltd.,2026-04-27 12:21:35.826381,Soaltee Hotel Limited
2026042704003618,SHL,49,58,3,505.0,1515.0,2026-04-27,188012365,147,Online Securities Pvt. Ltd.,Naasa Securities Co. Ltd.,2026-04-27 12:26:41.509121,Soaltee Hotel Limited
2026042704003661,SHL,58,36,12,501.0,6012.0,2026-04-27,188013313,147,Naasa Securities Co. Ltd.,Secured Securities Ltd.,2026-04-27 12:28:32.042867,Soaltee Hotel Limited
2026042704003796,SHL,49,58,5,500.0,2500.0,2026-04-27,188015227,147,Online Securities Pvt. Ltd.,Naasa Securities Co. Ltd.,2026-04-27 12:32:44.329200,Soaltee Hotel Limited
2026042704003806,SHL,49,44,27,501.0,13527.0,2026-04-27,188015491,147,Online Securities Pvt. Ltd.,Dynamic Money Managers Securities Pvt. Ltd.,2026-04-27 12:33:21.309345,Soaltee Hotel Limited
2026042704003815,SHL,49,58,56,501.0,28056.0,2026-04-27,188015743,147,Online Securities Pvt. Ltd.,Naasa Securities Co. Ltd.,2026-04-27 12:33:48.220230,Soaltee Hotel Limited
2026042704003980,SHL,58,42,107,502.0,53714.0,2026-04-27,188017967,147,Naasa Securities Co. Ltd.,Sani Securities Company Ltd.,2026-04-27 12:38:26.416532,Soaltee Hotel Limited
2026042704004172,SHL,51,45,115,503.9,57948.5,2026-04-27,188020300,147,Oxford Securities Pvt. Ltd.,Imperial Securities Company Pvt. Ltd.,2026-04-27 12:42:46.534526,Soaltee Hotel Limited
2026042704004426,SHL,34,44,190,503.0,95570.0,2026-04-27,188023090,147,Vision Securities Pvt. Ltd,Dynamic Money Managers Securities Pvt. Ltd.,2026-04-27 12:48:26.451803,Soaltee Hotel Limited
2026042704005086,SHL,71,45,185,503.9,93221.5,2026-04-27,188032091,147,SHUBHAKAMANA SECURITIES PVT. LTD,Imperial Securities Company Pvt. Ltd.,2026-04-27 13:06:30.085996,Soaltee Hotel Limited
2026042704005087,SHL,71,45,315,503.9,158728.5,2026-04-27,188032094,147,SHUBHAKAMANA SECURITIES PVT. LTD,Imperial Securities Company Pvt. Ltd.,2026-04-27 13:06:30.086277,Soaltee Hotel Limited
2026042704005784,SHL,4,45,185,503.9,93221.5,2026-04-27,188040279,147,Opal Securities Investment (PVT) Ltd.,Imperial Securities Company Pvt. Ltd.,2026-04-27 13:22:35.352928,Soaltee Hotel Limited
2026042704005785,SHL,4,45,115,504.0,57960.0,2026-04-27,188040282,147,Opal Securities Investment (PVT) Ltd.,Imperial Securities Company Pvt. Ltd.,2026-04-27 13:22:35.353090,Soaltee Hotel Limited
2026042704005898,SHL,4,45,200,504.0,100800.0,2026-04-27,188042066,147,Opal Securities Investment (PVT) Ltd.,Imperial Securities Company Pvt. Ltd.,2026-04-27 13:24:41.892012,Soaltee Hotel Limited
2026042704005997,SHL,19,66,100,502.0,50200.0,2026-04-27,188043329,147,Nepal Investment And Securities Trading Private Limited,Miyo Securities Pvt Ltd,2026-04-27 13:26:45.088965,Soaltee Hotel Limited
2026042704006607,SHL,28,48,107,502.1,53724.7,2026-04-27,188051257,147,Shree Krishna Securities Ltd.,Trishakti Securities Public Limited,2026-04-27 13:41:33.381412,Soaltee Hotel Limited
2026042704006838,SHL,45,45,185,504.0,93240.0,2026-04-27,188054391,147,Imperial Securities Company Pvt. Ltd.,Imperial Securities Company Pvt. Ltd.,2026-04-27 13:46:57.738804,Soaltee Hotel Limited
2026042704006839,SHL,45,58,200,504.0,100800.0,2026-04-27,188054393,147,Imperial Securities Company Pvt. Ltd.,Naasa Securities Co. Ltd.,2026-04-27 13:46:57.739013,Soaltee Hotel Limited
2026042704006840,SHL,45,53,100,504.0,50400.0,2026-04-27,188054395,147,Imperial Securities Company Pvt. Ltd.,Investment Management Nepal Pvt. Ltd.,2026-04-27 13:46:57.739089,Soaltee Hotel Limited
2026042704006841,SHL,45,1,132,504.0,66528.0,2026-04-27,188054397,147,Imperial Securities Company Pvt. Ltd.,Kumari Securities Private Limited,2026-04-27 13:46:57.739153,Soaltee Hotel Limited
2026042704006855,SHL,45,45,500,504.9,252450.0,2026-04-27,188054504,147,Imperial Securities Company Pvt. Ltd.,Imperial Securities Company Pvt. Ltd.,2026-04-27 13:47:11.012801,Soaltee Hotel Limited
2026042704006856,SHL,45,44,200,505.0,101000.0,2026-04-27,188054507,147,Imperial Securities Company Pvt. Ltd.,Dynamic Money Managers Securities Pvt. Ltd.,2026-04-27 13:47:11.012996,Soaltee Hotel Limited
2026042704006857,SHL,45,45,300,505.0,151500.0,2026-04-27,188054510,147,Imperial Securities Company Pvt. Ltd.,Imperial Securities Company Pvt. Ltd.,2026-04-27 13:47:11.013061,Soaltee Hotel Limited
2026042704006893,SHL,45,45,200,505.0,101000.0,2026-04-27,188054827,147,Imperial Securities Company Pvt. Ltd.,Imperial Securities Company Pvt. Ltd.,2026-04-27 13:47:42.075344,Soaltee Hotel Limited
2026042704006894,SHL,45,58,115,505.0,58075.0,2026-04-27,188054829,147,Imperial Securities Company Pvt. Ltd.,Naasa Securities Co. Ltd.,2026-04-27 13:47:42.075599,Soaltee Hotel Limited
2026042704006895,SHL,45,8,144,505.0,72720.0,2026-04-27,188054831,147,Imperial Securities Company Pvt. Ltd.,Brilliant Securities Pvt. Ltd.,2026-04-27 13:47:42.075790,Soaltee Hotel Limited
2026042704006896,SHL,45,7,500,505.9,252950.0,2026-04-27,188054833,147,Imperial Securities Company Pvt. Ltd.,J.F. Securites (PVT) Ltd.,2026-04-27 13:47:42.075982,Soaltee Hotel Limited
2026042704007011,SHL,45,44,10,503.0,5030.0,2026-04-27,188055801,147,Imperial Securities Company Pvt. Ltd.,Dynamic Money Managers Securities Pvt. Ltd.,2026-04-27 13:49:14.957333,Soaltee Hotel Limited
2026042704007856,SHL,49,4,90,500.0,45000.0,2026-04-27,188066719,147,Online Securities Pvt. Ltd.,Opal Securities Investment (PVT) Ltd.,2026-04-27 14:10:04.041061,Soaltee Hotel Limited
2026042704008189,SHL,28,39,145,504.1,73094.5,2026-04-27,188070552,147,Shree Krishna Securities Ltd.,Sumeru Securities Pvt. Ltd.,2026-04-27 14:16:06.767597,Soaltee Hotel Limited
2026042704008274,SHL,33,34,250,505.0,126250.0,2026-04-27,188071476,147,Dakshinkali Investment & Securities Pvt. Ltd.,Vision Securities Pvt. Ltd,2026-04-27 14:17:45.227070,Soaltee Hotel Limited
2026042704008375,SHL,39,13,100,505.0,50500.0,2026-04-27,188072249,147,Sumeru Securities Pvt. Ltd.,Thrive Brokerage House Pvt. Ltd,2026-04-27 14:18:58.272302,Soaltee Hotel Limited
2026042704008376,SHL,39,45,100,505.0,50500.0,2026-04-27,188072257,147,Sumeru Securities Pvt. Ltd.,Imperial Securities Company Pvt. Ltd.,2026-04-27 14:19:00.713652,Soaltee Hotel Limited
2026042704008395,SHL,39,28,2800,505.0,1414000.0,2026-04-27,188072336,147,Sumeru Securities Pvt. Ltd.,Shree Krishna Securities Ltd.,2026-04-27 14:19:07.901518,Soaltee Hotel Limited
2026042704008726,SHL,10,42,1,516.0,516.0,2026-04-27,188075355,147,Pragyan Securities (PVT) Ltd.,Sani Securities Company Ltd.,2026-04-27 14:23:18.031656,Soaltee Hotel Limited
2026042704008772,SHL,91,44,185,505.9,93591.5,2026-04-27,188076084,147,Citizens Share Broker Limited,Dynamic Money Managers Securities Pvt. Ltd.,2026-04-27 14:24:14.155595,Soaltee Hotel Limited
2026042704009269,SHL,45,45,383,504.0,193032.0,2026-04-27,188081739,147,Imperial Securities Company Pvt. Ltd.,Imperial Securities Company Pvt. Ltd.,2026-04-27 14:31:32.630682,Soaltee Hotel Limited
2026042704009317,SHL,58,38,7,500.0,3500.0,2026-04-27,188082219,147,Naasa Securities Co. Ltd.,Dipshikha Dhitopatra Karobar Co. Pvt Ltd.,2026-04-27 14:32:14.767570,Soaltee Hotel Limited
2026042704009328,SHL,45,45,1000,503.1,503100.0,2026-04-27,188082326,147,Imperial Securities Company Pvt. Ltd.,Imperial Securities Company Pvt. Ltd.,2026-04-27 14:32:24.451535,Soaltee Hotel Limited
2026042704009329,SHL,45,45,517,503.0,260051.0,2026-04-27,188082327,147,Imperial Securities Company Pvt. Ltd.,Imperial Securities Company Pvt. Ltd.,2026-04-27 14:32:24.451588,Soaltee Hotel Limited
2026042704009565,SHL,45,44,400,503.0,201200.0,2026-04-27,188084975,147,Imperial Securities Company Pvt. Ltd.,Dynamic Money Managers Securities Pvt. Ltd.,2026-04-27 14:36:11.069482,Soaltee Hotel Limited
2026042704010250,SHL,19,58,100,502.0,50200.0,2026-04-27,188094239,147,Nepal Investment And Securities Trading Private Limited,Naasa Securities Co. Ltd.,2026-04-27 14:47:29.521593,Soaltee Hotel Limited
2026042704010291,SHL,33,65,600,504.9,302940.0,2026-04-27,188094565,147,Dakshinkali Investment & Securities Pvt. Ltd.,Sharepro Securities Private Limited,2026-04-27 14:47:45.416245,Soaltee Hotel Limited
2026042704010292,SHL,33,45,100,504.9,50490.0,2026-04-27,188094567,147,Dakshinkali Investment & Securities Pvt. Ltd.,Imperial Securities Company Pvt. Ltd.,2026-04-27 14:47:45.416459,Soaltee Hotel Limited
2026042704010293,SHL,33,70,300,505.0,151500.0,2026-04-27,188094569,147,Dakshinkali Investment & Securities Pvt. Ltd.,Infinity Securities Limited,2026-04-27 14:47:45.416535,Soaltee Hotel Limited
2026042704010294,SHL,33,22,200,505.0,101000.0,2026-04-27,188094571,147,Dakshinkali Investment & Securities Pvt. Ltd.,Siprabi Securities Pvt. Ltd.,2026-04-27 14:47:45.416621,Soaltee Hotel Limited
2026042704010408,SHL,33,44,100,505.0,50500.0,2026-04-27,188095674,147,Dakshinkali Investment & Securities Pvt. Ltd.,Dynamic Money Managers Securities Pvt. Ltd.,2026-04-27 14:48:53.562531,Soaltee Hotel Limited
2026042704010854,SHL,33,39,200,504.9,100980.0,2026-04-27,188100723,147,Dakshinkali Investment & Securities Pvt. Ltd.,Sumeru Securities Pvt. Ltd.,2026-04-27 14:53:17.508288,Soaltee Hotel Limited
2026042704010855,SHL,33,44,100,505.0,50500.0,2026-04-27,188100725,147,Dakshinkali Investment & Securities Pvt. Ltd.,Dynamic Money Managers Securities Pvt. Ltd.,2026-04-27 14:53:17.508638,Soaltee Hotel Limited
2026042704010856,SHL,33,26,500,505.0,252500.0,2026-04-27,188100727,147,Dakshinkali Investment & Securities Pvt. Ltd.,Asian Securities Private Ltd.,2026-04-27 14:53:17.508834,Soaltee Hotel Limited
2026042704010857,SHL,33,45,100,505.0,50500.0,2026-04-27,188100729,147,Dakshinkali Investment & Securities Pvt. Ltd.,Imperial Securities Company Pvt. Ltd.,2026-04-27 14:53:17.509025,Soaltee Hotel Limited
2026042704010858,SHL,33,25,100,505.0,50500.0,2026-04-27,188100732,147,Dakshinkali Investment & Securities Pvt. Ltd.,Sweta Securities Private Limited,2026-04-27 14:53:17.509215,Soaltee Hotel Limited
2026042704011771,SHL,51,58,100,504.8,50480.0,2026-04-27,188108555,147,Oxford Securities Pvt. Ltd.,Naasa Securities Co. Ltd.,2026-04-27 14:58:14.933941,Soaltee Hotel Limited
