contractId,stockSymbol,buyerMemberId,sellerMemberId,quantity,rate,amount,businessDate,tradeBookId,stockId,buyerBrokerName,sellerBrokerName,transaction_time,securityName
2026042704000143,SJCL,86,41,10,306.0,3060.0,2026-04-27,187956329,2842,Stoxkarts Securities Limited,Linch Stock Market Ltd.,2026-04-27 11:04:08.454558,SANJEN JALAVIDHYUT COMPANY LIMITED
2026042704000144,SJCL,86,45,230,308.0,70840.0,2026-04-27,187956331,2842,Stoxkarts Securities Limited,Imperial Securities Company Pvt. Ltd.,2026-04-27 11:04:08.454612,SANJEN JALAVIDHYUT COMPANY LIMITED
2026042704000145,SJCL,86,52,10,314.8,3148.0,2026-04-27,187956334,2842,Stoxkarts Securities Limited,Sundhara Securities Limited,2026-04-27 11:04:08.454638,SANJEN JALAVIDHYUT COMPANY LIMITED
2026042704000373,SJCL,35,56,20,306.0,6120.0,2026-04-27,187961777,2842,Kohinoor Investment & Securities Pvt. Ltd.,Sri Hari Securities Pvt. Ltd.,2026-04-27 11:10:13.982601,SANJEN JALAVIDHYUT COMPANY LIMITED
2026042704000467,SJCL,57,42,40,301.1,12044.0,2026-04-27,187964087,2842,Aryatara Investment & Securities,Sani Securities Company Ltd.,2026-04-27 11:12:40.746504,SANJEN JALAVIDHYUT COMPANY LIMITED
2026042704000668,SJCL,58,58,60,305.0,18300.0,2026-04-27,187968491,2842,Naasa Securities Co. Ltd.,Naasa Securities Co. Ltd.,2026-04-27 11:17:54.182613,SANJEN JALAVIDHYUT COMPANY LIMITED
2026042704000708,SJCL,58,32,20,305.0,6100.0,2026-04-27,187968967,2842,Naasa Securities Co. Ltd.,Premier Securities Company Ltd.,2026-04-27 11:18:22.202067,SANJEN JALAVIDHYUT COMPANY LIMITED
2026042704000717,SJCL,58,57,18,305.0,5490.0,2026-04-27,187969146,2842,Naasa Securities Co. Ltd.,Aryatara Investment & Securities,2026-04-27 11:18:34.914545,SANJEN JALAVIDHYUT COMPANY LIMITED
2026042704000732,SJCL,58,36,10,304.0,3040.0,2026-04-27,187969381,2842,Naasa Securities Co. Ltd.,Secured Securities Ltd.,2026-04-27 11:18:49.625041,SANJEN JALAVIDHYUT COMPANY LIMITED
2026042704001151,SJCL,42,16,100,304.1,30410.0,2026-04-27,187975894,2842,Sani Securities Company Ltd.,Primo Securities (PVT) Ltd.,2026-04-27 11:27:04.007818,SANJEN JALAVIDHYUT COMPANY LIMITED
2026042704001152,SJCL,42,16,91,304.1,27673.1,2026-04-27,187975895,2842,Sani Securities Company Ltd.,Primo Securities (PVT) Ltd.,2026-04-27 11:27:04.008003,SANJEN JALAVIDHYUT COMPANY LIMITED
2026042704001353,SJCL,59,49,50,305.0,15250.0,2026-04-27,187978606,2842,Deevyaa Securities & Stock House Pvt. Ltd,Online Securities Pvt. Ltd.,2026-04-27 11:30:27.701462,SANJEN JALAVIDHYUT COMPANY LIMITED
2026042704001372,SJCL,59,57,491,306.0,150246.0,2026-04-27,187978784,2842,Deevyaa Securities & Stock House Pvt. Ltd,Aryatara Investment & Securities,2026-04-27 11:30:43.572463,SANJEN JALAVIDHYUT COMPANY LIMITED
2026042704001467,SJCL,59,13,100,304.1,30410.0,2026-04-27,187979711,2842,Deevyaa Securities & Stock House Pvt. Ltd,Thrive Brokerage House Pvt. Ltd,2026-04-27 11:32:01.251103,SANJEN JALAVIDHYUT COMPANY LIMITED
2026042704001815,SJCL,58,32,10,304.1,3041.0,2026-04-27,187984295,2842,Naasa Securities Co. Ltd.,Premier Securities Company Ltd.,2026-04-27 11:38:04.328454,SANJEN JALAVIDHYUT COMPANY LIMITED
2026042704001826,SJCL,58,38,40,305.0,12200.0,2026-04-27,187984570,2842,Naasa Securities Co. Ltd.,Dipshikha Dhitopatra Karobar Co. Pvt Ltd.,2026-04-27 11:38:30.315277,SANJEN JALAVIDHYUT COMPANY LIMITED
2026042704001951,SJCL,58,32,20,304.1,6082.0,2026-04-27,187987261,2842,Naasa Securities Co. Ltd.,Premier Securities Company Ltd.,2026-04-27 11:42:26.487848,SANJEN JALAVIDHYUT COMPANY LIMITED
2026042704002216,SJCL,58,49,40,304.1,12164.0,2026-04-27,187990725,2842,Naasa Securities Co. Ltd.,Online Securities Pvt. Ltd.,2026-04-27 11:47:58.635857,SANJEN JALAVIDHYUT COMPANY LIMITED
2026042704002253,SJCL,58,74,30,304.1,9123.0,2026-04-27,187991442,2842,Naasa Securities Co. Ltd.,KALASH STOCK MARKET PVT. LTD.,2026-04-27 11:49:08.424560,SANJEN JALAVIDHYUT COMPANY LIMITED
2026042704002254,SJCL,59,74,70,304.1,21287.0,2026-04-27,187991443,2842,Deevyaa Securities & Stock House Pvt. Ltd,KALASH STOCK MARKET PVT. LTD.,2026-04-27 11:49:08.424667,SANJEN JALAVIDHYUT COMPANY LIMITED
2026042704002524,SJCL,59,19,10,304.1,3041.0,2026-04-27,187995979,2842,Deevyaa Securities & Stock House Pvt. Ltd,Nepal Investment And Securities Trading Private Limited,2026-04-27 11:55:40.589259,SANJEN JALAVIDHYUT COMPANY LIMITED
2026042704002543,SJCL,59,43,10,304.1,3041.0,2026-04-27,187996371,2842,Deevyaa Securities & Stock House Pvt. Ltd,South Asian Bulls Pvt. Ltd.,2026-04-27 11:56:24.187383,SANJEN JALAVIDHYUT COMPANY LIMITED
2026042704002655,SJCL,59,52,40,306.0,12240.0,2026-04-27,187998727,2842,Deevyaa Securities & Stock House Pvt. Ltd,Sundhara Securities Limited,2026-04-27 12:00:27.904285,SANJEN JALAVIDHYUT COMPANY LIMITED
2026042704002656,SJCL,59,56,40,306.0,12240.0,2026-04-27,187998729,2842,Deevyaa Securities & Stock House Pvt. Ltd,Sri Hari Securities Pvt. Ltd.,2026-04-27 12:00:27.904471,SANJEN JALAVIDHYUT COMPANY LIMITED
2026042704002657,SJCL,59,50,40,306.0,12240.0,2026-04-27,187998731,2842,Deevyaa Securities & Stock House Pvt. Ltd,Cristal Kanchanjanga Securites Pvt. Ltd.,2026-04-27 12:00:27.904540,SANJEN JALAVIDHYUT COMPANY LIMITED
2026042704002658,SJCL,59,82,40,306.0,12240.0,2026-04-27,187998734,2842,Deevyaa Securities & Stock House Pvt. Ltd,N.M.B. SECURITIES LIMITED,2026-04-27 12:00:27.904590,SANJEN JALAVIDHYUT COMPANY LIMITED
2026042704002951,SJCL,45,75,10,304.2,3042.0,2026-04-27,188002369,2842,Imperial Securities Company Pvt. Ltd.,N.I.M.B. Stock Markets Limited,2026-04-27 12:07:34.668643,SANJEN JALAVIDHYUT COMPANY LIMITED
2026042704002997,SJCL,45,34,90,304.2,27378.0,2026-04-27,188003224,2842,Imperial Securities Company Pvt. Ltd.,Vision Securities Pvt. Ltd,2026-04-27 12:09:19.790744,SANJEN JALAVIDHYUT COMPANY LIMITED
2026042704002998,SJCL,59,34,10,304.1,3041.0,2026-04-27,188003226,2842,Deevyaa Securities & Stock House Pvt. Ltd,Vision Securities Pvt. Ltd,2026-04-27 12:09:19.790966,SANJEN JALAVIDHYUT COMPANY LIMITED
2026042704002999,SJCL,59,34,100,304.1,30410.0,2026-04-27,188003228,2842,Deevyaa Securities & Stock House Pvt. Ltd,Vision Securities Pvt. Ltd,2026-04-27 12:09:19.791106,SANJEN JALAVIDHYUT COMPANY LIMITED
2026042704003000,SJCL,58,34,290,304.0,88160.0,2026-04-27,188003230,2842,Naasa Securities Co. Ltd.,Vision Securities Pvt. Ltd,2026-04-27 12:09:19.791241,SANJEN JALAVIDHYUT COMPANY LIMITED
2026042704003001,SJCL,40,34,100,304.0,30400.0,2026-04-27,188003232,2842,Creative Securities Pvt Ltd,Vision Securities Pvt. Ltd,2026-04-27 12:09:19.791407,SANJEN JALAVIDHYUT COMPANY LIMITED
2026042704003002,SJCL,58,34,300,304.0,91200.0,2026-04-27,188003234,2842,Naasa Securities Co. Ltd.,Vision Securities Pvt. Ltd,2026-04-27 12:09:19.791558,SANJEN JALAVIDHYUT COMPANY LIMITED
2026042704003003,SJCL,49,34,10,304.0,3040.0,2026-04-27,188003236,2842,Online Securities Pvt. Ltd.,Vision Securities Pvt. Ltd,2026-04-27 12:09:19.791695,SANJEN JALAVIDHYUT COMPANY LIMITED
2026042704003088,SJCL,50,34,100,304.0,30400.0,2026-04-27,188004038,2842,Cristal Kanchanjanga Securites Pvt. Ltd.,Vision Securities Pvt. Ltd,2026-04-27 12:11:04.612217,SANJEN JALAVIDHYUT COMPANY LIMITED
2026042704003148,SJCL,54,45,40,303.0,12120.0,2026-04-27,188004871,2842,Sewa Securities Pvt. Ltd.,Imperial Securities Company Pvt. Ltd.,2026-04-27 12:12:47.831261,SANJEN JALAVIDHYUT COMPANY LIMITED
2026042704003209,SJCL,54,43,10,303.0,3030.0,2026-04-27,188005943,2842,Sewa Securities Pvt. Ltd.,South Asian Bulls Pvt. Ltd.,2026-04-27 12:14:40.841167,SANJEN JALAVIDHYUT COMPANY LIMITED
2026042704003316,SJCL,54,19,30,303.0,9090.0,2026-04-27,188007395,2842,Sewa Securities Pvt. Ltd.,Nepal Investment And Securities Trading Private Limited,2026-04-27 12:17:25.528505,SANJEN JALAVIDHYUT COMPANY LIMITED
2026042704003320,SJCL,54,36,10,303.0,3030.0,2026-04-27,188007585,2842,Sewa Securities Pvt. Ltd.,Secured Securities Ltd.,2026-04-27 12:17:43.690309,SANJEN JALAVIDHYUT COMPANY LIMITED
2026042704003474,SJCL,54,8,10,303.0,3030.0,2026-04-27,188010004,2842,Sewa Securities Pvt. Ltd.,Brilliant Securities Pvt. Ltd.,2026-04-27 12:22:00.588639,SANJEN JALAVIDHYUT COMPANY LIMITED
2026042704003475,SJCL,4,8,30,303.0,9090.0,2026-04-27,188010005,2842,Opal Securities Investment (PVT) Ltd.,Brilliant Securities Pvt. Ltd.,2026-04-27 12:22:00.588679,SANJEN JALAVIDHYUT COMPANY LIMITED
2026042704003533,SJCL,59,58,100,303.1,30310.0,2026-04-27,188011325,2842,Deevyaa Securities & Stock House Pvt. Ltd,Naasa Securities Co. Ltd.,2026-04-27 12:24:36.129950,SANJEN JALAVIDHYUT COMPANY LIMITED
2026042704003668,SJCL,94,72,40,302.5,12100.0,2026-04-27,188013395,2842,K.B.L. Securities Limited ,Hatemalo Financial Services Private Limited,2026-04-27 12:28:42.556205,SANJEN JALAVIDHYUT COMPANY LIMITED
2026042704003811,SJCL,16,51,40,302.7,12108.0,2026-04-27,188015633,2842,Primo Securities (PVT) Ltd.,Oxford Securities Pvt. Ltd.,2026-04-27 12:33:34.663171,SANJEN JALAVIDHYUT COMPANY LIMITED
2026042704003820,SJCL,16,49,10,302.7,3027.0,2026-04-27,188015915,2842,Primo Securities (PVT) Ltd.,Online Securities Pvt. Ltd.,2026-04-27 12:34:07.584346,SANJEN JALAVIDHYUT COMPANY LIMITED
2026042704003849,SJCL,16,13,40,302.7,12108.0,2026-04-27,188016235,2842,Primo Securities (PVT) Ltd.,Thrive Brokerage House Pvt. Ltd,2026-04-27 12:34:50.496875,SANJEN JALAVIDHYUT COMPANY LIMITED
2026042704003879,SJCL,50,41,20,303.0,6060.0,2026-04-27,188016691,2842,Cristal Kanchanjanga Securites Pvt. Ltd.,Linch Stock Market Ltd.,2026-04-27 12:35:46.863339,SANJEN JALAVIDHYUT COMPANY LIMITED
2026042704003880,SJCL,50,80,40,303.0,12120.0,2026-04-27,188016694,2842,Cristal Kanchanjanga Securites Pvt. Ltd.,Indira securities pvt. ltd,2026-04-27 12:35:46.863607,SANJEN JALAVIDHYUT COMPANY LIMITED
2026042704004049,SJCL,50,44,10,304.0,3040.0,2026-04-27,188018872,2842,Cristal Kanchanjanga Securites Pvt. Ltd.,Dynamic Money Managers Securities Pvt. Ltd.,2026-04-27 12:40:01.484355,SANJEN JALAVIDHYUT COMPANY LIMITED
2026042704004061,SJCL,50,47,20,305.0,6100.0,2026-04-27,188019153,2842,Cristal Kanchanjanga Securites Pvt. Ltd.,Neev Securities Pvt. Ltd.,2026-04-27 12:40:26.184068,SANJEN JALAVIDHYUT COMPANY LIMITED
2026042704004062,SJCL,50,86,120,305.0,36600.0,2026-04-27,188019156,2842,Cristal Kanchanjanga Securites Pvt. Ltd.,Stoxkarts Securities Limited,2026-04-27 12:40:26.184371,SANJEN JALAVIDHYUT COMPANY LIMITED
2026042704004064,SJCL,4,86,130,305.0,39650.0,2026-04-27,188019163,2842,Opal Securities Investment (PVT) Ltd.,Stoxkarts Securities Limited,2026-04-27 12:40:27.318569,SANJEN JALAVIDHYUT COMPANY LIMITED
2026042704004065,SJCL,4,18,40,305.0,12200.0,2026-04-27,188019165,2842,Opal Securities Investment (PVT) Ltd.,Sagarmatha Securities Private Limited,2026-04-27 12:40:27.318693,SANJEN JALAVIDHYUT COMPANY LIMITED
2026042704004084,SJCL,4,68,40,306.0,12240.0,2026-04-27,188019415,2842,Opal Securities Investment (PVT) Ltd.,Elite Stock House Limited,2026-04-27 12:40:52.305129,SANJEN JALAVIDHYUT COMPANY LIMITED
2026042704004085,SJCL,4,22,10,306.0,3060.0,2026-04-27,188019417,2842,Opal Securities Investment (PVT) Ltd.,Siprabi Securities Pvt. Ltd.,2026-04-27 12:40:52.305251,SANJEN JALAVIDHYUT COMPANY LIMITED
2026042704004140,SJCL,4,38,10,306.0,3060.0,2026-04-27,188020038,2842,Opal Securities Investment (PVT) Ltd.,Dipshikha Dhitopatra Karobar Co. Pvt Ltd.,2026-04-27 12:42:14.781867,SANJEN JALAVIDHYUT COMPANY LIMITED
2026042704004141,SJCL,36,38,180,305.0,54900.0,2026-04-27,188020039,2842,Secured Securities Ltd.,Dipshikha Dhitopatra Karobar Co. Pvt Ltd.,2026-04-27 12:42:14.781972,SANJEN JALAVIDHYUT COMPANY LIMITED
2026042704004163,SJCL,36,14,30,302.8,9084.0,2026-04-27,188020248,2842,Secured Securities Ltd.,Nepal Stock House (PVT) Ltd.,2026-04-27 12:42:39.217377,SANJEN JALAVIDHYUT COMPANY LIMITED
2026042704004164,SJCL,16,14,10,302.7,3027.0,2026-04-27,188020250,2842,Primo Securities (PVT) Ltd.,Nepal Stock House (PVT) Ltd.,2026-04-27 12:42:39.217652,SANJEN JALAVIDHYUT COMPANY LIMITED
2026042704004165,SJCL,59,14,10,302.6,3026.0,2026-04-27,188020251,2842,Deevyaa Securities & Stock House Pvt. Ltd,Nepal Stock House (PVT) Ltd.,2026-04-27 12:42:39.217802,SANJEN JALAVIDHYUT COMPANY LIMITED
2026042704004321,SJCL,4,17,100,302.7,30270.0,2026-04-27,188021932,2842,Opal Securities Investment (PVT) Ltd.,ABC Securities Private Limited,2026-04-27 12:45:59.315924,SANJEN JALAVIDHYUT COMPANY LIMITED
2026042704004322,SJCL,68,17,500,302.7,151350.0,2026-04-27,188021934,2842,Elite Stock House Limited,ABC Securities Private Limited,2026-04-27 12:45:59.316186,SANJEN JALAVIDHYUT COMPANY LIMITED
2026042704004323,SJCL,59,17,90,302.6,27234.0,2026-04-27,188021936,2842,Deevyaa Securities & Stock House Pvt. Ltd,ABC Securities Private Limited,2026-04-27 12:45:59.316362,SANJEN JALAVIDHYUT COMPANY LIMITED
2026042704004324,SJCL,3,17,100,302.6,30260.0,2026-04-27,188021938,2842,Arun Securities (PVT) Ltd.,ABC Securities Private Limited,2026-04-27 12:45:59.316517,SANJEN JALAVIDHYUT COMPANY LIMITED
2026042704004325,SJCL,94,17,60,302.5,18150.0,2026-04-27,188021940,2842,K.B.L. Securities Limited ,ABC Securities Private Limited,2026-04-27 12:45:59.316686,SANJEN JALAVIDHYUT COMPANY LIMITED
2026042704004326,SJCL,45,17,150,302.5,45375.0,2026-04-27,188021942,2842,Imperial Securities Company Pvt. Ltd.,ABC Securities Private Limited,2026-04-27 12:45:59.316828,SANJEN JALAVIDHYUT COMPANY LIMITED
2026042704004327,SJCL,45,17,200,302.5,60500.0,2026-04-27,188021944,2842,Imperial Securities Company Pvt. Ltd.,ABC Securities Private Limited,2026-04-27 12:45:59.316970,SANJEN JALAVIDHYUT COMPANY LIMITED
2026042704004328,SJCL,39,17,50,302.5,15125.0,2026-04-27,188021946,2842,Sumeru Securities Pvt. Ltd.,ABC Securities Private Limited,2026-04-27 12:45:59.317111,SANJEN JALAVIDHYUT COMPANY LIMITED
2026042704004329,SJCL,45,17,100,302.5,30250.0,2026-04-27,188021948,2842,Imperial Securities Company Pvt. Ltd.,ABC Securities Private Limited,2026-04-27 12:45:59.317257,SANJEN JALAVIDHYUT COMPANY LIMITED
2026042704004330,SJCL,57,17,150,302.4,45360.0,2026-04-27,188021949,2842,Aryatara Investment & Securities,ABC Securities Private Limited,2026-04-27 12:45:59.317413,SANJEN JALAVIDHYUT COMPANY LIMITED
2026042704004351,SJCL,22,19,20,302.8,6056.0,2026-04-27,188022133,2842,Siprabi Securities Pvt. Ltd.,Nepal Investment And Securities Trading Private Limited,2026-04-27 12:46:20.207742,SANJEN JALAVIDHYUT COMPANY LIMITED
2026042704004776,SJCL,34,58,30,303.0,9090.0,2026-04-27,188027981,2842,Vision Securities Pvt. Ltd,Naasa Securities Co. Ltd.,2026-04-27 12:58:55.306049,SANJEN JALAVIDHYUT COMPANY LIMITED
2026042704004777,SJCL,34,76,10,303.0,3030.0,2026-04-27,188027984,2842,Vision Securities Pvt. Ltd,Machhapuchchhre Securities Limited,2026-04-27 12:58:55.306306,SANJEN JALAVIDHYUT COMPANY LIMITED
2026042704004940,SJCL,44,7,50,304.0,15200.0,2026-04-27,188030261,2842,Dynamic Money Managers Securities Pvt. Ltd.,J.F. Securites (PVT) Ltd.,2026-04-27 13:02:47.287182,SANJEN JALAVIDHYUT COMPANY LIMITED
2026042704005129,SJCL,44,63,360,304.0,109440.0,2026-04-27,188033031,2842,Dynamic Money Managers Securities Pvt. Ltd.,Himalayan Brokerage Company Limited,2026-04-27 13:08:10.828387,SANJEN JALAVIDHYUT COMPANY LIMITED
2026042704005187,SJCL,21,42,20,304.1,6082.0,2026-04-27,188034225,2842,Midas Stock Broking Company Private Limited,Sani Securities Company Ltd.,2026-04-27 13:10:57.630095,SANJEN JALAVIDHYUT COMPANY LIMITED
2026042704005489,SJCL,21,47,40,304.1,12164.0,2026-04-27,188037015,2842,Midas Stock Broking Company Private Limited,Neev Securities Pvt. Ltd.,2026-04-27 13:16:45.117789,SANJEN JALAVIDHYUT COMPANY LIMITED
2026042704005655,SJCL,21,34,40,304.1,12164.0,2026-04-27,188038909,2842,Midas Stock Broking Company Private Limited,Vision Securities Pvt. Ltd,2026-04-27 13:20:25.870987,SANJEN JALAVIDHYUT COMPANY LIMITED
2026042704005799,SJCL,4,36,10,306.0,3060.0,2026-04-27,188040361,2842,Opal Securities Investment (PVT) Ltd.,Secured Securities Ltd.,2026-04-27 13:22:45.243057,SANJEN JALAVIDHYUT COMPANY LIMITED
2026042704005800,SJCL,4,57,140,306.0,42840.0,2026-04-27,188040364,2842,Opal Securities Investment (PVT) Ltd.,Aryatara Investment & Securities,2026-04-27 13:22:45.243226,SANJEN JALAVIDHYUT COMPANY LIMITED
2026042704006022,SJCL,4,49,30,305.0,9150.0,2026-04-27,188043544,2842,Opal Securities Investment (PVT) Ltd.,Online Securities Pvt. Ltd.,2026-04-27 13:27:09.264291,SANJEN JALAVIDHYUT COMPANY LIMITED
2026042704006272,SJCL,4,52,40,305.0,12200.0,2026-04-27,188046698,2842,Opal Securities Investment (PVT) Ltd.,Sundhara Securities Limited,2026-04-27 13:32:50.508420,SANJEN JALAVIDHYUT COMPANY LIMITED
2026042704006506,SJCL,47,62,150,305.0,45750.0,2026-04-27,188049943,2842,Neev Securities Pvt. Ltd.,Capital Max Securities Ltd,2026-04-27 13:38:48.931660,SANJEN JALAVIDHYUT COMPANY LIMITED
2026042704006515,SJCL,47,48,30,305.0,9150.0,2026-04-27,188050113,2842,Neev Securities Pvt. Ltd.,Trishakti Securities Public Limited,2026-04-27 13:39:05.914376,SANJEN JALAVIDHYUT COMPANY LIMITED
2026042704006536,SJCL,47,38,200,305.0,61000.0,2026-04-27,188050371,2842,Neev Securities Pvt. Ltd.,Dipshikha Dhitopatra Karobar Co. Pvt Ltd.,2026-04-27 13:39:40.021836,SANJEN JALAVIDHYUT COMPANY LIMITED
2026042704006598,SJCL,59,56,50,305.1,15255.0,2026-04-27,188051161,2842,Deevyaa Securities & Stock House Pvt. Ltd,Sri Hari Securities Pvt. Ltd.,2026-04-27 13:41:22.153493,SANJEN JALAVIDHYUT COMPANY LIMITED
2026042704006937,SJCL,74,35,100,306.0,30600.0,2026-04-27,188055222,2842,KALASH STOCK MARKET PVT. LTD.,Kohinoor Investment & Securities Pvt. Ltd.,2026-04-27 13:48:15.674567,SANJEN JALAVIDHYUT COMPANY LIMITED
2026042704007003,SJCL,59,42,30,305.1,9153.0,2026-04-27,188055771,2842,Deevyaa Securities & Stock House Pvt. Ltd,Sani Securities Company Ltd.,2026-04-27 13:49:11.269796,SANJEN JALAVIDHYUT COMPANY LIMITED
2026042704007228,SJCL,74,57,100,306.0,30600.0,2026-04-27,188058110,2842,KALASH STOCK MARKET PVT. LTD.,Aryatara Investment & Securities,2026-04-27 13:53:26.668381,SANJEN JALAVIDHYUT COMPANY LIMITED
2026042704007336,SJCL,59,35,100,306.0,30600.0,2026-04-27,188059526,2842,Deevyaa Securities & Stock House Pvt. Ltd,Kohinoor Investment & Securities Pvt. Ltd.,2026-04-27 13:56:24.633838,SANJEN JALAVIDHYUT COMPANY LIMITED
2026042704007349,SJCL,59,92,90,306.1,27549.0,2026-04-27,188059636,2842,Deevyaa Securities & Stock House Pvt. Ltd,Roadshow securities limited,2026-04-27 13:56:38.735227,SANJEN JALAVIDHYUT COMPANY LIMITED
2026042704007402,SJCL,59,45,100,305.5,30550.0,2026-04-27,188060338,2842,Deevyaa Securities & Stock House Pvt. Ltd,Imperial Securities Company Pvt. Ltd.,2026-04-27 13:58:09.476016,SANJEN JALAVIDHYUT COMPANY LIMITED
2026042704007403,SJCL,4,45,11,305.4,3359.4,2026-04-27,188060340,2842,Opal Securities Investment (PVT) Ltd.,Imperial Securities Company Pvt. Ltd.,2026-04-27 13:58:09.476297,SANJEN JALAVIDHYUT COMPANY LIMITED
2026042704007404,SJCL,59,45,100,305.3,30530.0,2026-04-27,188060342,2842,Deevyaa Securities & Stock House Pvt. Ltd,Imperial Securities Company Pvt. Ltd.,2026-04-27 13:58:09.476501,SANJEN JALAVIDHYUT COMPANY LIMITED
2026042704007405,SJCL,59,45,20,305.1,6102.0,2026-04-27,188060344,2842,Deevyaa Securities & Stock House Pvt. Ltd,Imperial Securities Company Pvt. Ltd.,2026-04-27 13:58:09.476673,SANJEN JALAVIDHYUT COMPANY LIMITED
2026042704007406,SJCL,47,45,120,305.0,36600.0,2026-04-27,188060346,2842,Neev Securities Pvt. Ltd.,Imperial Securities Company Pvt. Ltd.,2026-04-27 13:58:09.476881,SANJEN JALAVIDHYUT COMPANY LIMITED
2026042704007430,SJCL,47,45,149,305.0,45445.0,2026-04-27,188060673,2842,Neev Securities Pvt. Ltd.,Imperial Securities Company Pvt. Ltd.,2026-04-27 13:58:43.945342,SANJEN JALAVIDHYUT COMPANY LIMITED
2026042704007431,SJCL,47,49,40,305.0,12200.0,2026-04-27,188060675,2842,Neev Securities Pvt. Ltd.,Online Securities Pvt. Ltd.,2026-04-27 13:58:43.945624,SANJEN JALAVIDHYUT COMPANY LIMITED
2026042704007466,SJCL,47,38,360,306.0,110160.0,2026-04-27,188060929,2842,Neev Securities Pvt. Ltd.,Dipshikha Dhitopatra Karobar Co. Pvt Ltd.,2026-04-27 13:59:16.099001,SANJEN JALAVIDHYUT COMPANY LIMITED
2026042704007498,SJCL,47,35,70,306.0,21420.0,2026-04-27,188061425,2842,Neev Securities Pvt. Ltd.,Kohinoor Investment & Securities Pvt. Ltd.,2026-04-27 14:00:12.354389,SANJEN JALAVIDHYUT COMPANY LIMITED
2026042704007726,SJCL,47,45,31,306.0,9486.0,2026-04-27,188064836,2842,Neev Securities Pvt. Ltd.,Imperial Securities Company Pvt. Ltd.,2026-04-27 14:06:24.494659,SANJEN JALAVIDHYUT COMPANY LIMITED
2026042704008045,SJCL,58,45,40,306.0,12240.0,2026-04-27,188068972,2842,Naasa Securities Co. Ltd.,Imperial Securities Company Pvt. Ltd.,2026-04-27 14:13:27.483653,SANJEN JALAVIDHYUT COMPANY LIMITED
2026042704008105,SJCL,47,45,500,305.0,152500.0,2026-04-27,188069666,2842,Neev Securities Pvt. Ltd.,Imperial Securities Company Pvt. Ltd.,2026-04-27 14:14:43.930581,SANJEN JALAVIDHYUT COMPANY LIMITED
2026042704008143,SJCL,4,45,104,305.0,31720.0,2026-04-27,188070032,2842,Opal Securities Investment (PVT) Ltd.,Imperial Securities Company Pvt. Ltd.,2026-04-27 14:15:19.939973,SANJEN JALAVIDHYUT COMPANY LIMITED
2026042704008148,SJCL,4,35,10,307.0,3070.0,2026-04-27,188070128,2842,Opal Securities Investment (PVT) Ltd.,Kohinoor Investment & Securities Pvt. Ltd.,2026-04-27 14:15:28.366935,SANJEN JALAVIDHYUT COMPANY LIMITED
2026042704008593,SJCL,52,26,40,305.0,12200.0,2026-04-27,188074239,2842,Sundhara Securities Limited,Asian Securities Private Ltd.,2026-04-27 14:21:54.386055,SANJEN JALAVIDHYUT COMPANY LIMITED
2026042704009189,SJCL,4,58,11,305.2,3357.2,2026-04-27,188080544,2842,Opal Securities Investment (PVT) Ltd.,Naasa Securities Co. Ltd.,2026-04-27 14:29:42.777844,SANJEN JALAVIDHYUT COMPANY LIMITED
2026042704009433,SJCL,4,22,11,305.4,3359.4,2026-04-27,188083427,2842,Opal Securities Investment (PVT) Ltd.,Siprabi Securities Pvt. Ltd.,2026-04-27 14:34:01.605260,SANJEN JALAVIDHYUT COMPANY LIMITED
2026042704009574,SJCL,14,14,40,306.0,12240.0,2026-04-27,188085061,2842,Nepal Stock House (PVT) Ltd.,Nepal Stock House (PVT) Ltd.,2026-04-27 14:36:20.168341,SANJEN JALAVIDHYUT COMPANY LIMITED
2026042704009575,SJCL,14,58,20,306.0,6120.0,2026-04-27,188085063,2842,Nepal Stock House (PVT) Ltd.,Naasa Securities Co. Ltd.,2026-04-27 14:36:20.168686,SANJEN JALAVIDHYUT COMPANY LIMITED
2026042704009607,SJCL,5,5,500,306.1,153050.0,2026-04-27,188085605,2842,Market Securities & Exchange (PVT) Ltd.,Market Securities & Exchange (PVT) Ltd.,2026-04-27 14:37:04.372567,SANJEN JALAVIDHYUT COMPANY LIMITED
2026042704009689,SJCL,45,35,20,307.0,6140.0,2026-04-27,188086816,2842,Imperial Securities Company Pvt. Ltd.,Kohinoor Investment & Securities Pvt. Ltd.,2026-04-27 14:38:42.700682,SANJEN JALAVIDHYUT COMPANY LIMITED
2026042704009736,SJCL,14,29,10,306.0,3060.0,2026-04-27,188087263,2842,Nepal Stock House (PVT) Ltd.,Trisul Securities & Invt. Ltd.,2026-04-27 14:39:19.547269,SANJEN JALAVIDHYUT COMPANY LIMITED
2026042704009838,SJCL,44,28,40,306.1,12244.0,2026-04-27,188088653,2842,Dynamic Money Managers Securities Pvt. Ltd.,Shree Krishna Securities Ltd.,2026-04-27 14:40:58.234039,SANJEN JALAVIDHYUT COMPANY LIMITED
2026042704010046,SJCL,50,58,40,306.1,12244.0,2026-04-27,188091783,2842,Cristal Kanchanjanga Securites Pvt. Ltd.,Naasa Securities Co. Ltd.,2026-04-27 14:44:53.338340,SANJEN JALAVIDHYUT COMPANY LIMITED
2026042704010256,SJCL,50,38,50,306.1,15305.0,2026-04-27,188094319,2842,Cristal Kanchanjanga Securites Pvt. Ltd.,Dipshikha Dhitopatra Karobar Co. Pvt Ltd.,2026-04-27 14:47:34.981365,SANJEN JALAVIDHYUT COMPANY LIMITED
2026042704010361,SJCL,50,39,10,306.1,3061.0,2026-04-27,188095332,2842,Cristal Kanchanjanga Securites Pvt. Ltd.,Sumeru Securities Pvt. Ltd.,2026-04-27 14:48:36.003832,SANJEN JALAVIDHYUT COMPANY LIMITED
2026042704010362,SJCL,4,39,30,306.1,9183.0,2026-04-27,188095333,2842,Opal Securities Investment (PVT) Ltd.,Sumeru Securities Pvt. Ltd.,2026-04-27 14:48:36.004009,SANJEN JALAVIDHYUT COMPANY LIMITED
2026042704010424,SJCL,4,35,90,306.1,27549.0,2026-04-27,188095975,2842,Opal Securities Investment (PVT) Ltd.,Kohinoor Investment & Securities Pvt. Ltd.,2026-04-27 14:49:08.383789,SANJEN JALAVIDHYUT COMPANY LIMITED
2026042704010440,SJCL,4,96,10,306.1,3061.0,2026-04-27,188096159,2842,Opal Securities Investment (PVT) Ltd.,Himalayan Securities Limited,2026-04-27 14:49:18.436086,SANJEN JALAVIDHYUT COMPANY LIMITED
2026042704010619,SJCL,4,38,50,306.1,15305.0,2026-04-27,188098511,2842,Opal Securities Investment (PVT) Ltd.,Dipshikha Dhitopatra Karobar Co. Pvt Ltd.,2026-04-27 14:51:24.867554,SANJEN JALAVIDHYUT COMPANY LIMITED
2026042704010962,SJCL,4,43,10,306.1,3061.0,2026-04-27,188101625,2842,Opal Securities Investment (PVT) Ltd.,South Asian Bulls Pvt. Ltd.,2026-04-27 14:54:01.912541,SANJEN JALAVIDHYUT COMPANY LIMITED
2026042704010973,SJCL,4,22,10,306.1,3061.0,2026-04-27,188101720,2842,Opal Securities Investment (PVT) Ltd.,Siprabi Securities Pvt. Ltd.,2026-04-27 14:54:08.985120,SANJEN JALAVIDHYUT COMPANY LIMITED
2026042704010974,SJCL,14,22,490,306.0,149940.0,2026-04-27,188101721,2842,Nepal Stock House (PVT) Ltd.,Siprabi Securities Pvt. Ltd.,2026-04-27 14:54:08.985259,SANJEN JALAVIDHYUT COMPANY LIMITED
2026042704011133,SJCL,22,35,10,307.0,3070.0,2026-04-27,188103295,2842,Siprabi Securities Pvt. Ltd.,Kohinoor Investment & Securities Pvt. Ltd.,2026-04-27 14:55:17.125363,SANJEN JALAVIDHYUT COMPANY LIMITED
2026042704011134,SJCL,22,56,20,307.0,6140.0,2026-04-27,188103297,2842,Siprabi Securities Pvt. Ltd.,Sri Hari Securities Pvt. Ltd.,2026-04-27 14:55:17.125539,SANJEN JALAVIDHYUT COMPANY LIMITED
2026042704011135,SJCL,22,41,10,307.0,3070.0,2026-04-27,188103299,2842,Siprabi Securities Pvt. Ltd.,Linch Stock Market Ltd.,2026-04-27 14:55:17.125610,SANJEN JALAVIDHYUT COMPANY LIMITED
2026042704011136,SJCL,22,99,30,307.0,9210.0,2026-04-27,188103301,2842,Siprabi Securities Pvt. Ltd.,Prabhu Stock Market Limited,2026-04-27 14:55:17.125683,SANJEN JALAVIDHYUT COMPANY LIMITED
2026042704011137,SJCL,22,5,20,307.0,6140.0,2026-04-27,188103303,2842,Siprabi Securities Pvt. Ltd.,Market Securities & Exchange (PVT) Ltd.,2026-04-27 14:55:17.125744,SANJEN JALAVIDHYUT COMPANY LIMITED
2026042704011138,SJCL,22,34,300,307.0,92100.0,2026-04-27,188103305,2842,Siprabi Securities Pvt. Ltd.,Vision Securities Pvt. Ltd,2026-04-27 14:55:17.125805,SANJEN JALAVIDHYUT COMPANY LIMITED
2026042704011139,SJCL,22,42,30,307.0,9210.0,2026-04-27,188103307,2842,Siprabi Securities Pvt. Ltd.,Sani Securities Company Ltd.,2026-04-27 14:55:17.125867,SANJEN JALAVIDHYUT COMPANY LIMITED
2026042704011140,SJCL,22,47,20,307.0,6140.0,2026-04-27,188103309,2842,Siprabi Securities Pvt. Ltd.,Neev Securities Pvt. Ltd.,2026-04-27 14:55:17.125927,SANJEN JALAVIDHYUT COMPANY LIMITED
2026042704011331,SJCL,22,18,40,307.0,12280.0,2026-04-27,188104905,2842,Siprabi Securities Pvt. Ltd.,Sagarmatha Securities Private Limited,2026-04-27 14:56:22.883154,SANJEN JALAVIDHYUT COMPANY LIMITED
2026042704011716,SJCL,22,25,220,307.0,67540.0,2026-04-27,188107909,2842,Siprabi Securities Pvt. Ltd.,Sweta Securities Private Limited,2026-04-27 14:57:55.836661,SANJEN JALAVIDHYUT COMPANY LIMITED
2026042704011798,SJCL,22,35,40,307.0,12280.0,2026-04-27,188108785,2842,Siprabi Securities Pvt. Ltd.,Kohinoor Investment & Securities Pvt. Ltd.,2026-04-27 14:58:22.212228,SANJEN JALAVIDHYUT COMPANY LIMITED
2026042704011902,SJCL,58,54,5,305.0,1525.0,2026-04-27,188109777,2842,Naasa Securities Co. Ltd.,Sewa Securities Pvt. Ltd.,2026-04-27 14:58:48.661050,SANJEN JALAVIDHYUT COMPANY LIMITED
2026042704011963,SJCL,58,58,9,305.0,2745.0,2026-04-27,188110192,2842,Naasa Securities Co. Ltd.,Naasa Securities Co. Ltd.,2026-04-27 14:58:58.798782,SANJEN JALAVIDHYUT COMPANY LIMITED
2026042704011967,SJCL,86,37,10,308.0,3080.0,2026-04-27,188110217,2842,Stoxkarts Securities Limited,Swarna Laxmi Securities Pvt. Ltd.,2026-04-27 14:58:59.243970,SANJEN JALAVIDHYUT COMPANY LIMITED
2026042704012008,SJCL,58,57,2,305.0,610.0,2026-04-27,188110459,2842,Naasa Securities Co. Ltd.,Aryatara Investment & Securities,2026-04-27 14:59:03.742576,SANJEN JALAVIDHYUT COMPANY LIMITED
2026042704012071,SJCL,58,57,9,306.0,2754.0,2026-04-27,188110815,2842,Naasa Securities Co. Ltd.,Aryatara Investment & Securities,2026-04-27 14:59:12.113584,SANJEN JALAVIDHYUT COMPANY LIMITED
2026042704012148,SJCL,22,37,60,308.0,18480.0,2026-04-27,188111692,2842,Siprabi Securities Pvt. Ltd.,Swarna Laxmi Securities Pvt. Ltd.,2026-04-27 14:59:28.273105,SANJEN JALAVIDHYUT COMPANY LIMITED
2026042704012315,SJCL,58,42,15,307.5,4612.5,2026-04-27,188113462,2842,Naasa Securities Co. Ltd.,Sani Securities Company Ltd.,2026-04-27 14:59:48.597321,SANJEN JALAVIDHYUT COMPANY LIMITED
