Date,S.N.,Contract ID,Symbol,Buyer Broker,Seller Broker,quantity,rate,amount,transaction_time
2025-07-29,155403,2025072905000706,CIT,Sewa Securities Pvt. Ltd.,Sri Hari Securities Pvt. Ltd.,36,2045.1,73623.6,2025-07-29 11:04:41.016515
2025-07-29,154603,2025072905000913,CIT,Siprabi Securities Pvt. Ltd.,Deevyaa Securities & Stock House Pvt. Ltd,10,2070.0,20700.0,2025-07-29 11:06:01.665922
2025-07-29,154361,2025072905001001,CIT,Aryatara Investment & Securities,Premier Securities Company Ltd.,43,2065.0,88795.0,2025-07-29 11:06:21.569619
2025-07-29,154224,2025072905001049,CIT,Nepal Investment And Securities Trading Private Limited,Sundhara Securities Limited,15,2060.0,30900.0,2025-07-29 11:06:31.381928
2025-07-29,153633,2025072905001183,CIT,Online Securities Pvt. Ltd.,Deevyaa Securities & Stock House Pvt. Ltd,90,2070.0,186300.0,2025-07-29 11:07:21.340275
2025-07-29,153632,2025072905001184,CIT,Online Securities Pvt. Ltd.,Deevyaa Securities & Stock House Pvt. Ltd,100,2075.0,207500.0,2025-07-29 11:07:21.340424
2025-07-29,153631,2025072905001185,CIT,Online Securities Pvt. Ltd.,Sri Hari Securities Pvt. Ltd.,119,2079.0,247401.0,2025-07-29 11:07:21.340470
2025-07-29,153630,2025072905001186,CIT,Online Securities Pvt. Ltd.,Asian Securities Private Ltd.,41,2080.0,85280.0,2025-07-29 11:07:21.340507
2025-07-29,153144,2025072905001324,CIT,Agrawal Securities (PVT) Ltd.,Dynamic Money Managers Securities Pvt. Ltd.,121,2080.0,251680.0,2025-07-29 11:08:06.233161
2025-07-29,153143,2025072905001325,CIT,Agrawal Securities (PVT) Ltd.,Sundhara Securities Limited,10,2080.0,20800.0,2025-07-29 11:08:06.233365
2025-07-29,153142,2025072905001326,CIT,Agrawal Securities (PVT) Ltd.,Asian Securities Private Ltd.,9,2080.0,18720.0,2025-07-29 11:08:06.233579
2025-07-29,152248,2025072905001535,CIT,Imperial Securities Company Pvt. Ltd.,Trishakti Securities Public Limited,200,2066.0,413200.0,2025-07-29 11:09:18.692651
2025-07-29,152247,2025072905001536,CIT,Online Securities Pvt. Ltd.,Trishakti Securities Public Limited,500,2065.0,1032500.0,2025-07-29 11:09:18.692772
2025-07-29,152246,2025072905001537,CIT,Sri Hari Securities Pvt. Ltd.,Trishakti Securities Public Limited,50,2065.0,103250.0,2025-07-29 11:09:18.692822
2025-07-29,152106,2025072905001578,CIT,Aryatara Investment & Securities,Trishakti Securities Public Limited,50,2065.0,103250.0,2025-07-29 11:09:26.934391
2025-07-29,151771,2025072905001646,CIT,Agrawal Securities (PVT) Ltd.,Trishakti Securities Public Limited,200,2065.0,413000.0,2025-07-29 11:09:55.832788
2025-07-29,151663,2025072905001659,CIT,Asian Securities Private Ltd.,Online Securities Pvt. Ltd.,2,2028.6,4057.2,2025-07-29 11:10:03.335250
2025-07-29,151234,2025072905001753,CIT,Dakshinkali Investment & Securities Pvt. Ltd.,Neev Securities Pvt. Ltd.,50,2065.0,103250.0,2025-07-29 11:10:38.238921
2025-07-29,151233,2025072905001754,CIT,Dakshinkali Investment & Securities Pvt. Ltd.,ABC Securities Private Limited,10,2065.0,20650.0,2025-07-29 11:10:38.239171
2025-07-29,150659,2025072905001871,CIT,Imperial Securities Company Pvt. Ltd.,Sani Securities Company Ltd.,10,2065.0,20650.0,2025-07-29 11:11:25.791142
2025-07-29,150499,2025072905001897,CIT,Imperial Securities Company Pvt. Ltd.,Aryatara Investment & Securities,126,2065.0,260190.0,2025-07-29 11:11:39.094585
2025-07-29,149556,2025072905002136,CIT,Imperial Securities Company Pvt. Ltd.,Imperial Securities Company Pvt. Ltd.,20,2070.0,41400.0,2025-07-29 11:12:57.494274
2025-07-29,149335,2025072905002189,CIT,Vision Securities Pvt. Ltd,Vision Securities Pvt. Ltd,200,2065.1,413020.0,2025-07-29 11:13:21.066811
2025-07-29,149334,2025072905002190,CIT,Imperial Securities Company Pvt. Ltd.,Vision Securities Pvt. Ltd,864,2065.0,1784160.0,2025-07-29 11:13:21.066937
2025-07-29,149303,2025072905002196,CIT,Nepal Stock House (PVT) Ltd.,Sharepro Securities Private Limited,100,2062.0,206200.0,2025-07-29 11:13:26.121656
2025-07-29,149302,2025072905002197,CIT,Dipshikha Dhitopatra Karobar Co. Pvt Ltd.,Sharepro Securities Private Limited,50,2061.3,103065.0,2025-07-29 11:13:26.121764
2025-07-29,149301,2025072905002198,CIT,Naasa Securities Co. Ltd.,Sharepro Securities Private Limited,10,2061.2,20612.0,2025-07-29 11:13:26.121866
2025-07-29,149300,2025072905002199,CIT,Neev Securities Pvt. Ltd.,Sharepro Securities Private Limited,50,2061.0,103050.0,2025-07-29 11:13:26.121965
2025-07-29,149299,2025072905002200,CIT,Dakshinkali Investment & Securities Pvt. Ltd.,Sharepro Securities Private Limited,104,2061.0,214344.0,2025-07-29 11:13:26.122037
2025-07-29,149298,2025072905002201,CIT,Online Securities Pvt. Ltd.,Sharepro Securities Private Limited,150,2060.6,309090.0,2025-07-29 11:13:26.122113
2025-07-29,149297,2025072905002202,CIT,Sri Hari Securities Pvt. Ltd.,Sharepro Securities Private Limited,30,2060.0,61800.0,2025-07-29 11:13:26.122238
2025-07-29,149296,2025072905002203,CIT,Aryatara Investment & Securities,Sharepro Securities Private Limited,200,2060.0,412000.0,2025-07-29 11:13:26.122391
2025-07-29,149295,2025072905002204,CIT,Siprabi Securities Pvt. Ltd.,Sharepro Securities Private Limited,30,2056.0,61680.0,2025-07-29 11:13:26.122494
2025-07-29,149294,2025072905002205,CIT,Secured Securities Ltd.,Sharepro Securities Private Limited,100,2055.0,205500.0,2025-07-29 11:13:26.122562
2025-07-29,149293,2025072905002206,CIT,Primo Securities (PVT) Ltd.,Sharepro Securities Private Limited,30,2050.0,61500.0,2025-07-29 11:13:26.122665
2025-07-29,149292,2025072905002207,CIT,Asian Securities Private Ltd.,Sharepro Securities Private Limited,50,2050.0,102500.0,2025-07-29 11:13:26.122736
2025-07-29,149291,2025072905002208,CIT,Imperial Securities Company Pvt. Ltd.,Sharepro Securities Private Limited,20,2048.0,40960.0,2025-07-29 11:13:26.122845
2025-07-29,149290,2025072905002209,CIT,Siprabi Securities Pvt. Ltd.,Sharepro Securities Private Limited,25,2046.0,51150.0,2025-07-29 11:13:26.122918
2025-07-29,149289,2025072905002210,CIT,Sri Hari Securities Pvt. Ltd.,Sharepro Securities Private Limited,51,2046.0,104346.0,2025-07-29 11:13:26.122980
2025-07-29,148852,2025072905002315,CIT,Sri Hari Securities Pvt. Ltd.,Cristal Kanchanjanga Securites Pvt. Ltd.,100,2046.0,204600.0,2025-07-29 11:14:06.472245
2025-07-29,148786,2025072905002328,CIT,Sri Hari Securities Pvt. Ltd.,South Asian Bulls Pvt. Ltd.,49,2046.0,100254.0,2025-07-29 11:14:12.619123
2025-07-29,148785,2025072905002329,CIT,Naasa Securities Co. Ltd.,South Asian Bulls Pvt. Ltd.,10,2046.0,20460.0,2025-07-29 11:14:12.619212
2025-07-29,148784,2025072905002330,CIT,Naasa Securities Co. Ltd.,South Asian Bulls Pvt. Ltd.,29,2045.1,59307.9,2025-07-29 11:14:12.619289
2025-07-29,148783,2025072905002331,CIT,Kohinoor Investment & Securities Pvt. Ltd.,South Asian Bulls Pvt. Ltd.,70,2045.1,143157.0,2025-07-29 11:14:12.619386
2025-07-29,147766,2025072905002570,CIT,Imperial Securities Company Pvt. Ltd.,Deevyaa Securities & Stock House Pvt. Ltd,100,2046.1,204610.0,2025-07-29 11:15:38.820951
2025-07-29,147267,2025072905002673,CIT,Infinity Securities Limited,Bhrikuti Stock Broking Co. Pvt. Ltd.,70,2050.0,143500.0,2025-07-29 11:16:25.987637
2025-07-29,143674,2025072905003588,CIT,Imperial Securities Company Pvt. Ltd.,Malla & Malla Stock Broking Company Pvt. Limited,25,2053.0,51325.0,2025-07-29 11:21:59.799472
2025-07-29,143411,2025072905003658,CIT,Aryatara Investment & Securities,Naasa Securities Co. Ltd.,109,2060.0,224540.0,2025-07-29 11:22:17.535219
2025-07-29,143410,2025072905003659,CIT,Aryatara Investment & Securities,Imperial Securities Company Pvt. Ltd.,10,2063.0,20630.0,2025-07-29 11:22:17.535412
2025-07-29,143409,2025072905003660,CIT,Aryatara Investment & Securities,Kalika Securities Pvt. Ltd.,20,2063.0,41260.0,2025-07-29 11:22:17.535477
2025-07-29,143408,2025072905003661,CIT,Aryatara Investment & Securities,Vision Securities Pvt. Ltd,336,2065.0,693840.0,2025-07-29 11:22:17.535535
2025-07-29,143407,2025072905003662,CIT,Aryatara Investment & Securities,Naasa Securities Co. Ltd.,151,2065.0,311815.0,2025-07-29 11:22:17.535592
2025-07-29,143406,2025072905003663,CIT,Aryatara Investment & Securities,Cristal Kanchanjanga Securites Pvt. Ltd.,71,2065.0,146615.0,2025-07-29 11:22:17.535676
2025-07-29,143405,2025072905003664,CIT,Aryatara Investment & Securities,Aryatara Investment & Securities,303,2070.0,627210.0,2025-07-29 11:22:17.535821
2025-07-29,143155,2025072905003713,CIT,Aryatara Investment & Securities,Aryatara Investment & Securities,296,2070.0,612720.0,2025-07-29 11:22:36.065457
2025-07-29,143154,2025072905003714,CIT,Aryatara Investment & Securities,Sani Securities Company Ltd.,39,2070.0,80730.0,2025-07-29 11:22:36.065662
2025-07-29,143153,2025072905003715,CIT,Aryatara Investment & Securities,Deevyaa Securities & Stock House Pvt. Ltd,100,2070.0,207000.0,2025-07-29 11:22:36.065732
2025-07-29,143152,2025072905003716,CIT,Aryatara Investment & Securities,Dakshinkali Investment & Securities Pvt. Ltd.,50,2072.0,103600.0,2025-07-29 11:22:36.065793
2025-07-29,143151,2025072905003717,CIT,Aryatara Investment & Securities,Deevyaa Securities & Stock House Pvt. Ltd,100,2075.0,207500.0,2025-07-29 11:22:36.065854
2025-07-29,143150,2025072905003718,CIT,Aryatara Investment & Securities,Oxford Securities Pvt. Ltd.,100,2078.0,207800.0,2025-07-29 11:22:36.065911
2025-07-29,143149,2025072905003719,CIT,Aryatara Investment & Securities,Sani Securities Company Ltd.,100,2078.0,207800.0,2025-07-29 11:22:36.065973
2025-07-29,143148,2025072905003720,CIT,Aryatara Investment & Securities,Linch Stock Market Ltd.,100,2079.0,207900.0,2025-07-29 11:22:36.066032
2025-07-29,143147,2025072905003721,CIT,Aryatara Investment & Securities,Capital Hub P. Ltd,115,2080.0,239200.0,2025-07-29 11:22:36.066086
2025-07-29,143127,2025072905003733,CIT,Cristal Kanchanjanga Securites Pvt. Ltd.,Nepal Stock House (PVT) Ltd.,310,2055.0,637050.0,2025-07-29 11:22:36.895270
2025-07-29,142893,2025072905003781,CIT,Aryatara Investment & Securities,Capital Hub P. Ltd,85,2080.0,176800.0,2025-07-29 11:22:56.608169
2025-07-29,142892,2025072905003782,CIT,Aryatara Investment & Securities,Deevyaa Securities & Stock House Pvt. Ltd,100,2080.0,208000.0,2025-07-29 11:22:56.608369
2025-07-29,142891,2025072905003783,CIT,Aryatara Investment & Securities,Premier Securities Company Ltd.,50,2080.0,104000.0,2025-07-29 11:22:56.608423
2025-07-29,142890,2025072905003784,CIT,Aryatara Investment & Securities,Bhrikuti Stock Broking Co. Pvt. Ltd.,10,2080.0,20800.0,2025-07-29 11:22:56.608479
2025-07-29,142889,2025072905003785,CIT,Aryatara Investment & Securities,Shree Krishna Securities Ltd.,140,2080.0,291200.0,2025-07-29 11:22:56.608535
2025-07-29,142888,2025072905003786,CIT,Aryatara Investment & Securities,Thrive Brokerage House Pvt. Ltd,123,2080.0,255840.0,2025-07-29 11:22:56.608589
2025-07-29,142887,2025072905003787,CIT,Aryatara Investment & Securities,Deevyaa Securities & Stock House Pvt. Ltd,50,2080.0,104000.0,2025-07-29 11:22:56.608644
2025-07-29,142886,2025072905003788,CIT,Aryatara Investment & Securities,Sri Hari Securities Pvt. Ltd.,100,2080.0,208000.0,2025-07-29 11:22:56.608695
2025-07-29,142885,2025072905003789,CIT,Aryatara Investment & Securities,Siprabi Securities Pvt. Ltd.,142,2080.0,295360.0,2025-07-29 11:22:56.608746
2025-07-29,142538,2025072905003871,CIT,Aryatara Investment & Securities,Kumari Securities Private Limited,10,2081.0,20810.0,2025-07-29 11:23:21.969003
2025-07-29,142537,2025072905003872,CIT,Aryatara Investment & Securities,Thrive Brokerage House Pvt. Ltd,14,2081.0,29134.0,2025-07-29 11:23:21.969145
2025-07-29,142536,2025072905003873,CIT,Aryatara Investment & Securities,Sundhara Securities Limited,10,2081.0,20810.0,2025-07-29 11:23:21.969204
2025-07-29,142535,2025072905003874,CIT,Aryatara Investment & Securities,Nepal Investment And Securities Trading Private Limited,49,2082.0,102018.0,2025-07-29 11:23:21.969260
2025-07-29,142534,2025072905003875,CIT,Aryatara Investment & Securities,Nepal Investment And Securities Trading Private Limited,10,2082.0,20820.0,2025-07-29 11:23:21.969322
2025-07-29,142533,2025072905003876,CIT,Aryatara Investment & Securities,Imperial Securities Company Pvt. Ltd.,43,2082.0,89526.0,2025-07-29 11:23:21.969372
2025-07-29,142532,2025072905003877,CIT,Aryatara Investment & Securities,Dipshikha Dhitopatra Karobar Co. Pvt Ltd.,10,2082.3,20823.0,2025-07-29 11:23:21.969425
2025-07-29,142531,2025072905003878,CIT,Aryatara Investment & Securities,Asian Securities Private Ltd.,279,2082.3,580961.7,2025-07-29 11:23:21.969480
2025-07-29,142530,2025072905003879,CIT,Aryatara Investment & Securities,Linch Stock Market Ltd.,26,2086.0,54236.0,2025-07-29 11:23:21.969538
2025-07-29,142529,2025072905003880,CIT,Aryatara Investment & Securities,Naasa Securities Co. Ltd.,200,2086.0,417200.0,2025-07-29 11:23:21.969589
2025-07-29,142528,2025072905003881,CIT,Aryatara Investment & Securities,Midas Stock Broking Company Private Limited,31,2086.0,64666.0,2025-07-29 11:23:21.969639
2025-07-29,142527,2025072905003882,CIT,Aryatara Investment & Securities,Linch Stock Market Ltd.,230,2086.0,479780.0,2025-07-29 11:23:21.969688
2025-07-29,142526,2025072905003883,CIT,Aryatara Investment & Securities,Arun Securities (PVT) Ltd.,10,2086.0,20860.0,2025-07-29 11:23:21.969738
2025-07-29,141602,2025072905004075,CIT,Aryatara Investment & Securities,Sundhara Securities Limited,20,2090.0,41800.0,2025-07-29 11:24:26.972500
2025-07-29,141601,2025072905004076,CIT,Aryatara Investment & Securities,ABC Securities Private Limited,30,2090.0,62700.0,2025-07-29 11:24:26.972675
2025-07-29,141425,2025072905004164,CIT,SUN SECURITIES PVT LTD,South Asian Bulls Pvt. Ltd.,150,2085.0,312750.0,2025-07-29 11:24:38.762058
2025-07-29,140874,2025072905004244,CIT,Aryatara Investment & Securities,Aryatara Investment & Securities,211,2086.0,440146.0,2025-07-29 11:25:15.743325
2025-07-29,140873,2025072905004245,CIT,Aryatara Investment & Securities,Sani Securities Company Ltd.,67,2089.0,139963.0,2025-07-29 11:25:15.743497
2025-07-29,140765,2025072905004272,CIT,Naasa Securities Co. Ltd.,Secured Securities Ltd.,4,2048.0,8192.0,2025-07-29 11:25:26.426423
2025-07-29,140514,2025072905004339,CIT,Naasa Securities Co. Ltd.,Sundhara Securities Limited,3,2050.0,6150.0,2025-07-29 11:25:48.191584
2025-07-29,140116,2025072905004446,CIT,Online Securities Pvt. Ltd.,Imperial Securities Company Pvt. Ltd.,20,2085.0,41700.0,2025-07-29 11:26:27.328932
2025-07-29,140015,2025072905004473,CIT,Trisul Securities & Invt. Ltd.,Sani Securities Company Ltd.,33,2089.0,68937.0,2025-07-29 11:26:37.352010
2025-07-29,140014,2025072905004474,CIT,Trisul Securities & Invt. Ltd.,ABC Securities Private Limited,13,2090.0,27170.0,2025-07-29 11:26:37.352262
2025-07-29,140013,2025072905004475,CIT,Trisul Securities & Invt. Ltd.,Deevyaa Securities & Stock House Pvt. Ltd,16,2090.0,33440.0,2025-07-29 11:26:37.352341
2025-07-29,140012,2025072905004476,CIT,Trisul Securities & Invt. Ltd.,Dynamic Money Managers Securities Pvt. Ltd.,20,2090.0,41800.0,2025-07-29 11:26:37.352404
2025-07-29,139835,2025072905004534,CIT,Trisul Securities & Invt. Ltd.,South Asian Bulls Pvt. Ltd.,10,2090.0,20900.0,2025-07-29 11:26:54.958515
2025-07-29,139832,2025072905004536,CIT,Trisul Securities & Invt. Ltd.,Dipshikha Dhitopatra Karobar Co. Pvt Ltd.,108,2090.0,225720.0,2025-07-29 11:26:55.408706
2025-07-29,139809,2025072905004540,CIT,Trisul Securities & Invt. Ltd.,Dipshikha Dhitopatra Karobar Co. Pvt Ltd.,42,2090.0,87780.0,2025-07-29 11:26:57.595592
2025-07-29,139808,2025072905004541,CIT,Trisul Securities & Invt. Ltd.,Linch Stock Market Ltd.,30,2091.0,62730.0,2025-07-29 11:26:57.595741
2025-07-29,139807,2025072905004542,CIT,Trisul Securities & Invt. Ltd.,Imperial Securities Company Pvt. Ltd.,10,2091.0,20910.0,2025-07-29 11:26:57.595804
2025-07-29,139806,2025072905004543,CIT,Trisul Securities & Invt. Ltd.,Trishakti Securities Public Limited,118,2091.0,246738.0,2025-07-29 11:26:57.595863
2025-07-29,139626,2025072905004590,CIT,Vision Securities Pvt. Ltd,Trishakti Securities Public Limited,43,2091.0,89913.0,2025-07-29 11:27:13.598177
2025-07-29,139565,2025072905004608,CIT,Dipshikha Dhitopatra Karobar Co. Pvt Ltd.,Aryatara Investment & Securities,100,2090.0,209000.0,2025-07-29 11:27:18.807846
2025-07-29,139402,2025072905004661,CIT,Trisul Securities & Invt. Ltd.,Trishakti Securities Public Limited,39,2091.0,81549.0,2025-07-29 11:27:32.988045
2025-07-29,139401,2025072905004662,CIT,Trisul Securities & Invt. Ltd.,Deevyaa Securities & Stock House Pvt. Ltd,10,2091.0,20910.0,2025-07-29 11:27:32.988330
2025-07-29,139400,2025072905004663,CIT,Trisul Securities & Invt. Ltd.,Trishakti Securities Public Limited,41,2091.0,85731.0,2025-07-29 11:27:32.988513
2025-07-29,139308,2025072905004688,CIT,Secured Securities Ltd.,Imperial Securities Company Pvt. Ltd.,10,2091.0,20910.0,2025-07-29 11:27:41.884952
2025-07-29,138703,2025072905004825,CIT,Secured Securities Ltd.,Market Securities & Exchange (PVT) Ltd.,24,2091.0,50184.0,2025-07-29 11:28:32.715926
2025-07-29,138681,2025072905004828,CIT,Dipshikha Dhitopatra Karobar Co. Pvt Ltd.,Vision Securities Pvt. Ltd,100,2090.0,209000.0,2025-07-29 11:28:34.037444
2025-07-29,138680,2025072905004829,CIT,Malla & Malla Stock Broking Company Pvt. Limited,Vision Securities Pvt. Ltd,42,2090.0,87780.0,2025-07-29 11:28:34.037682
2025-07-29,138536,2025072905004856,CIT,Online Securities Pvt. Ltd.,Sharepro Securities Private Limited,160,2085.0,333600.0,2025-07-29 11:28:45.079274
2025-07-29,138209,2025072905004925,CIT,Asian Securities Private Ltd.,Premier Securities Company Ltd.,1,2045.0,2045.0,2025-07-29 11:29:13.158030
2025-07-29,138059,2025072905004944,CIT,Asian Securities Private Ltd.,Sani Securities Company Ltd.,5,2060.0,10300.0,2025-07-29 11:29:27.255403
2025-07-29,137919,2025072905004988,CIT,Aryatara Investment & Securities,Vision Securities Pvt. Ltd,10,2090.0,20900.0,2025-07-29 11:29:41.620235
2025-07-29,137876,2025072905004995,CIT,Asian Securities Private Ltd.,Premier Securities Company Ltd.,7,2065.0,14455.0,2025-07-29 11:29:45.738938
2025-07-29,137635,2025072905005088,CIT,Online Securities Pvt. Ltd.,ABC Securities Private Limited,11,2089.9,22988.9,2025-07-29 11:30:06.831475
2025-07-29,137634,2025072905005089,CIT,Online Securities Pvt. Ltd.,Vision Securities Pvt. Ltd,16,2090.0,33440.0,2025-07-29 11:30:06.831666
2025-07-29,136998,2025072905005227,CIT,Imperial Securities Company Pvt. Ltd.,Vision Securities Pvt. Ltd,232,2090.0,484880.0,2025-07-29 11:31:09.053067
2025-07-29,136997,2025072905005228,CIT,Imperial Securities Company Pvt. Ltd.,Imperial Securities Company Pvt. Ltd.,100,2090.0,209000.0,2025-07-29 11:31:09.053289
2025-07-29,136996,2025072905005229,CIT,Imperial Securities Company Pvt. Ltd.,Aryatara Investment & Securities,100,2090.0,209000.0,2025-07-29 11:31:09.053385
2025-07-29,136835,2025072905005269,CIT,Imperial Securities Company Pvt. Ltd.,Sharepro Securities Private Limited,68,2090.0,142120.0,2025-07-29 11:31:29.646142
2025-07-29,136834,2025072905005270,CIT,Sani Securities Company Ltd.,Sharepro Securities Private Limited,800,2086.0,1668800.0,2025-07-29 11:31:29.646491
2025-07-29,136453,2025072905005364,CIT,Online Securities Pvt. Ltd.,Creative Securities Pvt Ltd,10,2085.0,20850.0,2025-07-29 11:31:59.031672
2025-07-29,136242,2025072905005415,CIT,Dipshikha Dhitopatra Karobar Co. Pvt Ltd.,Thrive Brokerage House Pvt. Ltd,3,2050.0,6150.0,2025-07-29 11:32:14.832926
2025-07-29,136099,2025072905005442,CIT,Online Securities Pvt. Ltd.,Sharepro Securities Private Limited,60,2085.0,125100.0,2025-07-29 11:32:25.953780
2025-07-29,136098,2025072905005443,CIT,Aryatara Investment & Securities,Sharepro Securities Private Limited,12,2085.0,25020.0,2025-07-29 11:32:25.954137
2025-07-29,136097,2025072905005444,CIT,Online Securities Pvt. Ltd.,Sharepro Securities Private Limited,45,2085.0,93825.0,2025-07-29 11:32:25.954408
2025-07-29,135253,2025072905005609,CIT,Secured Securities Ltd.,Dipshikha Dhitopatra Karobar Co. Pvt Ltd.,175,2085.0,364875.0,2025-07-29 11:33:32.283264
2025-07-29,135252,2025072905005610,CIT,Imperial Securities Company Pvt. Ltd.,Dipshikha Dhitopatra Karobar Co. Pvt Ltd.,100,2085.0,208500.0,2025-07-29 11:33:32.283497
2025-07-29,135146,2025072905005632,CIT,Kohinoor Investment & Securities Pvt. Ltd.,Market Securities & Exchange (PVT) Ltd.,14,2080.0,29120.0,2025-07-29 11:33:43.214551
2025-07-29,133326,2025072905006126,CIT,Sani Securities Company Ltd.,Nepal Investment And Securities Trading Private Limited,300,2084.0,625200.0,2025-07-29 11:36:19.585045
2025-07-29,133325,2025072905006127,CIT,Sani Securities Company Ltd.,Dipshikha Dhitopatra Karobar Co. Pvt Ltd.,25,2085.0,52125.0,2025-07-29 11:36:19.585476
2025-07-29,133324,2025072905006128,CIT,Sani Securities Company Ltd.,Siprabi Securities Pvt. Ltd.,10,2090.0,20900.0,2025-07-29 11:36:19.585746
2025-07-29,133323,2025072905006129,CIT,Sani Securities Company Ltd.,Online Securities Pvt. Ltd.,50,2090.0,104500.0,2025-07-29 11:36:19.585998
2025-07-29,133322,2025072905006130,CIT,Sani Securities Company Ltd.,Dynamic Money Managers Securities Pvt. Ltd.,50,2090.0,104500.0,2025-07-29 11:36:19.586259
2025-07-29,133321,2025072905006131,CIT,Sani Securities Company Ltd.,Naasa Securities Co. Ltd.,100,2090.0,209000.0,2025-07-29 11:36:19.586529
2025-07-29,133320,2025072905006132,CIT,Sani Securities Company Ltd.,Sharepro Securities Private Limited,500,2093.9,1046950.0,2025-07-29 11:36:19.586777
2025-07-29,133319,2025072905006133,CIT,Sani Securities Company Ltd.,Deevyaa Securities & Stock House Pvt. Ltd,100,2094.0,209400.0,2025-07-29 11:36:19.587033
2025-07-29,133318,2025072905006134,CIT,Sani Securities Company Ltd.,Opal Securities Investment (PVT) Ltd.,1000,2094.0,2094000.0,2025-07-29 11:36:19.587285
2025-07-29,133317,2025072905006135,CIT,Sani Securities Company Ltd.,Agrawal Securities (PVT) Ltd.,25,2095.0,52375.0,2025-07-29 11:36:19.587542
2025-07-29,133316,2025072905006136,CIT,Sani Securities Company Ltd.,Kumari Securities Private Limited,100,2095.0,209500.0,2025-07-29 11:36:19.587793
2025-07-29,133315,2025072905006137,CIT,Sani Securities Company Ltd.,Malla & Malla Stock Broking Company Pvt. Limited,10,2095.0,20950.0,2025-07-29 11:36:19.588054
2025-07-29,133314,2025072905006138,CIT,Sani Securities Company Ltd.,Cristal Kanchanjanga Securites Pvt. Ltd.,20,2098.0,41960.0,2025-07-29 11:36:19.588303
2025-07-29,133313,2025072905006139,CIT,Sani Securities Company Ltd.,Malla & Malla Stock Broking Company Pvt. Limited,20,2098.0,41960.0,2025-07-29 11:36:19.588565
2025-07-29,133312,2025072905006140,CIT,Sani Securities Company Ltd.,Midas Stock Broking Company Private Limited,11,2098.8,23086.8,2025-07-29 11:36:19.588800
2025-07-29,133311,2025072905006141,CIT,Sani Securities Company Ltd.,Sharepro Securities Private Limited,1000,2098.9,2098900.0,2025-07-29 11:36:19.589047
2025-07-29,133310,2025072905006142,CIT,Sani Securities Company Ltd.,Sundhara Securities Limited,10,2099.0,20990.0,2025-07-29 11:36:19.589275
2025-07-29,133309,2025072905006143,CIT,Sani Securities Company Ltd.,Imperial Securities Company Pvt. Ltd.,10,2099.0,20990.0,2025-07-29 11:36:19.589527
2025-07-29,133308,2025072905006144,CIT,Sani Securities Company Ltd.,Imperial Securities Company Pvt. Ltd.,10,2099.0,20990.0,2025-07-29 11:36:19.589768
2025-07-29,133307,2025072905006145,CIT,Sani Securities Company Ltd.,Sundhara Securities Limited,25,2099.0,52475.0,2025-07-29 11:36:19.590018
2025-07-29,133306,2025072905006146,CIT,Sani Securities Company Ltd.,Linch Stock Market Ltd.,500,2099.0,1049500.0,2025-07-29 11:36:19.590258
2025-07-29,133305,2025072905006147,CIT,Sani Securities Company Ltd.,Imperial Securities Company Pvt. Ltd.,10,2099.9,20999.0,2025-07-29 11:36:19.590396
2025-07-29,133304,2025072905006148,CIT,Sani Securities Company Ltd.,Linch Stock Market Ltd.,500,2100.0,1050000.0,2025-07-29 11:36:19.590480
2025-07-29,133303,2025072905006149,CIT,Sani Securities Company Ltd.,Vision Securities Pvt. Ltd,10,2100.0,21000.0,2025-07-29 11:36:19.590558
2025-07-29,133302,2025072905006150,CIT,Sani Securities Company Ltd.,Dipshikha Dhitopatra Karobar Co. Pvt Ltd.,13,2100.0,27300.0,2025-07-29 11:36:19.590635
2025-07-29,133301,2025072905006151,CIT,Sani Securities Company Ltd.,Primo Securities (PVT) Ltd.,37,2100.0,77700.0,2025-07-29 11:36:19.590711
2025-07-29,133300,2025072905006152,CIT,Sani Securities Company Ltd.,Deevyaa Securities & Stock House Pvt. Ltd,50,2100.0,105000.0,2025-07-29 11:36:19.590784
2025-07-29,133299,2025072905006153,CIT,Sani Securities Company Ltd.,Capital Hub P. Ltd,200,2100.0,420000.0,2025-07-29 11:36:19.590859
2025-07-29,133298,2025072905006154,CIT,Sani Securities Company Ltd.,Linch Stock Market Ltd.,100,2100.0,210000.0,2025-07-29 11:36:19.590928
2025-07-29,133297,2025072905006155,CIT,Sani Securities Company Ltd.,Sundhara Securities Limited,10,2100.0,21000.0,2025-07-29 11:36:19.591002
2025-07-29,133296,2025072905006156,CIT,Sani Securities Company Ltd.,Imperial Securities Company Pvt. Ltd.,20,2100.0,42000.0,2025-07-29 11:36:19.591073
2025-07-29,133295,2025072905006157,CIT,Sani Securities Company Ltd.,Kohinoor Investment & Securities Pvt. Ltd.,10,2100.0,21000.0,2025-07-29 11:36:19.591145
2025-07-29,133294,2025072905006158,CIT,Sani Securities Company Ltd.,Agrawal Securities (PVT) Ltd.,10,2100.0,21000.0,2025-07-29 11:36:19.591217
2025-07-29,133293,2025072905006159,CIT,Sani Securities Company Ltd.,Cristal Kanchanjanga Securites Pvt. Ltd.,10,2100.0,21000.0,2025-07-29 11:36:19.591321
2025-07-29,133292,2025072905006160,CIT,Sani Securities Company Ltd.,Dipshikha Dhitopatra Karobar Co. Pvt Ltd.,200,2100.0,420000.0,2025-07-29 11:36:19.591402
2025-07-29,133291,2025072905006161,CIT,Sani Securities Company Ltd.,Dynamic Money Managers Securities Pvt. Ltd.,167,2100.0,350700.0,2025-07-29 11:36:19.591473
2025-07-29,133290,2025072905006162,CIT,Sani Securities Company Ltd.,Oxford Securities Pvt. Ltd.,100,2100.0,210000.0,2025-07-29 11:36:19.591544
2025-07-29,133289,2025072905006163,CIT,Sani Securities Company Ltd.,Nepal Investment And Securities Trading Private Limited,80,2100.0,168000.0,2025-07-29 11:36:19.591611
2025-07-29,133288,2025072905006164,CIT,Sani Securities Company Ltd.,Sundhara Securities Limited,20,2100.0,42000.0,2025-07-29 11:36:19.591682
2025-07-29,133279,2025072905006166,CIT,Sani Securities Company Ltd.,Thrive Brokerage House Pvt. Ltd,47,2100.0,98700.0,2025-07-29 11:36:20.396174
2025-07-29,133086,2025072905006205,CIT,Sani Securities Company Ltd.,Market Securities & Exchange (PVT) Ltd.,30,2101.0,63030.0,2025-07-29 11:36:42.324110
2025-07-29,133085,2025072905006206,CIT,Sani Securities Company Ltd.,Aryatara Investment & Securities,40,2101.0,84040.0,2025-07-29 11:36:42.324327
2025-07-29,133084,2025072905006207,CIT,Sani Securities Company Ltd.,ABC Securities Private Limited,30,2102.0,63060.0,2025-07-29 11:36:42.324403
2025-07-29,133083,2025072905006208,CIT,Sani Securities Company Ltd.,Swarna Laxmi Securities Pvt. Ltd.,22,2104.0,46288.0,2025-07-29 11:36:42.324478
2025-07-29,133082,2025072905006209,CIT,Sani Securities Company Ltd.,Deevyaa Securities & Stock House Pvt. Ltd,20,2104.4,42088.0,2025-07-29 11:36:42.324548
2025-07-29,133081,2025072905006210,CIT,Sani Securities Company Ltd.,Sundhara Securities Limited,20,2105.0,42100.0,2025-07-29 11:36:42.324617
2025-07-29,133080,2025072905006211,CIT,Sani Securities Company Ltd.,Nepal Investment And Securities Trading Private Limited,50,2105.0,105250.0,2025-07-29 11:36:42.324685
2025-07-29,133079,2025072905006212,CIT,Sani Securities Company Ltd.,Siprabi Securities Pvt. Ltd.,25,2105.0,52625.0,2025-07-29 11:36:42.324777
2025-07-29,133078,2025072905006213,CIT,Sani Securities Company Ltd.,Imperial Securities Company Pvt. Ltd.,50,2106.0,105300.0,2025-07-29 11:36:42.324849
2025-07-29,133077,2025072905006214,CIT,Sani Securities Company Ltd.,Sundhara Securities Limited,45,2106.0,94770.0,2025-07-29 11:36:42.324920
2025-07-29,133076,2025072905006215,CIT,Sani Securities Company Ltd.,Midas Stock Broking Company Private Limited,10,2106.0,21060.0,2025-07-29 11:36:42.324987
2025-07-29,133075,2025072905006216,CIT,Sani Securities Company Ltd.,Nepal Investment And Securities Trading Private Limited,199,2106.0,419094.0,2025-07-29 11:36:42.325055
2025-07-29,133074,2025072905006217,CIT,Sani Securities Company Ltd.,Agrawal Securities (PVT) Ltd.,104,2106.0,219024.0,2025-07-29 11:36:42.325121
2025-07-29,133073,2025072905006218,CIT,Sani Securities Company Ltd.,Sani Securities Company Ltd.,200,2106.0,421200.0,2025-07-29 11:36:42.325186
2025-07-29,133072,2025072905006219,CIT,Sani Securities Company Ltd.,Midas Stock Broking Company Private Limited,50,2106.2,105310.0,2025-07-29 11:36:42.325253
2025-07-29,133071,2025072905006220,CIT,Sani Securities Company Ltd.,South Asian Bulls Pvt. Ltd.,34,2106.3,71614.2,2025-07-29 11:36:42.325330
2025-07-29,133070,2025072905006221,CIT,Sani Securities Company Ltd.,Sewa Securities Pvt. Ltd.,29,2106.3,61082.7,2025-07-29 11:36:42.325395
2025-07-29,133069,2025072905006222,CIT,Sani Securities Company Ltd.,Siprabi Securities Pvt. Ltd.,80,2110.0,168800.0,2025-07-29 11:36:42.325459
2025-07-29,133068,2025072905006223,CIT,Sani Securities Company Ltd.,Vision Securities Pvt. Ltd,84,2110.0,177240.0,2025-07-29 11:36:42.325523
2025-07-29,133067,2025072905006224,CIT,Sani Securities Company Ltd.,Sani Securities Company Ltd.,200,2110.0,422000.0,2025-07-29 11:36:42.325586
2025-07-29,133066,2025072905006225,CIT,Sani Securities Company Ltd.,Thrive Brokerage House Pvt. Ltd,50,2110.0,105500.0,2025-07-29 11:36:42.325648
2025-07-29,133065,2025072905006226,CIT,Sani Securities Company Ltd.,Malla & Malla Stock Broking Company Pvt. Limited,21,2110.0,44310.0,2025-07-29 11:36:42.325707
2025-07-29,133064,2025072905006227,CIT,Sani Securities Company Ltd.,Naasa Securities Co. Ltd.,200,2110.0,422000.0,2025-07-29 11:36:42.325769
2025-07-29,133063,2025072905006228,CIT,Sani Securities Company Ltd.,Online Securities Pvt. Ltd.,11,2110.0,23210.0,2025-07-29 11:36:42.325832
2025-07-29,133062,2025072905006229,CIT,Sani Securities Company Ltd.,Opal Securities Investment (PVT) Ltd.,30,2110.0,63300.0,2025-07-29 11:36:42.325895
2025-07-29,133061,2025072905006230,CIT,Sani Securities Company Ltd.,Aryatara Investment & Securities,136,2110.0,286960.0,2025-07-29 11:36:42.325958
2025-07-29,133060,2025072905006231,CIT,Sani Securities Company Ltd.,Cristal Kanchanjanga Securites Pvt. Ltd.,10,2110.0,21100.0,2025-07-29 11:36:42.326020
2025-07-29,133059,2025072905006232,CIT,Sani Securities Company Ltd.,Sumeru Securities Pvt. Ltd.,50,2110.0,105500.0,2025-07-29 11:36:42.326081
2025-07-29,133058,2025072905006233,CIT,Sani Securities Company Ltd.,Asian Securities Private Ltd.,20,2110.0,42200.0,2025-07-29 11:36:42.326151
2025-07-29,133050,2025072905006235,CIT,Sani Securities Company Ltd.,Imperial Securities Company Pvt. Ltd.,10,2110.0,21100.0,2025-07-29 11:36:42.956921
2025-07-29,132953,2025072905006247,CIT,Sani Securities Company Ltd.,Sharepro Securities Private Limited,2000,2110.0,4220000.0,2025-07-29 11:36:54.041657
2025-07-29,132907,2025072905006250,CIT,Sani Securities Company Ltd.,Nepal Investment And Securities Trading Private Limited,18,2110.0,37980.0,2025-07-29 11:36:58.003422
2025-07-29,132856,2025072905006260,CIT,Siprabi Securities Pvt. Ltd.,Agrawal Securities (PVT) Ltd.,1,2070.0,2070.0,2025-07-29 11:37:03.956324
2025-07-29,132702,2025072905006301,CIT,Sani Securities Company Ltd.,Naasa Securities Co. Ltd.,10,2110.0,21100.0,2025-07-29 11:37:18.672466
2025-07-29,132627,2025072905006332,CIT,Sani Securities Company Ltd.,Imperial Securities Company Pvt. Ltd.,10,2110.0,21100.0,2025-07-29 11:37:22.968819
2025-07-29,132564,2025072905006344,CIT,Sani Securities Company Ltd.,Shree Krishna Securities Ltd.,100,2110.0,211000.0,2025-07-29 11:37:29.177136
2025-07-29,132534,2025072905006349,CIT,Sani Securities Company Ltd.,Sharepro Securities Private Limited,532,2110.0,1122520.0,2025-07-29 11:37:31.317018
2025-07-29,132476,2025072905006370,CIT,Linch Stock Market Ltd.,Sharepro Securities Private Limited,100,2110.0,211000.0,2025-07-29 11:37:36.606229
2025-07-29,132422,2025072905006389,CIT,Asian Securities Private Ltd.,Naasa Securities Co. Ltd.,1,2070.0,2070.0,2025-07-29 11:37:39.584221
2025-07-29,131686,2025072905006558,CIT,Secured Securities Ltd.,Arun Securities (PVT) Ltd.,10,2108.0,21080.0,2025-07-29 11:38:33.938523
2025-07-29,131680,2025072905006559,CIT,Asian Securities Private Ltd.,Agrawal Securities (PVT) Ltd.,1,2075.0,2075.0,2025-07-29 11:38:35.022845
2025-07-29,131141,2025072905006656,CIT,Imperial Securities Company Pvt. Ltd.,Sharepro Securities Private Limited,10,2100.0,21000.0,2025-07-29 11:39:24.811950
2025-07-29,131140,2025072905006657,CIT,Sani Securities Company Ltd.,Sharepro Securities Private Limited,2000,2100.0,4200000.0,2025-07-29 11:39:24.812088
2025-07-29,130841,2025072905006726,CIT,Thrive Brokerage House Pvt. Ltd,Naasa Securities Co. Ltd.,2,2080.0,4160.0,2025-07-29 11:39:44.488374
2025-07-29,130594,2025072905006778,CIT,KALASH STOCK MARKET PVT. LTD.,Trisul Securities & Invt. Ltd.,10,2100.0,21000.0,2025-07-29 11:40:04.081162
2025-07-29,130512,2025072905006787,CIT,KALASH STOCK MARKET PVT. LTD.,Secured Securities Ltd.,118,2100.1,247811.8,2025-07-29 11:40:09.969805
2025-07-29,130403,2025072905006808,CIT,Oxford Securities Pvt. Ltd.,Dipshikha Dhitopatra Karobar Co. Pvt Ltd.,50,2106.8,105340.0,2025-07-29 11:40:22.476457
2025-07-29,130402,2025072905006809,CIT,Oxford Securities Pvt. Ltd.,Vision Securities Pvt. Ltd,50,2106.9,105345.0,2025-07-29 11:40:22.476651
2025-07-29,130401,2025072905006810,CIT,Oxford Securities Pvt. Ltd.,Naasa Securities Co. Ltd.,600,2107.0,1264200.0,2025-07-29 11:40:22.476734
2025-07-29,130353,2025072905006819,CIT,Oxford Securities Pvt. Ltd.,Market Securities & Exchange (PVT) Ltd.,30,2107.0,63210.0,2025-07-29 11:40:25.834846
2025-07-29,130295,2025072905006830,CIT,Dipshikha Dhitopatra Karobar Co. Pvt Ltd.,Thrive Brokerage House Pvt. Ltd,1,2075.1,2075.1,2025-07-29 11:40:31.725917
2025-07-29,130235,2025072905006843,CIT,Oxford Securities Pvt. Ltd.,Sweta Securities Private Limited,100,2107.0,210700.0,2025-07-29 11:40:36.570784
2025-07-29,130211,2025072905006846,CIT,Oxford Securities Pvt. Ltd.,Sundhara Securities Limited,170,2107.0,358190.0,2025-07-29 11:40:39.240378
2025-07-29,129888,2025072905006896,CIT,Cristal Kanchanjanga Securites Pvt. Ltd.,Sundhara Securities Limited,100,2107.0,210700.0,2025-07-29 11:41:11.393941
2025-07-29,129775,2025072905006924,CIT,Asian Securities Private Ltd.,Thrive Brokerage House Pvt. Ltd,1,2070.0,2070.0,2025-07-29 11:41:20.988391
2025-07-29,129648,2025072905006962,CIT,Ashutosh Brokerage & Securities (PVT) Ltd.,Premier Securities Company Ltd.,125,2106.0,263250.0,2025-07-29 11:41:32.511422
2025-07-29,129258,2025072905007052,CIT,Dipshikha Dhitopatra Karobar Co. Pvt Ltd.,Thrive Brokerage House Pvt. Ltd,1,2070.0,2070.0,2025-07-29 11:42:07.364162
2025-07-29,129007,2025072905007099,CIT,Kalika Securities Pvt. Ltd.,Sani Securities Company Ltd.,14,2101.0,29414.0,2025-07-29 11:42:28.951932
2025-07-29,128674,2025072905007188,CIT,Kalika Securities Pvt. Ltd.,Imperial Securities Company Pvt. Ltd.,36,2101.0,75636.0,2025-07-29 11:42:58.965589
2025-07-29,128673,2025072905007189,CIT,Imperial Securities Company Pvt. Ltd.,Imperial Securities Company Pvt. Ltd.,50,2101.0,105050.0,2025-07-29 11:42:58.966042
2025-07-29,128601,2025072905007206,CIT,KALASH STOCK MARKET PVT. LTD.,Kumari Securities Private Limited,72,2100.1,151207.2,2025-07-29 11:43:04.343292
2025-07-29,128600,2025072905007207,CIT,South Asian Bulls Pvt. Ltd.,Kumari Securities Private Limited,20,2100.0,42000.0,2025-07-29 11:43:04.343519
2025-07-29,128594,2025072905007209,CIT,Deevyaa Securities & Stock House Pvt. Ltd,Imperial Securities Company Pvt. Ltd.,14,2101.0,29414.0,2025-07-29 11:43:04.770828
2025-07-29,128593,2025072905007210,CIT,Deevyaa Securities & Stock House Pvt. Ltd,Creative Securities Pvt Ltd,18,2104.0,37872.0,2025-07-29 11:43:04.771269
2025-07-29,128592,2025072905007211,CIT,Deevyaa Securities & Stock House Pvt. Ltd,Dipshikha Dhitopatra Karobar Co. Pvt Ltd.,13,2105.0,27365.0,2025-07-29 11:43:04.771559
2025-07-29,128591,2025072905007212,CIT,Deevyaa Securities & Stock House Pvt. Ltd,Sweta Securities Private Limited,50,2105.0,105250.0,2025-07-29 11:43:04.771929
2025-07-29,128590,2025072905007213,CIT,Deevyaa Securities & Stock House Pvt. Ltd,Premier Securities Company Ltd.,75,2106.0,157950.0,2025-07-29 11:43:04.772271
2025-07-29,128589,2025072905007214,CIT,Deevyaa Securities & Stock House Pvt. Ltd,Premier Securities Company Ltd.,26,2106.0,54756.0,2025-07-29 11:43:04.772570
2025-07-29,128588,2025072905007215,CIT,Deevyaa Securities & Stock House Pvt. Ltd,Sundhara Securities Limited,20,2106.0,42120.0,2025-07-29 11:43:04.772840
2025-07-29,128587,2025072905007216,CIT,Deevyaa Securities & Stock House Pvt. Ltd,Imperial Securities Company Pvt. Ltd.,50,2106.0,105300.0,2025-07-29 11:43:04.773104
2025-07-29,128586,2025072905007217,CIT,Deevyaa Securities & Stock House Pvt. Ltd,Kohinoor Investment & Securities Pvt. Ltd.,100,2106.9,210690.0,2025-07-29 11:43:04.773399
2025-07-29,128585,2025072905007218,CIT,Deevyaa Securities & Stock House Pvt. Ltd,Premier Securities Company Ltd.,84,2107.0,176988.0,2025-07-29 11:43:04.773672
2025-07-29,128130,2025072905007320,CIT,Agrawal Securities (PVT) Ltd.,Sagarmatha Securities Private Limited,10,2102.0,21020.0,2025-07-29 11:43:49.183602
2025-07-29,127812,2025072905007349,CIT,Imperial Securities Company Pvt. Ltd.,Sagarmatha Securities Private Limited,40,2100.1,84004.0,2025-07-29 11:44:11.279941
2025-07-29,127550,2025072905007417,CIT,Imperial Securities Company Pvt. Ltd.,Linch Stock Market Ltd.,10,2102.0,21020.0,2025-07-29 11:44:35.044227
2025-07-29,127549,2025072905007418,CIT,Vision Securities Pvt. Ltd,Linch Stock Market Ltd.,20,2100.0,42000.0,2025-07-29 11:44:35.044450
2025-07-29,127514,2025072905007423,CIT,Naasa Securities Co. Ltd.,Creative Securities Pvt Ltd,10,2104.0,21040.0,2025-07-29 11:44:38.918682
2025-07-29,127355,2025072905007441,CIT,Vision Securities Pvt. Ltd,Vision Securities Pvt. Ltd,10,2100.0,21000.0,2025-07-29 11:44:52.038148
2025-07-29,125972,2025072905007799,CIT,Thrive Brokerage House Pvt. Ltd,J.F. Securites (PVT) Ltd.,10,2090.0,20900.0,2025-07-29 11:46:43.856467
2025-07-29,125792,2025072905007822,CIT,Capital Max Securities Ltd,Thrive Brokerage House Pvt. Ltd,10,2099.9,20999.0,2025-07-29 11:46:56.776172
2025-07-29,125607,2025072905007863,CIT,Kumari Securities Private Limited,Thrive Brokerage House Pvt. Ltd,3,2065.0,6195.0,2025-07-29 11:47:14.094031
2025-07-29,125591,2025072905007866,CIT,Thrive Brokerage House Pvt. Ltd,Kalika Securities Pvt. Ltd.,20,2090.0,41800.0,2025-07-29 11:47:15.177615
2025-07-29,125370,2025072905007915,CIT,Online Securities Pvt. Ltd.,J.F. Securites (PVT) Ltd.,10,2095.0,20950.0,2025-07-29 11:47:35.262683
2025-07-29,125356,2025072905007920,CIT,Online Securities Pvt. Ltd.,Naasa Securities Co. Ltd.,40,2095.0,83800.0,2025-07-29 11:47:37.270124
2025-07-29,125153,2025072905007967,CIT,Online Securities Pvt. Ltd.,Imperial Securities Company Pvt. Ltd.,22,2095.0,46090.0,2025-07-29 11:47:57.896272
2025-07-29,124985,2025072905008043,CIT,Online Securities Pvt. Ltd.,Deevyaa Securities & Stock House Pvt. Ltd,10,2095.0,20950.0,2025-07-29 11:48:08.078332
2025-07-29,124931,2025072905008057,CIT,Nagarik Stock Dealer ,Naasa Securities Co. Ltd.,11,2095.0,23045.0,2025-07-29 11:48:13.499253
2025-07-29,124883,2025072905008077,CIT,Nagarik Stock Dealer ,Naasa Securities Co. Ltd.,489,2095.0,1024455.0,2025-07-29 11:48:16.533942
2025-07-29,124568,2025072905008178,CIT,Aryatara Investment & Securities,Naasa Securities Co. Ltd.,50,2095.0,104750.0,2025-07-29 11:48:48.173132
2025-07-29,123755,2025072905008340,CIT,Ashutosh Brokerage & Securities (PVT) Ltd.,Kumari Securities Private Limited,100,2091.0,209100.0,2025-07-29 11:49:54.605771
2025-07-29,123616,2025072905008378,CIT,Ashutosh Brokerage & Securities (PVT) Ltd.,Imperial Securities Company Pvt. Ltd.,50,2091.0,104550.0,2025-07-29 11:50:09.270781
2025-07-29,123416,2025072905008436,CIT,South Asian Bulls Pvt. Ltd.,Naasa Securities Co. Ltd.,50,2095.0,104750.0,2025-07-29 11:50:25.504161
2025-07-29,123280,2025072905008462,CIT,Ashutosh Brokerage & Securities (PVT) Ltd.,Imperial Securities Company Pvt. Ltd.,40,2091.0,83640.0,2025-07-29 11:50:39.966361
2025-07-29,123279,2025072905008463,CIT,Online Securities Pvt. Ltd.,Imperial Securities Company Pvt. Ltd.,10,2091.0,20910.0,2025-07-29 11:50:39.966687
2025-07-29,123038,2025072905008519,CIT,Ashutosh Brokerage & Securities (PVT) Ltd.,Nepal Investment And Securities Trading Private Limited,700,2091.0,1463700.0,2025-07-29 11:51:00.680653
2025-07-29,122326,2025072905008656,CIT,Arun Securities (PVT) Ltd.,Sani Securities Company Ltd.,100,2091.1,209110.0,2025-07-29 11:52:07.487607
2025-07-29,122019,2025072905008712,CIT,Dipshikha Dhitopatra Karobar Co. Pvt Ltd.,Aryatara Investment & Securities,50,2091.1,104555.0,2025-07-29 11:52:32.489388
2025-07-29,121859,2025072905008750,CIT,Ashutosh Brokerage & Securities (PVT) Ltd.,Online Securities Pvt. Ltd.,21,2091.0,43911.0,2025-07-29 11:52:47.535471
2025-07-29,121787,2025072905008774,CIT,Ashutosh Brokerage & Securities (PVT) Ltd.,Thrive Brokerage House Pvt. Ltd,279,2091.0,583389.0,2025-07-29 11:52:54.343689
2025-07-29,121784,2025072905008775,CIT,Naasa Securities Co. Ltd.,Thrive Brokerage House Pvt. Ltd,20,2091.0,41820.0,2025-07-29 11:52:54.467360
2025-07-29,121491,2025072905008831,CIT,Trisul Securities & Invt. Ltd.,Aryatara Investment & Securities,60,2091.1,125466.0,2025-07-29 11:53:21.097029
2025-07-29,121423,2025072905008843,CIT,Trisul Securities & Invt. Ltd.,Nepal Stock House (PVT) Ltd.,10,2092.0,20920.0,2025-07-29 11:53:28.184898
2025-07-29,121410,2025072905008845,CIT,KALASH STOCK MARKET PVT. LTD.,Creative Securities Pvt Ltd,50,2094.0,104700.0,2025-07-29 11:53:30.258859
2025-07-29,121409,2025072905008846,CIT,KALASH STOCK MARKET PVT. LTD.,Dipshikha Dhitopatra Karobar Co. Pvt Ltd.,75,2094.0,157050.0,2025-07-29 11:53:30.259174
2025-07-29,121408,2025072905008847,CIT,KALASH STOCK MARKET PVT. LTD.,Trisul Securities & Invt. Ltd.,50,2094.9,104745.0,2025-07-29 11:53:30.259297
2025-07-29,121407,2025072905008848,CIT,KALASH STOCK MARKET PVT. LTD.,Primo Securities (PVT) Ltd.,19,2094.9,39803.1,2025-07-29 11:53:30.259420
2025-07-29,121406,2025072905008849,CIT,KALASH STOCK MARKET PVT. LTD.,Naasa Securities Co. Ltd.,111,2095.0,232545.0,2025-07-29 11:53:30.259542
2025-07-29,121405,2025072905008850,CIT,KALASH STOCK MARKET PVT. LTD.,Kumari Securities Private Limited,50,2095.0,104750.0,2025-07-29 11:53:30.259686
2025-07-29,121404,2025072905008851,CIT,KALASH STOCK MARKET PVT. LTD.,Naasa Securities Co. Ltd.,112,2095.0,234640.0,2025-07-29 11:53:30.259807
2025-07-29,121403,2025072905008852,CIT,KALASH STOCK MARKET PVT. LTD.,Naasa Securities Co. Ltd.,1000,2095.0,2095000.0,2025-07-29 11:53:30.259922
2025-07-29,121402,2025072905008853,CIT,KALASH STOCK MARKET PVT. LTD.,Naasa Securities Co. Ltd.,50,2095.0,104750.0,2025-07-29 11:53:30.260044
2025-07-29,121055,2025072905008923,CIT,Sumeru Securities Pvt. Ltd.,Kumari Securities Private Limited,43,2098.0,90214.0,2025-07-29 11:54:05.426924
2025-07-29,120829,2025072905008990,CIT,Kumari Securities Private Limited,Deevyaa Securities & Stock House Pvt. Ltd,100,2099.0,209900.0,2025-07-29 11:54:28.921387
2025-07-29,120828,2025072905008991,CIT,Kumari Securities Private Limited,Sani Securities Company Ltd.,90,2099.0,188910.0,2025-07-29 11:54:28.921679
2025-07-29,120650,2025072905009043,CIT,Premier Securities Company Ltd.,Thrive Brokerage House Pvt. Ltd,190,2099.9,398981.0,2025-07-29 11:54:43.445643
2025-07-29,120561,2025072905009058,CIT,Kumari Securities Private Limited,Sumeru Securities Pvt. Ltd.,10,2099.0,20990.0,2025-07-29 11:54:49.754795
2025-07-29,120560,2025072905009059,CIT,APPLE SECURITIES PRIVATE LIMITED,Sumeru Securities Pvt. Ltd.,200,2099.0,419800.0,2025-07-29 11:54:49.755296
2025-07-29,120516,2025072905009080,CIT,Sumeru Securities Pvt. Ltd.,Miyo Securities Pvt Ltd,57,2098.0,119586.0,2025-07-29 11:54:52.926755
2025-07-29,120515,2025072905009081,CIT,Trisul Securities & Invt. Ltd.,Miyo Securities Pvt Ltd,10,2096.0,20960.0,2025-07-29 11:54:52.926802
2025-07-29,120514,2025072905009082,CIT,Trisul Securities & Invt. Ltd.,Miyo Securities Pvt Ltd,200,2096.0,419200.0,2025-07-29 11:54:52.926831
2025-07-29,120513,2025072905009083,CIT,Capital Max Securities Ltd,Miyo Securities Pvt Ltd,50,2095.1,104755.0,2025-07-29 11:54:52.926860
2025-07-29,120512,2025072905009084,CIT,KALASH STOCK MARKET PVT. LTD.,Miyo Securities Pvt Ltd,184,2095.0,385480.0,2025-07-29 11:54:52.926909
2025-07-29,120409,2025072905009120,CIT,Aryatara Investment & Securities,Sumeru Securities Pvt. Ltd.,500,2099.0,1049500.0,2025-07-29 11:55:02.715751
2025-07-29,120227,2025072905009159,CIT,Thrive Brokerage House Pvt. Ltd,Sumeru Securities Pvt. Ltd.,20,2099.0,41980.0,2025-07-29 11:55:19.041433
2025-07-29,120224,2025072905009160,CIT,APPLE SECURITIES PRIVATE LIMITED,Sumeru Securities Pvt. Ltd.,300,2099.0,629700.0,2025-07-29 11:55:19.130596
2025-07-29,120132,2025072905009173,CIT,KALASH STOCK MARKET PVT. LTD.,Opal Securities Investment (PVT) Ltd.,299,2095.0,626405.0,2025-07-29 11:55:24.423071
2025-07-29,120131,2025072905009174,CIT,Agrawal Securities (PVT) Ltd.,Opal Securities Investment (PVT) Ltd.,10,2092.0,20920.0,2025-07-29 11:55:24.423173
2025-07-29,120130,2025072905009175,CIT,KALASH STOCK MARKET PVT. LTD.,Opal Securities Investment (PVT) Ltd.,691,2091.0,1444881.0,2025-07-29 11:55:24.423255
2025-07-29,120054,2025072905009187,CIT,Deevyaa Securities & Stock House Pvt. Ltd,Sumeru Securities Pvt. Ltd.,459,2099.0,963441.0,2025-07-29 11:55:30.371957
2025-07-29,119402,2025072905009362,CIT,Imperial Securities Company Pvt. Ltd.,Sani Securities Company Ltd.,14,2092.0,29288.0,2025-07-29 11:56:16.173021
2025-07-29,119204,2025072905009397,CIT,Premier Securities Company Ltd.,Sumeru Securities Pvt. Ltd.,11,2099.0,23089.0,2025-07-29 11:56:33.407471
2025-07-29,118993,2025072905009436,CIT,Bhrikuti Stock Broking Co. Pvt. Ltd.,Aryatara Investment & Securities,10,2099.0,20990.0,2025-07-29 11:56:52.328509
2025-07-29,118992,2025072905009437,CIT,Bhrikuti Stock Broking Co. Pvt. Ltd.,Vision Securities Pvt. Ltd,10,2100.0,21000.0,2025-07-29 11:56:52.329063
2025-07-29,118991,2025072905009438,CIT,Bhrikuti Stock Broking Co. Pvt. Ltd.,Nepal Investment And Securities Trading Private Limited,10,2100.0,21000.0,2025-07-29 11:56:52.329533
2025-07-29,118990,2025072905009439,CIT,Bhrikuti Stock Broking Co. Pvt. Ltd.,Kalika Securities Pvt. Ltd.,24,2100.0,50400.0,2025-07-29 11:56:52.329996
2025-07-29,118989,2025072905009440,CIT,Bhrikuti Stock Broking Co. Pvt. Ltd.,Sewa Securities Pvt. Ltd.,46,2100.0,96600.0,2025-07-29 11:56:52.330395
2025-07-29,118477,2025072905009537,CIT,Kumari Securities Private Limited,Primo Securities (PVT) Ltd.,131,2099.0,274969.0,2025-07-29 11:57:30.153859
2025-07-29,118476,2025072905009538,CIT,Kumari Securities Private Limited,Sewa Securities Pvt. Ltd.,33,2100.0,69300.0,2025-07-29 11:57:30.154176
2025-07-29,118475,2025072905009539,CIT,Kumari Securities Private Limited,Linch Stock Market Ltd.,36,2100.0,75600.0,2025-07-29 11:57:30.154301
2025-07-29,118030,2025072905009654,CIT,South Asian Bulls Pvt. Ltd.,Kohinoor Investment & Securities Pvt. Ltd.,40,2099.0,83960.0,2025-07-29 11:58:04.932118
2025-07-29,117743,2025072905009757,CIT,Imperial Securities Company Pvt. Ltd.,Linch Stock Market Ltd.,14,2100.0,29400.0,2025-07-29 11:58:25.016341
2025-07-29,117742,2025072905009758,CIT,Imperial Securities Company Pvt. Ltd.,Trishakti Securities Public Limited,13,2100.0,27300.0,2025-07-29 11:58:25.016865
2025-07-29,117741,2025072905009759,CIT,Imperial Securities Company Pvt. Ltd.,Aryatara Investment & Securities,10,2100.0,21000.0,2025-07-29 11:58:25.017211
2025-07-29,117667,2025072905009781,CIT,Naasa Securities Co. Ltd.,Thrive Brokerage House Pvt. Ltd,33,2100.0,69300.0,2025-07-29 11:58:34.609576
2025-07-29,117597,2025072905009811,CIT,Market Securities & Exchange (PVT) Ltd.,Thrive Brokerage House Pvt. Ltd,18,2100.0,37800.0,2025-07-29 11:58:39.561706
2025-07-29,117596,2025072905009812,CIT,Market Securities & Exchange (PVT) Ltd.,Sewa Securities Pvt. Ltd.,220,2100.0,462000.0,2025-07-29 11:58:39.561977
2025-07-29,117595,2025072905009813,CIT,Market Securities & Exchange (PVT) Ltd.,Secured Securities Ltd.,50,2100.0,105000.0,2025-07-29 11:58:39.562091
2025-07-29,117594,2025072905009814,CIT,Market Securities & Exchange (PVT) Ltd.,Sumeru Securities Pvt. Ltd.,50,2100.0,105000.0,2025-07-29 11:58:39.562201
2025-07-29,117201,2025072905009894,CIT,Market Securities & Exchange (PVT) Ltd.,Aryatara Investment & Securities,33,2100.0,69300.0,2025-07-29 11:59:05.445933
2025-07-29,117200,2025072905009895,CIT,Kumari Securities Private Limited,Aryatara Investment & Securities,68,2100.0,142800.0,2025-07-29 11:59:05.446254
2025-07-29,116935,2025072905009956,CIT,Kumari Securities Private Limited,Imperial Securities Company Pvt. Ltd.,10,2100.0,21000.0,2025-07-29 11:59:21.949469
2025-07-29,116860,2025072905009970,CIT,Kumari Securities Private Limited,Midas Stock Broking Company Private Limited,122,2100.0,256200.0,2025-07-29 11:59:27.978909
2025-07-29,116859,2025072905009971,CIT,Aakashbhairab Securities Ltd.,Midas Stock Broking Company Private Limited,100,2100.0,210000.0,2025-07-29 11:59:27.979557
2025-07-29,116694,2025072905010012,CIT,Kumari Securities Private Limited,Midas Stock Broking Company Private Limited,13,2100.0,27300.0,2025-07-29 11:59:39.105023
2025-07-29,116693,2025072905010013,CIT,Kumari Securities Private Limited,Sani Securities Company Ltd.,7,2100.0,14700.0,2025-07-29 11:59:39.105112
2025-07-29,116223,2025072905010174,CIT,Sagarmatha Securities Private Limited,Imperial Securities Company Pvt. Ltd.,10,2100.0,21000.0,2025-07-29 12:00:05.003799
2025-07-29,116163,2025072905010205,CIT,Dipshikha Dhitopatra Karobar Co. Pvt Ltd.,Naasa Securities Co. Ltd.,10,2102.0,21020.0,2025-07-29 12:00:09.436297
2025-07-29,116069,2025072905010234,CIT,Sagarmatha Securities Private Limited,Midas Stock Broking Company Private Limited,40,2100.0,84000.0,2025-07-29 12:00:18.446632
2025-07-29,115428,2025072905010524,CIT,Nagarik Stock Dealer ,Naasa Securities Co. Ltd.,40,2100.0,84000.0,2025-07-29 12:00:54.844822
2025-07-29,115427,2025072905010525,CIT,Nagarik Stock Dealer ,Imperial Securities Company Pvt. Ltd.,10,2102.0,21020.0,2025-07-29 12:00:54.845120
2025-07-29,115426,2025072905010526,CIT,Nagarik Stock Dealer ,Imperial Securities Company Pvt. Ltd.,25,2103.0,52575.0,2025-07-29 12:00:54.845251
2025-07-29,115425,2025072905010527,CIT,Nagarik Stock Dealer ,Creative Securities Pvt Ltd,40,2104.0,84160.0,2025-07-29 12:00:54.845381
2025-07-29,115424,2025072905010528,CIT,Nagarik Stock Dealer ,Imperial Securities Company Pvt. Ltd.,10,2104.0,21040.0,2025-07-29 12:00:54.845507
2025-07-29,115423,2025072905010529,CIT,Nagarik Stock Dealer ,Imperial Securities Company Pvt. Ltd.,10,2104.0,21040.0,2025-07-29 12:00:54.845638
2025-07-29,115422,2025072905010530,CIT,Nagarik Stock Dealer ,Nepal Investment And Securities Trading Private Limited,50,2105.0,105250.0,2025-07-29 12:00:54.845761
2025-07-29,115421,2025072905010531,CIT,Nagarik Stock Dealer ,Sweta Securities Private Limited,100,2105.0,210500.0,2025-07-29 12:00:54.845889
2025-07-29,115420,2025072905010532,CIT,Nagarik Stock Dealer ,N.M.B. SECURITIES LIMITED,100,2105.0,210500.0,2025-07-29 12:00:54.846009
2025-07-29,115419,2025072905010533,CIT,Nagarik Stock Dealer ,Sani Securities Company Ltd.,79,2105.0,166295.0,2025-07-29 12:00:54.846134
2025-07-29,115418,2025072905010534,CIT,Nagarik Stock Dealer ,Dipshikha Dhitopatra Karobar Co. Pvt Ltd.,36,2105.0,75780.0,2025-07-29 12:00:54.846257
2025-07-29,115223,2025072905010622,CIT,Imperial Securities Company Pvt. Ltd.,Opal Securities Investment (PVT) Ltd.,200,2100.0,420000.0,2025-07-29 12:01:08.090002
2025-07-29,114035,2025072905010913,CIT,Agrawal Securities (PVT) Ltd.,Opal Securities Investment (PVT) Ltd.,200,2100.0,420000.0,2025-07-29 12:02:25.768576
2025-07-29,113887,2025072905010938,CIT,APPLE SECURITIES PRIVATE LIMITED,Opal Securities Investment (PVT) Ltd.,300,2100.0,630000.0,2025-07-29 12:02:33.362751
2025-07-29,113741,2025072905010964,CIT,APPLE SECURITIES PRIVATE LIMITED,Opal Securities Investment (PVT) Ltd.,200,2100.0,420000.0,2025-07-29 12:02:41.390870
2025-07-29,113644,2025072905011004,CIT,Thrive Brokerage House Pvt. Ltd,Aryatara Investment & Securities,70,2098.0,146860.0,2025-07-29 12:02:48.433241
2025-07-29,113481,2025072905011058,CIT,Imperial Securities Company Pvt. Ltd.,Primo Securities (PVT) Ltd.,6,2092.0,12552.0,2025-07-29 12:02:57.467995
2025-07-29,113233,2025072905011113,CIT,Vision Securities Pvt. Ltd,Aryatara Investment & Securities,20,2098.0,41960.0,2025-07-29 12:03:14.847764
2025-07-29,112963,2025072905011191,CIT,Thrive Brokerage House Pvt. Ltd,Opal Securities Investment (PVT) Ltd.,50,2100.0,105000.0,2025-07-29 12:03:29.939677
2025-07-29,112058,2025072905011476,CIT,Premier Securities Company Ltd.,South Asian Bulls Pvt. Ltd.,10,2099.9,20999.0,2025-07-29 12:04:21.820939
2025-07-29,112057,2025072905011477,CIT,Premier Securities Company Ltd.,Opal Securities Investment (PVT) Ltd.,50,2100.0,105000.0,2025-07-29 12:04:21.821242
2025-07-29,112056,2025072905011478,CIT,Premier Securities Company Ltd.,Vision Securities Pvt. Ltd,80,2100.0,168000.0,2025-07-29 12:04:21.821386
2025-07-29,111607,2025072905011570,CIT,Dipshikha Dhitopatra Karobar Co. Pvt Ltd.,Linch Stock Market Ltd.,200,2099.0,419800.0,2025-07-29 12:04:52.045252
2025-07-29,111073,2025072905011659,CIT,Market Securities & Exchange (PVT) Ltd.,Vision Securities Pvt. Ltd,20,2100.0,42000.0,2025-07-29 12:05:25.067146
2025-07-29,111072,2025072905011660,CIT,Market Securities & Exchange (PVT) Ltd.,Midas Stock Broking Company Private Limited,109,2100.0,228900.0,2025-07-29 12:05:25.067464
2025-07-29,111057,2025072905011663,CIT,Dipshikha Dhitopatra Karobar Co. Pvt Ltd.,Linch Stock Market Ltd.,200,2099.0,419800.0,2025-07-29 12:05:26.770917
2025-07-29,110929,2025072905011681,CIT,Agrawal Securities (PVT) Ltd.,Agrawal Securities (PVT) Ltd.,10,2098.0,20980.0,2025-07-29 12:05:34.060919
2025-07-29,110928,2025072905011682,CIT,Aryatara Investment & Securities,Agrawal Securities (PVT) Ltd.,100,2097.0,209700.0,2025-07-29 12:05:34.061237
2025-07-29,110927,2025072905011683,CIT,Creative Securities Pvt Ltd,Agrawal Securities (PVT) Ltd.,90,2097.0,188730.0,2025-07-29 12:05:34.061383
2025-07-29,110233,2025072905011837,CIT,Opal Securities Investment (PVT) Ltd.,Sani Securities Company Ltd.,10,2099.0,20990.0,2025-07-29 12:06:20.539452
2025-07-29,109999,2025072905011902,CIT,Linch Stock Market Ltd.,Linch Stock Market Ltd.,100,2098.0,209800.0,2025-07-29 12:06:33.697133
2025-07-29,109938,2025072905011923,CIT,Dakshinkali Investment & Securities Pvt. Ltd.,Linch Stock Market Ltd.,16,2098.0,33568.0,2025-07-29 12:06:38.024605
2025-07-29,109260,2025072905012046,CIT,Creative Securities Pvt Ltd,Linch Stock Market Ltd.,10,2097.0,20970.0,2025-07-29 12:07:17.193735
2025-07-29,109259,2025072905012047,CIT,Investment Management Nepal Pvt. Ltd.,Linch Stock Market Ltd.,17,2095.1,35616.7,2025-07-29 12:07:17.194045
2025-07-29,109258,2025072905012048,CIT,Imperial Securities Company Pvt. Ltd.,Linch Stock Market Ltd.,45,2095.0,94275.0,2025-07-29 12:07:17.194182
2025-07-29,109257,2025072905012049,CIT,Premier Securities Company Ltd.,Linch Stock Market Ltd.,12,2095.0,25140.0,2025-07-29 12:07:17.194325
2025-07-29,109256,2025072905012050,CIT,Premier Securities Company Ltd.,Cristal Kanchanjanga Securites Pvt. Ltd.,7,2095.0,14665.0,2025-07-29 12:07:17.194399
2025-07-29,107790,2025072905012356,CIT,Opal Securities Investment (PVT) Ltd.,J.F. Securites (PVT) Ltd.,10,2097.0,20970.0,2025-07-29 12:08:43.751167
2025-07-29,107753,2025072905012366,CIT,Ashutosh Brokerage & Securities (PVT) Ltd.,Midas Stock Broking Company Private Limited,116,2100.0,243600.0,2025-07-29 12:08:46.467887
2025-07-29,107583,2025072905012424,CIT,Creative Securities Pvt Ltd,Trisul Securities & Invt. Ltd.,10,2100.0,21000.0,2025-07-29 12:08:55.883118
2025-07-29,107041,2025072905012590,CIT,Ashutosh Brokerage & Securities (PVT) Ltd.,Online Securities Pvt. Ltd.,9,2100.0,18900.0,2025-07-29 12:09:33.754735
2025-07-29,106803,2025072905012662,CIT,Creative Securities Pvt Ltd,Midas Stock Broking Company Private Limited,90,2100.0,189000.0,2025-07-29 12:09:51.148300
2025-07-29,106389,2025072905012838,CIT,Naasa Securities Co. Ltd.,Sharepro Securities Private Limited,10,2100.0,21000.0,2025-07-29 12:10:11.190254
2025-07-29,106388,2025072905012839,CIT,Dipshikha Dhitopatra Karobar Co. Pvt Ltd.,Sharepro Securities Private Limited,10,2099.0,20990.0,2025-07-29 12:10:11.190337
2025-07-29,106387,2025072905012840,CIT,Kalika Securities Pvt. Ltd.,Sharepro Securities Private Limited,100,2099.0,209900.0,2025-07-29 12:10:11.190389
2025-07-29,106386,2025072905012841,CIT,Imperial Securities Company Pvt. Ltd.,Sharepro Securities Private Limited,16,2095.0,33520.0,2025-07-29 12:10:11.190419
2025-07-29,106141,2025072905012890,CIT,Sagarmatha Securities Private Limited,Trishakti Securities Public Limited,43,2100.0,90300.0,2025-07-29 12:10:25.532089
2025-07-29,106074,2025072905012899,CIT,Imperial Securities Company Pvt. Ltd.,Trishakti Securities Public Limited,32,2100.0,67200.0,2025-07-29 12:10:29.727101
2025-07-29,105498,2025072905013031,CIT,Agrawal Securities (PVT) Ltd.,Imperial Securities Company Pvt. Ltd.,10,2100.1,21001.0,2025-07-29 12:11:06.384962
2025-07-29,105497,2025072905013032,CIT,Agrawal Securities (PVT) Ltd.,Nagarik Stock Dealer ,50,2104.0,105200.0,2025-07-29 12:11:06.385281
2025-07-29,105470,2025072905013035,CIT,Imperial Securities Company Pvt. Ltd.,Thrive Brokerage House Pvt. Ltd,84,2095.0,175980.0,2025-07-29 12:11:07.151057
2025-07-29,105469,2025072905013036,CIT,Naasa Securities Co. Ltd.,Thrive Brokerage House Pvt. Ltd,24,2095.0,50280.0,2025-07-29 12:11:07.151396
2025-07-29,105468,2025072905013037,CIT,Naasa Securities Co. Ltd.,Himalayan Brokerage Company Limited,1,2095.0,2095.0,2025-07-29 12:11:07.151479
2025-07-29,105454,2025072905013044,CIT,Imperial Securities Company Pvt. Ltd.,Sharepro Securities Private Limited,1968,2095.0,4122960.0,2025-07-29 12:11:08.552177
2025-07-29,105453,2025072905013045,CIT,Dipshikha Dhitopatra Karobar Co. Pvt Ltd.,Sharepro Securities Private Limited,50,2094.0,104700.0,2025-07-29 12:11:08.552237
2025-07-29,105452,2025072905013046,CIT,Premier Securities Company Ltd.,Sharepro Securities Private Limited,59,2093.2,123498.8,2025-07-29 12:11:08.552273
2025-07-29,105175,2025072905013102,CIT,Online Securities Pvt. Ltd.,Online Securities Pvt. Ltd.,138,2100.2,289827.6,2025-07-29 12:11:23.602622
2025-07-29,104728,2025072905013198,CIT,Naasa Securities Co. Ltd.,Nagarik Stock Dealer ,10,2104.0,21040.0,2025-07-29 12:11:56.306173
2025-07-29,103954,2025072905013371,CIT,J.F. Securites (PVT) Ltd.,Naasa Securities Co. Ltd.,20,2096.0,41920.0,2025-07-29 12:12:49.601279
2025-07-29,103953,2025072905013372,CIT,Dipshikha Dhitopatra Karobar Co. Pvt Ltd.,Naasa Securities Co. Ltd.,75,2095.0,157125.0,2025-07-29 12:12:49.601626
2025-07-29,101680,2025072905013787,CIT,Sweta Securities Private Limited,Kohinoor Investment & Securities Pvt. Ltd.,10,2096.0,20960.0,2025-07-29 12:15:40.376618
2025-07-29,99248,2025072905014248,CIT,Oxford Securities Pvt. Ltd.,Aryatara Investment & Securities,10,2097.0,20970.0,2025-07-29 12:18:45.817071
2025-07-29,98942,2025072905014297,CIT,Imperial Securities Company Pvt. Ltd.,Imperial Securities Company Pvt. Ltd.,60,2096.3,125778.0,2025-07-29 12:19:09.205622
2025-07-29,98941,2025072905014298,CIT,Oxford Securities Pvt. Ltd.,Imperial Securities Company Pvt. Ltd.,20,2096.1,41922.0,2025-07-29 12:19:09.205691
2025-07-29,98940,2025072905014299,CIT,Sweta Securities Private Limited,Imperial Securities Company Pvt. Ltd.,15,2096.0,31440.0,2025-07-29 12:19:09.205719
2025-07-29,98939,2025072905014300,CIT,Naasa Securities Co. Ltd.,Imperial Securities Company Pvt. Ltd.,20,2095.0,41900.0,2025-07-29 12:19:09.205755
2025-07-29,98801,2025072905014327,CIT,Aryatara Investment & Securities,Kumari Securities Private Limited,50,2100.0,105000.0,2025-07-29 12:19:17.404720
2025-07-29,98800,2025072905014328,CIT,Aryatara Investment & Securities,Dipshikha Dhitopatra Karobar Co. Pvt Ltd.,20,2100.0,42000.0,2025-07-29 12:19:17.405063
2025-07-29,98525,2025072905014374,CIT,Imperial Securities Company Pvt. Ltd.,Trishakti Securities Public Limited,8,2100.0,16800.0,2025-07-29 12:19:39.597392
2025-07-29,98014,2025072905014493,CIT,Naasa Securities Co. Ltd.,Neev Securities Pvt. Ltd.,21,2095.0,43995.0,2025-07-29 12:20:09.551504
2025-07-29,97747,2025072905014545,CIT,Kumari Securities Private Limited,Sani Securities Company Ltd.,10,2100.0,21000.0,2025-07-29 12:20:27.717832
2025-07-29,97746,2025072905014546,CIT,Kumari Securities Private Limited,Aryatara Investment & Securities,20,2100.0,42000.0,2025-07-29 12:20:27.718201
2025-07-29,97745,2025072905014547,CIT,Kumari Securities Private Limited,Sweta Securities Private Limited,70,2100.0,147000.0,2025-07-29 12:20:27.718370
2025-07-29,97060,2025072905014663,CIT,Naasa Securities Co. Ltd.,Trishakti Securities Public Limited,59,2095.0,123605.0,2025-07-29 12:21:09.795368
2025-07-29,96323,2025072905014792,CIT,Naasa Securities Co. Ltd.,Opal Securities Investment (PVT) Ltd.,20,2095.0,41900.0,2025-07-29 12:22:04.666408
2025-07-29,96322,2025072905014793,CIT,Agrawal Securities (PVT) Ltd.,Opal Securities Investment (PVT) Ltd.,10,2094.0,20940.0,2025-07-29 12:22:04.666449
2025-07-29,96321,2025072905014794,CIT,Vision Securities Pvt. Ltd,Opal Securities Investment (PVT) Ltd.,50,2094.0,104700.0,2025-07-29 12:22:04.666476
2025-07-29,96320,2025072905014795,CIT,Online Securities Pvt. Ltd.,Opal Securities Investment (PVT) Ltd.,10,2094.0,20940.0,2025-07-29 12:22:04.666502
2025-07-29,96319,2025072905014796,CIT,Premier Securities Company Ltd.,Opal Securities Investment (PVT) Ltd.,17,2093.2,35584.4,2025-07-29 12:22:04.666528
2025-07-29,94891,2025072905015053,CIT,Premier Securities Company Ltd.,Creative Securities Pvt Ltd,50,2093.2,104660.0,2025-07-29 12:23:35.309170
2025-07-29,94813,2025072905015067,CIT,Premier Securities Company Ltd.,Sharepro Securities Private Limited,74,2093.2,154896.8,2025-07-29 12:23:41.526433
2025-07-29,94812,2025072905015068,CIT,Capital Hub P. Ltd,Sharepro Securities Private Limited,200,2093.1,418620.0,2025-07-29 12:23:41.526496
2025-07-29,94811,2025072905015069,CIT,Nagarik Stock Dealer ,Sharepro Securities Private Limited,2000,2093.0,4186000.0,2025-07-29 12:23:41.526527
2025-07-29,94810,2025072905015070,CIT,SUN SECURITIES PVT LTD,Sharepro Securities Private Limited,100,2093.0,209300.0,2025-07-29 12:23:41.526560
2025-07-29,94809,2025072905015071,CIT,KALASH STOCK MARKET PVT. LTD.,Sharepro Securities Private Limited,1626,2092.0,3401592.0,2025-07-29 12:23:41.526599
2025-07-29,94420,2025072905015139,CIT,KALASH STOCK MARKET PVT. LTD.,Sani Securities Company Ltd.,100,2092.0,209200.0,2025-07-29 12:24:14.779683
2025-07-29,94007,2025072905015235,CIT,KALASH STOCK MARKET PVT. LTD.,Kohinoor Investment & Securities Pvt. Ltd.,10,2092.0,20920.0,2025-07-29 12:24:42.066778
2025-07-29,93980,2025072905015239,CIT,KALASH STOCK MARKET PVT. LTD.,Capital Hub P. Ltd,200,2092.0,418400.0,2025-07-29 12:24:44.065446
2025-07-29,93669,2025072905015304,CIT,KALASH STOCK MARKET PVT. LTD.,Imperial Securities Company Pvt. Ltd.,25,2092.0,52300.0,2025-07-29 12:25:06.984632
2025-07-29,93373,2025072905015356,CIT,KALASH STOCK MARKET PVT. LTD.,Linch Stock Market Ltd.,29,2092.0,60668.0,2025-07-29 12:25:25.104280
2025-07-29,90674,2025072905015958,CIT,KALASH STOCK MARKET PVT. LTD.,Capital Hub P. Ltd,10,2092.0,20920.0,2025-07-29 12:28:51.809204
2025-07-29,90673,2025072905015959,CIT,KALASH STOCK MARKET PVT. LTD.,Capital Hub P. Ltd,190,2091.0,397290.0,2025-07-29 12:28:51.809856
2025-07-29,90577,2025072905015989,CIT,KALASH STOCK MARKET PVT. LTD.,Capital Hub P. Ltd,200,2091.0,418200.0,2025-07-29 12:28:58.830208
2025-07-29,90452,2025072905016015,CIT,KALASH STOCK MARKET PVT. LTD.,Capital Hub P. Ltd,200,2091.0,418200.0,2025-07-29 12:29:08.863936
2025-07-29,90376,2025072905016028,CIT,KALASH STOCK MARKET PVT. LTD.,Sweta Securities Private Limited,382,2091.0,798762.0,2025-07-29 12:29:13.546438
2025-07-29,90302,2025072905016043,CIT,KALASH STOCK MARKET PVT. LTD.,Capital Hub P. Ltd,200,2091.0,418200.0,2025-07-29 12:29:17.890752
2025-07-29,90058,2025072905016078,CIT,KALASH STOCK MARKET PVT. LTD.,Online Securities Pvt. Ltd.,100,2091.0,209100.0,2025-07-29 12:29:36.182945
2025-07-29,89949,2025072905016088,CIT,KALASH STOCK MARKET PVT. LTD.,Vision Securities Pvt. Ltd,37,2091.0,77367.0,2025-07-29 12:29:38.365253
2025-07-29,89948,2025072905016089,CIT,Agrawal Securities (PVT) Ltd.,Vision Securities Pvt. Ltd,10,2090.1,20901.0,2025-07-29 12:29:38.365584
2025-07-29,89947,2025072905016090,CIT,Imperial Securities Company Pvt. Ltd.,Vision Securities Pvt. Ltd,653,2090.1,1364835.3,2025-07-29 12:29:38.365821
2025-07-29,89472,2025072905016163,CIT,Imperial Securities Company Pvt. Ltd.,Market Securities & Exchange (PVT) Ltd.,23,2090.1,48072.3,2025-07-29 12:30:09.010205
2025-07-29,88584,2025072905016335,CIT,Asian Securities Private Ltd.,Sundhara Securities Limited,47,2091.0,98277.0,2025-07-29 12:31:21.877427
2025-07-29,88423,2025072905016377,CIT,Imperial Securities Company Pvt. Ltd.,Vision Securities Pvt. Ltd,150,2090.1,313515.0,2025-07-29 12:31:34.049841
2025-07-29,88016,2025072905016455,CIT,Market Securities & Exchange (PVT) Ltd.,Ashutosh Brokerage & Securities (PVT) Ltd.,500,2090.2,1045100.0,2025-07-29 12:32:13.220211
2025-07-29,88015,2025072905016456,CIT,Imperial Securities Company Pvt. Ltd.,Ashutosh Brokerage & Securities (PVT) Ltd.,200,2090.1,418020.0,2025-07-29 12:32:13.220636
2025-07-29,87933,2025072905016489,CIT,Sundhara Securities Limited,Naasa Securities Co. Ltd.,3,2095.0,6285.0,2025-07-29 12:32:19.043228
2025-07-29,87767,2025072905016518,CIT,Imperial Securities Company Pvt. Ltd.,Malla & Malla Stock Broking Company Pvt. Limited,10,2090.1,20901.0,2025-07-29 12:32:34.571075
2025-07-29,86965,2025072905016697,CIT,Deevyaa Securities & Stock House Pvt. Ltd,Sundhara Securities Limited,200,2091.0,418200.0,2025-07-29 12:33:44.962482
2025-07-29,86599,2025072905016773,CIT,Sweta Securities Private Limited,Sundhara Securities Limited,44,2091.0,92004.0,2025-07-29 12:34:19.011219
2025-07-29,86598,2025072905016774,CIT,Sweta Securities Private Limited,Online Securities Pvt. Ltd.,46,2091.0,96186.0,2025-07-29 12:34:19.011609
2025-07-29,86587,2025072905016780,CIT,Imperial Securities Company Pvt. Ltd.,Sharepro Securities Private Limited,964,2090.1,2014856.4,2025-07-29 12:34:20.677748
2025-07-29,86531,2025072905016792,CIT,Imperial Securities Company Pvt. Ltd.,Swarna Laxmi Securities Pvt. Ltd.,20,2090.0,41800.0,2025-07-29 12:34:27.232451
2025-07-29,86530,2025072905016793,CIT,Shree Krishna Securities Ltd.,Swarna Laxmi Securities Pvt. Ltd.,80,2090.0,167200.0,2025-07-29 12:34:27.232836
2025-07-29,86356,2025072905016827,CIT,Shree Krishna Securities Ltd.,Deevyaa Securities & Stock House Pvt. Ltd,20,2090.0,41800.0,2025-07-29 12:34:44.638305
2025-07-29,86355,2025072905016828,CIT,South Asian Bulls Pvt. Ltd.,Deevyaa Securities & Stock House Pvt. Ltd,30,2090.0,62700.0,2025-07-29 12:34:44.638687
2025-07-29,85390,2025072905017052,CIT,Sweta Securities Private Limited,Swarna Laxmi Securities Pvt. Ltd.,10,2092.0,20920.0,2025-07-29 12:36:20.343705
2025-07-29,83469,2025072905017505,CIT,Sweta Securities Private Limited,Kalika Securities Pvt. Ltd.,30,2088.0,62640.0,2025-07-29 12:39:29.236210
2025-07-29,82116,2025072905017860,CIT,Oxford Securities Pvt. Ltd.,Nabil Stock Dealer Ltd.,10,2092.0,20920.0,2025-07-29 12:41:28.929141
2025-07-29,81766,2025072905017960,CIT,Sweta Securities Private Limited,Nabil Stock Dealer Ltd.,40,2092.0,83680.0,2025-07-29 12:42:01.320599
2025-07-29,81765,2025072905017961,CIT,Sweta Securities Private Limited,Secured Securities Ltd.,11,2092.0,23012.0,2025-07-29 12:42:01.320965
2025-07-29,81764,2025072905017962,CIT,Sweta Securities Private Limited,Bhrikuti Stock Broking Co. Pvt. Ltd.,49,2092.0,102508.0,2025-07-29 12:42:01.321131
2025-07-29,81571,2025072905017994,CIT,Sundhara Securities Limited,Bhrikuti Stock Broking Co. Pvt. Ltd.,37,2092.0,77404.0,2025-07-29 12:42:19.506480
2025-07-29,81380,2025072905018047,CIT,Sundhara Securities Limited,Kohinoor Investment & Securities Pvt. Ltd.,20,2092.0,41840.0,2025-07-29 12:42:42.145466
2025-07-29,81097,2025072905018127,CIT,Miyo Securities Pvt Ltd,Dynamic Money Managers Securities Pvt. Ltd.,75,2094.0,157050.0,2025-07-29 12:43:10.183790
2025-07-29,81096,2025072905018128,CIT,Miyo Securities Pvt Ltd,Sweta Securities Private Limited,22,2095.0,46090.0,2025-07-29 12:43:10.184557
2025-07-29,81095,2025072905018129,CIT,Miyo Securities Pvt Ltd,Vision Securities Pvt. Ltd,50,2095.0,104750.0,2025-07-29 12:43:10.185055
2025-07-29,80479,2025072905018281,CIT,Miyo Securities Pvt Ltd,Thrive Brokerage House Pvt. Ltd,238,2095.0,498610.0,2025-07-29 12:44:03.768373
2025-07-29,80160,2025072905018384,CIT,Sewa Securities Pvt. Ltd.,Ashutosh Brokerage & Securities (PVT) Ltd.,45,2098.7,94441.5,2025-07-29 12:44:30.773826
2025-07-29,78919,2025072905018651,CIT,Imperial Securities Company Pvt. Ltd.,Ashutosh Brokerage & Securities (PVT) Ltd.,30,2098.7,62961.0,2025-07-29 12:46:33.819334
2025-07-29,78918,2025072905018652,CIT,Imperial Securities Company Pvt. Ltd.,Asian Securities Private Ltd.,13,2098.8,27284.4,2025-07-29 12:46:33.819697
2025-07-29,78917,2025072905018653,CIT,Imperial Securities Company Pvt. Ltd.,Imperial Securities Company Pvt. Ltd.,50,2099.0,104950.0,2025-07-29 12:46:33.819869
2025-07-29,78916,2025072905018654,CIT,Imperial Securities Company Pvt. Ltd.,Siprabi Securities Pvt. Ltd.,250,2099.0,524750.0,2025-07-29 12:46:33.820025
2025-07-29,78915,2025072905018655,CIT,Imperial Securities Company Pvt. Ltd.,SUN SECURITIES PVT LTD,434,2099.0,910966.0,2025-07-29 12:46:33.820189
2025-07-29,78914,2025072905018656,CIT,Imperial Securities Company Pvt. Ltd.,Siprabi Securities Pvt. Ltd.,50,2099.0,104950.0,2025-07-29 12:46:33.820360
2025-07-29,78913,2025072905018657,CIT,Imperial Securities Company Pvt. Ltd.,J.F. Securites (PVT) Ltd.,100,2099.9,209990.0,2025-07-29 12:46:33.820523
2025-07-29,78912,2025072905018658,CIT,Imperial Securities Company Pvt. Ltd.,Aryatara Investment & Securities,73,2100.0,153300.0,2025-07-29 12:46:33.820686
2025-07-29,78897,2025072905018665,CIT,ABC Securities Private Limited,Aryatara Investment & Securities,50,2095.1,104755.0,2025-07-29 12:46:35.503381
2025-07-29,78896,2025072905018666,CIT,Miyo Securities Pvt Ltd,Aryatara Investment & Securities,61,2095.0,127795.0,2025-07-29 12:46:35.503763
2025-07-29,78750,2025072905018693,CIT,Miyo Securities Pvt Ltd,Market Securities & Exchange (PVT) Ltd.,10,2095.0,20950.0,2025-07-29 12:46:47.565090
2025-07-29,77834,2025072905018877,CIT,Trishakti Securities Public Limited,ABC Securities Private Limited,25,2096.0,52400.0,2025-07-29 12:48:14.798384
2025-07-29,77833,2025072905018878,CIT,Miyo Securities Pvt Ltd,ABC Securities Private Limited,44,2095.0,92180.0,2025-07-29 12:48:14.799117
2025-07-29,77832,2025072905018879,CIT,Imperial Securities Company Pvt. Ltd.,ABC Securities Private Limited,10,2095.0,20950.0,2025-07-29 12:48:14.799612
2025-07-29,77831,2025072905018880,CIT,Miyo Securities Pvt Ltd,ABC Securities Private Limited,121,2095.0,253495.0,2025-07-29 12:48:14.800095
2025-07-29,77456,2025072905018970,CIT,SUN SECURITIES PVT LTD,Naasa Securities Co. Ltd.,19,2096.0,39824.0,2025-07-29 12:48:58.913903
2025-07-29,77382,2025072905018987,CIT,Asian Securities Private Ltd.,Online Securities Pvt. Ltd.,2,2100.0,4200.0,2025-07-29 12:49:06.169019
2025-07-29,76939,2025072905019097,CIT,Secured Securities Ltd.,Aryatara Investment & Securities,434,2100.0,911400.0,2025-07-29 12:49:57.161756
2025-07-29,76938,2025072905019098,CIT,Secured Securities Ltd.,Sani Securities Company Ltd.,20,2100.0,42000.0,2025-07-29 12:49:57.162209
2025-07-29,76937,2025072905019099,CIT,Secured Securities Ltd.,Asian Securities Private Ltd.,10,2100.0,21000.0,2025-07-29 12:49:57.162393
2025-07-29,76936,2025072905019100,CIT,Secured Securities Ltd.,Deevyaa Securities & Stock House Pvt. Ltd,100,2100.0,210000.0,2025-07-29 12:49:57.162651
2025-07-29,76935,2025072905019101,CIT,Secured Securities Ltd.,Agrawal Securities (PVT) Ltd.,24,2100.0,50400.0,2025-07-29 12:49:57.162908
2025-07-29,76934,2025072905019102,CIT,Secured Securities Ltd.,Sani Securities Company Ltd.,107,2100.0,224700.0,2025-07-29 12:49:57.163118
2025-07-29,76933,2025072905019103,CIT,Secured Securities Ltd.,Sani Securities Company Ltd.,49,2100.0,102900.0,2025-07-29 12:49:57.163363
2025-07-29,76932,2025072905019104,CIT,Secured Securities Ltd.,Thrive Brokerage House Pvt. Ltd,100,2100.0,210000.0,2025-07-29 12:49:57.163606
2025-07-29,76931,2025072905019105,CIT,Secured Securities Ltd.,Aryatara Investment & Securities,300,2100.0,630000.0,2025-07-29 12:49:57.163846
2025-07-29,76930,2025072905019106,CIT,Secured Securities Ltd.,Vision Securities Pvt. Ltd,30,2100.0,63000.0,2025-07-29 12:49:57.164038
2025-07-29,76779,2025072905019145,CIT,Secured Securities Ltd.,Midas Stock Broking Company Private Limited,50,2100.9,105045.0,2025-07-29 12:50:20.865113
2025-07-29,76778,2025072905019146,CIT,Secured Securities Ltd.,Imperial Securities Company Pvt. Ltd.,40,2101.0,84040.0,2025-07-29 12:50:20.865921
2025-07-29,76777,2025072905019147,CIT,Secured Securities Ltd.,Kohinoor Investment & Securities Pvt. Ltd.,10,2102.0,21020.0,2025-07-29 12:50:20.866463
2025-07-29,76776,2025072905019148,CIT,Secured Securities Ltd.,Agrawal Securities (PVT) Ltd.,17,2102.0,35734.0,2025-07-29 12:50:20.866953
2025-07-29,76775,2025072905019149,CIT,Secured Securities Ltd.,Imperial Securities Company Pvt. Ltd.,22,2103.0,46266.0,2025-07-29 12:50:20.867467
2025-07-29,76774,2025072905019150,CIT,Secured Securities Ltd.,Sumeru Securities Pvt. Ltd.,50,2103.0,105150.0,2025-07-29 12:50:20.868022
2025-07-29,76773,2025072905019151,CIT,Secured Securities Ltd.,Trishakti Securities Public Limited,94,2103.0,197682.0,2025-07-29 12:50:20.868555
2025-07-29,76772,2025072905019152,CIT,Secured Securities Ltd.,Aryatara Investment & Securities,43,2103.0,90429.0,2025-07-29 12:50:20.869054
2025-07-29,76537,2025072905019198,CIT,Miyo Securities Pvt Ltd,ABC Securities Private Limited,179,2095.0,375005.0,2025-07-29 12:50:47.139720
2025-07-29,76416,2025072905019234,CIT,Imperial Securities Company Pvt. Ltd.,ABC Securities Private Limited,21,2095.0,43995.0,2025-07-29 12:51:05.045698
2025-07-29,75660,2025072905019391,CIT,Aryatara Investment & Securities,ABC Securities Private Limited,50,2095.1,104755.0,2025-07-29 12:52:28.559290
2025-07-29,75611,2025072905019400,CIT,Aryatara Investment & Securities,Neev Securities Pvt. Ltd.,10,2095.1,20951.0,2025-07-29 12:52:33.649120
2025-07-29,74761,2025072905019619,CIT,Sundhara Securities Limited,Secured Securities Ltd.,17,2096.0,35632.0,2025-07-29 12:54:19.719478
2025-07-29,74274,2025072905019751,CIT,South Asian Bulls Pvt. Ltd.,Nepal Investment And Securities Trading Private Limited,56,2095.2,117331.2,2025-07-29 12:55:04.111590
2025-07-29,74201,2025072905019767,CIT,Shree Krishna Securities Ltd.,Aryatara Investment & Securities,15,2099.0,31485.0,2025-07-29 12:55:13.209725
2025-07-29,74200,2025072905019768,CIT,Shree Krishna Securities Ltd.,Aryatara Investment & Securities,77,2100.0,161700.0,2025-07-29 12:55:13.210122
2025-07-29,73198,2025072905019985,CIT,South Asian Bulls Pvt. Ltd.,Agrawal Securities (PVT) Ltd.,10,2095.2,20952.0,2025-07-29 12:57:09.115133
2025-07-29,73104,2025072905019997,CIT,South Asian Bulls Pvt. Ltd.,Opal Securities Investment (PVT) Ltd.,81,2095.2,169711.2,2025-07-29 12:57:19.653908
2025-07-29,73103,2025072905019998,CIT,Aryatara Investment & Securities,Opal Securities Investment (PVT) Ltd.,440,2095.1,921844.0,2025-07-29 12:57:19.653959
2025-07-29,73102,2025072905019999,CIT,Imperial Securities Company Pvt. Ltd.,Opal Securities Investment (PVT) Ltd.,479,2095.0,1003505.0,2025-07-29 12:57:19.653992
2025-07-29,71719,2025072905020227,CIT,Midas Stock Broking Company Private Limited,Vision Securities Pvt. Ltd,20,2096.0,41920.0,2025-07-29 12:59:20.818571
2025-07-29,71543,2025072905020255,CIT,Midas Stock Broking Company Private Limited,Malla & Malla Stock Broking Company Pvt. Limited,180,2096.0,377280.0,2025-07-29 12:59:38.998680
2025-07-29,70499,2025072905020462,CIT,Midas Stock Broking Company Private Limited,Vision Securities Pvt. Ltd,35,2096.0,73360.0,2025-07-29 13:01:22.602779
2025-07-29,70498,2025072905020463,CIT,Imperial Securities Company Pvt. Ltd.,Vision Securities Pvt. Ltd,57,2095.0,119415.0,2025-07-29 13:01:22.602903
2025-07-29,70398,2025072905020491,CIT,Imperial Securities Company Pvt. Ltd.,Sharepro Securities Private Limited,17,2095.0,35615.0,2025-07-29 13:01:33.675365
2025-07-29,70336,2025072905020498,CIT,Trisul Securities & Invt. Ltd.,Primo Securities (PVT) Ltd.,29,2096.0,60784.0,2025-07-29 13:01:40.688088
2025-07-29,69737,2025072905020604,CIT,Asian Securities Private Ltd.,Agrawal Securities (PVT) Ltd.,1,2075.1,2075.1,2025-07-29 13:02:50.339089
2025-07-29,69650,2025072905020626,CIT,Trisul Securities & Invt. Ltd.,Dakshinkali Investment & Securities Pvt. Ltd.,10,2096.0,20960.0,2025-07-29 13:02:56.297347
2025-07-29,69135,2025072905020749,CIT,Trisul Securities & Invt. Ltd.,Sani Securities Company Ltd.,100,2096.0,209600.0,2025-07-29 13:03:53.461864
2025-07-29,68749,2025072905020834,CIT,Trisul Securities & Invt. Ltd.,Nepal Stock House (PVT) Ltd.,60,2096.0,125760.0,2025-07-29 13:04:39.395632
2025-07-29,68373,2025072905020914,CIT,Naasa Securities Co. Ltd.,Oxford Securities Pvt. Ltd.,3,2085.0,6255.0,2025-07-29 13:05:32.153696
2025-07-29,68145,2025072905020983,CIT,Imperial Securities Company Pvt. Ltd.,Nepal Stock House (PVT) Ltd.,40,2095.0,83800.0,2025-07-29 13:05:55.599812
2025-07-29,68141,2025072905020985,CIT,Imperial Securities Company Pvt. Ltd.,Sani Securities Company Ltd.,50,2095.0,104750.0,2025-07-29 13:05:56.991828
2025-07-29,67815,2025072905021083,CIT,Imperial Securities Company Pvt. Ltd.,Cristal Kanchanjanga Securites Pvt. Ltd.,100,2095.0,209500.0,2025-07-29 13:06:36.424606
2025-07-29,67764,2025072905021089,CIT,Naasa Securities Co. Ltd.,Thrive Brokerage House Pvt. Ltd,6,2090.0,12540.0,2025-07-29 13:06:44.938931
2025-07-29,67516,2025072905021148,CIT,Dynamic Money Managers Securities Pvt. Ltd.,NIMB Stock Markets Limited,50,2098.0,104900.0,2025-07-29 13:07:13.386430
2025-07-29,67515,2025072905021149,CIT,Dynamic Money Managers Securities Pvt. Ltd.,Secured Securities Ltd.,75,2099.9,157492.5,2025-07-29 13:07:13.386873
2025-07-29,67514,2025072905021150,CIT,Dynamic Money Managers Securities Pvt. Ltd.,Thrive Brokerage House Pvt. Ltd,63,2100.0,132300.0,2025-07-29 13:07:13.387048
2025-07-29,67163,2025072905021242,CIT,Naasa Securities Co. Ltd.,Primo Securities (PVT) Ltd.,2,2080.0,4160.0,2025-07-29 13:07:55.619841
2025-07-29,66730,2025072905021361,CIT,Naasa Securities Co. Ltd.,Online Securities Pvt. Ltd.,1,2080.0,2080.0,2025-07-29 13:08:48.098868
2025-07-29,66562,2025072905021405,CIT,Vision Securities Pvt. Ltd,Dakshinkali Investment & Securities Pvt. Ltd.,50,2096.0,104800.0,2025-07-29 13:09:13.597981
2025-07-29,66099,2025072905021486,CIT,Naasa Securities Co. Ltd.,Opal Securities Investment (PVT) Ltd.,2,2085.0,4170.0,2025-07-29 13:10:13.579467
2025-07-29,65853,2025072905021553,CIT,Sumeru Securities Pvt. Ltd.,Online Securities Pvt. Ltd.,20,2096.0,41920.0,2025-07-29 13:10:42.233237
2025-07-29,65818,2025072905021563,CIT,Imperial Securities Company Pvt. Ltd.,Online Securities Pvt. Ltd.,210,2096.0,440160.0,2025-07-29 13:10:50.095491
2025-07-29,65817,2025072905021564,CIT,Imperial Securities Company Pvt. Ltd.,Sundhara Securities Limited,26,2099.0,54574.0,2025-07-29 13:10:50.096348
2025-07-29,65368,2025072905021656,CIT,Imperial Securities Company Pvt. Ltd.,Secured Securities Ltd.,10,2095.0,20950.0,2025-07-29 13:11:50.941599
2025-07-29,65191,2025072905021692,CIT,Dipshikha Dhitopatra Karobar Co. Pvt Ltd.,Sharepro Securities Private Limited,220,2095.0,460900.0,2025-07-29 13:12:18.009053
2025-07-29,65190,2025072905021693,CIT,Aryatara Investment & Securities,Sharepro Securities Private Limited,10,2095.0,20950.0,2025-07-29 13:12:18.009134
2025-07-29,65189,2025072905021694,CIT,Kalika Securities Pvt. Ltd.,Sharepro Securities Private Limited,100,2092.0,209200.0,2025-07-29 13:12:18.009200
2025-07-29,65188,2025072905021695,CIT,Imperial Securities Company Pvt. Ltd.,Sharepro Securities Private Limited,1970,2092.0,4121240.0,2025-07-29 13:12:18.009257
2025-07-29,65121,2025072905021712,CIT,Secured Securities Ltd.,Sundhara Securities Limited,14,2099.0,29386.0,2025-07-29 13:12:29.848299
2025-07-29,64759,2025072905021789,CIT,Trisul Securities & Invt. Ltd.,Imperial Securities Company Pvt. Ltd.,1,2096.0,2096.0,2025-07-29 13:13:03.425674
2025-07-29,64199,2025072905021925,CIT,Naasa Securities Co. Ltd.,Secured Securities Ltd.,2,2085.0,4170.0,2025-07-29 13:14:17.270707
2025-07-29,63805,2025072905021999,CIT,Trishakti Securities Public Limited,Linch Stock Market Ltd.,30,2098.0,62940.0,2025-07-29 13:15:06.133966
2025-07-29,62781,2025072905022184,CIT,Aryatara Investment & Securities,Linch Stock Market Ltd.,29,2098.0,60842.0,2025-07-29 13:16:36.564223
2025-07-29,62780,2025072905022185,CIT,Aryatara Investment & Securities,Thrive Brokerage House Pvt. Ltd,19,2098.0,39862.0,2025-07-29 13:16:36.564676
2025-07-29,62779,2025072905022186,CIT,Aryatara Investment & Securities,Sewa Securities Pvt. Ltd.,14,2098.0,29372.0,2025-07-29 13:16:36.564855
2025-07-29,62778,2025072905022187,CIT,Aryatara Investment & Securities,Sundhara Securities Limited,65,2099.0,136435.0,2025-07-29 13:16:36.565045
2025-07-29,62777,2025072905022188,CIT,Aryatara Investment & Securities,Midas Stock Broking Company Private Limited,40,2099.0,83960.0,2025-07-29 13:16:36.565228
2025-07-29,62776,2025072905022189,CIT,Aryatara Investment & Securities,Online Securities Pvt. Ltd.,13,2099.0,27287.0,2025-07-29 13:16:36.565412
2025-07-29,62775,2025072905022190,CIT,Aryatara Investment & Securities,Opal Securities Investment (PVT) Ltd.,20,2099.0,41980.0,2025-07-29 13:16:36.565591
2025-07-29,62774,2025072905022191,CIT,Aryatara Investment & Securities,Thrive Brokerage House Pvt. Ltd,24,2099.8,50395.2,2025-07-29 13:16:36.565766
2025-07-29,62773,2025072905022192,CIT,Aryatara Investment & Securities,Linch Stock Market Ltd.,200,2099.9,419980.0,2025-07-29 13:16:36.565941
2025-07-29,62772,2025072905022193,CIT,Aryatara Investment & Securities,Thrive Brokerage House Pvt. Ltd,437,2100.0,917700.0,2025-07-29 13:16:36.566111
2025-07-29,62771,2025072905022194,CIT,Aryatara Investment & Securities,Imperial Securities Company Pvt. Ltd.,100,2100.0,210000.0,2025-07-29 13:16:36.566283
2025-07-29,62770,2025072905022195,CIT,Aryatara Investment & Securities,Nagarik Stock Dealer ,61,2100.0,128100.0,2025-07-29 13:16:36.566456
2025-07-29,62769,2025072905022196,CIT,Aryatara Investment & Securities,Investment Management Nepal Pvt. Ltd.,14,2100.0,29400.0,2025-07-29 13:16:36.566633
2025-07-29,62768,2025072905022197,CIT,Aryatara Investment & Securities,Bhrikuti Stock Broking Co. Pvt. Ltd.,100,2100.0,210000.0,2025-07-29 13:16:36.566807
2025-07-29,62767,2025072905022198,CIT,Aryatara Investment & Securities,Sundhara Securities Limited,20,2100.0,42000.0,2025-07-29 13:16:36.566977
2025-07-29,62766,2025072905022199,CIT,Aryatara Investment & Securities,ABC Securities Private Limited,17,2100.0,35700.0,2025-07-29 13:16:36.567149
2025-07-29,62765,2025072905022200,CIT,Aryatara Investment & Securities,Vision Securities Pvt. Ltd,103,2100.0,216300.0,2025-07-29 13:16:36.567324
2025-07-29,62764,2025072905022201,CIT,Aryatara Investment & Securities,Aryatara Investment & Securities,500,2100.0,1050000.0,2025-07-29 13:16:36.567498
2025-07-29,62763,2025072905022202,CIT,Aryatara Investment & Securities,Kumari Securities Private Limited,20,2100.0,42000.0,2025-07-29 13:16:36.567666
2025-07-29,62762,2025072905022203,CIT,Aryatara Investment & Securities,Dakshinkali Investment & Securities Pvt. Ltd.,200,2100.0,420000.0,2025-07-29 13:16:36.567829
2025-07-29,62424,2025072905022272,CIT,Aryatara Investment & Securities,Agrawal Securities (PVT) Ltd.,10,2100.0,21000.0,2025-07-29 13:17:21.289877
2025-07-29,62391,2025072905022274,CIT,Imperial Securities Company Pvt. Ltd.,Agrawal Securities (PVT) Ltd.,23,2100.0,48300.0,2025-07-29 13:17:25.810184
2025-07-29,62390,2025072905022275,CIT,Imperial Securities Company Pvt. Ltd.,Sweta Securities Private Limited,18,2100.0,37800.0,2025-07-29 13:17:25.811011
2025-07-29,62389,2025072905022276,CIT,Imperial Securities Company Pvt. Ltd.,Aryatara Investment & Securities,20,2100.8,42016.0,2025-07-29 13:17:25.811567
2025-07-29,62388,2025072905022277,CIT,Imperial Securities Company Pvt. Ltd.,Aryatara Investment & Securities,57,2103.0,119871.0,2025-07-29 13:17:25.812100
2025-07-29,62387,2025072905022278,CIT,Imperial Securities Company Pvt. Ltd.,Online Securities Pvt. Ltd.,20,2103.0,42060.0,2025-07-29 13:17:25.812639
2025-07-29,62386,2025072905022279,CIT,Imperial Securities Company Pvt. Ltd.,Midas Stock Broking Company Private Limited,96,2104.0,201984.0,2025-07-29 13:17:25.813164
2025-07-29,62385,2025072905022280,CIT,Imperial Securities Company Pvt. Ltd.,Imperial Securities Company Pvt. Ltd.,20,2104.0,42080.0,2025-07-29 13:17:25.813705
2025-07-29,62384,2025072905022281,CIT,Imperial Securities Company Pvt. Ltd.,Asian Securities Private Ltd.,51,2104.0,107304.0,2025-07-29 13:17:25.814214
2025-07-29,62383,2025072905022282,CIT,Imperial Securities Company Pvt. Ltd.,Opal Securities Investment (PVT) Ltd.,695,2104.0,1462280.0,2025-07-29 13:17:25.814742
2025-07-29,61606,2025072905022475,CIT,Aryatara Investment & Securities,Opal Securities Investment (PVT) Ltd.,305,2104.0,641720.0,2025-07-29 13:18:55.878360
2025-07-29,61605,2025072905022476,CIT,Aryatara Investment & Securities,Sweta Securities Private Limited,20,2104.0,42080.0,2025-07-29 13:18:55.878757
2025-07-29,61604,2025072905022477,CIT,Aryatara Investment & Securities,Investment Management Nepal Pvt. Ltd.,58,2104.0,122032.0,2025-07-29 13:18:55.878932
2025-07-29,61603,2025072905022478,CIT,Aryatara Investment & Securities,Sri Hari Securities Pvt. Ltd.,56,2105.0,117880.0,2025-07-29 13:18:55.879106
2025-07-29,61602,2025072905022479,CIT,Aryatara Investment & Securities,Thrive Brokerage House Pvt. Ltd,17,2105.0,35785.0,2025-07-29 13:18:55.879277
2025-07-29,61601,2025072905022480,CIT,Aryatara Investment & Securities,Agrawal Securities (PVT) Ltd.,200,2105.0,421000.0,2025-07-29 13:18:55.879457
2025-07-29,61600,2025072905022481,CIT,Aryatara Investment & Securities,Dipshikha Dhitopatra Karobar Co. Pvt Ltd.,20,2105.0,42100.0,2025-07-29 13:18:55.879630
2025-07-29,61599,2025072905022482,CIT,Aryatara Investment & Securities,BHOLE GANESH SECURITIES LTD,10,2105.0,21050.0,2025-07-29 13:18:55.879813
2025-07-29,61598,2025072905022483,CIT,Aryatara Investment & Securities,Nepal Investment And Securities Trading Private Limited,30,2105.0,63150.0,2025-07-29 13:18:55.879983
2025-07-29,61597,2025072905022484,CIT,Aryatara Investment & Securities,Naasa Securities Co. Ltd.,15,2105.0,31575.0,2025-07-29 13:18:55.880153
2025-07-29,61596,2025072905022485,CIT,Aryatara Investment & Securities,Pragyan Securities (PVT) Ltd.,500,2105.0,1052500.0,2025-07-29 13:18:55.880334
2025-07-29,61595,2025072905022486,CIT,Aryatara Investment & Securities,Pragyan Securities (PVT) Ltd.,500,2105.0,1052500.0,2025-07-29 13:18:55.880504
2025-07-29,61594,2025072905022487,CIT,Aryatara Investment & Securities,Secured Securities Ltd.,25,2105.0,52625.0,2025-07-29 13:18:55.880673
2025-07-29,61593,2025072905022488,CIT,Aryatara Investment & Securities,Deevyaa Securities & Stock House Pvt. Ltd,40,2105.0,84200.0,2025-07-29 13:18:55.880839
2025-07-29,61592,2025072905022489,CIT,Aryatara Investment & Securities,Midas Stock Broking Company Private Limited,200,2105.0,421000.0,2025-07-29 13:18:55.881009
2025-07-29,60952,2025072905022596,CIT,Imperial Securities Company Pvt. Ltd.,Dipshikha Dhitopatra Karobar Co. Pvt Ltd.,51,2105.0,107355.0,2025-07-29 13:20:03.508964
2025-07-29,60951,2025072905022597,CIT,Imperial Securities Company Pvt. Ltd.,Creative Securities Pvt Ltd,90,2105.0,189450.0,2025-07-29 13:20:03.509437
2025-07-29,60950,2025072905022598,CIT,Imperial Securities Company Pvt. Ltd.,J.F. Securites (PVT) Ltd.,20,2105.0,42100.0,2025-07-29 13:20:03.509672
2025-07-29,60949,2025072905022599,CIT,Imperial Securities Company Pvt. Ltd.,Imperial Securities Company Pvt. Ltd.,10,2106.0,21060.0,2025-07-29 13:20:03.509881
2025-07-29,60948,2025072905022600,CIT,Imperial Securities Company Pvt. Ltd.,Imperial Securities Company Pvt. Ltd.,10,2106.0,21060.0,2025-07-29 13:20:03.510084
2025-07-29,60947,2025072905022601,CIT,Imperial Securities Company Pvt. Ltd.,Deevyaa Securities & Stock House Pvt. Ltd,100,2106.0,210600.0,2025-07-29 13:20:03.510304
2025-07-29,60946,2025072905022602,CIT,Imperial Securities Company Pvt. Ltd.,Trishakti Securities Public Limited,30,2106.0,63180.0,2025-07-29 13:20:03.510535
2025-07-29,60945,2025072905022603,CIT,Imperial Securities Company Pvt. Ltd.,ABC Securities Private Limited,23,2106.0,48438.0,2025-07-29 13:20:03.510736
2025-07-29,60944,2025072905022604,CIT,Imperial Securities Company Pvt. Ltd.,Premier Securities Company Ltd.,66,2107.0,139062.0,2025-07-29 13:20:03.510935
2025-07-29,60943,2025072905022605,CIT,Imperial Securities Company Pvt. Ltd.,Sagarmatha Securities Private Limited,214,2107.0,450898.0,2025-07-29 13:20:03.511134
2025-07-29,60942,2025072905022606,CIT,Imperial Securities Company Pvt. Ltd.,Arun Securities (PVT) Ltd.,90,2108.0,189720.0,2025-07-29 13:20:03.511357
2025-07-29,60941,2025072905022607,CIT,Imperial Securities Company Pvt. Ltd.,Dynamic Money Managers Securities Pvt. Ltd.,100,2108.0,210800.0,2025-07-29 13:20:03.511584
2025-07-29,60940,2025072905022608,CIT,Imperial Securities Company Pvt. Ltd.,Nepal Investment And Securities Trading Private Limited,50,2108.0,105400.0,2025-07-29 13:20:03.511800
2025-07-29,60939,2025072905022609,CIT,Imperial Securities Company Pvt. Ltd.,Kohinoor Investment & Securities Pvt. Ltd.,53,2108.0,111724.0,2025-07-29 13:20:03.512009
2025-07-29,60938,2025072905022610,CIT,Imperial Securities Company Pvt. Ltd.,South Asian Bulls Pvt. Ltd.,50,2108.0,105400.0,2025-07-29 13:20:03.512195
2025-07-29,60937,2025072905022611,CIT,Imperial Securities Company Pvt. Ltd.,Sweta Securities Private Limited,20,2108.0,42160.0,2025-07-29 13:20:03.512428
2025-07-29,60749,2025072905022639,CIT,Imperial Securities Company Pvt. Ltd.,Ashutosh Brokerage & Securities (PVT) Ltd.,23,2108.0,48484.0,2025-07-29 13:20:29.995231
2025-07-29,60711,2025072905022648,CIT,Aryatara Investment & Securities,Ashutosh Brokerage & Securities (PVT) Ltd.,50,2108.0,105400.0,2025-07-29 13:20:34.476234
2025-07-29,60684,2025072905022652,CIT,Vision Securities Pvt. Ltd,Ashutosh Brokerage & Securities (PVT) Ltd.,20,2108.0,42160.0,2025-07-29 13:20:37.491886
2025-07-29,60301,2025072905022769,CIT,Imperial Securities Company Pvt. Ltd.,Ashutosh Brokerage & Securities (PVT) Ltd.,407,2108.0,857956.0,2025-07-29 13:21:26.787398
2025-07-29,60300,2025072905022770,CIT,Imperial Securities Company Pvt. Ltd.,Midas Stock Broking Company Private Limited,23,2108.0,48484.0,2025-07-29 13:21:26.788139
2025-07-29,60299,2025072905022771,CIT,Imperial Securities Company Pvt. Ltd.,ABC Securities Private Limited,50,2109.0,105450.0,2025-07-29 13:21:26.788680
2025-07-29,60298,2025072905022772,CIT,Imperial Securities Company Pvt. Ltd.,Imperial Securities Company Pvt. Ltd.,50,2109.0,105450.0,2025-07-29 13:21:26.789283
2025-07-29,60297,2025072905022773,CIT,Imperial Securities Company Pvt. Ltd.,Vision Securities Pvt. Ltd,224,2109.0,472416.0,2025-07-29 13:21:26.789881
2025-07-29,60296,2025072905022774,CIT,Imperial Securities Company Pvt. Ltd.,Premier Securities Company Ltd.,200,2109.0,421800.0,2025-07-29 13:21:26.790516
2025-07-29,60295,2025072905022775,CIT,Imperial Securities Company Pvt. Ltd.,Dakshinkali Investment & Securities Pvt. Ltd.,15,2109.0,31635.0,2025-07-29 13:21:26.791051
2025-07-29,60294,2025072905022776,CIT,Imperial Securities Company Pvt. Ltd.,Sharepro Securities Private Limited,10,2110.0,21100.0,2025-07-29 13:21:26.791564
2025-07-29,60293,2025072905022777,CIT,Imperial Securities Company Pvt. Ltd.,SHUBHAKAMANA SECURITIES PVT. LTD,21,2110.0,44310.0,2025-07-29 13:21:26.792060
2025-07-29,60148,2025072905022801,CIT,Imperial Securities Company Pvt. Ltd.,SHUBHAKAMANA SECURITIES PVT. LTD,29,2110.0,61190.0,2025-07-29 13:21:44.119022
2025-07-29,60147,2025072905022802,CIT,Imperial Securities Company Pvt. Ltd.,Imperial Securities Company Pvt. Ltd.,10,2110.0,21100.0,2025-07-29 13:21:44.119978
2025-07-29,60146,2025072905022803,CIT,Imperial Securities Company Pvt. Ltd.,Sri Hari Securities Pvt. Ltd.,10,2110.0,21100.0,2025-07-29 13:21:44.120742
2025-07-29,60145,2025072905022804,CIT,Imperial Securities Company Pvt. Ltd.,Secured Securities Ltd.,25,2110.0,52750.0,2025-07-29 13:21:44.121463
2025-07-29,60144,2025072905022805,CIT,Imperial Securities Company Pvt. Ltd.,Sumeru Securities Pvt. Ltd.,50,2110.0,105500.0,2025-07-29 13:21:44.122158
2025-07-29,60143,2025072905022806,CIT,Imperial Securities Company Pvt. Ltd.,Premier Securities Company Ltd.,214,2110.0,451540.0,2025-07-29 13:21:44.122884
2025-07-29,60142,2025072905022807,CIT,Imperial Securities Company Pvt. Ltd.,Naasa Securities Co. Ltd.,60,2110.0,126600.0,2025-07-29 13:21:44.123568
2025-07-29,60141,2025072905022808,CIT,Imperial Securities Company Pvt. Ltd.,Malla & Malla Stock Broking Company Pvt. Limited,61,2110.0,128710.0,2025-07-29 13:21:44.124188
2025-07-29,60140,2025072905022809,CIT,Imperial Securities Company Pvt. Ltd.,J.F. Securites (PVT) Ltd.,39,2110.0,82290.0,2025-07-29 13:21:44.124444
2025-07-29,60139,2025072905022810,CIT,Imperial Securities Company Pvt. Ltd.,Capital Hub P. Ltd,100,2110.0,211000.0,2025-07-29 13:21:44.124611
2025-07-29,60138,2025072905022811,CIT,Imperial Securities Company Pvt. Ltd.,Linch Stock Market Ltd.,93,2110.0,196230.0,2025-07-29 13:21:44.124807
2025-07-29,60137,2025072905022812,CIT,Imperial Securities Company Pvt. Ltd.,Malla & Malla Stock Broking Company Pvt. Limited,141,2110.0,297510.0,2025-07-29 13:21:44.125011
2025-07-29,60136,2025072905022813,CIT,Imperial Securities Company Pvt. Ltd.,Malla & Malla Stock Broking Company Pvt. Limited,10,2110.0,21100.0,2025-07-29 13:21:44.125171
2025-07-29,60135,2025072905022814,CIT,Imperial Securities Company Pvt. Ltd.,Sani Securities Company Ltd.,178,2110.0,375580.0,2025-07-29 13:21:44.125340
2025-07-29,60134,2025072905022815,CIT,Imperial Securities Company Pvt. Ltd.,J.F. Securites (PVT) Ltd.,20,2110.0,42200.0,2025-07-29 13:21:44.125505
2025-07-29,60133,2025072905022816,CIT,Imperial Securities Company Pvt. Ltd.,Ashutosh Brokerage & Securities (PVT) Ltd.,10,2110.0,21100.0,2025-07-29 13:21:44.125662
2025-07-29,60132,2025072905022817,CIT,Imperial Securities Company Pvt. Ltd.,Thrive Brokerage House Pvt. Ltd,100,2110.0,211000.0,2025-07-29 13:21:44.125838
2025-07-29,60131,2025072905022818,CIT,Imperial Securities Company Pvt. Ltd.,Malla & Malla Stock Broking Company Pvt. Limited,50,2110.0,105500.0,2025-07-29 13:21:44.126001
2025-07-29,60130,2025072905022819,CIT,Imperial Securities Company Pvt. Ltd.,Sweta Securities Private Limited,10,2110.0,21100.0,2025-07-29 13:21:44.126168
2025-07-29,60129,2025072905022820,CIT,Imperial Securities Company Pvt. Ltd.,Sagarmatha Securities Private Limited,100,2110.0,211000.0,2025-07-29 13:21:44.126341
2025-07-29,60128,2025072905022821,CIT,Imperial Securities Company Pvt. Ltd.,South Asian Bulls Pvt. Ltd.,13,2110.0,27430.0,2025-07-29 13:21:44.126501
2025-07-29,60127,2025072905022822,CIT,Imperial Securities Company Pvt. Ltd.,Opal Securities Investment (PVT) Ltd.,100,2110.0,211000.0,2025-07-29 13:21:44.126650
2025-07-29,60126,2025072905022823,CIT,Imperial Securities Company Pvt. Ltd.,Sani Securities Company Ltd.,40,2110.0,84400.0,2025-07-29 13:21:44.126800
2025-07-29,60125,2025072905022824,CIT,Imperial Securities Company Pvt. Ltd.,KALASH STOCK MARKET PVT. LTD.,100,2110.0,211000.0,2025-07-29 13:21:44.126952
2025-07-29,60124,2025072905022825,CIT,Imperial Securities Company Pvt. Ltd.,Trishakti Securities Public Limited,100,2110.0,211000.0,2025-07-29 13:21:44.127161
2025-07-29,60123,2025072905022826,CIT,Imperial Securities Company Pvt. Ltd.,Oxford Securities Pvt. Ltd.,200,2110.0,422000.0,2025-07-29 13:21:44.127362
2025-07-29,60122,2025072905022827,CIT,Imperial Securities Company Pvt. Ltd.,Asian Securities Private Ltd.,50,2110.0,105500.0,2025-07-29 13:21:44.127543
2025-07-29,60121,2025072905022828,CIT,Imperial Securities Company Pvt. Ltd.,Naasa Securities Co. Ltd.,100,2110.0,211000.0,2025-07-29 13:21:44.127749
2025-07-29,60120,2025072905022829,CIT,Imperial Securities Company Pvt. Ltd.,Premier Securities Company Ltd.,150,2110.0,316500.0,2025-07-29 13:21:44.127959
2025-07-29,60108,2025072905022834,CIT,Imperial Securities Company Pvt. Ltd.,ABC Securities Private Limited,43,2110.0,90730.0,2025-07-29 13:21:48.212418
2025-07-29,59885,2025072905022888,CIT,Imperial Securities Company Pvt. Ltd.,Midas Stock Broking Company Private Limited,12,2110.0,25320.0,2025-07-29 13:22:20.293382
2025-07-29,59855,2025072905022892,CIT,Shree Krishna Securities Ltd.,Malla & Malla Stock Broking Company Pvt. Limited,10,2110.1,21101.0,2025-07-29 13:22:25.255159
2025-07-29,59543,2025072905022954,CIT,Kumari Securities Private Limited,Cristal Kanchanjanga Securites Pvt. Ltd.,20,2100.0,42000.0,2025-07-29 13:23:05.867372
2025-07-29,59212,2025072905023014,CIT,Kumari Securities Private Limited,Vision Securities Pvt. Ltd,29,2100.0,60900.0,2025-07-29 13:23:51.341141
2025-07-29,58833,2025072905023093,CIT,Capital Max Securities Ltd,Linch Stock Market Ltd.,30,2110.0,63300.0,2025-07-29 13:24:46.375382
2025-07-29,58832,2025072905023094,CIT,Capital Max Securities Ltd,Imperial Securities Company Pvt. Ltd.,10,2110.0,21100.0,2025-07-29 13:24:46.375771
2025-07-29,58831,2025072905023095,CIT,Capital Max Securities Ltd,Siprabi Securities Pvt. Ltd.,100,2110.0,211000.0,2025-07-29 13:24:46.375931
2025-07-29,58830,2025072905023096,CIT,Capital Max Securities Ltd,Malla & Malla Stock Broking Company Pvt. Limited,90,2110.1,189909.0,2025-07-29 13:24:46.376083
2025-07-29,58829,2025072905023097,CIT,Capital Max Securities Ltd,Primo Securities (PVT) Ltd.,30,2110.1,63303.0,2025-07-29 13:24:46.376244
2025-07-29,58828,2025072905023098,CIT,Capital Max Securities Ltd,Imperial Securities Company Pvt. Ltd.,10,2110.1,21101.0,2025-07-29 13:24:46.376409
2025-07-29,58827,2025072905023099,CIT,Capital Max Securities Ltd,Deevyaa Securities & Stock House Pvt. Ltd,20,2110.4,42208.0,2025-07-29 13:24:46.376562
2025-07-29,58826,2025072905023100,CIT,Capital Max Securities Ltd,Imperial Securities Company Pvt. Ltd.,10,2110.4,21104.0,2025-07-29 13:24:46.376714
2025-07-29,58825,2025072905023101,CIT,Capital Max Securities Ltd,Imperial Securities Company Pvt. Ltd.,10,2110.4,21104.0,2025-07-29 13:24:46.376867
2025-07-29,58824,2025072905023102,CIT,Capital Max Securities Ltd,Sumeru Securities Pvt. Ltd.,50,2111.0,105550.0,2025-07-29 13:24:46.377021
2025-07-29,58823,2025072905023103,CIT,Capital Max Securities Ltd,South Asian Bulls Pvt. Ltd.,100,2111.0,211100.0,2025-07-29 13:24:46.377168
2025-07-29,58822,2025072905023104,CIT,Capital Max Securities Ltd,Sumeru Securities Pvt. Ltd.,40,2111.0,84440.0,2025-07-29 13:24:46.377328
2025-07-29,57969,2025072905023330,CIT,Dipshikha Dhitopatra Karobar Co. Pvt Ltd.,Sharepro Securities Private Limited,100,2103.0,210300.0,2025-07-29 13:26:30.993784
2025-07-29,57968,2025072905023331,CIT,Imperial Securities Company Pvt. Ltd.,Sharepro Securities Private Limited,110,2102.0,231220.0,2025-07-29 13:26:30.993899
2025-07-29,57967,2025072905023332,CIT,Imperial Securities Company Pvt. Ltd.,Sharepro Securities Private Limited,990,2100.1,2079099.0,2025-07-29 13:26:30.993981
2025-07-29,57816,2025072905023395,CIT,Aryatara Investment & Securities,Imperial Securities Company Pvt. Ltd.,4,2105.0,8420.0,2025-07-29 13:26:49.936426
2025-07-29,57523,2025072905023474,CIT,Deevyaa Securities & Stock House Pvt. Ltd,Sagarmatha Securities Private Limited,10,2104.0,21040.0,2025-07-29 13:27:36.576577
2025-07-29,57333,2025072905023535,CIT,Dynamic Money Managers Securities Pvt. Ltd.,Sagarmatha Securities Private Limited,63,2103.0,132489.0,2025-07-29 13:28:01.483159
