Date,S.N.,Contract ID,Symbol,Buyer Broker,Seller Broker,quantity,rate,amount,transaction_time
2025-07-29,157446,2025072901000015,NYADI,Siprabi Securities Pvt. Ltd.,Vision Securities Pvt. Ltd,10,461.0,4610.0,2025-07-29 10:46:00.243656
2025-07-29,150205,2025072901001974,NYADI,Linch Stock Market Ltd.,Kalika Securities Pvt. Ltd.,10,468.0,4680.0,2025-07-29 11:11:58.418547
2025-07-29,148615,2025072901002458,NYADI,Kalika Securities Pvt. Ltd.,Trademow Securities Private Limited,10,466.0,4660.0,2025-07-29 11:14:28.933282
2025-07-29,146487,2025072901003122,NYADI,Sani Securities Company Ltd.,MILKY WAY SHARE BROKER COMPANY LTD ,50,467.0,23350.0,2025-07-29 11:17:34.477489
2025-07-29,146345,2025072901003158,NYADI,Trisul Securities & Invt. Ltd.,Premier Securities Company Ltd.,100,467.0,46700.0,2025-07-29 11:17:45.122846
2025-07-29,145596,2025072901003403,NYADI,Capital Max Securities Ltd,Bhrikuti Stock Broking Co. Pvt. Ltd.,10,467.0,4670.0,2025-07-29 11:18:55.671782
2025-07-29,145595,2025072901003404,NYADI,Capital Max Securities Ltd,Kalika Securities Pvt. Ltd.,490,468.0,229320.0,2025-07-29 11:18:55.671854
2025-07-29,142100,2025072901004541,NYADI,Midas Stock Broking Company Private Limited,Shree Krishna Securities Ltd.,50,468.0,23400.0,2025-07-29 11:23:54.677559
2025-07-29,141885,2025072901004658,NYADI,Swarna Laxmi Securities Pvt. Ltd.,South Asian Bulls Pvt. Ltd.,10,469.0,4690.0,2025-07-29 11:24:09.050759
2025-07-29,141884,2025072901004659,NYADI,Swarna Laxmi Securities Pvt. Ltd.,Linch Stock Market Ltd.,10,470.0,4700.0,2025-07-29 11:24:09.050801
2025-07-29,141883,2025072901004660,NYADI,Swarna Laxmi Securities Pvt. Ltd.,Kohinoor Investment & Securities Pvt. Ltd.,365,470.0,171550.0,2025-07-29 11:24:09.050829
2025-07-29,141882,2025072901004661,NYADI,Swarna Laxmi Securities Pvt. Ltd.,Kohinoor Investment & Securities Pvt. Ltd.,10,470.0,4700.0,2025-07-29 11:24:09.050856
2025-07-29,141881,2025072901004662,NYADI,Swarna Laxmi Securities Pvt. Ltd.,Kohinoor Investment & Securities Pvt. Ltd.,10,473.0,4730.0,2025-07-29 11:24:09.050897
2025-07-29,141880,2025072901004663,NYADI,Swarna Laxmi Securities Pvt. Ltd.,Sri Hari Securities Pvt. Ltd.,500,474.0,237000.0,2025-07-29 11:24:09.050923
2025-07-29,141879,2025072901004664,NYADI,Swarna Laxmi Securities Pvt. Ltd.,Siprabi Securities Pvt. Ltd.,10,474.0,4740.0,2025-07-29 11:24:09.050948
2025-07-29,141878,2025072901004665,NYADI,Swarna Laxmi Securities Pvt. Ltd.,Online Securities Pvt. Ltd.,10,475.0,4750.0,2025-07-29 11:24:09.050973
2025-07-29,141877,2025072901004666,NYADI,Swarna Laxmi Securities Pvt. Ltd.,Naasa Securities Co. Ltd.,30,476.0,14280.0,2025-07-29 11:24:09.050995
2025-07-29,141876,2025072901004667,NYADI,Swarna Laxmi Securities Pvt. Ltd.,Market Securities & Exchange (PVT) Ltd.,45,477.0,21465.0,2025-07-29 11:24:09.051018
2025-07-29,141011,2025072901004906,NYADI,Investment Management Nepal Pvt. Ltd.,Naasa Securities Co. Ltd.,10,475.0,4750.0,2025-07-29 11:25:05.853412
2025-07-29,141010,2025072901004907,NYADI,Investment Management Nepal Pvt. Ltd.,Nepal Investment And Securities Trading Private Limited,385,476.0,183260.0,2025-07-29 11:25:05.853492
2025-07-29,141009,2025072901004908,NYADI,Investment Management Nepal Pvt. Ltd.,Linch Stock Market Ltd.,100,476.9,47690.0,2025-07-29 11:25:05.853536
2025-07-29,141008,2025072901004909,NYADI,Investment Management Nepal Pvt. Ltd.,Market Securities & Exchange (PVT) Ltd.,150,477.0,71550.0,2025-07-29 11:25:05.853571
2025-07-29,141007,2025072901004910,NYADI,Investment Management Nepal Pvt. Ltd.,Linch Stock Market Ltd.,100,477.0,47700.0,2025-07-29 11:25:05.853606
2025-07-29,141006,2025072901004911,NYADI,Investment Management Nepal Pvt. Ltd.,Trishakti Securities Public Limited,100,477.0,47700.0,2025-07-29 11:25:05.853639
2025-07-29,141005,2025072901004912,NYADI,Investment Management Nepal Pvt. Ltd.,Oxford Securities Pvt. Ltd.,100,477.0,47700.0,2025-07-29 11:25:05.853675
2025-07-29,141004,2025072901004913,NYADI,Investment Management Nepal Pvt. Ltd.,Dipshikha Dhitopatra Karobar Co. Pvt Ltd.,55,477.0,26235.0,2025-07-29 11:25:05.853711
2025-07-29,140778,2025072901004972,NYADI,Bhrikuti Stock Broking Co. Pvt. Ltd.,Aryatara Investment & Securities,10,469.0,4690.0,2025-07-29 11:25:24.883198
2025-07-29,140061,2025072901005175,NYADI,Primo Securities (PVT) Ltd.,Himalayan Brokerage Company Limited,500,476.8,238400.0,2025-07-29 11:26:31.488913
2025-07-29,139083,2025072901005464,NYADI,Creative Securities Pvt Ltd,Nepal Stock House (PVT) Ltd.,10,471.0,4710.0,2025-07-29 11:28:03.269041
2025-07-29,138492,2025072901005612,NYADI,Creative Securities Pvt Ltd,Nepal Investment And Securities Trading Private Limited,40,471.0,18840.0,2025-07-29 11:28:49.207618
2025-07-29,138491,2025072901005613,NYADI,Sipla Securities Private Limited,Nepal Investment And Securities Trading Private Limited,10,471.0,4710.0,2025-07-29 11:28:49.207709
2025-07-29,138038,2025072901005788,NYADI,NIMB Stock Markets Limited,Naasa Securities Co. Ltd.,10,472.0,4720.0,2025-07-29 11:29:29.308583
2025-07-29,136587,2025072901006183,NYADI,Nepal Stock House (PVT) Ltd.,Imperial Securities Company Pvt. Ltd.,1000,473.0,473000.0,2025-07-29 11:31:45.796440
2025-07-29,136586,2025072901006184,NYADI,Kohinoor Investment & Securities Pvt. Ltd.,Imperial Securities Company Pvt. Ltd.,50,472.0,23600.0,2025-07-29 11:31:45.796547
2025-07-29,136585,2025072901006185,NYADI,Vision Securities Pvt. Ltd,Imperial Securities Company Pvt. Ltd.,10,472.0,4720.0,2025-07-29 11:31:45.796592
2025-07-29,136584,2025072901006186,NYADI,Malla & Malla Stock Broking Company Pvt. Limited,Imperial Securities Company Pvt. Ltd.,300,471.1,141330.0,2025-07-29 11:31:45.796633
2025-07-29,136583,2025072901006187,NYADI,Sipla Securities Private Limited,Imperial Securities Company Pvt. Ltd.,640,471.0,301440.0,2025-07-29 11:31:45.796672
2025-07-29,135155,2025072901006680,NYADI,Creative Securities Pvt Ltd,Naasa Securities Co. Ltd.,10,472.0,4720.0,2025-07-29 11:33:42.729986
2025-07-29,132923,2025072901007233,NYADI,Sundhara Securities Limited,Premier Securities Company Ltd.,50,476.0,23800.0,2025-07-29 11:36:56.558462
2025-07-29,132922,2025072901007234,NYADI,Sundhara Securities Limited,Sri Hari Securities Pvt. Ltd.,300,476.0,142800.0,2025-07-29 11:36:56.558562
2025-07-29,132921,2025072901007235,NYADI,Sundhara Securities Limited,Imperial Securities Company Pvt. Ltd.,650,476.0,309400.0,2025-07-29 11:36:56.558603
2025-07-29,132756,2025072901007286,NYADI,Online Securities Pvt. Ltd.,Imperial Securities Company Pvt. Ltd.,150,476.0,71400.0,2025-07-29 11:37:14.023575
2025-07-29,132719,2025072901007297,NYADI,Capital Max Securities Ltd,Imperial Securities Company Pvt. Ltd.,200,476.0,95200.0,2025-07-29 11:37:17.614605
2025-07-29,132718,2025072901007298,NYADI,Capital Max Securities Ltd,Nepal Investment And Securities Trading Private Limited,130,476.9,61997.0,2025-07-29 11:37:17.614705
2025-07-29,132717,2025072901007299,NYADI,Capital Max Securities Ltd,Dipshikha Dhitopatra Karobar Co. Pvt Ltd.,670,477.0,319590.0,2025-07-29 11:37:17.614759
2025-07-29,131804,2025072901007511,NYADI,Creative Securities Pvt Ltd,Dipshikha Dhitopatra Karobar Co. Pvt Ltd.,40,477.0,19080.0,2025-07-29 11:38:25.467452
2025-07-29,131742,2025072901007530,NYADI,Sipla Securities Private Limited,Dipshikha Dhitopatra Karobar Co. Pvt Ltd.,235,477.0,112095.0,2025-07-29 11:38:29.911967
2025-07-29,131741,2025072901007531,NYADI,Sipla Securities Private Limited,KALASH STOCK MARKET PVT. LTD.,120,477.0,57240.0,2025-07-29 11:38:29.912069
2025-07-29,131740,2025072901007532,NYADI,Sipla Securities Private Limited,Oxford Securities Pvt. Ltd.,10,477.0,4770.0,2025-07-29 11:38:29.912125
2025-07-29,131739,2025072901007533,NYADI,Sipla Securities Private Limited,Sundhara Securities Limited,20,477.0,9540.0,2025-07-29 11:38:29.912187
2025-07-29,131738,2025072901007534,NYADI,Sipla Securities Private Limited,Shree Krishna Securities Ltd.,100,477.3,47730.0,2025-07-29 11:38:29.912239
2025-07-29,131578,2025072901007588,NYADI,Sipla Securities Private Limited,KALASH STOCK MARKET PVT. LTD.,40,477.3,19092.0,2025-07-29 11:38:46.844241
2025-07-29,131546,2025072901007595,NYADI,Sipla Securities Private Limited,Dipshikha Dhitopatra Karobar Co. Pvt Ltd.,10,477.3,4773.0,2025-07-29 11:38:50.062559
2025-07-29,130950,2025072901007775,NYADI,Sani Securities Company Ltd.,Imperial Securities Company Pvt. Ltd.,2000,479.9,959800.0,2025-07-29 11:39:38.794923
2025-07-29,130600,2025072901007878,NYADI,Primo Securities (PVT) Ltd.,Nepal Investment And Securities Trading Private Limited,10,479.0,4790.0,2025-07-29 11:40:03.324383
2025-07-29,130437,2025072901007931,NYADI,Sani Securities Company Ltd.,Sundhara Securities Limited,200,479.9,95980.0,2025-07-29 11:40:18.523612
2025-07-29,130418,2025072901007938,NYADI,Nabil Stock Dealer Ltd.,Sundhara Securities Limited,300,479.9,143970.0,2025-07-29 11:40:20.694252
2025-07-29,130417,2025072901007939,NYADI,Nabil Stock Dealer Ltd.,Bhrikuti Stock Broking Co. Pvt. Ltd.,400,479.9,191960.0,2025-07-29 11:40:20.694360
2025-07-29,130416,2025072901007940,NYADI,Nabil Stock Dealer Ltd.,Online Securities Pvt. Ltd.,30,480.0,14400.0,2025-07-29 11:40:20.694436
2025-07-29,130415,2025072901007941,NYADI,Nabil Stock Dealer Ltd.,Nepal Investment And Securities Trading Private Limited,40,480.0,19200.0,2025-07-29 11:40:20.694485
2025-07-29,130414,2025072901007942,NYADI,Nabil Stock Dealer Ltd.,Neev Securities Pvt. Ltd.,50,480.0,24000.0,2025-07-29 11:40:20.694533
2025-07-29,130413,2025072901007943,NYADI,Nabil Stock Dealer Ltd.,Linch Stock Market Ltd.,180,480.0,86400.0,2025-07-29 11:40:20.694586
2025-07-29,130238,2025072901007991,NYADI,Sipla Securities Private Limited,Linch Stock Market Ltd.,55,480.0,26400.0,2025-07-29 11:40:36.260194
2025-07-29,130234,2025072901007992,NYADI,Premier Securities Company Ltd.,Linch Stock Market Ltd.,1000,480.0,480000.0,2025-07-29 11:40:36.678511
2025-07-29,129780,2025072901008124,NYADI,Bhrikuti Stock Broking Co. Pvt. Ltd.,Linch Stock Market Ltd.,260,480.0,124800.0,2025-07-29 11:41:20.792238
2025-07-29,129674,2025072901008150,NYADI,Trishakti Securities Public Limited,Linch Stock Market Ltd.,195,480.0,93600.0,2025-07-29 11:41:30.745738
2025-07-29,129629,2025072901008157,NYADI,Shree Krishna Securities Ltd.,Linch Stock Market Ltd.,50,479.9,23995.0,2025-07-29 11:41:33.753762
2025-07-29,129550,2025072901008178,NYADI,Primo Securities (PVT) Ltd.,Neev Securities Pvt. Ltd.,65,479.8,31187.0,2025-07-29 11:41:39.045458
2025-07-29,129548,2025072901008179,NYADI,Primo Securities (PVT) Ltd.,Himalayan Brokerage Company Limited,425,479.8,203915.0,2025-07-29 11:41:39.677310
2025-07-29,128705,2025072901008408,NYADI,Dipshikha Dhitopatra Karobar Co. Pvt Ltd.,Naasa Securities Co. Ltd.,10,478.0,4780.0,2025-07-29 11:42:55.370415
2025-07-29,128636,2025072901008435,NYADI,Dipshikha Dhitopatra Karobar Co. Pvt Ltd.,Dynamic Money Managers Securities Pvt. Ltd.,25,478.0,11950.0,2025-07-29 11:43:03.363633
2025-07-29,128635,2025072901008436,NYADI,Nabil Stock Dealer Ltd.,Dynamic Money Managers Securities Pvt. Ltd.,40,478.0,19120.0,2025-07-29 11:43:03.363877
2025-07-29,128362,2025072901008552,NYADI,Stoxkarts Securities Limited,Trademow Securities Private Limited,100,475.1,47510.0,2025-07-29 11:43:28.364365
2025-07-29,128361,2025072901008553,NYADI,Dipshikha Dhitopatra Karobar Co. Pvt Ltd.,Trademow Securities Private Limited,500,475.0,237500.0,2025-07-29 11:43:28.364473
2025-07-29,128236,2025072901008594,NYADI,Naasa Securities Co. Ltd.,Opal Securities Investment (PVT) Ltd.,40,475.0,19000.0,2025-07-29 11:43:38.383849
2025-07-29,127950,2025072901008737,NYADI,Nepal Stock House (PVT) Ltd.,SHUBHAKAMANA SECURITIES PVT. LTD,500,475.2,237600.0,2025-07-29 11:43:57.823842
2025-07-29,126449,2025072901009196,NYADI,NIMB Stock Markets Limited,Imperial Securities Company Pvt. Ltd.,100,476.0,47600.0,2025-07-29 11:46:04.558468
2025-07-29,125379,2025072901009516,NYADI,NIMB Stock Markets Limited,Imperial Securities Company Pvt. Ltd.,20,476.0,9520.0,2025-07-29 11:47:34.448166
2025-07-29,125378,2025072901009517,NYADI,Naasa Securities Co. Ltd.,Imperial Securities Company Pvt. Ltd.,56,476.0,26656.0,2025-07-29 11:47:34.448423
2025-07-29,125377,2025072901009518,NYADI,Naasa Securities Co. Ltd.,Imperial Securities Company Pvt. Ltd.,434,475.0,206150.0,2025-07-29 11:47:34.448587
2025-07-29,124352,2025072901009798,NYADI,Naasa Securities Co. Ltd.,Ashutosh Brokerage & Securities (PVT) Ltd.,10,475.0,4750.0,2025-07-29 11:49:07.672121
2025-07-29,123774,2025072901010077,NYADI,Naasa Securities Co. Ltd.,Nepal Investment And Securities Trading Private Limited,10,475.0,4750.0,2025-07-29 11:49:52.134895
2025-07-29,123477,2025072901010165,NYADI,Naasa Securities Co. Ltd.,Ashutosh Brokerage & Securities (PVT) Ltd.,10,475.5,4755.0,2025-07-29 11:50:20.475735
2025-07-29,122428,2025072901010538,NYADI,Stoxkarts Securities Limited,Sumeru Securities Pvt. Ltd.,10,475.1,4751.0,2025-07-29 11:51:58.541548
2025-07-29,121969,2025072901010695,NYADI,Oxford Securities Pvt. Ltd.,Aryatara Investment & Securities,100,477.8,47780.0,2025-07-29 11:52:37.137876
2025-07-29,121968,2025072901010696,NYADI,Oxford Securities Pvt. Ltd.,Capital Max Securities Ltd,100,477.9,47790.0,2025-07-29 11:52:37.138042
2025-07-29,121967,2025072901010697,NYADI,Oxford Securities Pvt. Ltd.,Dynamic Money Managers Securities Pvt. Ltd.,300,478.0,143400.0,2025-07-29 11:52:37.138108
2025-07-29,120727,2025072901011117,NYADI,Asian Securities Private Ltd.,Linch Stock Market Ltd.,30,476.0,14280.0,2025-07-29 11:54:36.192502
2025-07-29,120726,2025072901011118,NYADI,Kohinoor Investment & Securities Pvt. Ltd.,Linch Stock Market Ltd.,170,476.0,80920.0,2025-07-29 11:54:36.192630
2025-07-29,120688,2025072901011131,NYADI,Kohinoor Investment & Securities Pvt. Ltd.,Kumari Securities Private Limited,10,476.0,4760.0,2025-07-29 11:54:40.984302
2025-07-29,120435,2025072901011195,NYADI,Kohinoor Investment & Securities Pvt. Ltd.,SHUBHAKAMANA SECURITIES PVT. LTD,320,476.0,152320.0,2025-07-29 11:54:58.152310
2025-07-29,120434,2025072901011196,NYADI,Naasa Securities Co. Ltd.,SHUBHAKAMANA SECURITIES PVT. LTD,10,476.0,4760.0,2025-07-29 11:54:58.152446
2025-07-29,119973,2025072901011376,NYADI,Neev Securities Pvt. Ltd.,KALASH STOCK MARKET PVT. LTD.,10,475.5,4755.0,2025-07-29 11:55:34.678786
2025-07-29,119579,2025072901011523,NYADI,Premier Securities Company Ltd.,Kohinoor Investment & Securities Pvt. Ltd.,10,476.0,4760.0,2025-07-29 11:56:00.520388
2025-07-29,119317,2025072901011637,NYADI,Premier Securities Company Ltd.,SHUBHAKAMANA SECURITIES PVT. LTD,490,476.0,233240.0,2025-07-29 11:56:24.449315
2025-07-29,117371,2025072901012393,NYADI,Naasa Securities Co. Ltd.,SHUBHAKAMANA SECURITIES PVT. LTD,15,476.0,7140.0,2025-07-29 11:58:52.920591
2025-07-29,117370,2025072901012394,NYADI,Naasa Securities Co. Ltd.,SHUBHAKAMANA SECURITIES PVT. LTD,10,475.7,4757.0,2025-07-29 11:58:52.920716
2025-07-29,117369,2025072901012395,NYADI,Neev Securities Pvt. Ltd.,SHUBHAKAMANA SECURITIES PVT. LTD,83,475.5,39466.5,2025-07-29 11:58:52.920772
2025-07-29,117368,2025072901012396,NYADI,Stoxkarts Securities Limited,SHUBHAKAMANA SECURITIES PVT. LTD,40,475.1,19004.0,2025-07-29 11:58:52.920827
2025-07-29,117367,2025072901012397,NYADI,Asian Securities Private Ltd.,SHUBHAKAMANA SECURITIES PVT. LTD,32,475.0,15200.0,2025-07-29 11:58:52.920882
2025-07-29,115877,2025072901012928,NYADI,Naasa Securities Co. Ltd.,Linch Stock Market Ltd.,100,477.0,47700.0,2025-07-29 12:00:28.918535
2025-07-29,110845,2025072901014770,NYADI,Naasa Securities Co. Ltd.,Naasa Securities Co. Ltd.,3,475.5,1426.5,2025-07-29 12:05:43.157652
2025-07-29,110017,2025072901015137,NYADI,Online Securities Pvt. Ltd.,Sundhara Securities Limited,30,476.0,14280.0,2025-07-29 12:06:32.028608
2025-07-29,110006,2025072901015138,NYADI,Online Securities Pvt. Ltd.,Linch Stock Market Ltd.,70,476.0,33320.0,2025-07-29 12:06:32.688877
2025-07-29,110001,2025072901015142,NYADI,Naasa Securities Co. Ltd.,Linch Stock Market Ltd.,30,476.0,14280.0,2025-07-29 12:06:33.337929
2025-07-29,109755,2025072901015233,NYADI,Online Securities Pvt. Ltd.,Linch Stock Market Ltd.,40,476.0,19040.0,2025-07-29 12:06:50.407910
2025-07-29,109749,2025072901015235,NYADI,Naasa Securities Co. Ltd.,Linch Stock Market Ltd.,180,476.0,85680.0,2025-07-29 12:06:50.535239
2025-07-29,109000,2025072901015618,NYADI,Premier Securities Company Ltd.,Nepal Stock House (PVT) Ltd.,100,475.3,47530.0,2025-07-29 12:07:27.630740
2025-07-29,108893,2025072901015653,NYADI,Naasa Securities Co. Ltd.,Linch Stock Market Ltd.,10,476.0,4760.0,2025-07-29 12:07:38.616934
2025-07-29,108699,2025072901015720,NYADI,Miyo Securities Pvt Ltd,Linch Stock Market Ltd.,20,476.0,9520.0,2025-07-29 12:07:48.764208
2025-07-29,108519,2025072901015769,NYADI,Premier Securities Company Ltd.,Sundhara Securities Limited,1000,476.9,476900.0,2025-07-29 12:08:00.163849
2025-07-29,107479,2025072901016116,NYADI,Premier Securities Company Ltd.,Citizens Share Broker Limited,10,477.0,4770.0,2025-07-29 12:09:01.807973
2025-07-29,107478,2025072901016117,NYADI,Premier Securities Company Ltd.,Ashutosh Brokerage & Securities (PVT) Ltd.,490,477.0,233730.0,2025-07-29 12:09:01.808135
2025-07-29,107225,2025072901016195,NYADI,Premier Securities Company Ltd.,Ashutosh Brokerage & Securities (PVT) Ltd.,500,477.0,238500.0,2025-07-29 12:09:19.047376
2025-07-29,106939,2025072901016306,NYADI,Online Securities Pvt. Ltd.,Ashutosh Brokerage & Securities (PVT) Ltd.,10,477.0,4770.0,2025-07-29 12:09:40.863272
2025-07-29,106411,2025072901016462,NYADI,Naasa Securities Co. Ltd.,Hatemalo Financial Services Private Limited,58,477.1,27671.8,2025-07-29 12:10:08.538217
2025-07-29,105398,2025072901016840,NYADI,Online Securities Pvt. Ltd.,Premier Securities Company Ltd.,50,477.0,23850.0,2025-07-29 12:11:14.123608
2025-07-29,104920,2025072901017025,NYADI,Sri Hari Securities Pvt. Ltd.,Hatemalo Financial Services Private Limited,54,477.1,25763.4,2025-07-29 12:11:40.616740
2025-07-29,104441,2025072901017237,NYADI,Online Securities Pvt. Ltd.,Asian Securities Private Ltd.,40,477.0,19080.0,2025-07-29 12:12:16.872002
2025-07-29,104440,2025072901017238,NYADI,Premier Securities Company Ltd.,Asian Securities Private Ltd.,160,477.0,76320.0,2025-07-29 12:12:16.872170
2025-07-29,103950,2025072901017378,NYADI,Online Securities Pvt. Ltd.,J.F. Securites (PVT) Ltd.,10,477.5,4775.0,2025-07-29 12:12:50.235463
2025-07-29,103631,2025072901017508,NYADI,Sewa Securities Pvt. Ltd.,Linch Stock Market Ltd.,50,477.8,23890.0,2025-07-29 12:13:14.959042
2025-07-29,103000,2025072901017787,NYADI,Online Securities Pvt. Ltd.,Linch Stock Market Ltd.,10,477.8,4778.0,2025-07-29 12:13:58.965018
2025-07-29,102634,2025072901017923,NYADI,Premier Securities Company Ltd.,Aryatara Investment & Securities,340,477.0,162180.0,2025-07-29 12:14:23.022856
2025-07-29,102633,2025072901017924,NYADI,Premier Securities Company Ltd.,Aryatara Investment & Securities,160,477.0,76320.0,2025-07-29 12:14:23.023011
2025-07-29,100034,2025072901018958,NYADI,Premier Securities Company Ltd.,Premier Securities Company Ltd.,100,477.0,47700.0,2025-07-29 12:17:36.788200
2025-07-29,98752,2025072901019482,NYADI,Premier Securities Company Ltd.,Linch Stock Market Ltd.,250,477.0,119250.0,2025-07-29 12:19:20.254411
2025-07-29,98521,2025072901019560,NYADI,Premier Securities Company Ltd.,Nepal Investment And Securities Trading Private Limited,100,477.0,47700.0,2025-07-29 12:19:40.268347
2025-07-29,98073,2025072901019769,NYADI,Premier Securities Company Ltd.,Elite Stock House Limited,10,477.0,4770.0,2025-07-29 12:20:05.956945
2025-07-29,97402,2025072901020025,NYADI,Naasa Securities Co. Ltd.,Creative Securities Pvt Ltd,20,477.6,9552.0,2025-07-29 12:20:50.939551
2025-07-29,96135,2025072901020580,NYADI,Premier Securities Company Ltd.,Malla & Malla Stock Broking Company Pvt. Limited,170,477.0,81090.0,2025-07-29 12:22:12.646894
2025-07-29,95812,2025072901020743,NYADI,Premier Securities Company Ltd.,Sweta Securities Private Limited,100,477.0,47700.0,2025-07-29 12:22:32.992568
2025-07-29,95237,2025072901020966,NYADI,Premier Securities Company Ltd.,Sani Securities Company Ltd.,110,477.0,52470.0,2025-07-29 12:23:13.115253
2025-07-29,95236,2025072901020967,NYADI,Asian Securities Private Ltd.,Sani Securities Company Ltd.,95,477.0,45315.0,2025-07-29 12:23:13.115417
2025-07-29,95235,2025072901020968,NYADI,Premier Securities Company Ltd.,Sani Securities Company Ltd.,295,477.0,140715.0,2025-07-29 12:23:13.115496
2025-07-29,94876,2025072901021106,NYADI,Premier Securities Company Ltd.,Sani Securities Company Ltd.,200,477.0,95400.0,2025-07-29 12:23:36.702606
2025-07-29,94442,2025072901021261,NYADI,Pragyan Securities (PVT) Ltd.,Creative Securities Pvt Ltd,10,477.6,4776.0,2025-07-29 12:24:13.077251
2025-07-29,93228,2025072901021660,NYADI,Naasa Securities Co. Ltd.,Secured Securities Ltd.,10,476.5,4765.0,2025-07-29 12:25:37.158869
2025-07-29,92896,2025072901021752,NYADI,Sewa Securities Pvt. Ltd.,Secured Securities Ltd.,10,476.5,4765.0,2025-07-29 12:26:01.936428
2025-07-29,91731,2025072901022110,NYADI,Sewa Securities Pvt. Ltd.,Imperial Securities Company Pvt. Ltd.,10,477.0,4770.0,2025-07-29 12:27:31.280503
2025-07-29,91500,2025072901022168,NYADI,Sewa Securities Pvt. Ltd.,Secured Securities Ltd.,80,477.0,38160.0,2025-07-29 12:27:47.543773
2025-07-29,91427,2025072901022205,NYADI,ABC Securities Private Limited,Imperial Securities Company Pvt. Ltd.,400,476.1,190440.0,2025-07-29 12:27:53.935205
2025-07-29,91426,2025072901022206,NYADI,Miyo Securities Pvt Ltd,Imperial Securities Company Pvt. Ltd.,10,476.0,4760.0,2025-07-29 12:27:53.935548
2025-07-29,91425,2025072901022207,NYADI,Trisul Securities & Invt. Ltd.,Imperial Securities Company Pvt. Ltd.,150,476.0,71400.0,2025-07-29 12:27:53.935746
2025-07-29,91424,2025072901022208,NYADI,Sani Securities Company Ltd.,Imperial Securities Company Pvt. Ltd.,418,476.0,198968.0,2025-07-29 12:27:53.935931
2025-07-29,91423,2025072901022209,NYADI,Dynamic Money Managers Securities Pvt. Ltd.,Imperial Securities Company Pvt. Ltd.,100,476.0,47600.0,2025-07-29 12:27:53.936156
2025-07-29,91422,2025072901022210,NYADI,Dynamic Money Managers Securities Pvt. Ltd.,Imperial Securities Company Pvt. Ltd.,500,476.0,238000.0,2025-07-29 12:27:53.936350
2025-07-29,91421,2025072901022211,NYADI,Online Securities Pvt. Ltd.,Imperial Securities Company Pvt. Ltd.,422,475.2,200534.4,2025-07-29 12:27:53.936533
2025-07-29,91314,2025072901022240,NYADI,Online Securities Pvt. Ltd.,Sumeru Securities Pvt. Ltd.,200,475.2,95040.0,2025-07-29 12:28:00.874215
2025-07-29,91216,2025072901022272,NYADI,Online Securities Pvt. Ltd.,Siprabi Securities Pvt. Ltd.,378,475.2,179625.6,2025-07-29 12:28:09.954522
2025-07-29,91215,2025072901022273,NYADI,Imperial Securities Company Pvt. Ltd.,Siprabi Securities Pvt. Ltd.,50,475.2,23760.0,2025-07-29 12:28:09.954674
2025-07-29,91214,2025072901022274,NYADI,Asian Securities Private Ltd.,Siprabi Securities Pvt. Ltd.,68,475.0,32300.0,2025-07-29 12:28:09.954764
2025-07-29,91213,2025072901022275,NYADI,Dynamic Money Managers Securities Pvt. Ltd.,Siprabi Securities Pvt. Ltd.,25,475.0,11875.0,2025-07-29 12:28:09.954833
2025-07-29,91212,2025072901022276,NYADI,Naasa Securities Co. Ltd.,Siprabi Securities Pvt. Ltd.,70,475.0,33250.0,2025-07-29 12:28:09.954900
2025-07-29,91211,2025072901022277,NYADI,Sani Securities Company Ltd.,Siprabi Securities Pvt. Ltd.,15,475.0,7125.0,2025-07-29 12:28:09.954968
2025-07-29,91210,2025072901022278,NYADI,Oxford Securities Pvt. Ltd.,Siprabi Securities Pvt. Ltd.,50,475.0,23750.0,2025-07-29 12:28:09.955039
2025-07-29,90091,2025072901022712,NYADI,Nagarik Stock Dealer ,Siprabi Securities Pvt. Ltd.,344,475.0,163400.0,2025-07-29 12:29:33.559327
2025-07-29,89543,2025072901022953,NYADI,Trishakti Securities Public Limited,SHUBHAKAMANA SECURITIES PVT. LTD,100,474.0,47400.0,2025-07-29 12:30:03.888777
2025-07-29,89542,2025072901022954,NYADI,Online Securities Pvt. Ltd.,SHUBHAKAMANA SECURITIES PVT. LTD,50,474.0,23700.0,2025-07-29 12:30:03.888943
2025-07-29,89541,2025072901022955,NYADI,Nepal Stock House (PVT) Ltd.,SHUBHAKAMANA SECURITIES PVT. LTD,500,473.1,236550.0,2025-07-29 12:30:03.889017
2025-07-29,88817,2025072901023235,NYADI,Sumeru Securities Pvt. Ltd.,Vision Securities Pvt. Ltd,10,472.0,4720.0,2025-07-29 12:31:00.533976
2025-07-29,88754,2025072901023248,NYADI,Sumeru Securities Pvt. Ltd.,Sri Hari Securities Pvt. Ltd.,10,472.0,4720.0,2025-07-29 12:31:07.120121
2025-07-29,88038,2025072901023482,NYADI,Sumeru Securities Pvt. Ltd.,Sewa Securities Pvt. Ltd.,200,472.0,94400.0,2025-07-29 12:32:11.261962
2025-07-29,87543,2025072901023614,NYADI,Sumeru Securities Pvt. Ltd.,S.P.S.A. Securities Limited,10,472.0,4720.0,2025-07-29 12:32:52.210290
2025-07-29,86148,2025072901024116,NYADI,Miyo Securities Pvt Ltd,Imperial Securities Company Pvt. Ltd.,10,475.0,4750.0,2025-07-29 12:35:04.118725
2025-07-29,84659,2025072901024641,NYADI,Sumeru Securities Pvt. Ltd.,Secured Securities Ltd.,10,472.0,4720.0,2025-07-29 12:37:33.073672
2025-07-29,83762,2025072901024891,NYADI,Dynamic Money Managers Securities Pvt. Ltd.,Online Securities Pvt. Ltd.,10,472.5,4725.0,2025-07-29 12:38:56.020815
2025-07-29,83741,2025072901024894,NYADI,Dynamic Money Managers Securities Pvt. Ltd.,Linch Stock Market Ltd.,30,472.5,14175.0,2025-07-29 12:38:59.622468
2025-07-29,83544,2025072901024964,NYADI,Dynamic Money Managers Securities Pvt. Ltd.,Deevyaa Securities & Stock House Pvt. Ltd,10,472.5,4725.0,2025-07-29 12:39:21.861185
2025-07-29,81216,2025072901025743,NYADI,Online Securities Pvt. Ltd.,SHUBHAKAMANA SECURITIES PVT. LTD,40,474.9,18996.0,2025-07-29 12:42:57.615709
2025-07-29,81208,2025072901025750,NYADI,Online Securities Pvt. Ltd.,Naasa Securities Co. Ltd.,10,473.0,4730.0,2025-07-29 12:42:58.749228
2025-07-29,81073,2025072901025795,NYADI,Online Securities Pvt. Ltd.,Sri Hari Securities Pvt. Ltd.,10,473.0,4730.0,2025-07-29 12:43:11.909205
2025-07-29,80305,2025072901026098,NYADI,Neev Securities Pvt. Ltd.,SHUBHAKAMANA SECURITIES PVT. LTD,310,474.9,147219.0,2025-07-29 12:44:19.041160
2025-07-29,80046,2025072901026196,NYADI,Neev Securities Pvt. Ltd.,Indira securities pvt. ltd,190,474.9,90231.0,2025-07-29 12:44:40.786768
2025-07-29,80045,2025072901026197,NYADI,Sani Securities Company Ltd.,Indira securities pvt. ltd,10,474.0,4740.0,2025-07-29 12:44:40.787148
2025-07-29,79578,2025072901026417,NYADI,Sani Securities Company Ltd.,Agrawal Securities (PVT) Ltd.,300,474.0,142200.0,2025-07-29 12:45:25.979818
2025-07-29,78184,2025072901026945,NYADI,Midas Stock Broking Company Private Limited,Global IME Securities Limited,730,475.0,346750.0,2025-07-29 12:47:41.515643
2025-07-29,77632,2025072901027128,NYADI,Sani Securities Company Ltd.,Cristal Kanchanjanga Securites Pvt. Ltd.,40,474.0,18960.0,2025-07-29 12:48:36.402301
2025-07-29,76833,2025072901027378,NYADI,Naasa Securities Co. Ltd.,Imperial Securities Company Pvt. Ltd.,10,473.5,4735.0,2025-07-29 12:50:12.985496
2025-07-29,76311,2025072901027557,NYADI,Online Securities Pvt. Ltd.,Cristal Kanchanjanga Securites Pvt. Ltd.,50,473.0,23650.0,2025-07-29 12:51:20.652290
2025-07-29,76310,2025072901027558,NYADI,Naasa Securities Co. Ltd.,Cristal Kanchanjanga Securites Pvt. Ltd.,10,473.0,4730.0,2025-07-29 12:51:20.652475
2025-07-29,75518,2025072901027844,NYADI,J.F. Securites (PVT) Ltd.,Kumari Securities Private Limited,10,472.1,4721.0,2025-07-29 12:52:48.883329
2025-07-29,75393,2025072901027886,NYADI,Naasa Securities Co. Ltd.,Aryatara Investment & Securities,10,472.2,4722.0,2025-07-29 12:53:05.960071
2025-07-29,75025,2025072901028046,NYADI,J.F. Securites (PVT) Ltd.,K.B.L. Securities Limited ,10,472.1,4721.0,2025-07-29 12:53:52.606668
2025-07-29,74839,2025072901028098,NYADI,J.F. Securites (PVT) Ltd.,Naasa Securities Co. Ltd.,10,472.1,4721.0,2025-07-29 12:54:14.084699
2025-07-29,74265,2025072901028254,NYADI,J.F. Securites (PVT) Ltd.,Siprabi Securities Pvt. Ltd.,59,472.1,27853.9,2025-07-29 12:55:04.417199
2025-07-29,73530,2025072901028531,NYADI,J.F. Securites (PVT) Ltd.,Secured Securities Ltd.,11,472.1,5193.1,2025-07-29 12:56:28.837275
2025-07-29,73371,2025072901028578,NYADI,Himalayan Brokerage Company Limited,Secured Securities Ltd.,489,472.1,230856.9,2025-07-29 12:56:47.261593
2025-07-29,73239,2025072901028618,NYADI,Premier Securities Company Ltd.,Sundhara Securities Limited,40,472.0,18880.0,2025-07-29 12:57:05.797513
2025-07-29,73068,2025072901028688,NYADI,Premier Securities Company Ltd.,Citizens Share Broker Limited,465,472.0,219480.0,2025-07-29 12:57:22.001536
2025-07-29,73067,2025072901028689,NYADI,Capital Max Securities Ltd,Citizens Share Broker Limited,50,472.0,23600.0,2025-07-29 12:57:22.001884
2025-07-29,73066,2025072901028690,NYADI,Sani Securities Company Ltd.,Citizens Share Broker Limited,100,472.0,47200.0,2025-07-29 12:57:22.002127
2025-07-29,73065,2025072901028691,NYADI,Online Securities Pvt. Ltd.,Citizens Share Broker Limited,50,472.0,23600.0,2025-07-29 12:57:22.002365
2025-07-29,73064,2025072901028692,NYADI,Nagarik Stock Dealer ,Citizens Share Broker Limited,335,472.0,158120.0,2025-07-29 12:57:22.002579
2025-07-29,73012,2025072901028718,NYADI,Nagarik Stock Dealer ,Opal Securities Investment (PVT) Ltd.,10,472.0,4720.0,2025-07-29 12:57:29.729612
2025-07-29,72874,2025072901028773,NYADI,Sani Securities Company Ltd.,Naasa Securities Co. Ltd.,10,473.0,4730.0,2025-07-29 12:57:44.248063
2025-07-29,72864,2025072901028776,NYADI,Nagarik Stock Dealer ,Sajilo Broker Limited,15,472.0,7080.0,2025-07-29 12:57:45.780825
2025-07-29,71928,2025072901028989,NYADI,Nagarik Stock Dealer ,Miyo Securities Pvt Ltd,10,472.0,4720.0,2025-07-29 12:59:02.237690
2025-07-29,71216,2025072901029245,NYADI,Nagarik Stock Dealer ,Online Securities Pvt. Ltd.,10,472.0,4720.0,2025-07-29 13:00:18.166051
2025-07-29,70392,2025072901029673,NYADI,Nagarik Stock Dealer ,Aryatara Investment & Securities,10,472.0,4720.0,2025-07-29 13:01:35.466904
2025-07-29,69308,2025072901030061,NYADI,Neev Securities Pvt. Ltd.,Global IME Securities Limited,95,475.0,45125.0,2025-07-29 13:03:30.776145
2025-07-29,69143,2025072901030118,NYADI,Primo Securities (PVT) Ltd.,Dipshikha Dhitopatra Karobar Co. Pvt Ltd.,100,472.0,47200.0,2025-07-29 13:03:52.410491
2025-07-29,69118,2025072901030125,NYADI,Kalika Securities Pvt. Ltd.,Dipshikha Dhitopatra Karobar Co. Pvt Ltd.,30,472.0,14160.0,2025-07-29 13:03:55.392783
2025-07-29,66449,2025072901030895,NYADI,Investment Management Nepal Pvt. Ltd.,Sri Hari Securities Pvt. Ltd.,25,471.5,11787.5,2025-07-29 13:09:27.761204
2025-07-29,66344,2025072901030948,NYADI,Creative Securities Pvt Ltd,Dipshikha Dhitopatra Karobar Co. Pvt Ltd.,30,472.0,14160.0,2025-07-29 13:09:42.709903
2025-07-29,66343,2025072901030949,NYADI,Creative Securities Pvt Ltd,Secured Securities Ltd.,120,472.0,56640.0,2025-07-29 13:09:42.710304
2025-07-29,66326,2025072901030956,NYADI,Investment Management Nepal Pvt. Ltd.,Sumeru Securities Pvt. Ltd.,10,471.5,4715.0,2025-07-29 13:09:46.273615
2025-07-29,65509,2025072901031289,NYADI,Investment Management Nepal Pvt. Ltd.,Siprabi Securities Pvt. Ltd.,100,471.5,47150.0,2025-07-29 13:11:31.373189
2025-07-29,65433,2025072901031307,NYADI,Investment Management Nepal Pvt. Ltd.,Kohinoor Investment & Securities Pvt. Ltd.,25,471.5,11787.5,2025-07-29 13:11:41.278563
2025-07-29,65432,2025072901031308,NYADI,Stoxkarts Securities Limited,Kohinoor Investment & Securities Pvt. Ltd.,100,471.1,47110.0,2025-07-29 13:11:41.278606
2025-07-29,65431,2025072901031309,NYADI,Thrive Brokerage House Pvt. Ltd,Kohinoor Investment & Securities Pvt. Ltd.,100,471.0,47100.0,2025-07-29 13:11:41.278637
2025-07-29,65430,2025072901031310,NYADI,Investment Management Nepal Pvt. Ltd.,Kohinoor Investment & Securities Pvt. Ltd.,160,470.5,75280.0,2025-07-29 13:11:41.278661
2025-07-29,65429,2025072901031311,NYADI,Sundhara Securities Limited,Kohinoor Investment & Securities Pvt. Ltd.,100,470.0,47000.0,2025-07-29 13:11:41.278686
2025-07-29,65428,2025072901031312,NYADI,Asian Securities Private Ltd.,Kohinoor Investment & Securities Pvt. Ltd.,200,470.0,94000.0,2025-07-29 13:11:41.278738
2025-07-29,65427,2025072901031313,NYADI,Dipshikha Dhitopatra Karobar Co. Pvt Ltd.,Kohinoor Investment & Securities Pvt. Ltd.,145,470.0,68150.0,2025-07-29 13:11:41.278760
2025-07-29,65426,2025072901031314,NYADI,Deevyaa Securities & Stock House Pvt. Ltd,Kohinoor Investment & Securities Pvt. Ltd.,270,470.0,126900.0,2025-07-29 13:11:41.278783
2025-07-29,65425,2025072901031315,NYADI,Dipshikha Dhitopatra Karobar Co. Pvt Ltd.,Kohinoor Investment & Securities Pvt. Ltd.,15,470.0,7050.0,2025-07-29 13:11:41.278806
2025-07-29,65424,2025072901031316,NYADI,Dakshinkali Investment & Securities Pvt. Ltd.,Kohinoor Investment & Securities Pvt. Ltd.,885,470.0,415950.0,2025-07-29 13:11:41.278829
2025-07-29,64892,2025072901031554,NYADI,Opal Securities Investment (PVT) Ltd.,Citizens Share Broker Limited,1000,470.0,470000.0,2025-07-29 13:12:48.075169
2025-07-29,64476,2025072901031700,NYADI,Sumeru Securities Pvt. Ltd.,Imperial Securities Company Pvt. Ltd.,10,470.1,4701.0,2025-07-29 13:13:43.432372
2025-07-29,64036,2025072901031857,NYADI,Sumeru Securities Pvt. Ltd.,Agrawal Securities (PVT) Ltd.,200,470.1,94020.0,2025-07-29 13:14:36.465482
2025-07-29,63304,2025072901032168,NYADI,Sumeru Securities Pvt. Ltd.,Naasa Securities Co. Ltd.,100,470.1,47010.0,2025-07-29 13:15:45.378517
2025-07-29,62587,2025072901032424,NYADI,Sumeru Securities Pvt. Ltd.,Imperial Securities Company Pvt. Ltd.,40,470.1,18804.0,2025-07-29 13:17:02.346064
2025-07-29,60976,2025072901033056,NYADI,Sumeru Securities Pvt. Ltd.,Online Securities Pvt. Ltd.,10,471.0,4710.0,2025-07-29 13:20:01.248863
2025-07-29,60975,2025072901033057,NYADI,Sumeru Securities Pvt. Ltd.,Secured Securities Ltd.,140,472.0,66080.0,2025-07-29 13:20:01.249076
2025-07-29,60710,2025072901033157,NYADI,Online Securities Pvt. Ltd.,Secured Securities Ltd.,25,472.0,11800.0,2025-07-29 13:20:34.566169
2025-07-29,60649,2025072901033174,NYADI,Himalayan Brokerage Company Limited,Secured Securities Ltd.,135,472.0,63720.0,2025-07-29 13:20:41.436563
2025-07-29,60648,2025072901033175,NYADI,Himalayan Brokerage Company Limited,J.F. Securites (PVT) Ltd.,10,472.0,4720.0,2025-07-29 13:20:41.436800
2025-07-29,58675,2025072901033833,NYADI,Online Securities Pvt. Ltd.,Dipshikha Dhitopatra Karobar Co. Pvt Ltd.,10,471.0,4710.0,2025-07-29 13:24:58.487273
2025-07-29,58522,2025072901033896,NYADI,Online Securities Pvt. Ltd.,Shree Krishna Securities Ltd.,10,471.0,4710.0,2025-07-29 13:25:18.179947
2025-07-29,57959,2025072901034039,NYADI,Himalayan Brokerage Company Limited,Sundhara Securities Limited,100,470.3,47030.0,2025-07-29 13:26:32.039010
2025-07-29,57469,2025072901034211,NYADI,Opal Securities Investment (PVT) Ltd.,Linch Stock Market Ltd.,10,470.1,4701.0,2025-07-29 13:27:44.636777
2025-07-29,57244,2025072901034295,NYADI,Opal Securities Investment (PVT) Ltd.,Linch Stock Market Ltd.,940,470.1,441894.0,2025-07-29 13:28:14.966368
2025-07-29,57243,2025072901034296,NYADI,Cristal Kanchanjanga Securites Pvt. Ltd.,Linch Stock Market Ltd.,1000,470.0,470000.0,2025-07-29 13:28:14.966553
2025-07-29,57242,2025072901034297,NYADI,Miyo Securities Pvt Ltd,Linch Stock Market Ltd.,100,470.0,47000.0,2025-07-29 13:28:14.966630
2025-07-29,57241,2025072901034298,NYADI,Naasa Securities Co. Ltd.,Linch Stock Market Ltd.,20,470.0,9400.0,2025-07-29 13:28:14.966709
2025-07-29,57240,2025072901034299,NYADI,INDEX SECURITIES LIMITED,Linch Stock Market Ltd.,940,470.0,441800.0,2025-07-29 13:28:14.966810
2025-07-29,56675,2025072901034527,NYADI,INDEX SECURITIES LIMITED,Shree Krishna Securities Ltd.,10,470.0,4700.0,2025-07-29 13:29:27.671456
2025-07-29,56207,2025072901034709,NYADI,INDEX SECURITIES LIMITED,Nepal Investment And Securities Trading Private Limited,40,470.0,18800.0,2025-07-29 13:30:34.211882
2025-07-29,55535,2025072901034916,NYADI,Online Securities Pvt. Ltd.,South Asian Bulls Pvt. Ltd.,5,470.0,2350.0,2025-07-29 13:32:11.236352
2025-07-29,54666,2025072901035233,NYADI,INDEX SECURITIES LIMITED,Dipshikha Dhitopatra Karobar Co. Pvt Ltd.,10,470.9,4709.0,2025-07-29 13:33:47.393709
2025-07-29,54445,2025072901035318,NYADI,Bhrikuti Stock Broking Co. Pvt. Ltd.,Dynamic Money Managers Securities Pvt. Ltd.,90,469.0,42210.0,2025-07-29 13:34:09.619133
2025-07-29,54444,2025072901035319,NYADI,Dakshinkali Investment & Securities Pvt. Ltd.,Dynamic Money Managers Securities Pvt. Ltd.,115,469.0,53935.0,2025-07-29 13:34:09.619330
2025-07-29,54443,2025072901035320,NYADI,Trisul Securities & Invt. Ltd.,Dynamic Money Managers Securities Pvt. Ltd.,73,469.0,34237.0,2025-07-29 13:34:09.619415
2025-07-29,54442,2025072901035321,NYADI,Dynamic Money Managers Securities Pvt. Ltd.,Dynamic Money Managers Securities Pvt. Ltd.,150,469.0,70350.0,2025-07-29 13:34:09.619492
2025-07-29,54441,2025072901035322,NYADI,Linch Stock Market Ltd.,Dynamic Money Managers Securities Pvt. Ltd.,350,468.6,164010.0,2025-07-29 13:34:09.619574
2025-07-29,54440,2025072901035323,NYADI,Siprabi Securities Pvt. Ltd.,Dynamic Money Managers Securities Pvt. Ltd.,80,468.6,37488.0,2025-07-29 13:34:09.619652
2025-07-29,53640,2025072901035585,NYADI,Siprabi Securities Pvt. Ltd.,Dipshikha Dhitopatra Karobar Co. Pvt Ltd.,20,468.6,9372.0,2025-07-29 13:35:37.892885
2025-07-29,53245,2025072901035708,NYADI,Siprabi Securities Pvt. Ltd.,Nepal Stock House (PVT) Ltd.,10,468.6,4686.0,2025-07-29 13:36:13.674384
2025-07-29,50528,2025072901036623,NYADI,Agrawal Securities (PVT) Ltd.,Secured Securities Ltd.,50,468.7,23435.0,2025-07-29 13:41:09.781535
2025-07-29,50527,2025072901036624,NYADI,Sri Hari Securities Pvt. Ltd.,Secured Securities Ltd.,40,468.7,18748.0,2025-07-29 13:41:09.781735
2025-07-29,50259,2025072901036706,NYADI,Siprabi Securities Pvt. Ltd.,Secured Securities Ltd.,80,468.6,37488.0,2025-07-29 13:41:35.434862
2025-07-29,50258,2025072901036707,NYADI,Linch Stock Market Ltd.,Secured Securities Ltd.,16,468.5,7496.0,2025-07-29 13:41:35.435106
2025-07-29,50257,2025072901036708,NYADI,Trishakti Securities Public Limited,Secured Securities Ltd.,1000,468.1,468100.0,2025-07-29 13:41:35.435229
2025-07-29,50256,2025072901036709,NYADI,Sundhara Securities Limited,Secured Securities Ltd.,200,468.1,93620.0,2025-07-29 13:41:35.435309
2025-07-29,50255,2025072901036710,NYADI,Naasa Securities Co. Ltd.,Secured Securities Ltd.,20,468.0,9360.0,2025-07-29 13:41:35.435387
2025-07-29,50254,2025072901036711,NYADI,Property Wiard Limited,Secured Securities Ltd.,10,468.0,4680.0,2025-07-29 13:41:35.435463
2025-07-29,50253,2025072901036712,NYADI,Imperial Securities Company Pvt. Ltd.,Secured Securities Ltd.,84,468.0,39312.0,2025-07-29 13:41:35.435540
2025-07-29,48359,2025072901037304,NYADI,Imperial Securities Company Pvt. Ltd.,Naasa Securities Co. Ltd.,10,468.0,4680.0,2025-07-29 13:45:02.154599
2025-07-29,45764,2025072901038099,NYADI,Thrive Brokerage House Pvt. Ltd,Dynamic Money Managers Securities Pvt. Ltd.,10,468.5,4685.0,2025-07-29 13:49:33.724124
2025-07-29,45150,2025072901038325,NYADI,Thrive Brokerage House Pvt. Ltd,Imperial Securities Company Pvt. Ltd.,10,468.5,4685.0,2025-07-29 13:50:49.633970
2025-07-29,45126,2025072901038340,NYADI,Thrive Brokerage House Pvt. Ltd,Sri Hari Securities Pvt. Ltd.,80,468.5,37480.0,2025-07-29 13:50:54.344948
2025-07-29,45125,2025072901038341,NYADI,Imperial Securities Company Pvt. Ltd.,Sri Hari Securities Pvt. Ltd.,640,468.0,299520.0,2025-07-29 13:50:54.345496
2025-07-29,43776,2025072901038739,NYADI,Naasa Securities Co. Ltd.,Vision Securities Pvt. Ltd,10,468.0,4680.0,2025-07-29 13:53:48.386949
2025-07-29,43452,2025072901038845,NYADI,Naasa Securities Co. Ltd.,Oxford Securities Pvt. Ltd.,10,468.0,4680.0,2025-07-29 13:54:25.664512
2025-07-29,43180,2025072901038944,NYADI,Naasa Securities Co. Ltd.,Vision Securities Pvt. Ltd,10,468.0,4680.0,2025-07-29 13:54:56.737096
2025-07-29,42432,2025072901039186,NYADI,Himalayan Brokerage Company Limited,Imperial Securities Company Pvt. Ltd.,10,469.0,4690.0,2025-07-29 13:56:45.752475
2025-07-29,41723,2025072901039408,NYADI,Naasa Securities Co. Ltd.,MILKY WAY SHARE BROKER COMPANY LTD ,50,468.0,23400.0,2025-07-29 13:58:26.720645
2025-07-29,41722,2025072901039409,NYADI,Naasa Securities Co. Ltd.,MILKY WAY SHARE BROKER COMPANY LTD ,100,468.0,46800.0,2025-07-29 13:58:26.721048
2025-07-29,41721,2025072901039410,NYADI,Thrive Brokerage House Pvt. Ltd,MILKY WAY SHARE BROKER COMPANY LTD ,350,468.0,163800.0,2025-07-29 13:58:26.721443
2025-07-29,39736,2025072901040100,NYADI,Thrive Brokerage House Pvt. Ltd,Investment Management Nepal Pvt. Ltd.,10,468.0,4680.0,2025-07-29 14:02:38.238633
2025-07-29,39612,2025072901040148,NYADI,Thrive Brokerage House Pvt. Ltd,Agrawal Securities (PVT) Ltd.,10,468.0,4680.0,2025-07-29 14:02:57.560272
2025-07-29,39423,2025072901040214,NYADI,Thrive Brokerage House Pvt. Ltd,Imperial Securities Company Pvt. Ltd.,30,468.0,14040.0,2025-07-29 14:03:24.043676
2025-07-29,39422,2025072901040215,NYADI,Online Securities Pvt. Ltd.,Imperial Securities Company Pvt. Ltd.,120,467.5,56100.0,2025-07-29 14:03:24.044099
2025-07-29,38298,2025072901040566,NYADI,Online Securities Pvt. Ltd.,Naasa Securities Co. Ltd.,10,467.5,4675.0,2025-07-29 14:05:56.334568
2025-07-29,37629,2025072901040747,NYADI,Sundhara Securities Limited,Ashutosh Brokerage & Securities (PVT) Ltd.,30,468.0,14040.0,2025-07-29 14:07:09.115579
2025-07-29,36291,2025072901041120,NYADI,Online Securities Pvt. Ltd.,Sundhara Securities Limited,30,467.5,14025.0,2025-07-29 14:09:46.341126
2025-07-29,34632,2025072901041660,NYADI,Online Securities Pvt. Ltd.,Dipshikha Dhitopatra Karobar Co. Pvt Ltd.,10,467.5,4675.0,2025-07-29 14:13:15.949152
2025-07-29,32316,2025072901042358,NYADI,Online Securities Pvt. Ltd.,Secured Securities Ltd.,30,467.5,14025.0,2025-07-29 14:17:34.468354
2025-07-29,32315,2025072901042359,NYADI,Dynamic Money Managers Securities Pvt. Ltd.,Secured Securities Ltd.,50,467.5,23375.0,2025-07-29 14:17:34.468788
2025-07-29,32256,2025072901042371,NYADI,Sundhara Securities Limited,Secured Securities Ltd.,10,467.5,4675.0,2025-07-29 14:17:42.097264
2025-07-29,32013,2025072901042458,NYADI,Capital Max Securities Ltd,Sani Securities Company Ltd.,10,467.0,4670.0,2025-07-29 14:18:06.471565
2025-07-29,31649,2025072901042579,NYADI,Capital Max Securities Ltd,Dakshinkali Investment & Securities Pvt. Ltd.,40,467.0,18680.0,2025-07-29 14:18:47.345007
2025-07-29,31648,2025072901042580,NYADI,Aryatara Investment & Securities,Dakshinkali Investment & Securities Pvt. Ltd.,10,467.0,4670.0,2025-07-29 14:18:47.345229
2025-07-29,31647,2025072901042581,NYADI,Naasa Securities Co. Ltd.,Dakshinkali Investment & Securities Pvt. Ltd.,10,467.0,4670.0,2025-07-29 14:18:47.345324
2025-07-29,31646,2025072901042582,NYADI,Linch Stock Market Ltd.,Dakshinkali Investment & Securities Pvt. Ltd.,300,467.0,140100.0,2025-07-29 14:18:47.345414
2025-07-29,30805,2025072901042899,NYADI,Aryatara Investment & Securities,Dakshinkali Investment & Securities Pvt. Ltd.,50,467.0,23350.0,2025-07-29 14:20:24.646974
2025-07-29,30770,2025072901042900,NYADI,Linch Stock Market Ltd.,Shree Krishna Securities Ltd.,278,466.5,129687.0,2025-07-29 14:20:29.962258
2025-07-29,30688,2025072901042921,NYADI,Linch Stock Market Ltd.,Bhrikuti Stock Broking Co. Pvt. Ltd.,222,466.5,103563.0,2025-07-29 14:20:41.364600
2025-07-29,30459,2025072901042980,NYADI,Dipshikha Dhitopatra Karobar Co. Pvt Ltd.,Ashutosh Brokerage & Securities (PVT) Ltd.,50,465.7,23285.0,2025-07-29 14:21:04.235350
2025-07-29,30458,2025072901042981,NYADI,Naasa Securities Co. Ltd.,Ashutosh Brokerage & Securities (PVT) Ltd.,18,465.5,8379.0,2025-07-29 14:21:04.235571
2025-07-29,30457,2025072901042982,NYADI,Secured Securities Ltd.,Ashutosh Brokerage & Securities (PVT) Ltd.,30,465.0,13950.0,2025-07-29 14:21:04.235660
2025-07-29,30456,2025072901042983,NYADI,Sweta Securities Private Limited,Ashutosh Brokerage & Securities (PVT) Ltd.,72,465.0,33480.0,2025-07-29 14:21:04.235738
2025-07-29,29841,2025072901043143,NYADI,Sweta Securities Private Limited,Naasa Securities Co. Ltd.,10,465.0,4650.0,2025-07-29 14:22:13.511289
2025-07-29,29635,2025072901043201,NYADI,Sweta Securities Private Limited,Naasa Securities Co. Ltd.,18,465.0,8370.0,2025-07-29 14:22:37.308328
2025-07-29,29634,2025072901043202,NYADI,Dipshikha Dhitopatra Karobar Co. Pvt Ltd.,Naasa Securities Co. Ltd.,24,465.0,11160.0,2025-07-29 14:22:37.308747
2025-07-29,29633,2025072901043203,NYADI,ABC Securities Private Limited,Naasa Securities Co. Ltd.,100,465.0,46500.0,2025-07-29 14:22:37.309015
2025-07-29,29632,2025072901043204,NYADI,Sundhara Securities Limited,Naasa Securities Co. Ltd.,238,465.0,110670.0,2025-07-29 14:22:37.309310
2025-07-29,29225,2025072901043343,NYADI,Kohinoor Investment & Securities Pvt. Ltd.,Bhrikuti Stock Broking Co. Pvt. Ltd.,278,466.5,129687.0,2025-07-29 14:23:13.433436
2025-07-29,29189,2025072901043353,NYADI,Kohinoor Investment & Securities Pvt. Ltd.,Secured Securities Ltd.,222,466.5,103563.0,2025-07-29 14:23:17.106879
2025-07-29,29188,2025072901043354,NYADI,Sundhara Securities Limited,Secured Securities Ltd.,62,465.0,28830.0,2025-07-29 14:23:17.107114
2025-07-29,29187,2025072901043355,NYADI,Nepal Investment And Securities Trading Private Limited,Secured Securities Ltd.,30,465.0,13950.0,2025-07-29 14:23:17.107196
2025-07-29,29186,2025072901043356,NYADI,Kohinoor Investment & Securities Pvt. Ltd.,Secured Securities Ltd.,200,465.0,93000.0,2025-07-29 14:23:17.107275
2025-07-29,29185,2025072901043357,NYADI,Thrive Brokerage House Pvt. Ltd,Secured Securities Ltd.,100,465.0,46500.0,2025-07-29 14:23:17.107353
2025-07-29,29184,2025072901043358,NYADI,Naasa Securities Co. Ltd.,Secured Securities Ltd.,20,465.0,9300.0,2025-07-29 14:23:17.107428
2025-07-29,29069,2025072901043401,NYADI,J.F. Securites (PVT) Ltd.,Secured Securities Ltd.,100,464.0,46400.0,2025-07-29 14:23:31.154673
2025-07-29,29068,2025072901043402,NYADI,Nepal Stock House (PVT) Ltd.,Secured Securities Ltd.,300,464.0,139200.0,2025-07-29 14:23:31.155020
2025-07-29,29067,2025072901043403,NYADI,Aryatara Investment & Securities,Secured Securities Ltd.,100,464.0,46400.0,2025-07-29 14:23:31.155266
2025-07-29,29043,2025072901043411,NYADI,Bhrikuti Stock Broking Co. Pvt. Ltd.,Aryatara Investment & Securities,10,464.0,4640.0,2025-07-29 14:23:33.973774
2025-07-29,28194,2025072901043637,NYADI,Bhrikuti Stock Broking Co. Pvt. Ltd.,Sweta Securities Private Limited,40,464.0,18560.0,2025-07-29 14:25:17.426624
2025-07-29,28193,2025072901043638,NYADI,Shree Krishna Securities Ltd.,Sweta Securities Private Limited,30,463.0,13890.0,2025-07-29 14:25:17.426808
2025-07-29,28192,2025072901043639,NYADI,Kumari Securities Private Limited,Sweta Securities Private Limited,30,463.0,13890.0,2025-07-29 14:25:17.426894
2025-07-29,28191,2025072901043640,NYADI,Shree Krishna Securities Ltd.,Sweta Securities Private Limited,10,462.6,4626.0,2025-07-29 14:25:17.426967
2025-07-29,28190,2025072901043641,NYADI,Primo Securities (PVT) Ltd.,Sweta Securities Private Limited,232,462.6,107323.2,2025-07-29 14:25:17.427052
2025-07-29,28189,2025072901043642,NYADI,Naasa Securities Co. Ltd.,Sweta Securities Private Limited,100,462.0,46200.0,2025-07-29 14:25:17.427135
2025-07-29,28188,2025072901043643,NYADI,Bhrikuti Stock Broking Co. Pvt. Ltd.,Sweta Securities Private Limited,1000,462.0,462000.0,2025-07-29 14:25:17.427206
2025-07-29,28187,2025072901043644,NYADI,Aryatara Investment & Securities,Sweta Securities Private Limited,50,462.0,23100.0,2025-07-29 14:25:17.427277
2025-07-29,28186,2025072901043645,NYADI,Bhrikuti Stock Broking Co. Pvt. Ltd.,Sweta Securities Private Limited,100,462.0,46200.0,2025-07-29 14:25:17.427349
2025-07-29,28185,2025072901043646,NYADI,Linch Stock Market Ltd.,Sweta Securities Private Limited,21,461.0,9681.0,2025-07-29 14:25:17.427420
2025-07-29,28184,2025072901043647,NYADI,Aryatara Investment & Securities,Sweta Securities Private Limited,150,461.0,69150.0,2025-07-29 14:25:17.427489
2025-07-29,28183,2025072901043648,NYADI,Aryatara Investment & Securities,Sweta Securities Private Limited,100,461.0,46100.0,2025-07-29 14:25:17.427561
2025-07-29,28182,2025072901043649,NYADI,Vision Securities Pvt. Ltd,Sweta Securities Private Limited,20,460.7,9214.0,2025-07-29 14:25:17.427633
2025-07-29,28181,2025072901043650,NYADI,Midas Stock Broking Company Private Limited,Sweta Securities Private Limited,117,460.0,53820.0,2025-07-29 14:25:17.427703
2025-07-29,28082,2025072901043684,NYADI,Midas Stock Broking Company Private Limited,Imperial Securities Company Pvt. Ltd.,10,460.0,4600.0,2025-07-29 14:25:28.266199
2025-07-29,27366,2025072901043907,NYADI,Midas Stock Broking Company Private Limited,Dipshikha Dhitopatra Karobar Co. Pvt Ltd.,10,460.0,4600.0,2025-07-29 14:26:55.887611
2025-07-29,26553,2025072901044210,NYADI,Bhrikuti Stock Broking Co. Pvt. Ltd.,Miyo Securities Pvt Ltd,400,460.1,184040.0,2025-07-29 14:28:25.934311
2025-07-29,26552,2025072901044211,NYADI,Midas Stock Broking Company Private Limited,Miyo Securities Pvt Ltd,100,460.0,46000.0,2025-07-29 14:28:25.934680
2025-07-29,26004,2025072901044404,NYADI,Midas Stock Broking Company Private Limited,Sani Securities Company Ltd.,1000,460.0,460000.0,2025-07-29 14:29:21.138146
2025-07-29,25531,2025072901044532,NYADI,Midas Stock Broking Company Private Limited,Himalayan Brokerage Company Limited,263,460.0,120980.0,2025-07-29 14:30:02.332699
2025-07-29,25530,2025072901044533,NYADI,Vision Securities Pvt. Ltd,Himalayan Brokerage Company Limited,345,460.0,158700.0,2025-07-29 14:30:02.332902
2025-07-29,25529,2025072901044534,NYADI,Online Securities Pvt. Ltd.,Himalayan Brokerage Company Limited,50,460.0,23000.0,2025-07-29 14:30:02.332977
2025-07-29,25528,2025072901044535,NYADI,Himalayan Brokerage Company Limited,Himalayan Brokerage Company Limited,500,460.0,230000.0,2025-07-29 14:30:02.333058
2025-07-29,25527,2025072901044536,NYADI,Sani Securities Company Ltd.,Himalayan Brokerage Company Limited,110,460.0,50600.0,2025-07-29 14:30:02.333130
2025-07-29,25526,2025072901044537,NYADI,Citizens Share Broker Limited,Himalayan Brokerage Company Limited,200,460.0,92000.0,2025-07-29 14:30:02.333200
2025-07-29,25525,2025072901044538,NYADI,Creative Securities Pvt Ltd,Himalayan Brokerage Company Limited,100,460.0,46000.0,2025-07-29 14:30:02.333269
2025-07-29,25524,2025072901044539,NYADI,Sri Hari Securities Pvt. Ltd.,Himalayan Brokerage Company Limited,250,460.0,115000.0,2025-07-29 14:30:02.333339
2025-07-29,25523,2025072901044540,NYADI,Nepal Stock House (PVT) Ltd.,Himalayan Brokerage Company Limited,70,460.0,32200.0,2025-07-29 14:30:02.333408
2025-07-29,25522,2025072901044541,NYADI,Dynamic Money Managers Securities Pvt. Ltd.,Himalayan Brokerage Company Limited,15,460.0,6900.0,2025-07-29 14:30:02.333476
2025-07-29,25521,2025072901044542,NYADI,Sri Hari Securities Pvt. Ltd.,Himalayan Brokerage Company Limited,500,459.5,229750.0,2025-07-29 14:30:02.333547
2025-07-29,25520,2025072901044543,NYADI,Sumeru Securities Pvt. Ltd.,Himalayan Brokerage Company Limited,60,459.3,27558.0,2025-07-29 14:30:02.333633
2025-07-29,25519,2025072901044544,NYADI,Imperial Securities Company Pvt. Ltd.,Himalayan Brokerage Company Limited,37,459.0,16983.0,2025-07-29 14:30:02.333727
2025-07-29,24961,2025072901044701,NYADI,Himalayan Brokerage Company Limited,Asian Securities Private Ltd.,10,460.0,4600.0,2025-07-29 14:30:58.006857
2025-07-29,22205,2025072901045448,NYADI,Thrive Brokerage House Pvt. Ltd,Dakshinkali Investment & Securities Pvt. Ltd.,44,459.5,20218.0,2025-07-29 14:35:19.883079
2025-07-29,21964,2025072901045517,NYADI,Thrive Brokerage House Pvt. Ltd,Opal Securities Investment (PVT) Ltd.,10,459.5,4595.0,2025-07-29 14:35:50.587931
2025-07-29,21936,2025072901045526,NYADI,Naasa Securities Co. Ltd.,Thrive Brokerage House Pvt. Ltd,20,460.0,9200.0,2025-07-29 14:35:56.596920
2025-07-29,21515,2025072901045642,NYADI,Midas Stock Broking Company Private Limited,Thrive Brokerage House Pvt. Ltd,20,460.0,9200.0,2025-07-29 14:36:36.990178
2025-07-29,21477,2025072901045659,NYADI,Shree Krishna Securities Ltd.,Thrive Brokerage House Pvt. Ltd,20,460.0,9200.0,2025-07-29 14:36:42.675963
2025-07-29,21115,2025072901045755,NYADI,Himalayan Brokerage Company Limited,Thrive Brokerage House Pvt. Ltd,10,460.0,4600.0,2025-07-29 14:37:21.860952
2025-07-29,19921,2025072901046213,NYADI,Thrive Brokerage House Pvt. Ltd,Online Securities Pvt. Ltd.,10,460.5,4605.0,2025-07-29 14:39:19.597576
2025-07-29,19802,2025072901046270,NYADI,Dipshikha Dhitopatra Karobar Co. Pvt Ltd.,Sani Securities Company Ltd.,5,460.0,2300.0,2025-07-29 14:39:33.825776
2025-07-29,19064,2025072901046503,NYADI,Primo Securities (PVT) Ltd.,Kumari Securities Private Limited,10,462.0,4620.0,2025-07-29 14:40:33.465194
2025-07-29,18710,2025072901046636,NYADI,Trademow Securities Private Limited,Online Securities Pvt. Ltd.,10,463.0,4630.0,2025-07-29 14:41:12.478526
2025-07-29,18695,2025072901046643,NYADI,Trademow Securities Private Limited,Nepal Stock House (PVT) Ltd.,10,463.0,4630.0,2025-07-29 14:41:13.880283
2025-07-29,18432,2025072901046703,NYADI,Aryatara Investment & Securities,Investment Management Nepal Pvt. Ltd.,100,463.9,46390.0,2025-07-29 14:41:36.410008
2025-07-29,18054,2025072901046845,NYADI,Swarna Laxmi Securities Pvt. Ltd.,Aryatara Investment & Securities,10,464.0,4640.0,2025-07-29 14:42:13.217428
2025-07-29,18053,2025072901046846,NYADI,Swarna Laxmi Securities Pvt. Ltd.,Sweta Securities Private Limited,10,464.0,4640.0,2025-07-29 14:42:13.217630
2025-07-29,17641,2025072901046963,NYADI,Swarna Laxmi Securities Pvt. Ltd.,Dipshikha Dhitopatra Karobar Co. Pvt Ltd.,10,464.0,4640.0,2025-07-29 14:42:52.023352
2025-07-29,17181,2025072901047147,NYADI,Swarna Laxmi Securities Pvt. Ltd.,Vision Securities Pvt. Ltd,10,465.0,4650.0,2025-07-29 14:43:36.900518
2025-07-29,17180,2025072901047148,NYADI,Swarna Laxmi Securities Pvt. Ltd.,Linch Stock Market Ltd.,10,465.0,4650.0,2025-07-29 14:43:36.900710
2025-07-29,17027,2025072901047207,NYADI,Trademow Securities Private Limited,Shree Krishna Securities Ltd.,10,468.9,4689.0,2025-07-29 14:43:46.916943
2025-07-29,17026,2025072901047208,NYADI,Trademow Securities Private Limited,Cristal Kanchanjanga Securites Pvt. Ltd.,10,469.0,4690.0,2025-07-29 14:43:46.917158
2025-07-29,17025,2025072901047209,NYADI,Trademow Securities Private Limited,Online Securities Pvt. Ltd.,10,469.0,4690.0,2025-07-29 14:43:46.917239
2025-07-29,17024,2025072901047210,NYADI,Trademow Securities Private Limited,Sweta Securities Private Limited,550,469.0,257950.0,2025-07-29 14:43:46.917329
2025-07-29,16957,2025072901047230,NYADI,Swarna Laxmi Securities Pvt. Ltd.,Sani Securities Company Ltd.,10,465.0,4650.0,2025-07-29 14:43:51.930629
2025-07-29,15682,2025072901047734,NYADI,Primo Securities (PVT) Ltd.,Himalayan Brokerage Company Limited,100,468.9,46890.0,2025-07-29 14:45:29.832596
2025-07-29,14940,2025072901047950,NYADI,Swarna Laxmi Securities Pvt. Ltd.,Kalika Securities Pvt. Ltd.,10,466.1,4661.0,2025-07-29 14:46:35.805550
2025-07-29,14902,2025072901047952,NYADI,Swarna Laxmi Securities Pvt. Ltd.,Bhrikuti Stock Broking Co. Pvt. Ltd.,230,466.1,107203.0,2025-07-29 14:46:36.948646
2025-07-29,14901,2025072901047953,NYADI,Vision Securities Pvt. Ltd,Bhrikuti Stock Broking Co. Pvt. Ltd.,250,466.0,116500.0,2025-07-29 14:46:36.948838
2025-07-29,14135,2025072901048215,NYADI,Linch Stock Market Ltd.,Kumari Securities Private Limited,10,465.0,4650.0,2025-07-29 14:47:41.463612
2025-07-29,13750,2025072901048344,NYADI,Linch Stock Market Ltd.,Dipshikha Dhitopatra Karobar Co. Pvt Ltd.,10,465.0,4650.0,2025-07-29 14:48:16.003592
2025-07-29,12435,2025072901048831,NYADI,Vision Securities Pvt. Ltd,Bhrikuti Stock Broking Co. Pvt. Ltd.,10,466.0,4660.0,2025-07-29 14:50:05.376477
2025-07-29,8728,2025072901049980,NYADI,Neev Securities Pvt. Ltd.,Bhrikuti Stock Broking Co. Pvt. Ltd.,270,466.0,125820.0,2025-07-29 14:53:56.203442
2025-07-29,8469,2025072901050080,NYADI,Neev Securities Pvt. Ltd.,Nagarik Stock Dealer ,30,466.0,13980.0,2025-07-29 14:54:10.849867
2025-07-29,7573,2025072901050388,NYADI,Online Securities Pvt. Ltd.,Nagarik Stock Dealer ,10,466.0,4660.0,2025-07-29 14:55:04.784732
2025-07-29,6852,2025072901050630,NYADI,Online Securities Pvt. Ltd.,Nagarik Stock Dealer ,10,466.0,4660.0,2025-07-29 14:55:48.879141
2025-07-29,4893,2025072901051290,NYADI,KALASH STOCK MARKET PVT. LTD.,Online Securities Pvt. Ltd.,10,465.1,4651.0,2025-07-29 14:57:24.391170
2025-07-29,4699,2025072901051365,NYADI,Sani Securities Company Ltd.,Shree Krishna Securities Ltd.,10,466.0,4660.0,2025-07-29 14:57:32.041572
2025-07-29,4483,2025072901051445,NYADI,Sani Securities Company Ltd.,Nepal Stock House (PVT) Ltd.,465,466.0,216690.0,2025-07-29 14:57:41.861682
2025-07-29,4062,2025072901051563,NYADI,Sani Securities Company Ltd.,Aryatara Investment & Securities,10,466.0,4660.0,2025-07-29 14:58:00.679005
2025-07-29,2044,2025072901052156,NYADI,Sani Securities Company Ltd.,Nagarik Stock Dealer ,15,466.0,6990.0,2025-07-29 14:59:12.234805
2025-07-29,2043,2025072901052157,NYADI,Naasa Securities Co. Ltd.,Nagarik Stock Dealer ,50,466.0,23300.0,2025-07-29 14:59:12.234991
2025-07-29,2042,2025072901052158,NYADI,KALASH STOCK MARKET PVT. LTD.,Nagarik Stock Dealer ,110,465.1,51161.0,2025-07-29 14:59:12.235082
2025-07-29,2041,2025072901052159,NYADI,Linch Stock Market Ltd.,Nagarik Stock Dealer ,150,465.0,69750.0,2025-07-29 14:59:12.235167
2025-07-29,2040,2025072901052160,NYADI,Aryatara Investment & Securities,Nagarik Stock Dealer ,122,464.0,56608.0,2025-07-29 14:59:12.235252
