Date,S.N.,Contract ID,Symbol,Buyer Broker,Seller Broker,quantity,rate,amount,transaction_time
2025-07-09,62838,2025070903000004,CORBL,ABC Securities Private Limited,Roadshow securities limited,10,2547.7,25477.0,2025-07-09 10:46:00.033039
2025-07-09,62795,2025070903000012,CORBL,Hatemalo Financial Services Private Limited,Hatemalo Financial Services Private Limited,10,2497.0,24970.0,2025-07-09 11:00:09.104417
2025-07-09,62792,2025070903000013,CORBL,Hatemalo Financial Services Private Limited,Hatemalo Financial Services Private Limited,10,2448.0,24480.0,2025-07-09 11:00:13.123289
2025-07-09,62784,2025070903000014,CORBL,Dakshinkali Investment & Securities Pvt. Ltd.,Hatemalo Financial Services Private Limited,10,2401.0,24010.0,2025-07-09 11:00:18.137615
2025-07-09,62672,2025070903000027,CORBL,Dakshinkali Investment & Securities Pvt. Ltd.,Hatemalo Financial Services Private Limited,10,2401.0,24010.0,2025-07-09 11:01:31.320040
2025-07-09,62552,2025070903000031,CORBL,Sani Securities Company Ltd.,Sani Securities Company Ltd.,100,2448.0,244800.0,2025-07-09 11:02:25.652882
2025-07-09,62451,2025070903000039,CORBL,Sani Securities Company Ltd.,Hatemalo Financial Services Private Limited,100,2448.0,244800.0,2025-07-09 11:02:53.530910
2025-07-09,62450,2025070903000040,CORBL,Dakshinkali Investment & Securities Pvt. Ltd.,Hatemalo Financial Services Private Limited,10,2401.0,24010.0,2025-07-09 11:02:53.530966
2025-07-09,61772,2025070903000126,CORBL,Sani Securities Company Ltd.,Oxford Securities Pvt. Ltd.,12,2442.0,29304.0,2025-07-09 11:07:05.049303
2025-07-09,61562,2025070903000140,CORBL,SHUBHAKAMANA SECURITIES PVT. LTD,Linch Stock Market Ltd.,30,2449.0,73470.0,2025-07-09 11:08:00.662852
2025-07-09,61561,2025070903000141,CORBL,SHUBHAKAMANA SECURITIES PVT. LTD,Naasa Securities Co. Ltd.,20,2449.0,48980.0,2025-07-09 11:08:00.663017
2025-07-09,61012,2025070903000226,CORBL,Market Securities & Exchange (PVT) Ltd.,Hatemalo Financial Services Private Limited,16,2450.0,39200.0,2025-07-09 11:11:02.996193
2025-07-09,60920,2025070903000231,CORBL,Market Securities & Exchange (PVT) Ltd.,Vision Securities Pvt. Ltd,20,2441.1,48822.0,2025-07-09 11:11:45.064402
2025-07-09,60919,2025070903000232,CORBL,Nagarik Stock Dealer ,Vision Securities Pvt. Ltd,10,2441.1,24411.0,2025-07-09 11:11:45.064577
2025-07-09,60907,2025070903000234,CORBL,Trishakti Securities Public Limited,Hatemalo Financial Services Private Limited,100,2450.0,245000.0,2025-07-09 11:11:50.851242
2025-07-09,59490,2025070903000405,CORBL,N.M.B. SECURITIES LIMITED,Hatemalo Financial Services Private Limited,30,2450.0,73500.0,2025-07-09 11:19:20.800755
2025-07-09,59325,2025070903000415,CORBL,Ashutosh Brokerage & Securities (PVT) Ltd.,Hatemalo Financial Services Private Limited,606,2450.0,1484700.0,2025-07-09 11:20:23.214197
2025-07-09,58905,2025070903000472,CORBL,Sani Securities Company Ltd.,Hatemalo Financial Services Private Limited,10,2450.0,24500.0,2025-07-09 11:22:34.271715
2025-07-09,58648,2025070903000492,CORBL,Dipshikha Dhitopatra Karobar Co. Pvt Ltd.,Hatemalo Financial Services Private Limited,38,2450.0,93100.0,2025-07-09 11:23:54.678936
2025-07-09,57752,2025070903000590,CORBL,Ashutosh Brokerage & Securities (PVT) Ltd.,Hatemalo Financial Services Private Limited,100,2450.0,245000.0,2025-07-09 11:28:16.812406
2025-07-09,57562,2025070903000607,CORBL,Nabil Stock Dealer Ltd.,Hatemalo Financial Services Private Limited,99,2450.0,242550.0,2025-07-09 11:29:04.486405
2025-07-09,57561,2025070903000608,CORBL,Nabil Stock Dealer Ltd.,Naasa Securities Co. Ltd.,84,2450.0,205800.0,2025-07-09 11:29:04.486517
2025-07-09,57448,2025070903000613,CORBL,Nabil Stock Dealer Ltd.,Hatemalo Financial Services Private Limited,12,2450.0,29400.0,2025-07-09 11:29:24.871933
2025-07-09,56822,2025070903000652,CORBL,SHUBHAKAMANA SECURITIES PVT. LTD,Hatemalo Financial Services Private Limited,200,2450.0,490000.0,2025-07-09 11:31:41.419827
2025-07-09,55734,2025070903000761,CORBL,South Asian Bulls Pvt. Ltd.,Investment Management Nepal Pvt. Ltd.,28,2443.1,68406.8,2025-07-09 11:35:51.494254
2025-07-09,55711,2025070903000766,CORBL,Kumari Securities Private Limited,Hatemalo Financial Services Private Limited,50,2450.0,122500.0,2025-07-09 11:35:58.737010
2025-07-09,55219,2025070903000826,CORBL,SHUBHAKAMANA SECURITIES PVT. LTD,Hatemalo Financial Services Private Limited,200,2450.0,490000.0,2025-07-09 11:37:52.577441
2025-07-09,54419,2025070903000936,CORBL,Ashutosh Brokerage & Securities (PVT) Ltd.,Hatemalo Financial Services Private Limited,100,2450.0,245000.0,2025-07-09 11:41:05.927499
2025-07-09,54367,2025070903000943,CORBL,South Asian Bulls Pvt. Ltd.,Vision Securities Pvt. Ltd,20,2443.1,48862.0,2025-07-09 11:41:18.429343
2025-07-09,51011,2025070903001423,CORBL,Sani Securities Company Ltd.,Hatemalo Financial Services Private Limited,200,2450.0,490000.0,2025-07-09 11:55:12.569406
2025-07-09,50559,2025070903001481,CORBL,Linch Stock Market Ltd.,Hatemalo Financial Services Private Limited,10,2450.0,24500.0,2025-07-09 11:57:07.186891
2025-07-09,49199,2025070903001685,CORBL,R.B.B. Securities Company Ltd,Hatemalo Financial Services Private Limited,200,2450.0,490000.0,2025-07-09 12:01:48.277365
2025-07-09,47218,2025070903002080,CORBL,Trishakti Securities Public Limited,Hatemalo Financial Services Private Limited,50,2450.0,122500.0,2025-07-09 12:10:25.916607
2025-07-09,46876,2025070903002118,CORBL,Sani Securities Company Ltd.,Hatemalo Financial Services Private Limited,10,2450.0,24500.0,2025-07-09 12:11:53.549582
2025-07-09,46859,2025070903002124,CORBL,Naasa Securities Co. Ltd.,Hatemalo Financial Services Private Limited,10,2450.0,24500.0,2025-07-09 12:11:58.709035
2025-07-09,46824,2025070903002126,CORBL,BHOLE GANESH SECURITIES LTD,Hatemalo Financial Services Private Limited,50,2450.0,122500.0,2025-07-09 12:12:07.795641
2025-07-09,46823,2025070903002127,CORBL,Linch Stock Market Ltd.,Hatemalo Financial Services Private Limited,50,2450.0,122500.0,2025-07-09 12:12:08.526458
2025-07-09,46803,2025070903002129,CORBL,Miyo Securities Pvt Ltd,Hatemalo Financial Services Private Limited,100,2450.0,245000.0,2025-07-09 12:12:16.047137
2025-07-09,46742,2025070903002133,CORBL,Sri Hari Securities Pvt. Ltd.,Hatemalo Financial Services Private Limited,10,2450.0,24500.0,2025-07-09 12:12:32.701190
2025-07-09,46612,2025070903002161,CORBL,Sri Hari Securities Pvt. Ltd.,Hatemalo Financial Services Private Limited,100,2450.0,245000.0,2025-07-09 12:13:11.976983
2025-07-09,46589,2025070903002164,CORBL,Sani Securities Company Ltd.,Hatemalo Financial Services Private Limited,10,2450.0,24500.0,2025-07-09 12:13:15.310566
2025-07-09,46310,2025070903002207,CORBL,Kalika Securities Pvt. Ltd.,Hatemalo Financial Services Private Limited,25,2450.0,61250.0,2025-07-09 12:14:46.978085
2025-07-09,46099,2025070903002252,CORBL,Naasa Securities Co. Ltd.,Hatemalo Financial Services Private Limited,11,2445.5,26900.5,2025-07-09 12:15:51.000929
2025-07-09,46098,2025070903002253,CORBL,Naasa Securities Co. Ltd.,Hatemalo Financial Services Private Limited,11,2445.4,26899.4,2025-07-09 12:15:51.000993
2025-07-09,46097,2025070903002254,CORBL,Naasa Securities Co. Ltd.,Hatemalo Financial Services Private Limited,11,2445.3,26898.3,2025-07-09 12:15:51.001040
2025-07-09,46096,2025070903002255,CORBL,Naasa Securities Co. Ltd.,Hatemalo Financial Services Private Limited,11,2445.2,26897.2,2025-07-09 12:15:51.001097
2025-07-09,46095,2025070903002256,CORBL,Naasa Securities Co. Ltd.,Hatemalo Financial Services Private Limited,11,2445.1,26896.1,2025-07-09 12:15:51.001134
2025-07-09,45976,2025070903002282,CORBL,N.M.B. SECURITIES LIMITED,Hatemalo Financial Services Private Limited,20,2450.0,49000.0,2025-07-09 12:16:37.267084
2025-07-09,44578,2025070903002488,CORBL,Sani Securities Company Ltd.,Hatemalo Financial Services Private Limited,10,2450.0,24500.0,2025-07-09 12:23:58.599630
2025-07-09,44019,2025070903002542,CORBL,Naasa Securities Co. Ltd.,Hatemalo Financial Services Private Limited,10,2450.0,24500.0,2025-07-09 12:26:15.081964
2025-07-09,43094,2025070903002694,CORBL,Premier Securities Company Ltd.,Hatemalo Financial Services Private Limited,20,2450.0,49000.0,2025-07-09 12:31:47.424651
2025-07-09,42752,2025070903002730,CORBL,Kohinoor Investment & Securities Pvt. Ltd.,Nepal Stock House (PVT) Ltd.,10,2446.0,24460.0,2025-07-09 12:33:33.610654
2025-07-09,42751,2025070903002731,CORBL,Naasa Securities Co. Ltd.,Nepal Stock House (PVT) Ltd.,28,2445.1,68462.8,2025-07-09 12:33:33.610814
2025-07-09,42742,2025070903002732,CORBL,SHUBHAKAMANA SECURITIES PVT. LTD,Hatemalo Financial Services Private Limited,524,2450.0,1283800.0,2025-07-09 12:33:35.032699
2025-07-09,41803,2025070903002872,CORBL,Kohinoor Investment & Securities Pvt. Ltd.,Hatemalo Financial Services Private Limited,34,2450.0,83300.0,2025-07-09 12:37:43.862856
2025-07-09,41276,2025070903002925,CORBL,Sani Securities Company Ltd.,Hatemalo Financial Services Private Limited,30,2450.0,73500.0,2025-07-09 12:40:16.136506
2025-07-09,41174,2025070903002930,CORBL,Sani Securities Company Ltd.,Hatemalo Financial Services Private Limited,10,2450.0,24500.0,2025-07-09 12:40:48.400513
2025-07-09,40957,2025070903002961,CORBL,Sani Securities Company Ltd.,Naasa Securities Co. Ltd.,10,2449.9,24499.0,2025-07-09 12:41:58.226616
2025-07-09,40607,2025070903002992,CORBL,Ashutosh Brokerage & Securities (PVT) Ltd.,Naasa Securities Co. Ltd.,10,2449.9,24499.0,2025-07-09 12:43:07.314804
2025-07-09,40572,2025070903003004,CORBL,Ashutosh Brokerage & Securities (PVT) Ltd.,Naasa Securities Co. Ltd.,10,2449.9,24499.0,2025-07-09 12:43:17.376494
2025-07-09,40538,2025070903003006,CORBL,Ashutosh Brokerage & Securities (PVT) Ltd.,Naasa Securities Co. Ltd.,10,2449.9,24499.0,2025-07-09 12:43:30.482498
2025-07-09,39372,2025070903003179,CORBL,Online Securities Pvt. Ltd.,Naasa Securities Co. Ltd.,20,2449.9,48998.0,2025-07-09 12:49:29.999575
2025-07-09,39371,2025070903003180,CORBL,Online Securities Pvt. Ltd.,Hatemalo Financial Services Private Limited,41,2450.0,100450.0,2025-07-09 12:49:29.999693
2025-07-09,38903,2025070903003237,CORBL,Kalika Securities Pvt. Ltd.,Hatemalo Financial Services Private Limited,15,2450.0,36750.0,2025-07-09 12:52:05.989120
2025-07-09,38622,2025070903003264,CORBL,Agrawal Securities (PVT) Ltd.,Hatemalo Financial Services Private Limited,10,2450.0,24500.0,2025-07-09 12:53:36.543977
2025-07-09,38602,2025070903003265,CORBL,Sani Securities Company Ltd.,Hatemalo Financial Services Private Limited,10,2450.0,24500.0,2025-07-09 12:53:42.560900
2025-07-09,38481,2025070903003288,CORBL,Naasa Securities Co. Ltd.,Hatemalo Financial Services Private Limited,36,2450.0,88200.0,2025-07-09 12:54:16.698068
2025-07-09,37969,2025070903003347,CORBL,Online Securities Pvt. Ltd.,Global IME Securities Limited,10,2446.0,24460.0,2025-07-09 12:56:55.707512
2025-07-09,37185,2025070903003434,CORBL,Vision Securities Pvt. Ltd,Hatemalo Financial Services Private Limited,35,2450.0,85750.0,2025-07-09 13:00:10.415751
2025-07-09,36284,2025070903003547,CORBL,Aryatara Investment & Securities,Aryatara Investment & Securities,10,2448.0,24480.0,2025-07-09 13:04:37.594273
2025-07-09,36269,2025070903003550,CORBL,Online Securities Pvt. Ltd.,Sundhara Securities Limited,10,2446.0,24460.0,2025-07-09 13:04:45.087703
2025-07-09,36268,2025070903003551,CORBL,Sri Hari Securities Pvt. Ltd.,Sundhara Securities Limited,14,2446.0,34244.0,2025-07-09 13:04:45.087856
2025-07-09,36267,2025070903003552,CORBL,Naasa Securities Co. Ltd.,Sundhara Securities Limited,26,2445.1,63572.6,2025-07-09 13:04:45.087911
2025-07-09,36193,2025070903003566,CORBL,Dipshikha Dhitopatra Karobar Co. Pvt Ltd.,Hatemalo Financial Services Private Limited,38,2450.0,93100.0,2025-07-09 13:05:11.243414
2025-07-09,36049,2025070903003601,CORBL,South Asian Bulls Pvt. Ltd.,Hatemalo Financial Services Private Limited,100,2450.0,245000.0,2025-07-09 13:06:08.353631
2025-07-09,35767,2025070903003641,CORBL,Naasa Securities Co. Ltd.,Hatemalo Financial Services Private Limited,27,2450.0,66150.0,2025-07-09 13:07:39.752532
2025-07-09,34220,2025070903003883,CORBL,Vision Securities Pvt. Ltd,Hatemalo Financial Services Private Limited,17,2450.0,41650.0,2025-07-09 13:16:11.552323
2025-07-09,33043,2025070903004028,CORBL,KALASH STOCK MARKET PVT. LTD.,Hatemalo Financial Services Private Limited,70,2450.0,171500.0,2025-07-09 13:22:10.781760
2025-07-09,32481,2025070903004100,CORBL,Sani Securities Company Ltd.,Hatemalo Financial Services Private Limited,10,2450.0,24500.0,2025-07-09 13:24:39.439319
2025-07-09,32324,2025070903004124,CORBL,Sani Securities Company Ltd.,Hatemalo Financial Services Private Limited,10,2450.0,24500.0,2025-07-09 13:25:12.788661
2025-07-09,31108,2025070903004292,CORBL,Sani Securities Company Ltd.,Hatemalo Financial Services Private Limited,10,2450.0,24500.0,2025-07-09 13:30:23.560705
2025-07-09,30827,2025070903004341,CORBL,Sani Securities Company Ltd.,Hatemalo Financial Services Private Limited,20,2450.0,49000.0,2025-07-09 13:31:31.137841
2025-07-09,28850,2025070903004750,CORBL,KALASH STOCK MARKET PVT. LTD.,Hatemalo Financial Services Private Limited,70,2450.0,171500.0,2025-07-09 13:41:04.416763
2025-07-09,28708,2025070903004762,CORBL,Sani Securities Company Ltd.,Online Securities Pvt. Ltd.,10,2445.2,24452.0,2025-07-09 13:41:45.364188
2025-07-09,26007,2025070903005186,CORBL,Sani Securities Company Ltd.,Hatemalo Financial Services Private Limited,10,2450.0,24500.0,2025-07-09 13:52:49.387296
2025-07-09,25458,2025070903005240,CORBL,Secured Securities Ltd.,Hatemalo Financial Services Private Limited,30,2450.0,73500.0,2025-07-09 13:54:29.624961
2025-07-09,24817,2025070903005322,CORBL,Sani Securities Company Ltd.,Hatemalo Financial Services Private Limited,30,2450.0,73500.0,2025-07-09 13:56:43.906424
2025-07-09,24083,2025070903005481,CORBL,Siprabi Securities Pvt. Ltd.,Hatemalo Financial Services Private Limited,30,2450.0,73500.0,2025-07-09 14:00:06.560135
2025-07-09,23985,2025070903005499,CORBL,Trishakti Securities Public Limited,Hatemalo Financial Services Private Limited,100,2450.0,245000.0,2025-07-09 14:00:30.832319
2025-07-09,23821,2025070903005519,CORBL,Sri Hari Securities Pvt. Ltd.,Hatemalo Financial Services Private Limited,100,2450.0,245000.0,2025-07-09 14:01:11.078229
2025-07-09,23694,2025070903005535,CORBL,BHOLE GANESH SECURITIES LTD,Hatemalo Financial Services Private Limited,15,2450.0,36750.0,2025-07-09 14:01:30.229115
2025-07-09,23353,2025070903005588,CORBL,Deevyaa Securities & Stock House Pvt. Ltd,Hatemalo Financial Services Private Limited,500,2450.0,1225000.0,2025-07-09 14:02:58.809297
2025-07-09,22843,2025070903005695,CORBL,Midas Stock Broking Company Private Limited,Hatemalo Financial Services Private Limited,100,2450.0,245000.0,2025-07-09 14:04:55.681998
2025-07-09,20305,2025070903006127,CORBL,Trishakti Securities Public Limited,Hatemalo Financial Services Private Limited,50,2450.0,122500.0,2025-07-09 14:15:13.016685
2025-07-09,20303,2025070903006128,CORBL,Sumeru Securities Pvt. Ltd.,Hatemalo Financial Services Private Limited,37,2450.0,90650.0,2025-07-09 14:15:13.103315
2025-07-09,19114,2025070903006339,CORBL,Aryatara Investment & Securities,Hatemalo Financial Services Private Limited,10,2450.0,24500.0,2025-07-09 14:19:21.477269
2025-07-09,18811,2025070903006382,CORBL,BHOLE GANESH SECURITIES LTD,BHOLE GANESH SECURITIES LTD,4000,2448.5,9794000.0,2025-07-09 14:20:34.457531
2025-07-09,18636,2025070903006412,CORBL,Market Securities & Exchange (PVT) Ltd.,Hatemalo Financial Services Private Limited,20,2450.0,49000.0,2025-07-09 14:21:27.525290
2025-07-09,18484,2025070903006430,CORBL,Trishakti Securities Public Limited,Hatemalo Financial Services Private Limited,50,2450.0,122500.0,2025-07-09 14:22:10.087115
2025-07-09,18480,2025070903006431,CORBL,Market Securities & Exchange (PVT) Ltd.,Hatemalo Financial Services Private Limited,20,2450.0,49000.0,2025-07-09 14:22:10.765615
2025-07-09,18186,2025070903006474,CORBL,Thrive Brokerage House Pvt. Ltd,Hatemalo Financial Services Private Limited,20,2450.0,49000.0,2025-07-09 14:23:22.730048
2025-07-09,17937,2025070903006547,CORBL,Market Securities & Exchange (PVT) Ltd.,Hatemalo Financial Services Private Limited,20,2450.0,49000.0,2025-07-09 14:24:19.274911
2025-07-09,17073,2025070903006684,CORBL,Imperial Securities Company Pvt. Ltd.,Hatemalo Financial Services Private Limited,10,2450.0,24500.0,2025-07-09 14:27:21.345942
2025-07-09,17050,2025070903006686,CORBL,Market Securities & Exchange (PVT) Ltd.,Hatemalo Financial Services Private Limited,10,2450.0,24500.0,2025-07-09 14:27:27.202837
2025-07-09,16480,2025070903006769,CORBL,Hatemalo Financial Services Private Limited,Secured Securities Ltd.,13,2450.0,31850.0,2025-07-09 14:29:56.124763
2025-07-09,16479,2025070903006770,CORBL,Hatemalo Financial Services Private Limited,SUN SECURITIES PVT LTD,20,2490.0,49800.0,2025-07-09 14:29:56.124864
2025-07-09,16478,2025070903006771,CORBL,Hatemalo Financial Services Private Limited,Sani Securities Company Ltd.,100,2494.0,249400.0,2025-07-09 14:29:56.124921
2025-07-09,16477,2025070903006772,CORBL,Hatemalo Financial Services Private Limited,Himalayan Brokerage Company Limited,209,2494.0,521246.0,2025-07-09 14:29:56.124950
2025-07-09,16476,2025070903006773,CORBL,Hatemalo Financial Services Private Limited,Miyo Securities Pvt Ltd,30,2497.0,74910.0,2025-07-09 14:29:56.124979
2025-07-09,16475,2025070903006774,CORBL,Hatemalo Financial Services Private Limited,Dynamic Money Managers Securities Pvt. Ltd.,320,2498.9,799648.0,2025-07-09 14:29:56.125035
2025-07-09,16474,2025070903006775,CORBL,Hatemalo Financial Services Private Limited,Naasa Securities Co. Ltd.,96,2499.0,239904.0,2025-07-09 14:29:56.125068
2025-07-09,16473,2025070903006776,CORBL,Hatemalo Financial Services Private Limited,Linch Stock Market Ltd.,10,2499.0,24990.0,2025-07-09 14:29:56.125094
2025-07-09,16472,2025070903006777,CORBL,Hatemalo Financial Services Private Limited,Naasa Securities Co. Ltd.,20,2499.0,49980.0,2025-07-09 14:29:56.125116
2025-07-09,16471,2025070903006778,CORBL,Hatemalo Financial Services Private Limited,Kohinoor Investment & Securities Pvt. Ltd.,100,2499.0,249900.0,2025-07-09 14:29:56.125139
2025-07-09,16470,2025070903006779,CORBL,Hatemalo Financial Services Private Limited,Imperial Securities Company Pvt. Ltd.,20,2499.0,49980.0,2025-07-09 14:29:56.125166
2025-07-09,16469,2025070903006780,CORBL,Hatemalo Financial Services Private Limited,Capital Max Securities Ltd,20,2499.0,49980.0,2025-07-09 14:29:56.125190
2025-07-09,16468,2025070903006781,CORBL,Hatemalo Financial Services Private Limited,Linch Stock Market Ltd.,10,2499.0,24990.0,2025-07-09 14:29:56.125214
2025-07-09,16467,2025070903006782,CORBL,Hatemalo Financial Services Private Limited,J.F. Securites (PVT) Ltd.,12,2499.0,29988.0,2025-07-09 14:29:56.125238
2025-07-09,16466,2025070903006783,CORBL,Hatemalo Financial Services Private Limited,Online Securities Pvt. Ltd.,10,2499.0,24990.0,2025-07-09 14:29:56.125265
2025-07-09,16465,2025070903006784,CORBL,Hatemalo Financial Services Private Limited,Ashutosh Brokerage & Securities (PVT) Ltd.,39,2499.0,97461.0,2025-07-09 14:29:56.125291
2025-07-09,16464,2025070903006785,CORBL,Hatemalo Financial Services Private Limited,Ashutosh Brokerage & Securities (PVT) Ltd.,50,2499.0,124950.0,2025-07-09 14:29:56.125314
2025-07-09,16463,2025070903006786,CORBL,Hatemalo Financial Services Private Limited,Deevyaa Securities & Stock House Pvt. Ltd,130,2499.0,324870.0,2025-07-09 14:29:56.125337
2025-07-09,16462,2025070903006787,CORBL,Hatemalo Financial Services Private Limited,Linch Stock Market Ltd.,50,2499.0,124950.0,2025-07-09 14:29:56.125362
2025-07-09,16461,2025070903006788,CORBL,Hatemalo Financial Services Private Limited,Nepal Stock House (PVT) Ltd.,50,2499.0,124950.0,2025-07-09 14:29:56.125386
2025-07-09,16460,2025070903006789,CORBL,Hatemalo Financial Services Private Limited,Sani Securities Company Ltd.,20,2499.0,49980.0,2025-07-09 14:29:56.125409
2025-07-09,16459,2025070903006790,CORBL,Hatemalo Financial Services Private Limited,Midas Stock Broking Company Private Limited,50,2499.0,124950.0,2025-07-09 14:29:56.125433
2025-07-09,16458,2025070903006791,CORBL,Hatemalo Financial Services Private Limited,Naasa Securities Co. Ltd.,10,2499.0,24990.0,2025-07-09 14:29:56.125456
2025-07-09,16457,2025070903006792,CORBL,Hatemalo Financial Services Private Limited,Kohinoor Investment & Securities Pvt. Ltd.,100,2499.0,249900.0,2025-07-09 14:29:56.125479
2025-07-09,16456,2025070903006793,CORBL,Hatemalo Financial Services Private Limited,Naasa Securities Co. Ltd.,150,2547.7,382155.0,2025-07-09 14:29:56.125501
2025-07-09,16455,2025070903006794,CORBL,Hatemalo Financial Services Private Limited,Ashutosh Brokerage & Securities (PVT) Ltd.,43,2547.7,109551.1,2025-07-09 14:29:56.125529
2025-07-09,16454,2025070903006795,CORBL,Hatemalo Financial Services Private Limited,Deevyaa Securities & Stock House Pvt. Ltd,40,2580.0,103200.0,2025-07-09 14:29:56.125571
2025-07-09,16453,2025070903006796,CORBL,Hatemalo Financial Services Private Limited,SHUBHAKAMANA SECURITIES PVT. LTD,100,2589.0,258900.0,2025-07-09 14:29:56.125597
2025-07-09,16452,2025070903006797,CORBL,Hatemalo Financial Services Private Limited,Sani Securities Company Ltd.,500,2590.0,1295000.0,2025-07-09 14:29:56.125621
2025-07-09,16451,2025070903006798,CORBL,Hatemalo Financial Services Private Limited,Linch Stock Market Ltd.,10,2590.0,25900.0,2025-07-09 14:29:56.125644
2025-07-09,16450,2025070903006799,CORBL,Hatemalo Financial Services Private Limited,Malla & Malla Stock Broking Company Pvt. Limited,200,2590.0,518000.0,2025-07-09 14:29:56.125666
2025-07-09,16449,2025070903006800,CORBL,Hatemalo Financial Services Private Limited,SHUBHAKAMANA SECURITIES PVT. LTD,700,2595.0,1816500.0,2025-07-09 14:29:56.125689
2025-07-09,16448,2025070903006801,CORBL,Hatemalo Financial Services Private Limited,Market Securities & Exchange (PVT) Ltd.,150,2596.0,389400.0,2025-07-09 14:29:56.125711
2025-07-09,16447,2025070903006802,CORBL,Hatemalo Financial Services Private Limited,Aryatara Investment & Securities,30,2596.0,77880.0,2025-07-09 14:29:56.125746
2025-07-09,16446,2025070903006803,CORBL,Hatemalo Financial Services Private Limited,Naasa Securities Co. Ltd.,70,2596.1,181727.0,2025-07-09 14:29:56.125792
2025-07-09,16445,2025070903006804,CORBL,Hatemalo Financial Services Private Limited,Market Securities & Exchange (PVT) Ltd.,100,2596.3,259630.0,2025-07-09 14:29:56.125814
2025-07-09,16444,2025070903006805,CORBL,Hatemalo Financial Services Private Limited,Market Securities & Exchange (PVT) Ltd.,100,2596.4,259640.0,2025-07-09 14:29:56.125837
2025-07-09,16443,2025070903006806,CORBL,Hatemalo Financial Services Private Limited,Market Securities & Exchange (PVT) Ltd.,150,2597.0,389550.0,2025-07-09 14:29:56.125861
2025-07-09,16442,2025070903006807,CORBL,Hatemalo Financial Services Private Limited,Hatemalo Financial Services Private Limited,420,2597.0,1090740.0,2025-07-09 14:29:56.125884
2025-07-09,16441,2025070903006808,CORBL,Hatemalo Financial Services Private Limited,Midas Stock Broking Company Private Limited,110,2598.0,285780.0,2025-07-09 14:29:56.125906
2025-07-09,16440,2025070903006809,CORBL,Hatemalo Financial Services Private Limited,Premier Securities Company Ltd.,10,2598.6,25986.0,2025-07-09 14:29:56.125928
2025-07-09,16439,2025070903006810,CORBL,Hatemalo Financial Services Private Limited,Hatemalo Financial Services Private Limited,10,2598.6,25986.0,2025-07-09 14:29:56.125949
2025-07-09,16434,2025070903006811,CORBL,ABC Securities Private Limited,South Asian Bulls Pvt. Ltd.,10,2640.0,26400.0,2025-07-09 14:29:57.101313
2025-07-09,16420,2025070903006816,CORBL,Kohinoor Investment & Securities Pvt. Ltd.,Hatemalo Financial Services Private Limited,10,2448.0,24480.0,2025-07-09 14:30:02.153850
2025-07-09,16253,2025070903006836,CORBL,Market Securities & Exchange (PVT) Ltd.,Hatemalo Financial Services Private Limited,100,2450.0,245000.0,2025-07-09 14:30:33.078586
2025-07-09,16180,2025070903006854,CORBL,Market Securities & Exchange (PVT) Ltd.,Hatemalo Financial Services Private Limited,200,2450.0,490000.0,2025-07-09 14:30:51.226479
2025-07-09,16122,2025070903006864,CORBL,SHUBHAKAMANA SECURITIES PVT. LTD,Hatemalo Financial Services Private Limited,700,2450.0,1715000.0,2025-07-09 14:30:58.121078
2025-07-09,16069,2025070903006876,CORBL,Naasa Securities Co. Ltd.,Hatemalo Financial Services Private Limited,10,2447.1,24471.0,2025-07-09 14:31:06.325099
2025-07-09,15978,2025070903006888,CORBL,Market Securities & Exchange (PVT) Ltd.,Hatemalo Financial Services Private Limited,100,2450.0,245000.0,2025-07-09 14:31:25.456505
2025-07-09,15888,2025070903006894,CORBL,Siprabi Securities Pvt. Ltd.,Hatemalo Financial Services Private Limited,30,2450.0,73500.0,2025-07-09 14:31:32.506683
2025-07-09,15851,2025070903006902,CORBL,Sani Securities Company Ltd.,Hatemalo Financial Services Private Limited,20,2450.0,49000.0,2025-07-09 14:31:41.155386
2025-07-09,15850,2025070903006903,CORBL,J.F. Securites (PVT) Ltd.,Hatemalo Financial Services Private Limited,50,2450.0,122500.0,2025-07-09 14:31:41.361110
2025-07-09,15807,2025070903006910,CORBL,Online Securities Pvt. Ltd.,Hatemalo Financial Services Private Limited,50,2450.0,122500.0,2025-07-09 14:31:48.361868
2025-07-09,15801,2025070903006912,CORBL,Oxford Securities Pvt. Ltd.,Hatemalo Financial Services Private Limited,100,2450.0,245000.0,2025-07-09 14:31:50.686601
2025-07-09,15782,2025070903006915,CORBL,Siprabi Securities Pvt. Ltd.,Hatemalo Financial Services Private Limited,10,2450.0,24500.0,2025-07-09 14:31:53.694649
2025-07-09,15632,2025070903006935,CORBL,Market Securities & Exchange (PVT) Ltd.,Hatemalo Financial Services Private Limited,50,2450.0,122500.0,2025-07-09 14:32:19.727676
2025-07-09,15575,2025070903006947,CORBL,Linch Stock Market Ltd.,Hatemalo Financial Services Private Limited,20,2450.0,49000.0,2025-07-09 14:32:35.001176
2025-07-09,15415,2025070903006959,CORBL,Hatemalo Financial Services Private Limited,South Asian Bulls Pvt. Ltd.,10,2640.0,26400.0,2025-07-09 14:33:04.677354
2025-07-09,15414,2025070903006960,CORBL,Market Securities & Exchange (PVT) Ltd.,South Asian Bulls Pvt. Ltd.,10,2640.0,26400.0,2025-07-09 14:33:04.930977
2025-07-09,15402,2025070903006962,CORBL,Sumeru Securities Pvt. Ltd.,ABC Securities Private Limited,10,2448.3,24483.0,2025-07-09 14:33:07.477769
2025-07-09,15346,2025070903006964,CORBL,Sumeru Securities Pvt. Ltd.,Hatemalo Financial Services Private Limited,10,2448.3,24483.0,2025-07-09 14:33:15.712509
2025-07-09,15321,2025070903006966,CORBL,Sani Securities Company Ltd.,Hatemalo Financial Services Private Limited,10,2448.2,24482.0,2025-07-09 14:33:20.735686
2025-07-09,15215,2025070903006973,CORBL,Kohinoor Investment & Securities Pvt. Ltd.,Hatemalo Financial Services Private Limited,100,2450.0,245000.0,2025-07-09 14:33:41.720031
2025-07-09,15166,2025070903006985,CORBL,Market Securities & Exchange (PVT) Ltd.,Hatemalo Financial Services Private Limited,250,2450.0,612500.0,2025-07-09 14:33:49.127387
2025-07-09,15160,2025070903006986,CORBL,Sani Securities Company Ltd.,Hatemalo Financial Services Private Limited,60,2450.0,147000.0,2025-07-09 14:33:49.874051
2025-07-09,15158,2025070903006988,CORBL,SHUBHAKAMANA SECURITIES PVT. LTD,Hatemalo Financial Services Private Limited,100,2450.0,245000.0,2025-07-09 14:33:50.638950
2025-07-09,15036,2025070903007003,CORBL,Online Securities Pvt. Ltd.,Hatemalo Financial Services Private Limited,15,2450.0,36750.0,2025-07-09 14:34:14.377965
2025-07-09,14995,2025070903007009,CORBL,Naasa Securities Co. Ltd.,Hatemalo Financial Services Private Limited,20,2450.0,49000.0,2025-07-09 14:34:26.792229
2025-07-09,14916,2025070903007024,CORBL,Sani Securities Company Ltd.,Hatemalo Financial Services Private Limited,20,2450.0,49000.0,2025-07-09 14:34:41.533301
2025-07-09,14757,2025070903007053,CORBL,Market Securities & Exchange (PVT) Ltd.,Hatemalo Financial Services Private Limited,20,2450.0,49000.0,2025-07-09 14:35:07.533052
2025-07-09,14725,2025070903007058,CORBL,N.M.B. SECURITIES LIMITED,Hatemalo Financial Services Private Limited,20,2450.0,49000.0,2025-07-09 14:35:15.033075
2025-07-09,14694,2025070903007063,CORBL,Shree Krishna Securities Ltd.,Hatemalo Financial Services Private Limited,20,2450.0,49000.0,2025-07-09 14:35:23.692020
2025-07-09,14379,2025070903007110,CORBL,Naasa Securities Co. Ltd.,Hatemalo Financial Services Private Limited,22,2450.0,53900.0,2025-07-09 14:36:09.217340
2025-07-09,14273,2025070903007124,CORBL,Sani Securities Company Ltd.,Hatemalo Financial Services Private Limited,100,2450.0,245000.0,2025-07-09 14:36:38.119520
2025-07-09,14218,2025070903007131,CORBL,Sani Securities Company Ltd.,Hatemalo Financial Services Private Limited,200,2450.0,490000.0,2025-07-09 14:36:54.507984
2025-07-09,14171,2025070903007135,CORBL,Kalika Securities Pvt. Ltd.,Hatemalo Financial Services Private Limited,53,2450.0,129850.0,2025-07-09 14:37:02.392080
2025-07-09,14002,2025070903007178,CORBL,Sani Securities Company Ltd.,Hatemalo Financial Services Private Limited,100,2450.0,245000.0,2025-07-09 14:37:27.870279
2025-07-09,13949,2025070903007193,CORBL,SHUBHAKAMANA SECURITIES PVT. LTD,Hatemalo Financial Services Private Limited,50,2450.0,122500.0,2025-07-09 14:37:39.216886
2025-07-09,13947,2025070903007194,CORBL,KALASH STOCK MARKET PVT. LTD.,Hatemalo Financial Services Private Limited,150,2450.0,367500.0,2025-07-09 14:37:39.934290
2025-07-09,13902,2025070903007202,CORBL,Sumeru Securities Pvt. Ltd.,Hatemalo Financial Services Private Limited,81,2450.0,198450.0,2025-07-09 14:37:45.885974
2025-07-09,13751,2025070903007224,CORBL,Nagarik Stock Dealer ,Hatemalo Financial Services Private Limited,500,2450.0,1225000.0,2025-07-09 14:38:06.186140
2025-07-09,13744,2025070903007227,CORBL,SHUBHAKAMANA SECURITIES PVT. LTD,Hatemalo Financial Services Private Limited,52,2450.0,127400.0,2025-07-09 14:38:08.294074
2025-07-09,13699,2025070903007236,CORBL,South Asian Bulls Pvt. Ltd.,Hatemalo Financial Services Private Limited,30,2450.0,73500.0,2025-07-09 14:38:17.938497
2025-07-09,13698,2025070903007237,CORBL,Sani Securities Company Ltd.,Hatemalo Financial Services Private Limited,20,2450.0,49000.0,2025-07-09 14:38:18.649180
2025-07-09,13565,2025070903007269,CORBL,Bhrikuti Stock Broking Co. Pvt. Ltd.,Hatemalo Financial Services Private Limited,16,2450.0,39200.0,2025-07-09 14:38:46.299427
2025-07-09,13564,2025070903007270,CORBL,Bhrikuti Stock Broking Co. Pvt. Ltd.,Hatemalo Financial Services Private Limited,34,2450.0,83300.0,2025-07-09 14:38:46.299538
2025-07-09,13103,2025070903007359,CORBL,Market Securities & Exchange (PVT) Ltd.,Hatemalo Financial Services Private Limited,20,2450.0,49000.0,2025-07-09 14:40:05.027576
2025-07-09,12793,2025070903007391,CORBL,Midas Stock Broking Company Private Limited,Hatemalo Financial Services Private Limited,100,2450.0,245000.0,2025-07-09 14:40:42.721040
2025-07-09,12637,2025070903007407,CORBL,Bhrikuti Stock Broking Co. Pvt. Ltd.,Capital Max Securities Ltd,20,2448.2,48964.0,2025-07-09 14:41:07.707695
2025-07-09,12574,2025070903007420,CORBL,Aryatara Investment & Securities,Hatemalo Financial Services Private Limited,40,2450.0,98000.0,2025-07-09 14:41:19.066047
2025-07-09,12510,2025070903007433,CORBL,Sani Securities Company Ltd.,Hatemalo Financial Services Private Limited,50,2450.0,122500.0,2025-07-09 14:41:25.170301
2025-07-09,12429,2025070903007444,CORBL,Kalika Securities Pvt. Ltd.,Hatemalo Financial Services Private Limited,25,2450.0,61250.0,2025-07-09 14:41:36.472126
2025-07-09,12329,2025070903007459,CORBL,Bhrikuti Stock Broking Co. Pvt. Ltd.,Hatemalo Financial Services Private Limited,180,2448.2,440676.0,2025-07-09 14:41:54.288958
2025-07-09,12328,2025070903007460,CORBL,Naasa Securities Co. Ltd.,Hatemalo Financial Services Private Limited,36,2448.1,88131.6,2025-07-09 14:41:54.289060
2025-07-09,12327,2025070903007461,CORBL,Kohinoor Investment & Securities Pvt. Ltd.,Hatemalo Financial Services Private Limited,10,2448.0,24480.0,2025-07-09 14:41:54.289093
2025-07-09,12326,2025070903007462,CORBL,Kohinoor Investment & Securities Pvt. Ltd.,Hatemalo Financial Services Private Limited,10,2448.0,24480.0,2025-07-09 14:41:54.289116
2025-07-09,12325,2025070903007463,CORBL,Sani Securities Company Ltd.,Hatemalo Financial Services Private Limited,20,2448.0,48960.0,2025-07-09 14:41:54.289135
2025-07-09,12324,2025070903007464,CORBL,Sani Securities Company Ltd.,Hatemalo Financial Services Private Limited,50,2448.0,122400.0,2025-07-09 14:41:54.289153
2025-07-09,12323,2025070903007465,CORBL,J.F. Securites (PVT) Ltd.,Hatemalo Financial Services Private Limited,194,2448.0,474912.0,2025-07-09 14:41:54.289171
2025-07-09,12258,2025070903007481,CORBL,Naasa Securities Co. Ltd.,Hatemalo Financial Services Private Limited,10,2447.1,24471.0,2025-07-09 14:42:04.316423
2025-07-09,12257,2025070903007482,CORBL,Imperial Securities Company Pvt. Ltd.,Hatemalo Financial Services Private Limited,30,2446.1,73383.0,2025-07-09 14:42:04.316468
2025-07-09,12256,2025070903007483,CORBL,SHUBHAKAMANA SECURITIES PVT. LTD,Hatemalo Financial Services Private Limited,100,2445.3,244530.0,2025-07-09 14:42:04.316496
2025-07-09,12255,2025070903007484,CORBL,Vision Securities Pvt. Ltd,Hatemalo Financial Services Private Limited,12,2445.0,29340.0,2025-07-09 14:42:04.316520
2025-07-09,12254,2025070903007485,CORBL,Naasa Securities Co. Ltd.,Hatemalo Financial Services Private Limited,148,2443.3,361608.4,2025-07-09 14:42:04.316598
2025-07-09,12201,2025070903007498,CORBL,Vision Securities Pvt. Ltd,Hatemalo Financial Services Private Limited,10,2440.0,24400.0,2025-07-09 14:42:15.348891
2025-07-09,12200,2025070903007499,CORBL,Opal Securities Investment (PVT) Ltd.,Hatemalo Financial Services Private Limited,55,2435.0,133925.0,2025-07-09 14:42:15.349083
2025-07-09,12199,2025070903007500,CORBL,Market Securities & Exchange (PVT) Ltd.,Hatemalo Financial Services Private Limited,10,2420.3,24203.0,2025-07-09 14:42:15.349158
2025-07-09,12087,2025070903007513,CORBL,Hatemalo Financial Services Private Limited,Ashutosh Brokerage & Securities (PVT) Ltd.,497,2499.0,1242003.0,2025-07-09 14:42:35.420012
2025-07-09,12081,2025070903007515,CORBL,Premier Securities Company Ltd.,Hatemalo Financial Services Private Limited,10,2421.0,24210.0,2025-07-09 14:42:36.428264
2025-07-09,11015,2025070903007682,CORBL,Imperial Securities Company Pvt. Ltd.,Secured Securities Ltd.,20,2445.0,48900.0,2025-07-09 14:44:57.541922
2025-07-09,11014,2025070903007683,CORBL,Imperial Securities Company Pvt. Ltd.,Hatemalo Financial Services Private Limited,80,2450.0,196000.0,2025-07-09 14:44:57.542021
2025-07-09,10868,2025070903007708,CORBL,Deevyaa Securities & Stock House Pvt. Ltd,Hatemalo Financial Services Private Limited,10,2427.0,24270.0,2025-07-09 14:45:16.916540
2025-07-09,10291,2025070903007825,CORBL,Naasa Securities Co. Ltd.,Naasa Securities Co. Ltd.,2,2395.0,4790.0,2025-07-09 14:46:28.444130
2025-07-09,7771,2025070903008252,CORBL,Sagarmatha Securities Private Limited,Aryatara Investment & Securities,30,2440.0,73200.0,2025-07-09 14:51:12.143473
2025-07-09,7601,2025070903008293,CORBL,Sagarmatha Securities Private Limited,Aryatara Investment & Securities,20,2440.0,48800.0,2025-07-09 14:51:31.260671
2025-07-09,7569,2025070903008301,CORBL,Market Securities & Exchange (PVT) Ltd.,Hatemalo Financial Services Private Limited,10,2433.0,24330.0,2025-07-09 14:51:38.120313
2025-07-09,7187,2025070903008353,CORBL,Bhrikuti Stock Broking Co. Pvt. Ltd.,Aryatara Investment & Securities,10,2435.0,24350.0,2025-07-09 14:52:11.710038
2025-07-09,7079,2025070903008363,CORBL,Aryatara Investment & Securities,Hatemalo Financial Services Private Limited,10,2433.0,24330.0,2025-07-09 14:52:21.250282
2025-07-09,6993,2025070903008384,CORBL,Naasa Securities Co. Ltd.,Aryatara Investment & Securities,50,2431.1,121555.0,2025-07-09 14:52:30.990811
2025-07-09,6886,2025070903008398,CORBL,Nepal Investment And Securities Trading Private Limited,Sumeru Securities Pvt. Ltd.,20,2449.0,48980.0,2025-07-09 14:52:41.124507
2025-07-09,6771,2025070903008421,CORBL,Nepal Investment And Securities Trading Private Limited,Hatemalo Financial Services Private Limited,30,2449.0,73470.0,2025-07-09 14:52:55.376850
2025-07-09,6770,2025070903008422,CORBL,Bhrikuti Stock Broking Co. Pvt. Ltd.,Hatemalo Financial Services Private Limited,10,2435.0,24350.0,2025-07-09 14:52:55.376915
2025-07-09,5980,2025070903008577,CORBL,Hatemalo Financial Services Private Limited,Aryatara Investment & Securities,20,2450.0,49000.0,2025-07-09 14:54:17.632814
2025-07-09,5979,2025070903008578,CORBL,Hatemalo Financial Services Private Limited,Aryatara Investment & Securities,40,2460.0,98400.0,2025-07-09 14:54:17.632855
2025-07-09,5978,2025070903008579,CORBL,Hatemalo Financial Services Private Limited,KALASH STOCK MARKET PVT. LTD.,43,2544.9,109430.7,2025-07-09 14:54:17.632882
2025-07-09,5977,2025070903008580,CORBL,Hatemalo Financial Services Private Limited,Market Securities & Exchange (PVT) Ltd.,255,2639.0,672945.0,2025-07-09 14:54:17.632907
2025-07-09,5976,2025070903008581,CORBL,Hatemalo Financial Services Private Limited,Hatemalo Financial Services Private Limited,2000,2639.9,5279800.0,2025-07-09 14:54:17.632943
2025-07-09,5972,2025070903008582,CORBL,Bhrikuti Stock Broking Co. Pvt. Ltd.,Hatemalo Financial Services Private Limited,10,2435.0,24350.0,2025-07-09 14:54:18.639897
2025-07-09,3101,2025070903009085,CORBL,Cristal Kanchanjanga Securites Pvt. Ltd.,Aryatara Investment & Securities,10,2480.0,24800.0,2025-07-09 14:57:46.788130
2025-07-09,2892,2025070903009113,CORBL,Malla & Malla Stock Broking Company Pvt. Limited,Hatemalo Financial Services Private Limited,10,2460.0,24600.0,2025-07-09 14:58:04.404528
2025-07-09,2816,2025070903009137,CORBL,Online Securities Pvt. Ltd.,Aryatara Investment & Securities,20,2480.0,49600.0,2025-07-09 14:58:08.764203
2025-07-09,2815,2025070903009138,CORBL,Online Securities Pvt. Ltd.,Agrawal Securities (PVT) Ltd.,10,2480.0,24800.0,2025-07-09 14:58:08.764299
2025-07-09,2656,2025070903009166,CORBL,Online Securities Pvt. Ltd.,Aryatara Investment & Securities,20,2480.0,49600.0,2025-07-09 14:58:18.410271
2025-07-09,2541,2025070903009175,CORBL,South Asian Bulls Pvt. Ltd.,Hatemalo Financial Services Private Limited,10,2461.0,24610.0,2025-07-09 14:58:24.467310
2025-07-09,2506,2025070903009180,CORBL,South Asian Bulls Pvt. Ltd.,Aryatara Investment & Securities,11,2461.0,27071.0,2025-07-09 14:58:27.572611
2025-07-09,1793,2025070903009322,CORBL,Malla & Malla Stock Broking Company Pvt. Limited,Aryatara Investment & Securities,10,2460.0,24600.0,2025-07-09 14:59:07.105492
2025-07-09,1441,2025070903009391,CORBL,Aryatara Investment & Securities,Aryatara Investment & Securities,20,2485.0,49700.0,2025-07-09 14:59:20.346519
2025-07-09,1440,2025070903009392,CORBL,Malla & Malla Stock Broking Company Pvt. Limited,Aryatara Investment & Securities,80,2460.0,196800.0,2025-07-09 14:59:20.346618
2025-07-09,256,2025070903009593,CORBL,Malla & Malla Stock Broking Company Pvt. Limited,Dipshikha Dhitopatra Karobar Co. Pvt Ltd.,200,2480.0,496000.0,2025-07-09 14:59:54.135597
