Date,S.N.,Contract ID,Symbol,Buyer Broker,Seller Broker,quantity,rate,amount,transaction_time
2025-07-09,62794,2025070904000054,HDHPC,Naasa Securities Co. Ltd.,Investment Management Nepal Pvt. Ltd.,10,195.6,1956.0,2025-07-09 11:00:11.657103
2025-07-09,61835,2025070904000572,HDHPC,Aryatara Investment & Securities,Investment Management Nepal Pvt. Ltd.,11,198.7,2185.7,2025-07-09 11:06:45.055417
2025-07-09,61628,2025070904000702,HDHPC,Naasa Securities Co. Ltd.,Investment Management Nepal Pvt. Ltd.,10,198.7,1987.0,2025-07-09 11:07:36.180358
2025-07-09,61625,2025070904000704,HDHPC,Aryatara Investment & Securities,ABC Securities Private Limited,11,197.0,2167.0,2025-07-09 11:07:36.737763
2025-07-09,61462,2025070904000801,HDHPC,Naasa Securities Co. Ltd.,ABC Securities Private Limited,49,197.0,9653.0,2025-07-09 11:08:36.161144
2025-07-09,61461,2025070904000802,HDHPC,Naasa Securities Co. Ltd.,Bhrikuti Stock Broking Co. Pvt. Ltd.,20,197.0,3940.0,2025-07-09 11:08:36.161244
2025-07-09,60876,2025070904001110,HDHPC,Aryatara Investment & Securities,Investment Management Nepal Pvt. Ltd.,11,198.7,2185.7,2025-07-09 11:12:01.598711
2025-07-09,60358,2025070904001358,HDHPC,Naasa Securities Co. Ltd.,Investment Management Nepal Pvt. Ltd.,125,198.7,24837.5,2025-07-09 11:14:45.939366
2025-07-09,60064,2025070904001490,HDHPC,Naasa Securities Co. Ltd.,Investment Management Nepal Pvt. Ltd.,431,197.0,84907.0,2025-07-09 11:16:38.430476
2025-07-09,60063,2025070904001491,HDHPC,Aryatara Investment & Securities,Investment Management Nepal Pvt. Ltd.,10,197.0,1970.0,2025-07-09 11:16:38.430764
2025-07-09,58924,2025070904002002,HDHPC,Naasa Securities Co. Ltd.,Investment Management Nepal Pvt. Ltd.,13,197.0,2561.0,2025-07-09 11:22:31.208404
2025-07-09,58702,2025070904002106,HDHPC,Kumari Securities Private Limited,Investment Management Nepal Pvt. Ltd.,15,197.0,2955.0,2025-07-09 11:23:38.454220
2025-07-09,58509,2025070904002200,HDHPC,Siprabi Securities Pvt. Ltd.,Investment Management Nepal Pvt. Ltd.,31,197.0,6107.0,2025-07-09 11:24:54.280548
2025-07-09,57514,2025070904002631,HDHPC,Dipshikha Dhitopatra Karobar Co. Pvt Ltd.,Investment Management Nepal Pvt. Ltd.,143,198.7,28414.1,2025-07-09 11:29:12.836171
2025-07-09,57409,2025070904002686,HDHPC,Dipshikha Dhitopatra Karobar Co. Pvt Ltd.,Investment Management Nepal Pvt. Ltd.,97,198.7,19273.9,2025-07-09 11:29:36.529135
2025-07-09,57180,2025070904002801,HDHPC,Aryatara Investment & Securities,Shree Krishna Securities Ltd.,10,198.6,1986.0,2025-07-09 11:30:17.555409
2025-07-09,57061,2025070904002847,HDHPC,Nabil Stock Dealer Ltd.,Investment Management Nepal Pvt. Ltd.,50,198.7,9935.0,2025-07-09 11:30:52.789466
2025-07-09,56720,2025070904003019,HDHPC,ABC Securities Private Limited,Investment Management Nepal Pvt. Ltd.,500,198.0,99000.0,2025-07-09 11:31:59.217605
2025-07-09,55691,2025070904003471,HDHPC,Aryatara Investment & Securities,Primo Securities (PVT) Ltd.,100,198.0,19800.0,2025-07-09 11:36:04.727697
2025-07-09,55690,2025070904003472,HDHPC,Imperial Securities Company Pvt. Ltd.,Primo Securities (PVT) Ltd.,375,198.0,74250.0,2025-07-09 11:36:04.727915
2025-07-09,55689,2025070904003473,HDHPC,Sri Hari Securities Pvt. Ltd.,Primo Securities (PVT) Ltd.,25,198.0,4950.0,2025-07-09 11:36:04.728004
2025-07-09,54825,2025070904003792,HDHPC,Sumeru Securities Pvt. Ltd.,Investment Management Nepal Pvt. Ltd.,153,198.7,30401.1,2025-07-09 11:39:39.308650
2025-07-09,54824,2025070904003793,HDHPC,Sumeru Securities Pvt. Ltd.,Ashutosh Brokerage & Securities (PVT) Ltd.,400,198.7,79480.0,2025-07-09 11:39:39.308716
2025-07-09,54823,2025070904003794,HDHPC,Sumeru Securities Pvt. Ltd.,Investment Management Nepal Pvt. Ltd.,457,198.9,90897.3,2025-07-09 11:39:39.308746
2025-07-09,54703,2025070904003835,HDHPC,Sri Hari Securities Pvt. Ltd.,Bhrikuti Stock Broking Co. Pvt. Ltd.,25,198.0,4950.0,2025-07-09 11:40:04.370352
2025-07-09,54702,2025070904003836,HDHPC,Online Securities Pvt. Ltd.,Bhrikuti Stock Broking Co. Pvt. Ltd.,150,198.0,29700.0,2025-07-09 11:40:04.370416
2025-07-09,54308,2025070904003976,HDHPC,Agrawal Securities (PVT) Ltd.,Trishakti Securities Public Limited,60,198.5,11910.0,2025-07-09 11:41:29.126827
2025-07-09,54271,2025070904003994,HDHPC,Online Securities Pvt. Ltd.,Trishakti Securities Public Limited,440,198.5,87340.0,2025-07-09 11:41:37.295985
2025-07-09,54270,2025070904003995,HDHPC,Online Securities Pvt. Ltd.,Aryatara Investment & Securities,333,198.7,66167.1,2025-07-09 11:41:37.296427
2025-07-09,54269,2025070904003996,HDHPC,Online Securities Pvt. Ltd.,Investment Management Nepal Pvt. Ltd.,43,198.9,8552.7,2025-07-09 11:41:37.296709
2025-07-09,54268,2025070904003997,HDHPC,Online Securities Pvt. Ltd.,Aryatara Investment & Securities,333,198.9,66233.7,2025-07-09 11:41:37.296966
2025-07-09,54267,2025070904003998,HDHPC,Online Securities Pvt. Ltd.,Bhrikuti Stock Broking Co. Pvt. Ltd.,201,199.0,39999.0,2025-07-09 11:41:37.297211
2025-07-09,54009,2025070904004102,HDHPC,Naasa Securities Co. Ltd.,Bhrikuti Stock Broking Co. Pvt. Ltd.,25,199.0,4975.0,2025-07-09 11:42:48.069273
2025-07-09,53724,2025070904004191,HDHPC,Nepal Stock House (PVT) Ltd.,Bhrikuti Stock Broking Co. Pvt. Ltd.,25,199.0,4975.0,2025-07-09 11:44:09.012174
2025-07-09,53502,2025070904004276,HDHPC,Sani Securities Company Ltd.,ABC Securities Private Limited,18,198.1,3565.8,2025-07-09 11:45:14.537352
2025-07-09,53054,2025070904004429,HDHPC,Sweta Securities Private Limited,Bhrikuti Stock Broking Co. Pvt. Ltd.,30,199.0,5970.0,2025-07-09 11:47:09.474188
2025-07-09,51952,2025070904004864,HDHPC,Opal Securities Investment (PVT) Ltd.,Bhrikuti Stock Broking Co. Pvt. Ltd.,16,199.0,3184.0,2025-07-09 11:51:09.251422
2025-07-09,51951,2025070904004865,HDHPC,Opal Securities Investment (PVT) Ltd.,Sani Securities Company Ltd.,100,199.0,19900.0,2025-07-09 11:51:09.251675
2025-07-09,51950,2025070904004866,HDHPC,Opal Securities Investment (PVT) Ltd.,Trishakti Securities Public Limited,20,199.0,3980.0,2025-07-09 11:51:09.251785
2025-07-09,51949,2025070904004867,HDHPC,Opal Securities Investment (PVT) Ltd.,Aryatara Investment & Securities,44,199.0,8756.0,2025-07-09 11:51:09.251895
2025-07-09,51420,2025070904005079,HDHPC,Oxford Securities Pvt. Ltd.,Aryatara Investment & Securities,10,199.0,1990.0,2025-07-09 11:53:26.133870
2025-07-09,51316,2025070904005106,HDHPC,Premier Securities Company Ltd.,Capital Max Securities Ltd,20,198.3,3966.0,2025-07-09 11:53:57.909898
2025-07-09,51315,2025070904005107,HDHPC,Aryatara Investment & Securities,Capital Max Securities Ltd,200,198.2,39640.0,2025-07-09 11:53:57.910213
2025-07-09,51314,2025070904005108,HDHPC,Agrawal Securities (PVT) Ltd.,Capital Max Securities Ltd,300,198.1,59430.0,2025-07-09 11:53:57.910330
2025-07-09,51313,2025070904005109,HDHPC,Sagarmatha Securities Private Limited,Capital Max Securities Ltd,200,198.0,39600.0,2025-07-09 11:53:57.910442
2025-07-09,51312,2025070904005110,HDHPC,Primo Securities (PVT) Ltd.,Capital Max Securities Ltd,1180,198.0,233640.0,2025-07-09 11:53:57.910554
2025-07-09,50461,2025070904005402,HDHPC,Aryatara Investment & Securities,Sewa Securities Pvt. Ltd.,11,198.9,2187.9,2025-07-09 11:57:35.645294
2025-07-09,50389,2025070904005439,HDHPC,Oxford Securities Pvt. Ltd.,Sewa Securities Pvt. Ltd.,100,198.1,19810.0,2025-07-09 11:57:53.864907
2025-07-09,50056,2025070904005600,HDHPC,Premier Securities Company Ltd.,Siprabi Securities Pvt. Ltd.,10,198.1,1981.0,2025-07-09 11:58:50.378521
2025-07-09,49867,2025070904005679,HDHPC,Premier Securities Company Ltd.,Aryatara Investment & Securities,57,199.0,11343.0,2025-07-09 11:59:24.864972
2025-07-09,49866,2025070904005680,HDHPC,Premier Securities Company Ltd.,Sri Hari Securities Pvt. Ltd.,633,199.0,125967.0,2025-07-09 11:59:24.865492
2025-07-09,49724,2025070904005743,HDHPC,ABC Securities Private Limited,Sri Hari Securities Pvt. Ltd.,200,199.0,39800.0,2025-07-09 11:59:54.952708
2025-07-09,49131,2025070904005956,HDHPC,Nepal Stock House (PVT) Ltd.,Sewa Securities Pvt. Ltd.,20,198.1,3962.0,2025-07-09 12:02:06.597888
2025-07-09,49044,2025070904005988,HDHPC,Primo Securities (PVT) Ltd.,Dipshikha Dhitopatra Karobar Co. Pvt Ltd.,88,198.0,17424.0,2025-07-09 12:02:22.833089
2025-07-09,48963,2025070904006024,HDHPC,Primo Securities (PVT) Ltd.,Online Securities Pvt. Ltd.,1000,198.0,198000.0,2025-07-09 12:02:38.463768
2025-07-09,48298,2025070904006248,HDHPC,Capital Max Securities Ltd,Cristal Kanchanjanga Securites Pvt. Ltd.,10,198.1,1981.0,2025-07-09 12:05:28.479537
2025-07-09,48297,2025070904006249,HDHPC,Premier Securities Company Ltd.,Cristal Kanchanjanga Securites Pvt. Ltd.,20,198.1,3962.0,2025-07-09 12:05:28.480030
2025-07-09,47696,2025070904006471,HDHPC,Primo Securities (PVT) Ltd.,Bhrikuti Stock Broking Co. Pvt. Ltd.,175,198.0,34650.0,2025-07-09 12:08:01.270206
2025-07-09,47577,2025070904006512,HDHPC,Primo Securities (PVT) Ltd.,Primo Securities (PVT) Ltd.,375,198.0,74250.0,2025-07-09 12:08:32.434662
2025-07-09,47567,2025070904006517,HDHPC,Primo Securities (PVT) Ltd.,Sewa Securities Pvt. Ltd.,2000,198.0,396000.0,2025-07-09 12:08:34.074513
2025-07-09,47464,2025070904006553,HDHPC,Primo Securities (PVT) Ltd.,Swarna Laxmi Securities Pvt. Ltd.,75,198.0,14850.0,2025-07-09 12:09:05.172700
2025-07-09,47424,2025070904006573,HDHPC,Primo Securities (PVT) Ltd.,Cristal Kanchanjanga Securites Pvt. Ltd.,107,198.0,21186.0,2025-07-09 12:09:20.391960
2025-07-09,47423,2025070904006574,HDHPC,Thrive Brokerage House Pvt. Ltd,Cristal Kanchanjanga Securites Pvt. Ltd.,513,198.0,101574.0,2025-07-09 12:09:20.392235
2025-07-09,47138,2025070904006644,HDHPC,Thrive Brokerage House Pvt. Ltd,Investment Management Nepal Pvt. Ltd.,487,198.0,96426.0,2025-07-09 12:10:43.672334
2025-07-09,47137,2025070904006645,HDHPC,Primo Securities (PVT) Ltd.,Investment Management Nepal Pvt. Ltd.,50,198.0,9900.0,2025-07-09 12:10:43.672730
2025-07-09,47136,2025070904006646,HDHPC,Sani Securities Company Ltd.,Investment Management Nepal Pvt. Ltd.,50,198.0,9900.0,2025-07-09 12:10:43.672862
2025-07-09,47135,2025070904006647,HDHPC,Dynamic Money Managers Securities Pvt. Ltd.,Investment Management Nepal Pvt. Ltd.,113,198.0,22374.0,2025-07-09 12:10:43.673007
2025-07-09,47042,2025070904006679,HDHPC,Dynamic Money Managers Securities Pvt. Ltd.,Investment Management Nepal Pvt. Ltd.,700,198.0,138600.0,2025-07-09 12:11:14.781051
2025-07-09,46719,2025070904006776,HDHPC,Vision Securities Pvt. Ltd,Asian Securities Private Ltd.,165,198.5,32752.5,2025-07-09 12:12:43.651864
2025-07-09,46718,2025070904006777,HDHPC,Vision Securities Pvt. Ltd,Secured Securities Ltd.,911,198.7,181015.7,2025-07-09 12:12:43.652421
2025-07-09,46693,2025070904006788,HDHPC,Dynamic Money Managers Securities Pvt. Ltd.,Investment Management Nepal Pvt. Ltd.,300,198.0,59400.0,2025-07-09 12:12:52.271914
2025-07-09,46184,2025070904006979,HDHPC,Dynamic Money Managers Securities Pvt. Ltd.,Shree Krishna Securities Ltd.,37,198.0,7326.0,2025-07-09 12:15:22.819176
2025-07-09,46183,2025070904006980,HDHPC,Premier Securities Company Ltd.,Shree Krishna Securities Ltd.,20,198.0,3960.0,2025-07-09 12:15:22.819225
2025-07-09,46182,2025070904006981,HDHPC,Nabil Stock Dealer Ltd.,Shree Krishna Securities Ltd.,50,198.0,9900.0,2025-07-09 12:15:22.819250
2025-07-09,46181,2025070904006982,HDHPC,Sagarmatha Securities Private Limited,Shree Krishna Securities Ltd.,200,198.0,39600.0,2025-07-09 12:15:22.819274
2025-07-09,46180,2025070904006983,HDHPC,Sani Securities Company Ltd.,Shree Krishna Securities Ltd.,50,198.0,9900.0,2025-07-09 12:15:22.819300
2025-07-09,46179,2025070904006984,HDHPC,Sagarmatha Securities Private Limited,Shree Krishna Securities Ltd.,100,198.0,19800.0,2025-07-09 12:15:22.819350
2025-07-09,46178,2025070904006985,HDHPC,Bhrikuti Stock Broking Co. Pvt. Ltd.,Shree Krishna Securities Ltd.,43,198.0,8514.0,2025-07-09 12:15:22.819374
2025-07-09,45529,2025070904007239,HDHPC,Bhrikuti Stock Broking Co. Pvt. Ltd.,Naasa Securities Co. Ltd.,40,198.0,7920.0,2025-07-09 12:18:32.867543
2025-07-09,44772,2025070904007469,HDHPC,Bhrikuti Stock Broking Co. Pvt. Ltd.,Online Securities Pvt. Ltd.,100,198.0,19800.0,2025-07-09 12:22:50.841859
2025-07-09,44602,2025070904007541,HDHPC,Premier Securities Company Ltd.,Aryatara Investment & Securities,15,198.1,2971.5,2025-07-09 12:23:52.130188
2025-07-09,44160,2025070904007673,HDHPC,Bhrikuti Stock Broking Co. Pvt. Ltd.,South Asian Bulls Pvt. Ltd.,17,198.0,3366.0,2025-07-09 12:25:28.879548
2025-07-09,44159,2025070904007674,HDHPC,Neev Securities Pvt. Ltd.,South Asian Bulls Pvt. Ltd.,71,198.0,14058.0,2025-07-09 12:25:28.879856
2025-07-09,43669,2025070904007862,HDHPC,Bhrikuti Stock Broking Co. Pvt. Ltd.,Bhrikuti Stock Broking Co. Pvt. Ltd.,10,198.1,1981.0,2025-07-09 12:28:16.029690
2025-07-09,43668,2025070904007863,HDHPC,Neev Securities Pvt. Ltd.,Bhrikuti Stock Broking Co. Pvt. Ltd.,29,198.0,5742.0,2025-07-09 12:28:16.029768
2025-07-09,43667,2025070904007864,HDHPC,Swarna Laxmi Securities Pvt. Ltd.,Bhrikuti Stock Broking Co. Pvt. Ltd.,136,198.0,26928.0,2025-07-09 12:28:16.029805
2025-07-09,43384,2025070904007952,HDHPC,Naasa Securities Co. Ltd.,Dynamic Money Managers Securities Pvt. Ltd.,10,198.4,1984.0,2025-07-09 12:30:07.118180
2025-07-09,43249,2025070904007994,HDHPC,Aryatara Investment & Securities,Dynamic Money Managers Securities Pvt. Ltd.,10,198.4,1984.0,2025-07-09 12:30:57.436603
2025-07-09,42339,2025070904008343,HDHPC,Swarna Laxmi Securities Pvt. Ltd.,Dynamic Money Managers Securities Pvt. Ltd.,14,198.0,2772.0,2025-07-09 12:35:47.867785
2025-07-09,42338,2025070904008344,HDHPC,Premier Securities Company Ltd.,Dynamic Money Managers Securities Pvt. Ltd.,10,198.0,1980.0,2025-07-09 12:35:47.868165
2025-07-09,42337,2025070904008345,HDHPC,Sundhara Securities Limited,Dynamic Money Managers Securities Pvt. Ltd.,100,198.0,19800.0,2025-07-09 12:35:47.868297
2025-07-09,42336,2025070904008346,HDHPC,Agrawal Securities (PVT) Ltd.,Dynamic Money Managers Securities Pvt. Ltd.,20,198.0,3960.0,2025-07-09 12:35:47.868428
2025-07-09,41946,2025070904008501,HDHPC,Nepal Investment And Securities Trading Private Limited,Dynamic Money Managers Securities Pvt. Ltd.,10,198.0,1980.0,2025-07-09 12:37:11.384782
2025-07-09,41943,2025070904008503,HDHPC,Kohinoor Investment & Securities Pvt. Ltd.,Dynamic Money Managers Securities Pvt. Ltd.,283,198.0,56034.0,2025-07-09 12:37:11.675696
2025-07-09,41682,2025070904008609,HDHPC,Kohinoor Investment & Securities Pvt. Ltd.,Premier Securities Company Ltd.,200,198.0,39600.0,2025-07-09 12:38:21.458962
2025-07-09,41546,2025070904008666,HDHPC,Sani Securities Company Ltd.,Secured Securities Ltd.,162,198.4,32140.8,2025-07-09 12:39:02.318437
2025-07-09,41545,2025070904008667,HDHPC,Sani Securities Company Ltd.,Trisul Securities & Invt. Ltd.,88,198.5,17468.0,2025-07-09 12:39:02.318743
2025-07-09,40060,2025070904009233,HDHPC,Dipshikha Dhitopatra Karobar Co. Pvt Ltd.,Trisul Securities & Invt. Ltd.,162,198.5,32157.0,2025-07-09 12:46:00.703926
2025-07-09,40059,2025070904009234,HDHPC,Dipshikha Dhitopatra Karobar Co. Pvt Ltd.,Dakshinkali Investment & Securities Pvt. Ltd.,338,198.5,67093.0,2025-07-09 12:46:00.704272
2025-07-09,39843,2025070904009348,HDHPC,Dipshikha Dhitopatra Karobar Co. Pvt Ltd.,Dakshinkali Investment & Securities Pvt. Ltd.,500,198.5,99250.0,2025-07-09 12:47:01.141838
2025-07-09,39617,2025070904009437,HDHPC,Investment Management Nepal Pvt. Ltd.,Dakshinkali Investment & Securities Pvt. Ltd.,205,198.5,40692.5,2025-07-09 12:48:22.527182
2025-07-09,38867,2025070904009691,HDHPC,Infinity Securities Limited,Dakshinkali Investment & Securities Pvt. Ltd.,286,198.5,56771.0,2025-07-09 12:52:17.642627
2025-07-09,38849,2025070904009693,HDHPC,Deevyaa Securities & Stock House Pvt. Ltd,Dakshinkali Investment & Securities Pvt. Ltd.,302,198.5,59947.0,2025-07-09 12:52:23.422404
2025-07-09,37690,2025070904010084,HDHPC,Dipshikha Dhitopatra Karobar Co. Pvt Ltd.,Vision Securities Pvt. Ltd,100,198.1,19810.0,2025-07-09 12:58:04.462000
2025-07-09,37689,2025070904010085,HDHPC,Kohinoor Investment & Securities Pvt. Ltd.,Vision Securities Pvt. Ltd,17,198.0,3366.0,2025-07-09 12:58:04.462367
2025-07-09,37688,2025070904010086,HDHPC,Naasa Securities Co. Ltd.,Vision Securities Pvt. Ltd,33,198.0,6534.0,2025-07-09 12:58:04.462500
2025-07-09,37105,2025070904010294,HDHPC,Vision Securities Pvt. Ltd,Indira securities pvt. ltd,75,198.4,14880.0,2025-07-09 13:00:33.579489
2025-07-09,37022,2025070904010339,HDHPC,Online Securities Pvt. Ltd.,Dakshinkali Investment & Securities Pvt. Ltd.,495,198.5,98257.5,2025-07-09 13:01:08.469067
2025-07-09,36528,2025070904010461,HDHPC,Naasa Securities Co. Ltd.,Naasa Securities Co. Ltd.,300,198.0,59400.0,2025-07-09 13:03:17.405631
2025-07-09,36422,2025070904010487,HDHPC,Naasa Securities Co. Ltd.,Naasa Securities Co. Ltd.,167,198.0,33066.0,2025-07-09 13:03:54.696156
2025-07-09,36421,2025070904010488,HDHPC,Himalayan Brokerage Company Limited,Naasa Securities Co. Ltd.,200,198.0,39600.0,2025-07-09 13:03:54.696510
2025-07-09,36420,2025070904010489,HDHPC,Sani Securities Company Ltd.,Naasa Securities Co. Ltd.,133,198.0,26334.0,2025-07-09 13:03:54.696701
2025-07-09,36234,2025070904010554,HDHPC,Sani Securities Company Ltd.,Trishakti Securities Public Limited,67,198.0,13266.0,2025-07-09 13:04:58.164697
2025-07-09,36018,2025070904010626,HDHPC,Vision Securities Pvt. Ltd,Kohinoor Investment & Securities Pvt. Ltd.,100,198.4,19840.0,2025-07-09 13:06:23.064201
2025-07-09,35643,2025070904010754,HDHPC,Kohinoor Investment & Securities Pvt. Ltd.,Kohinoor Investment & Securities Pvt. Ltd.,10,198.4,1984.0,2025-07-09 13:08:20.216087
2025-07-09,35451,2025070904010802,HDHPC,Capital Max Securities Ltd,Kohinoor Investment & Securities Pvt. Ltd.,10,198.0,1980.0,2025-07-09 13:09:38.624637
2025-07-09,35055,2025070904010915,HDHPC,Secured Securities Ltd.,Trishakti Securities Public Limited,10,197.9,1979.0,2025-07-09 13:11:35.438375
2025-07-09,35054,2025070904010916,HDHPC,Premier Securities Company Ltd.,Trishakti Securities Public Limited,20,197.9,3958.0,2025-07-09 13:11:35.438675
2025-07-09,34906,2025070904010985,HDHPC,Aryatara Investment & Securities,Naasa Securities Co. Ltd.,40,197.9,7916.0,2025-07-09 13:12:19.249437
2025-07-09,34464,2025070904011119,HDHPC,Aryatara Investment & Securities,Naasa Securities Co. Ltd.,293,197.9,57984.7,2025-07-09 13:14:40.936131
2025-07-09,34463,2025070904011120,HDHPC,Aryatara Investment & Securities,Naasa Securities Co. Ltd.,111,197.9,21966.9,2025-07-09 13:14:40.936753
2025-07-09,34403,2025070904011140,HDHPC,Oxford Securities Pvt. Ltd.,Naasa Securities Co. Ltd.,10,197.9,1979.0,2025-07-09 13:15:03.640051
2025-07-09,34302,2025070904011169,HDHPC,Capital Max Securities Ltd,Dipshikha Dhitopatra Karobar Co. Pvt Ltd.,10,197.8,1978.0,2025-07-09 13:15:45.948163
2025-07-09,34301,2025070904011170,HDHPC,Premier Securities Company Ltd.,Dipshikha Dhitopatra Karobar Co. Pvt Ltd.,10,197.8,1978.0,2025-07-09 13:15:45.948512
2025-07-09,34300,2025070904011171,HDHPC,Aryatara Investment & Securities,Dipshikha Dhitopatra Karobar Co. Pvt Ltd.,105,197.8,20769.0,2025-07-09 13:15:45.948658
2025-07-09,34222,2025070904011195,HDHPC,Trishakti Securities Public Limited,Naasa Securities Co. Ltd.,17,197.9,3364.3,2025-07-09 13:16:11.025732
2025-07-09,33779,2025070904011288,HDHPC,Online Securities Pvt. Ltd.,Naasa Securities Co. Ltd.,280,197.9,55412.0,2025-07-09 13:18:31.255516
2025-07-09,33778,2025070904011289,HDHPC,Online Securities Pvt. Ltd.,Kohinoor Investment & Securities Pvt. Ltd.,200,198.0,39600.0,2025-07-09 13:18:31.255800
2025-07-09,33777,2025070904011290,HDHPC,Online Securities Pvt. Ltd.,Nepal Stock House (PVT) Ltd.,497,198.0,98406.0,2025-07-09 13:18:31.255940
2025-07-09,33464,2025070904011391,HDHPC,Dipshikha Dhitopatra Karobar Co. Pvt Ltd.,Creative Securities Pvt Ltd,53,198.0,10494.0,2025-07-09 13:20:12.449661
2025-07-09,33463,2025070904011392,HDHPC,Dipshikha Dhitopatra Karobar Co. Pvt Ltd.,Kohinoor Investment & Securities Pvt. Ltd.,147,198.0,29106.0,2025-07-09 13:20:12.450280
2025-07-09,33370,2025070904011449,HDHPC,Aryatara Investment & Securities,Imperial Securities Company Pvt. Ltd.,33,197.8,6527.4,2025-07-09 13:20:34.550862
2025-07-09,33369,2025070904011450,HDHPC,Premier Securities Company Ltd.,Imperial Securities Company Pvt. Ltd.,20,197.7,3954.0,2025-07-09 13:20:34.551531
2025-07-09,33368,2025070904011451,HDHPC,Bhrikuti Stock Broking Co. Pvt. Ltd.,Imperial Securities Company Pvt. Ltd.,220,197.7,43494.0,2025-07-09 13:20:34.551936
2025-07-09,33367,2025070904011452,HDHPC,Aryatara Investment & Securities,Imperial Securities Company Pvt. Ltd.,333,197.7,65834.1,2025-07-09 13:20:34.552347
2025-07-09,33366,2025070904011453,HDHPC,Premier Securities Company Ltd.,Imperial Securities Company Pvt. Ltd.,20,197.6,3952.0,2025-07-09 13:20:34.552755
2025-07-09,33365,2025070904011454,HDHPC,Investment Management Nepal Pvt. Ltd.,Imperial Securities Company Pvt. Ltd.,50,197.6,9880.0,2025-07-09 13:20:34.553158
2025-07-09,33364,2025070904011455,HDHPC,Aryatara Investment & Securities,Imperial Securities Company Pvt. Ltd.,324,197.6,64022.4,2025-07-09 13:20:34.553689
2025-07-09,32699,2025070904011668,HDHPC,Aryatara Investment & Securities,Aryatara Investment & Securities,322,197.9,63723.8,2025-07-09 13:23:42.200854
2025-07-09,32143,2025070904011836,HDHPC,Dipshikha Dhitopatra Karobar Co. Pvt Ltd.,Aryatara Investment & Securities,18,197.7,3558.6,2025-07-09 13:26:04.297099
2025-07-09,31937,2025070904011881,HDHPC,Ashutosh Brokerage & Securities (PVT) Ltd.,Cristal Kanchanjanga Securites Pvt. Ltd.,20,198.0,3960.0,2025-07-09 13:27:03.493492
2025-07-09,31119,2025070904012074,HDHPC,Imperial Securities Company Pvt. Ltd.,Cristal Kanchanjanga Securites Pvt. Ltd.,465,198.0,92070.0,2025-07-09 13:30:20.078696
2025-07-09,31118,2025070904012075,HDHPC,Imperial Securities Company Pvt. Ltd.,Aryatara Investment & Securities,35,198.0,6930.0,2025-07-09 13:30:20.079014
2025-07-09,30543,2025070904012236,HDHPC,Oxford Securities Pvt. Ltd.,Aryatara Investment & Securities,24,198.0,4752.0,2025-07-09 13:32:47.791211
2025-07-09,30001,2025070904012393,HDHPC,Kalika Securities Pvt. Ltd.,Aryatara Investment & Securities,20,198.0,3960.0,2025-07-09 13:35:38.242434
2025-07-09,29956,2025070904012414,HDHPC,Ashutosh Brokerage & Securities (PVT) Ltd.,Naasa Securities Co. Ltd.,20,197.9,3958.0,2025-07-09 13:35:54.417346
2025-07-09,29955,2025070904012415,HDHPC,Dipshikha Dhitopatra Karobar Co. Pvt Ltd.,Naasa Securities Co. Ltd.,22,197.7,4349.4,2025-07-09 13:35:54.417657
2025-07-09,29954,2025070904012416,HDHPC,Sanima Securities Limited,Naasa Securities Co. Ltd.,10,197.6,1976.0,2025-07-09 13:35:54.417794
2025-07-09,29953,2025070904012417,HDHPC,Premier Securities Company Ltd.,Naasa Securities Co. Ltd.,20,197.6,3952.0,2025-07-09 13:35:54.417935
2025-07-09,29952,2025070904012418,HDHPC,J.F. Securites (PVT) Ltd.,Naasa Securities Co. Ltd.,150,197.5,29625.0,2025-07-09 13:35:54.418069
2025-07-09,29951,2025070904012419,HDHPC,Sweta Securities Private Limited,Naasa Securities Co. Ltd.,610,197.5,120475.0,2025-07-09 13:35:54.418200
2025-07-09,29950,2025070904012420,HDHPC,Aryatara Investment & Securities,Naasa Securities Co. Ltd.,44,197.5,8690.0,2025-07-09 13:35:54.418336
2025-07-09,27992,2025070904012954,HDHPC,Midas Stock Broking Company Private Limited,Aryatara Investment & Securities,121,198.0,23958.0,2025-07-09 13:44:42.964700
2025-07-09,27991,2025070904012955,HDHPC,Midas Stock Broking Company Private Limited,Sumeru Securities Pvt. Ltd.,17,198.0,3366.0,2025-07-09 13:44:42.965061
2025-07-09,27728,2025070904013056,HDHPC,Sani Securities Company Ltd.,Sani Securities Company Ltd.,250,198.1,49525.0,2025-07-09 13:45:29.486123
2025-07-09,25824,2025070904013593,HDHPC,Midas Stock Broking Company Private Limited,Kohinoor Investment & Securities Pvt. Ltd.,10,198.0,1980.0,2025-07-09 13:53:20.699429
2025-07-09,24253,2025070904014010,HDHPC,Capital Max Securities Ltd,Kohinoor Investment & Securities Pvt. Ltd.,10,197.7,1977.0,2025-07-09 13:59:11.375764
2025-07-09,24252,2025070904014011,HDHPC,Imperial Securities Company Pvt. Ltd.,Kohinoor Investment & Securities Pvt. Ltd.,20,197.7,3954.0,2025-07-09 13:59:11.376119
2025-07-09,24251,2025070904014012,HDHPC,SUN SECURITIES PVT LTD,Kohinoor Investment & Securities Pvt. Ltd.,360,197.6,71136.0,2025-07-09 13:59:11.376267
2025-07-09,24127,2025070904014053,HDHPC,Naasa Securities Co. Ltd.,Dakshinkali Investment & Securities Pvt. Ltd.,500,198.0,99000.0,2025-07-09 13:59:51.709856
2025-07-09,24088,2025070904014066,HDHPC,SUN SECURITIES PVT LTD,Premier Securities Company Ltd.,17,197.6,3359.2,2025-07-09 14:00:04.615270
2025-07-09,24087,2025070904014067,HDHPC,Naasa Securities Co. Ltd.,Premier Securities Company Ltd.,600,197.6,118560.0,2025-07-09 14:00:04.615613
2025-07-09,23963,2025070904014105,HDHPC,Cristal Kanchanjanga Securites Pvt. Ltd.,Premier Securities Company Ltd.,97,197.6,19167.2,2025-07-09 14:00:39.137263
2025-07-09,22813,2025070904014482,HDHPC,Global IME Securities Limited,Kumari Securities Private Limited,5,195.0,975.0,2025-07-09 14:05:00.883553
2025-07-09,22350,2025070904014640,HDHPC,K.B.L. Securities Limited ,Linch Stock Market Ltd.,40,197.6,7904.0,2025-07-09 14:06:36.379260
2025-07-09,21538,2025070904014905,HDHPC,Sani Securities Company Ltd.,Dakshinkali Investment & Securities Pvt. Ltd.,15,198.0,2970.0,2025-07-09 14:09:54.054459
2025-07-09,21498,2025070904014908,HDHPC,Naasa Securities Co. Ltd.,Malla & Malla Stock Broking Company Pvt. Limited,258,197.7,51006.6,2025-07-09 14:10:11.132150
2025-07-09,21497,2025070904014909,HDHPC,K.B.L. Securities Limited ,Malla & Malla Stock Broking Company Pvt. Limited,40,197.6,7904.0,2025-07-09 14:10:11.132577
2025-07-09,21496,2025070904014910,HDHPC,Aryatara Investment & Securities,Malla & Malla Stock Broking Company Pvt. Limited,289,197.5,57077.5,2025-07-09 14:10:11.132760
2025-07-09,21495,2025070904014911,HDHPC,Naasa Securities Co. Ltd.,Malla & Malla Stock Broking Company Pvt. Limited,200,197.5,39500.0,2025-07-09 14:10:11.132923
2025-07-09,21494,2025070904014912,HDHPC,Siprabi Securities Pvt. Ltd.,Malla & Malla Stock Broking Company Pvt. Limited,100,197.5,19750.0,2025-07-09 14:10:11.133082
2025-07-09,21323,2025070904014968,HDHPC,Aryatara Investment & Securities,Malla & Malla Stock Broking Company Pvt. Limited,113,197.4,22306.2,2025-07-09 14:10:53.402584
2025-07-09,20860,2025070904015136,HDHPC,Aryatara Investment & Securities,Sani Securities Company Ltd.,220,197.4,43428.0,2025-07-09 14:12:54.234423
2025-07-09,20859,2025070904015137,HDHPC,Premier Securities Company Ltd.,Sani Securities Company Ltd.,50,197.4,9870.0,2025-07-09 14:12:54.234800
2025-07-09,20701,2025070904015208,HDHPC,Sweta Securities Private Limited,Sani Securities Company Ltd.,66,197.4,13028.4,2025-07-09 14:13:28.002476
2025-07-09,20066,2025070904015423,HDHPC,Sumeru Securities Pvt. Ltd.,Sani Securities Company Ltd.,49,197.4,9672.6,2025-07-09 14:16:09.361604
2025-07-09,20017,2025070904015446,HDHPC,Sumeru Securities Pvt. Ltd.,Sani Securities Company Ltd.,51,197.4,10067.4,2025-07-09 14:16:19.719473
2025-07-09,20016,2025070904015447,HDHPC,Dipshikha Dhitopatra Karobar Co. Pvt Ltd.,Sani Securities Company Ltd.,101,197.4,19937.4,2025-07-09 14:16:19.719820
2025-07-09,20015,2025070904015448,HDHPC,Premier Securities Company Ltd.,Sani Securities Company Ltd.,10,197.3,1973.0,2025-07-09 14:16:19.719995
2025-07-09,20014,2025070904015449,HDHPC,Aryatara Investment & Securities,Sani Securities Company Ltd.,333,197.3,65700.9,2025-07-09 14:16:19.720147
2025-07-09,20013,2025070904015450,HDHPC,Market Securities & Exchange (PVT) Ltd.,Sani Securities Company Ltd.,90,197.3,17757.0,2025-07-09 14:16:19.720287
2025-07-09,19076,2025070904015712,HDHPC,Market Securities & Exchange (PVT) Ltd.,Dakshinkali Investment & Securities Pvt. Ltd.,10,197.3,1973.0,2025-07-09 14:19:34.836430
2025-07-09,19075,2025070904015713,HDHPC,Sani Securities Company Ltd.,Dakshinkali Investment & Securities Pvt. Ltd.,515,197.3,101609.5,2025-07-09 14:19:34.837177
2025-07-09,19074,2025070904015714,HDHPC,Premier Securities Company Ltd.,Dakshinkali Investment & Securities Pvt. Ltd.,10,197.2,1972.0,2025-07-09 14:19:34.837864
2025-07-09,19073,2025070904015715,HDHPC,Aryatara Investment & Securities,Dakshinkali Investment & Securities Pvt. Ltd.,333,197.2,65667.6,2025-07-09 14:19:34.838500
2025-07-09,19072,2025070904015716,HDHPC,Arun Securities (PVT) Ltd.,Dakshinkali Investment & Securities Pvt. Ltd.,132,197.2,26030.4,2025-07-09 14:19:34.839099
2025-07-09,17982,2025070904016073,HDHPC,Imperial Securities Company Pvt. Ltd.,South Asian Bulls Pvt. Ltd.,10,197.4,1974.0,2025-07-09 14:24:09.224505
2025-07-09,16387,2025070904016564,HDHPC,Online Securities Pvt. Ltd.,Malla & Malla Stock Broking Company Pvt. Limited,500,197.5,98750.0,2025-07-09 14:30:04.995442
2025-07-09,14839,2025070904016997,HDHPC,Imperial Securities Company Pvt. Ltd.,Deevyaa Securities & Stock House Pvt. Ltd,90,197.5,17775.0,2025-07-09 14:34:48.907254
2025-07-09,14838,2025070904016998,HDHPC,Naasa Securities Co. Ltd.,Deevyaa Securities & Stock House Pvt. Ltd,210,197.5,41475.0,2025-07-09 14:34:48.907637
2025-07-09,14663,2025070904017050,HDHPC,Naasa Securities Co. Ltd.,Vision Securities Pvt. Ltd,295,197.5,58262.5,2025-07-09 14:35:30.829612
2025-07-09,14662,2025070904017051,HDHPC,Online Securities Pvt. Ltd.,Vision Securities Pvt. Ltd,100,197.5,19750.0,2025-07-09 14:35:30.830417
2025-07-09,14661,2025070904017052,HDHPC,Sagarmatha Securities Private Limited,Vision Securities Pvt. Ltd,300,197.5,59250.0,2025-07-09 14:35:30.831109
2025-07-09,14219,2025070904017164,HDHPC,Imperial Securities Company Pvt. Ltd.,Vision Securities Pvt. Ltd,155,197.5,30612.5,2025-07-09 14:36:54.254386
2025-07-09,13825,2025070904017277,HDHPC,Kohinoor Investment & Securities Pvt. Ltd.,Vision Securities Pvt. Ltd,10,197.5,1975.0,2025-07-09 14:37:54.291017
2025-07-09,13732,2025070904017288,HDHPC,Arun Securities (PVT) Ltd.,Midas Stock Broking Company Private Limited,18,197.2,3549.6,2025-07-09 14:38:11.030652
2025-07-09,13731,2025070904017289,HDHPC,Indira securities pvt. ltd,Midas Stock Broking Company Private Limited,50,197.2,9860.0,2025-07-09 14:38:11.031417
2025-07-09,13730,2025070904017290,HDHPC,Premier Securities Company Ltd.,Midas Stock Broking Company Private Limited,12,197.1,2365.2,2025-07-09 14:38:11.031911
2025-07-09,13563,2025070904017337,HDHPC,Naasa Securities Co. Ltd.,Vision Securities Pvt. Ltd,25,197.5,4937.5,2025-07-09 14:38:47.371921
2025-07-09,13534,2025070904017347,HDHPC,Market Securities & Exchange (PVT) Ltd.,Vision Securities Pvt. Ltd,100,197.5,19750.0,2025-07-09 14:38:51.728074
2025-07-09,13471,2025070904017360,HDHPC,Deevyaa Securities & Stock House Pvt. Ltd,Dipshikha Dhitopatra Karobar Co. Pvt Ltd.,41,197.2,8085.2,2025-07-09 14:39:03.878365
2025-07-09,13470,2025070904017361,HDHPC,Siprabi Securities Pvt. Ltd.,Dipshikha Dhitopatra Karobar Co. Pvt Ltd.,14,197.1,2759.4,2025-07-09 14:39:03.879055
2025-07-09,13224,2025070904017420,HDHPC,Trisul Securities & Invt. Ltd.,Vision Securities Pvt. Ltd,208,197.2,41017.6,2025-07-09 14:39:43.061150
2025-07-09,12904,2025070904017490,HDHPC,Trisul Securities & Invt. Ltd.,Sundhara Securities Limited,792,197.2,156182.4,2025-07-09 14:40:34.462293
2025-07-09,12903,2025070904017491,HDHPC,Siprabi Securities Pvt. Ltd.,Sundhara Securities Limited,1019,197.1,200844.9,2025-07-09 14:40:34.462687
2025-07-09,12902,2025070904017492,HDHPC,Online Securities Pvt. Ltd.,Sundhara Securities Limited,1000,197.1,197100.0,2025-07-09 14:40:34.462852
2025-07-09,12901,2025070904017493,HDHPC,Asian Securities Private Ltd.,Sundhara Securities Limited,1000,197.1,197100.0,2025-07-09 14:40:34.463008
2025-07-09,12900,2025070904017494,HDHPC,SUN SECURITIES PVT LTD,Sundhara Securities Limited,377,197.1,74306.7,2025-07-09 14:40:34.463160
2025-07-09,12899,2025070904017495,HDHPC,Premier Securities Company Ltd.,Sundhara Securities Limited,50,197.1,9855.0,2025-07-09 14:40:34.463319
2025-07-09,12898,2025070904017496,HDHPC,Global IME Securities Limited,Sundhara Securities Limited,252,197.1,49669.2,2025-07-09 14:40:34.463481
2025-07-09,12897,2025070904017497,HDHPC,Kalika Securities Pvt. Ltd.,Sundhara Securities Limited,500,197.0,98500.0,2025-07-09 14:40:34.463636
2025-07-09,12896,2025070904017498,HDHPC,Opal Securities Investment (PVT) Ltd.,Sundhara Securities Limited,50,197.0,9850.0,2025-07-09 14:40:34.463798
2025-07-09,12895,2025070904017499,HDHPC,Sundhara Securities Limited,Sundhara Securities Limited,30,197.0,5910.0,2025-07-09 14:40:34.463967
2025-07-09,12894,2025070904017500,HDHPC,Agrawal Securities (PVT) Ltd.,Sundhara Securities Limited,1000,197.0,197000.0,2025-07-09 14:40:34.464119
2025-07-09,12893,2025070904017501,HDHPC,Siprabi Securities Pvt. Ltd.,Sundhara Securities Limited,200,197.0,39400.0,2025-07-09 14:40:34.464273
2025-07-09,12892,2025070904017502,HDHPC,Premier Securities Company Ltd.,Sundhara Securities Limited,600,197.0,118200.0,2025-07-09 14:40:34.464434
2025-07-09,12891,2025070904017503,HDHPC,Sri Hari Securities Pvt. Ltd.,Sundhara Securities Limited,1000,197.0,197000.0,2025-07-09 14:40:34.464607
2025-07-09,12890,2025070904017504,HDHPC,South Asian Bulls Pvt. Ltd.,Sundhara Securities Limited,100,197.0,19700.0,2025-07-09 14:40:34.464774
2025-07-09,12889,2025070904017505,HDHPC,Capital Max Securities Ltd,Sundhara Securities Limited,100,197.0,19700.0,2025-07-09 14:40:34.464934
2025-07-09,12888,2025070904017506,HDHPC,Primo Securities (PVT) Ltd.,Sundhara Securities Limited,30,197.0,5910.0,2025-07-09 14:40:34.465088
2025-07-09,12887,2025070904017507,HDHPC,Cristal Kanchanjanga Securites Pvt. Ltd.,Sundhara Securities Limited,10,197.0,1970.0,2025-07-09 14:40:34.465240
2025-07-09,12886,2025070904017508,HDHPC,Asian Securities Private Ltd.,Sundhara Securities Limited,500,197.0,98500.0,2025-07-09 14:40:34.465409
2025-07-09,12885,2025070904017509,HDHPC,Vision Securities Pvt. Ltd,Sundhara Securities Limited,300,197.0,59100.0,2025-07-09 14:40:34.465559
2025-07-09,12884,2025070904017510,HDHPC,Primo Securities (PVT) Ltd.,Sundhara Securities Limited,500,197.0,98500.0,2025-07-09 14:40:34.465707
2025-07-09,12883,2025070904017511,HDHPC,South Asian Bulls Pvt. Ltd.,Sundhara Securities Limited,50,197.0,9850.0,2025-07-09 14:40:34.465855
2025-07-09,12882,2025070904017512,HDHPC,ABC Securities Private Limited,Sundhara Securities Limited,27,197.0,5319.0,2025-07-09 14:40:34.466038
2025-07-09,12881,2025070904017513,HDHPC,Aryatara Investment & Securities,Sundhara Securities Limited,350,197.0,68950.0,2025-07-09 14:40:34.466221
2025-07-09,12880,2025070904017514,HDHPC,Naasa Securities Co. Ltd.,Sundhara Securities Limited,163,197.0,32111.0,2025-07-09 14:40:34.466378
2025-07-09,12678,2025070904017544,HDHPC,Naasa Securities Co. Ltd.,Trisul Securities & Invt. Ltd.,337,197.0,66389.0,2025-07-09 14:41:01.587977
2025-07-09,12677,2025070904017545,HDHPC,Cristal Kanchanjanga Securites Pvt. Ltd.,Trisul Securities & Invt. Ltd.,1000,197.0,197000.0,2025-07-09 14:41:01.588382
2025-07-09,12676,2025070904017546,HDHPC,Linch Stock Market Ltd.,Trisul Securities & Invt. Ltd.,270,197.0,53190.0,2025-07-09 14:41:01.588529
2025-07-09,12675,2025070904017547,HDHPC,Aryatara Investment & Securities,Trisul Securities & Invt. Ltd.,185,197.0,36445.0,2025-07-09 14:41:01.588684
2025-07-09,12674,2025070904017548,HDHPC,Oxford Securities Pvt. Ltd.,Trisul Securities & Invt. Ltd.,15,197.0,2955.0,2025-07-09 14:41:01.588860
2025-07-09,12673,2025070904017549,HDHPC,Bhrikuti Stock Broking Co. Pvt. Ltd.,Trisul Securities & Invt. Ltd.,1193,197.0,235021.0,2025-07-09 14:41:01.589031
2025-07-09,12504,2025070904017582,HDHPC,South Asian Bulls Pvt. Ltd.,Opal Securities Investment (PVT) Ltd.,100,197.4,19740.0,2025-07-09 14:41:27.078740
2025-07-09,11725,2025070904017810,HDHPC,Premier Securities Company Ltd.,Malla & Malla Stock Broking Company Pvt. Limited,18,197.1,3547.8,2025-07-09 14:43:18.124146
2025-07-09,11724,2025070904017811,HDHPC,Trisul Securities & Invt. Ltd.,Malla & Malla Stock Broking Company Pvt. Limited,482,197.1,95002.2,2025-07-09 14:43:18.124858
2025-07-09,11595,2025070904017837,HDHPC,Secured Securities Ltd.,Trishakti Securities Public Limited,50,197.2,9860.0,2025-07-09 14:43:36.056950
2025-07-09,11594,2025070904017838,HDHPC,Oxford Securities Pvt. Ltd.,Trishakti Securities Public Limited,450,197.2,88740.0,2025-07-09 14:43:36.194586
2025-07-09,11456,2025070904017872,HDHPC,J.F. Securites (PVT) Ltd.,Oxford Securities Pvt. Ltd.,75,197.3,14797.5,2025-07-09 14:43:55.760223
2025-07-09,11359,2025070904017898,HDHPC,Oxford Securities Pvt. Ltd.,South Asian Bulls Pvt. Ltd.,1105,197.2,217906.0,2025-07-09 14:44:03.932430
2025-07-09,11358,2025070904017899,HDHPC,Trisul Securities & Invt. Ltd.,South Asian Bulls Pvt. Ltd.,518,197.1,102097.8,2025-07-09 14:44:03.932747
2025-07-09,11357,2025070904017900,HDHPC,Bhrikuti Stock Broking Co. Pvt. Ltd.,South Asian Bulls Pvt. Ltd.,377,197.0,74269.0,2025-07-09 14:44:03.932896
2025-07-09,10594,2025070904018099,HDHPC,Sani Securities Company Ltd.,Oxford Securities Pvt. Ltd.,25,197.3,4932.5,2025-07-09 14:45:55.257881
2025-07-09,10593,2025070904018100,HDHPC,Sani Securities Company Ltd.,Opal Securities Investment (PVT) Ltd.,100,197.4,19740.0,2025-07-09 14:45:55.258567
2025-07-09,10592,2025070904018101,HDHPC,Sani Securities Company Ltd.,Shree Krishna Securities Ltd.,198,197.4,39085.2,2025-07-09 14:45:55.258996
2025-07-09,9991,2025070904018253,HDHPC,Sani Securities Company Ltd.,Malla & Malla Stock Broking Company Pvt. Limited,200,197.4,39480.0,2025-07-09 14:46:54.875132
2025-07-09,9974,2025070904018262,HDHPC,Sani Securities Company Ltd.,Imperial Securities Company Pvt. Ltd.,27,197.4,5329.8,2025-07-09 14:46:57.558344
2025-07-09,9235,2025070904018511,HDHPC,Siprabi Securities Pvt. Ltd.,Aryatara Investment & Securities,250,197.3,49325.0,2025-07-09 14:48:26.762974
2025-07-09,9234,2025070904018512,HDHPC,Online Securities Pvt. Ltd.,Aryatara Investment & Securities,40,197.2,7888.0,2025-07-09 14:48:26.763307
2025-07-09,9233,2025070904018513,HDHPC,Naasa Securities Co. Ltd.,Aryatara Investment & Securities,12,197.1,2365.2,2025-07-09 14:48:26.763494
2025-07-09,9232,2025070904018514,HDHPC,Trisul Securities & Invt. Ltd.,Aryatara Investment & Securities,698,197.1,137575.8,2025-07-09 14:48:26.763701
2025-07-09,7580,2025070904019005,HDHPC,Trisul Securities & Invt. Ltd.,Imperial Securities Company Pvt. Ltd.,473,197.4,93370.2,2025-07-09 14:51:36.090343
2025-07-09,7084,2025070904019138,HDHPC,Deevyaa Securities & Stock House Pvt. Ltd,Asian Securities Private Ltd.,560,197.4,110544.0,2025-07-09 14:52:20.756735
2025-07-09,7022,2025070904019152,HDHPC,Secured Securities Ltd.,Asian Securities Private Ltd.,25,197.4,4935.0,2025-07-09 14:52:28.504057
2025-07-09,6911,2025070904019200,HDHPC,Trisul Securities & Invt. Ltd.,Asian Securities Private Ltd.,215,197.4,42441.0,2025-07-09 14:52:37.565578
2025-07-09,4966,2025070904019850,HDHPC,Market Securities & Exchange (PVT) Ltd.,Vision Securities Pvt. Ltd,15,197.5,2962.5,2025-07-09 14:55:35.872390
2025-07-09,4965,2025070904019851,HDHPC,Market Securities & Exchange (PVT) Ltd.,Vision Securities Pvt. Ltd,35,197.5,6912.5,2025-07-09 14:55:35.873024
2025-07-09,4958,2025070904019852,HDHPC,Trisul Securities & Invt. Ltd.,Bhrikuti Stock Broking Co. Pvt. Ltd.,25,197.4,4935.0,2025-07-09 14:55:36.601571
2025-07-09,4957,2025070904019853,HDHPC,Naasa Securities Co. Ltd.,Bhrikuti Stock Broking Co. Pvt. Ltd.,20,197.4,3948.0,2025-07-09 14:55:36.601919
2025-07-09,4956,2025070904019854,HDHPC,Premier Securities Company Ltd.,Bhrikuti Stock Broking Co. Pvt. Ltd.,16,197.4,3158.4,2025-07-09 14:55:36.602072
2025-07-09,4955,2025070904019855,HDHPC,ABC Securities Private Limited,Bhrikuti Stock Broking Co. Pvt. Ltd.,500,197.3,98650.0,2025-07-09 14:55:36.602219
2025-07-09,4954,2025070904019856,HDHPC,Capital Max Securities Ltd,Bhrikuti Stock Broking Co. Pvt. Ltd.,13,197.2,2563.6,2025-07-09 14:55:36.602387
2025-07-09,4953,2025070904019857,HDHPC,Kohinoor Investment & Securities Pvt. Ltd.,Bhrikuti Stock Broking Co. Pvt. Ltd.,1026,197.2,202327.2,2025-07-09 14:55:36.602684
2025-07-09,4946,2025070904019860,HDHPC,Naasa Securities Co. Ltd.,Vision Securities Pvt. Ltd,16,197.5,3160.0,2025-07-09 14:55:37.313551
2025-07-09,4810,2025070904019904,HDHPC,Kohinoor Investment & Securities Pvt. Ltd.,Naasa Securities Co. Ltd.,200,197.2,39440.0,2025-07-09 14:55:47.512411
2025-07-09,3787,2025070904020224,HDHPC,Secured Securities Ltd.,Agrawal Securities (PVT) Ltd.,100,197.3,19730.0,2025-07-09 14:57:03.083714
2025-07-09,3725,2025070904020259,HDHPC,Secured Securities Ltd.,Nepal Stock House (PVT) Ltd.,177,197.3,34922.1,2025-07-09 14:57:07.088869
2025-07-09,3724,2025070904020260,HDHPC,Kohinoor Investment & Securities Pvt. Ltd.,Nepal Stock House (PVT) Ltd.,274,197.2,54032.8,2025-07-09 14:57:07.088928
2025-07-09,3723,2025070904020261,HDHPC,Trisul Securities & Invt. Ltd.,Nepal Stock House (PVT) Ltd.,302,197.1,59524.2,2025-07-09 14:57:07.088992
2025-07-09,3722,2025070904020262,HDHPC,Online Securities Pvt. Ltd.,Nepal Stock House (PVT) Ltd.,247,197.1,48683.7,2025-07-09 14:57:07.089041
2025-07-09,3035,2025070904020492,HDHPC,Market Securities & Exchange (PVT) Ltd.,Vision Securities Pvt. Ltd,40,197.2,7888.0,2025-07-09 14:57:52.222342
2025-07-09,2756,2025070904020584,HDHPC,Online Securities Pvt. Ltd.,Vision Securities Pvt. Ltd,1000,197.2,197200.0,2025-07-09 14:58:13.896363
2025-07-09,2621,2025070904020655,HDHPC,Opal Securities Investment (PVT) Ltd.,Vision Securities Pvt. Ltd,409,197.2,80654.8,2025-07-09 14:58:20.403455
2025-07-09,2496,2025070904020704,HDHPC,Opal Securities Investment (PVT) Ltd.,Secured Securities Ltd.,167,197.2,32932.4,2025-07-09 14:58:28.115221
2025-07-09,2125,2025070904020810,HDHPC,Premier Securities Company Ltd.,Sewa Securities Pvt. Ltd.,50,197.4,9870.0,2025-07-09 14:58:48.570352
2025-07-09,2124,2025070904020811,HDHPC,Premier Securities Company Ltd.,Trisul Securities & Invt. Ltd.,350,197.8,69230.0,2025-07-09 14:58:48.570670
2025-07-09,2123,2025070904020812,HDHPC,Premier Securities Company Ltd.,Creative Securities Pvt Ltd,70,197.9,13853.0,2025-07-09 14:58:48.570821
2025-07-09,2122,2025070904020813,HDHPC,Premier Securities Company Ltd.,Hatemalo Financial Services Private Limited,500,197.9,98950.0,2025-07-09 14:58:48.570990
2025-07-09,2121,2025070904020814,HDHPC,Premier Securities Company Ltd.,Dakshinkali Investment & Securities Pvt. Ltd.,1030,198.0,203940.0,2025-07-09 14:58:48.571279
2025-07-09,1470,2025070904021006,HDHPC,Opal Securities Investment (PVT) Ltd.,Cristal Kanchanjanga Securites Pvt. Ltd.,1300,197.2,256360.0,2025-07-09 14:59:18.472692
2025-07-09,744,2025070904021222,HDHPC,Aryatara Investment & Securities,Dakshinkali Investment & Securities Pvt. Ltd.,240,198.0,47520.0,2025-07-09 14:59:40.847056
2025-07-09,340,2025070904021327,HDHPC,Midas Stock Broking Company Private Limited,Naasa Securities Co. Ltd.,470,197.3,92731.0,2025-07-09 14:59:51.598789
2025-07-09,339,2025070904021328,HDHPC,Opal Securities Investment (PVT) Ltd.,Naasa Securities Co. Ltd.,124,197.2,24452.8,2025-07-09 14:59:51.599120
2025-07-09,338,2025070904021329,HDHPC,Imperial Securities Company Pvt. Ltd.,Naasa Securities Co. Ltd.,200,197.2,39440.0,2025-07-09 14:59:51.599261
2025-07-09,337,2025070904021330,HDHPC,Online Securities Pvt. Ltd.,Naasa Securities Co. Ltd.,206,197.1,40602.6,2025-07-09 14:59:51.599423
