Date,S.N.,contract_id,symbol,buyer_broker,seller_broker,volume,price,amount,transaction_time
2025-07-09,61963,2025070905000101,NIFRA,Sewa Securities Pvt. Ltd.,Naasa Securities Co. Ltd.,50,276.0,13800.0,2025-07-09 11:05:51.843834
2025-07-09,61566,2025070905000176,NIFRA,ABC Securities Private Limited,Naasa Securities Co. Ltd.,20,275.0,5500.0,2025-07-09 11:07:59.678197
2025-07-09,61529,2025070905000179,NIFRA,Vision Securities Pvt. Ltd,Naasa Securities Co. Ltd.,44,274.3,12069.2,2025-07-09 11:08:10.935545
2025-07-09,60898,2025070905000278,NIFRA,Vision Securities Pvt. Ltd,Aryatara Investment & Securities,56,275.1,15405.6,2025-07-09 11:11:54.555472
2025-07-09,60897,2025070905000279,NIFRA,Imperial Securities Company Pvt. Ltd.,Aryatara Investment & Securities,1944,275.1,534794.4,2025-07-09 11:11:54.555610
2025-07-09,60834,2025070905000286,NIFRA,Vision Securities Pvt. Ltd,Aryatara Investment & Securities,64,276.0,17664.0,2025-07-09 11:12:12.203579
2025-07-09,60833,2025070905000287,NIFRA,Vision Securities Pvt. Ltd,Kohinoor Investment & Securities Pvt. Ltd.,39,276.0,10764.0,2025-07-09 11:12:12.203902
2025-07-09,60832,2025070905000288,NIFRA,Vision Securities Pvt. Ltd,Cristal Kanchanjanga Securites Pvt. Ltd.,54,276.0,14904.0,2025-07-09 11:12:12.204087
2025-07-09,60770,2025070905000297,NIFRA,Secured Securities Ltd.,Naasa Securities Co. Ltd.,30,276.0,8280.0,2025-07-09 11:12:31.195095
2025-07-09,60672,2025070905000316,NIFRA,Sani Securities Company Ltd.,Naasa Securities Co. Ltd.,20,276.0,5520.0,2025-07-09 11:13:03.496379
2025-07-09,60588,2025070905000327,NIFRA,Investment Management Nepal Pvt. Ltd.,Online Securities Pvt. Ltd.,24,276.0,6624.0,2025-07-09 11:13:27.107263
2025-07-09,60587,2025070905000328,NIFRA,Capital Max Securities Ltd,Online Securities Pvt. Ltd.,30,275.2,8256.0,2025-07-09 11:13:27.107413
2025-07-09,60499,2025070905000345,NIFRA,Vision Securities Pvt. Ltd,Sani Securities Company Ltd.,64,275.3,17619.2,2025-07-09 11:13:51.930534
2025-07-09,60296,2025070905000382,NIFRA,Imperial Securities Company Pvt. Ltd.,Malla & Malla Stock Broking Company Pvt. Limited,10,275.4,2754.0,2025-07-09 11:15:05.103496
2025-07-09,59951,2025070905000440,NIFRA,Vision Securities Pvt. Ltd,Imperial Securities Company Pvt. Ltd.,64,275.5,17632.0,2025-07-09 11:17:15.010517
2025-07-09,59872,2025070905000456,NIFRA,Vision Securities Pvt. Ltd,Trisul Securities & Invt. Ltd.,22,277.0,6094.0,2025-07-09 11:17:44.058502
2025-07-09,59815,2025070905000468,NIFRA,Sani Securities Company Ltd.,Nabil Stock Dealer Ltd.,100,276.0,27600.0,2025-07-09 11:17:58.712609
2025-07-09,59745,2025070905000473,NIFRA,Sani Securities Company Ltd.,Online Securities Pvt. Ltd.,54,276.0,14904.0,2025-07-09 11:18:16.574811
2025-07-09,59560,2025070905000508,NIFRA,Sani Securities Company Ltd.,Sumeru Securities Pvt. Ltd.,30,276.0,8280.0,2025-07-09 11:19:04.474743
2025-07-09,59511,2025070905000519,NIFRA,Sani Securities Company Ltd.,Trisul Securities & Invt. Ltd.,816,276.0,225216.0,2025-07-09 11:19:15.904506
2025-07-09,59402,2025070905000544,NIFRA,Imperial Securities Company Pvt. Ltd.,Imperial Securities Company Pvt. Ltd.,46,275.4,12668.4,2025-07-09 11:19:52.581020
2025-07-09,59373,2025070905000546,NIFRA,Kumari Securities Private Limited,Trisul Securities & Invt. Ltd.,36,275.3,9910.8,2025-07-09 11:20:00.275162
2025-07-09,59372,2025070905000547,NIFRA,Sani Securities Company Ltd.,Trisul Securities & Invt. Ltd.,100,275.3,27530.0,2025-07-09 11:20:00.275344
2025-07-09,59371,2025070905000548,NIFRA,Vision Securities Pvt. Ltd,Trisul Securities & Invt. Ltd.,50,275.3,13765.0,2025-07-09 11:20:00.275438
2025-07-09,59370,2025070905000549,NIFRA,Vision Securities Pvt. Ltd,Trisul Securities & Invt. Ltd.,200,275.3,55060.0,2025-07-09 11:20:00.275510
2025-07-09,59369,2025070905000550,NIFRA,Capital Max Securities Ltd,Trisul Securities & Invt. Ltd.,776,275.2,213555.2,2025-07-09 11:20:00.275569
2025-07-09,59265,2025070905000566,NIFRA,Deevyaa Securities & Stock House Pvt. Ltd,Malla & Malla Stock Broking Company Pvt. Limited,64,275.3,17619.2,2025-07-09 11:20:41.137597
2025-07-09,58611,2025070905000680,NIFRA,Nepal Stock House (PVT) Ltd.,Himalayan Securities Limited,64,275.5,17632.0,2025-07-09 11:24:08.645005
2025-07-09,58288,2025070905000749,NIFRA,Vision Securities Pvt. Ltd,ABC Securities Private Limited,54,276.0,14904.0,2025-07-09 11:25:47.031709
2025-07-09,58255,2025070905000758,NIFRA,Vision Securities Pvt. Ltd,Agrawal Securities (PVT) Ltd.,54,276.0,14904.0,2025-07-09 11:25:58.178886
2025-07-09,57984,2025070905000823,NIFRA,Sundhara Securities Limited,Imperial Securities Company Pvt. Ltd.,64,276.2,17676.8,2025-07-09 11:27:09.486092
2025-07-09,57856,2025070905000847,NIFRA,Sundhara Securities Limited,Imperial Securities Company Pvt. Ltd.,54,276.2,14914.8,2025-07-09 11:27:49.944487
2025-07-09,57804,2025070905000851,NIFRA,Vision Securities Pvt. Ltd,Vision Securities Pvt. Ltd,64,276.9,17721.6,2025-07-09 11:27:58.409501
2025-07-09,57803,2025070905000852,NIFRA,Vision Securities Pvt. Ltd,Linch Stock Market Ltd.,36,277.0,9972.0,2025-07-09 11:27:58.409920
2025-07-09,57679,2025070905000878,NIFRA,Sundhara Securities Limited,Aryatara Investment & Securities,30,276.2,8286.0,2025-07-09 11:28:34.517984
2025-07-09,57659,2025070905000882,NIFRA,Sundhara Securities Limited,Kalika Securities Pvt. Ltd.,21,276.2,5800.2,2025-07-09 11:28:40.732752
2025-07-09,57395,2025070905000946,NIFRA,Deevyaa Securities & Stock House Pvt. Ltd,Linch Stock Market Ltd.,18,277.0,4986.0,2025-07-09 11:29:39.606234
2025-07-09,57394,2025070905000947,NIFRA,Deevyaa Securities & Stock House Pvt. Ltd,Siprabi Securities Pvt. Ltd.,24,277.0,6648.0,2025-07-09 11:29:39.606653
2025-07-09,57393,2025070905000948,NIFRA,Deevyaa Securities & Stock House Pvt. Ltd,Agrawal Securities (PVT) Ltd.,30,277.0,8310.0,2025-07-09 11:29:39.606894
2025-07-09,57247,2025070905000987,NIFRA,Sundhara Securities Limited,Agrawal Securities (PVT) Ltd.,31,276.2,8562.2,2025-07-09 11:30:05.414088
2025-07-09,57246,2025070905000988,NIFRA,Vision Securities Pvt. Ltd,Agrawal Securities (PVT) Ltd.,23,276.2,6352.6,2025-07-09 11:30:05.414478
2025-07-09,56816,2025070905001064,NIFRA,Elite Stock House Limited,ABC Securities Private Limited,54,276.1,14909.4,2025-07-09 11:31:42.462412
2025-07-09,56767,2025070905001073,NIFRA,Elite Stock House Limited,Himalayan Securities Limited,64,276.1,17670.4,2025-07-09 11:31:52.811495
2025-07-09,56436,2025070905001145,NIFRA,Midas Stock Broking Company Private Limited,Agrawal Securities (PVT) Ltd.,10,277.0,2770.0,2025-07-09 11:33:07.116941
2025-07-09,56231,2025070905001187,NIFRA,Elite Stock House Limited,Sundhara Securities Limited,28,276.1,7730.8,2025-07-09 11:33:48.016955
2025-07-09,56230,2025070905001188,NIFRA,Capital Max Securities Ltd,Sundhara Securities Limited,26,276.1,7178.6,2025-07-09 11:33:48.017301
2025-07-09,55930,2025070905001247,NIFRA,Capital Max Securities Ltd,Opal Securities Investment (PVT) Ltd.,108,276.1,29818.8,2025-07-09 11:35:06.985238
2025-07-09,55908,2025070905001249,NIFRA,Capital Max Securities Ltd,Agrawal Securities (PVT) Ltd.,64,276.1,17670.4,2025-07-09 11:35:10.161055
2025-07-09,55869,2025070905001254,NIFRA,Dynamic Money Managers Securities Pvt. Ltd.,Agrawal Securities (PVT) Ltd.,14,277.0,3878.0,2025-07-09 11:35:17.344947
2025-07-09,55868,2025070905001255,NIFRA,Dynamic Money Managers Securities Pvt. Ltd.,Vision Securities Pvt. Ltd,2000,277.0,554000.0,2025-07-09 11:35:17.345346
2025-07-09,55867,2025070905001256,NIFRA,Dynamic Money Managers Securities Pvt. Ltd.,Naasa Securities Co. Ltd.,54,277.0,14958.0,2025-07-09 11:35:17.345570
2025-07-09,55866,2025070905001257,NIFRA,Dynamic Money Managers Securities Pvt. Ltd.,Miyo Securities Pvt Ltd,21,277.0,5817.0,2025-07-09 11:35:17.345808
2025-07-09,55680,2025070905001283,NIFRA,Dynamic Money Managers Securities Pvt. Ltd.,Shree Krishna Securities Ltd.,54,277.0,14958.0,2025-07-09 11:36:06.428698
2025-07-09,55485,2025070905001326,NIFRA,Investment Management Nepal Pvt. Ltd.,Investment Management Nepal Pvt. Ltd.,27,277.7,7497.9,2025-07-09 11:36:44.756183
2025-07-09,55136,2025070905001402,NIFRA,Sundhara Securities Limited,Agrawal Securities (PVT) Ltd.,54,277.1,14963.4,2025-07-09 11:38:13.712722
2025-07-09,55060,2025070905001418,NIFRA,Sundhara Securities Limited,Thrive Brokerage House Pvt. Ltd,10,277.1,2771.0,2025-07-09 11:38:30.554401
2025-07-09,54998,2025070905001432,NIFRA,Sundhara Securities Limited,Sagarmatha Securities Private Limited,36,277.1,9975.6,2025-07-09 11:38:52.734232
2025-07-09,54997,2025070905001433,NIFRA,Dynamic Money Managers Securities Pvt. Ltd.,Sagarmatha Securities Private Limited,28,277.0,7756.0,2025-07-09 11:38:52.734465
2025-07-09,54768,2025070905001474,NIFRA,Dynamic Money Managers Securities Pvt. Ltd.,Malla & Malla Stock Broking Company Pvt. Limited,54,277.0,14958.0,2025-07-09 11:39:50.662150
2025-07-09,54581,2025070905001524,NIFRA,Dynamic Money Managers Securities Pvt. Ltd.,Opal Securities Investment (PVT) Ltd.,54,277.0,14958.0,2025-07-09 11:40:25.518215
2025-07-09,54553,2025070905001527,NIFRA,Vision Securities Pvt. Ltd,Investment Management Nepal Pvt. Ltd.,373,277.7,103582.1,2025-07-09 11:40:31.060934
2025-07-09,54552,2025070905001528,NIFRA,Vision Securities Pvt. Ltd,Dakshinkali Investment & Securities Pvt. Ltd.,533,277.8,148067.4,2025-07-09 11:40:31.061013
2025-07-09,54551,2025070905001529,NIFRA,Vision Securities Pvt. Ltd,Premier Securities Company Ltd.,94,278.0,26132.0,2025-07-09 11:40:31.061040
2025-07-09,54297,2025070905001580,NIFRA,Sundhara Securities Limited,Aryatara Investment & Securities,44,277.1,12192.4,2025-07-09 11:41:32.901335
2025-07-09,54189,2025070905001594,NIFRA,Sundhara Securities Limited,Aryatara Investment & Securities,10,277.1,2771.0,2025-07-09 11:41:55.085458
2025-07-09,54018,2025070905001617,NIFRA,Sundhara Securities Limited,Imperial Securities Company Pvt. Ltd.,10,277.1,2771.0,2025-07-09 11:42:45.747019
2025-07-09,53826,2025070905001643,NIFRA,Sundhara Securities Limited,Bhrikuti Stock Broking Co. Pvt. Ltd.,10,277.5,2775.0,2025-07-09 11:43:35.617117
2025-07-09,53692,2025070905001675,NIFRA,Sundhara Securities Limited,Online Securities Pvt. Ltd.,30,277.5,8325.0,2025-07-09 11:44:18.326851
2025-07-09,53677,2025070905001678,NIFRA,Sundhara Securities Limited,J.F. Securites (PVT) Ltd.,54,277.5,14985.0,2025-07-09 11:44:24.835050
2025-07-09,53533,2025070905001694,NIFRA,Sundhara Securities Limited,Capital Max Securities Ltd,54,277.5,14985.0,2025-07-09 11:45:06.246587
2025-07-09,53322,2025070905001740,NIFRA,Kohinoor Investment & Securities Pvt. Ltd.,Premier Securities Company Ltd.,56,278.0,15568.0,2025-07-09 11:45:53.720262
2025-07-09,53321,2025070905001741,NIFRA,Kohinoor Investment & Securities Pvt. Ltd.,Imperial Securities Company Pvt. Ltd.,44,278.0,12232.0,2025-07-09 11:45:53.720512
2025-07-09,53161,2025070905001768,NIFRA,Sundhara Securities Limited,Imperial Securities Company Pvt. Ltd.,100,277.5,27750.0,2025-07-09 11:46:46.800539
2025-07-09,53149,2025070905001769,NIFRA,Sundhara Securities Limited,Oxford Securities Pvt. Ltd.,152,277.5,42180.0,2025-07-09 11:46:47.307683
2025-07-09,53148,2025070905001770,NIFRA,Sundhara Securities Limited,Oxford Securities Pvt. Ltd.,136,277.1,37685.6,2025-07-09 11:46:47.308113
2025-07-09,53147,2025070905001771,NIFRA,Sri Hari Securities Pvt. Ltd.,Oxford Securities Pvt. Ltd.,212,277.1,58745.2,2025-07-09 11:46:47.308416
2025-07-09,52859,2025070905001850,NIFRA,Sundhara Securities Limited,APPLE SECURITIES PRIVATE LIMITED,47,277.5,13042.5,2025-07-09 11:47:48.506012
2025-07-09,52775,2025070905001872,NIFRA,Imperial Securities Company Pvt. Ltd.,Agrawal Securities (PVT) Ltd.,300,277.5,83250.0,2025-07-09 11:48:04.065292
2025-07-09,52365,2025070905001939,NIFRA,Sri Hari Securities Pvt. Ltd.,Shree Krishna Securities Ltd.,54,277.1,14963.4,2025-07-09 11:49:35.687403
2025-07-09,52358,2025070905001944,NIFRA,Sri Hari Securities Pvt. Ltd.,Siprabi Securities Pvt. Ltd.,54,277.1,14963.4,2025-07-09 11:49:36.916608
2025-07-09,52324,2025070905001950,NIFRA,Sri Hari Securities Pvt. Ltd.,Bhrikuti Stock Broking Co. Pvt. Ltd.,54,277.1,14963.4,2025-07-09 11:49:50.053805
2025-07-09,51984,2025070905002002,NIFRA,Sri Hari Securities Pvt. Ltd.,Imperial Securities Company Pvt. Ltd.,54,277.1,14963.4,2025-07-09 11:51:02.532403
2025-07-09,51844,2025070905002023,NIFRA,Sri Hari Securities Pvt. Ltd.,Naasa Securities Co. Ltd.,54,277.1,14963.4,2025-07-09 11:51:31.289891
2025-07-09,51803,2025070905002031,NIFRA,Sri Hari Securities Pvt. Ltd.,Online Securities Pvt. Ltd.,18,277.1,4987.8,2025-07-09 11:51:42.320158
2025-07-09,51802,2025070905002032,NIFRA,Vision Securities Pvt. Ltd,Online Securities Pvt. Ltd.,25,277.1,6927.5,2025-07-09 11:51:42.320674
2025-07-09,51801,2025070905002033,NIFRA,Imperial Securities Company Pvt. Ltd.,Online Securities Pvt. Ltd.,21,277.1,5819.1,2025-07-09 11:51:42.321008
2025-07-09,51667,2025070905002051,NIFRA,Trisul Securities & Invt. Ltd.,Siprabi Securities Pvt. Ltd.,64,277.5,17760.0,2025-07-09 11:52:21.334085
2025-07-09,51666,2025070905002052,NIFRA,Trisul Securities & Invt. Ltd.,Pragyan Securities (PVT) Ltd.,29,277.8,8056.2,2025-07-09 11:52:21.334358
2025-07-09,51523,2025070905002079,NIFRA,Kohinoor Investment & Securities Pvt. Ltd.,Naasa Securities Co. Ltd.,40,277.2,11088.0,2025-07-09 11:53:03.971212
2025-07-09,51479,2025070905002085,NIFRA,Kohinoor Investment & Securities Pvt. Ltd.,Kumari Securities Private Limited,50,277.2,13860.0,2025-07-09 11:53:13.122892
2025-07-09,51477,2025070905002087,NIFRA,Sani Securities Company Ltd.,Pragyan Securities (PVT) Ltd.,25,277.8,6945.0,2025-07-09 11:53:13.851935
2025-07-09,51392,2025070905002097,NIFRA,Sani Securities Company Ltd.,Agrawal Securities (PVT) Ltd.,213,277.9,59192.7,2025-07-09 11:53:34.268089
2025-07-09,51310,2025070905002119,NIFRA,Kohinoor Investment & Securities Pvt. Ltd.,Agrawal Securities (PVT) Ltd.,64,277.2,17740.8,2025-07-09 11:53:58.525460
2025-07-09,51246,2025070905002128,NIFRA,Sewa Securities Pvt. Ltd.,Imperial Securities Company Pvt. Ltd.,56,278.0,15568.0,2025-07-09 11:54:21.387385
2025-07-09,51245,2025070905002129,NIFRA,Sewa Securities Pvt. Ltd.,Oxford Securities Pvt. Ltd.,48,278.0,13344.0,2025-07-09 11:54:21.387869
2025-07-09,51229,2025070905002131,NIFRA,Shree Krishna Securities Ltd.,Agrawal Securities (PVT) Ltd.,64,277.3,17747.2,2025-07-09 11:54:23.673596
2025-07-09,51188,2025070905002135,NIFRA,Shree Krishna Securities Ltd.,Dipshikha Dhitopatra Karobar Co. Pvt Ltd.,54,277.3,14974.2,2025-07-09 11:54:35.930409
2025-07-09,51096,2025070905002142,NIFRA,Sani Securities Company Ltd.,Oxford Securities Pvt. Ltd.,16,278.0,4448.0,2025-07-09 11:54:52.283811
2025-07-09,51095,2025070905002143,NIFRA,Sani Securities Company Ltd.,Dynamic Money Managers Securities Pvt. Ltd.,54,278.0,15012.0,2025-07-09 11:54:52.284103
2025-07-09,51094,2025070905002144,NIFRA,Sani Securities Company Ltd.,Imperial Securities Company Pvt. Ltd.,100,278.0,27800.0,2025-07-09 11:54:52.284208
2025-07-09,51086,2025070905002147,NIFRA,Online Securities Pvt. Ltd.,Online Securities Pvt. Ltd.,4,272.5,1090.0,2025-07-09 11:54:53.991444
2025-07-09,50874,2025070905002195,NIFRA,Nepal Stock House (PVT) Ltd.,Vision Securities Pvt. Ltd,500,278.5,139250.0,2025-07-09 11:55:55.672951
2025-07-09,50584,2025070905002228,NIFRA,Trishakti Securities Public Limited,Imperial Securities Company Pvt. Ltd.,64,278.6,17830.4,2025-07-09 11:57:01.488504
2025-07-09,50583,2025070905002229,NIFRA,Trishakti Securities Public Limited,Dakshinkali Investment & Securities Pvt. Ltd.,170,278.7,47379.0,2025-07-09 11:57:01.488572
2025-07-09,50582,2025070905002230,NIFRA,Trishakti Securities Public Limited,Bhrikuti Stock Broking Co. Pvt. Ltd.,66,278.8,18400.8,2025-07-09 11:57:01.488614
2025-07-09,50546,2025070905002239,NIFRA,Sweta Securities Private Limited,Bhrikuti Stock Broking Co. Pvt. Ltd.,100,278.8,27880.0,2025-07-09 11:57:14.044946
2025-07-09,50543,2025070905002240,NIFRA,Shree Krishna Securities Ltd.,Sri Hari Securities Pvt. Ltd.,54,278.1,15017.4,2025-07-09 11:57:14.736975
2025-07-09,50417,2025070905002257,NIFRA,Midas Stock Broking Company Private Limited,Bhrikuti Stock Broking Co. Pvt. Ltd.,134,278.8,37359.2,2025-07-09 11:57:49.692030
2025-07-09,50416,2025070905002258,NIFRA,Midas Stock Broking Company Private Limited,Vision Securities Pvt. Ltd,866,278.8,241440.8,2025-07-09 11:57:49.692327
2025-07-09,50200,2025070905002277,NIFRA,Shree Krishna Securities Ltd.,Vision Securities Pvt. Ltd,134,278.1,37265.4,2025-07-09 11:58:25.086330
2025-07-09,49971,2025070905002322,NIFRA,Dynamic Money Managers Securities Pvt. Ltd.,Premier Securities Company Ltd.,10,278.7,2787.0,2025-07-09 11:59:05.960324
2025-07-09,49970,2025070905002323,NIFRA,Dynamic Money Managers Securities Pvt. Ltd.,Agrawal Securities (PVT) Ltd.,800,278.9,223120.0,2025-07-09 11:59:05.960615
2025-07-09,49969,2025070905002324,NIFRA,Dynamic Money Managers Securities Pvt. Ltd.,Aryatara Investment & Securities,100,279.0,27900.0,2025-07-09 11:59:05.960725
2025-07-09,49968,2025070905002325,NIFRA,Dynamic Money Managers Securities Pvt. Ltd.,Oxford Securities Pvt. Ltd.,390,279.0,108810.0,2025-07-09 11:59:05.960834
2025-07-09,49967,2025070905002326,NIFRA,Dynamic Money Managers Securities Pvt. Ltd.,Sani Securities Company Ltd.,54,279.0,15066.0,2025-07-09 11:59:05.960945
2025-07-09,49966,2025070905002327,NIFRA,Dynamic Money Managers Securities Pvt. Ltd.,Miyo Securities Pvt Ltd,21,279.0,5859.0,2025-07-09 11:59:05.961053
2025-07-09,49965,2025070905002328,NIFRA,Dynamic Money Managers Securities Pvt. Ltd.,Sri Hari Securities Pvt. Ltd.,1000,279.0,279000.0,2025-07-09 11:59:05.961160
2025-07-09,49964,2025070905002329,NIFRA,Dynamic Money Managers Securities Pvt. Ltd.,Thrive Brokerage House Pvt. Ltd,54,279.0,15066.0,2025-07-09 11:59:05.961264
2025-07-09,49963,2025070905002330,NIFRA,Dynamic Money Managers Securities Pvt. Ltd.,Premier Securities Company Ltd.,10,279.0,2790.0,2025-07-09 11:59:05.961376
2025-07-09,49962,2025070905002331,NIFRA,Dynamic Money Managers Securities Pvt. Ltd.,Kalika Securities Pvt. Ltd.,10,279.0,2790.0,2025-07-09 11:59:05.961481
2025-07-09,49961,2025070905002332,NIFRA,Dynamic Money Managers Securities Pvt. Ltd.,Thrive Brokerage House Pvt. Ltd,54,279.0,15066.0,2025-07-09 11:59:05.961590
2025-07-09,49901,2025070905002336,NIFRA,Dynamic Money Managers Securities Pvt. Ltd.,Naasa Securities Co. Ltd.,54,279.0,15066.0,2025-07-09 11:59:16.979066
2025-07-09,49858,2025070905002344,NIFRA,Dynamic Money Managers Securities Pvt. Ltd.,Sri Hari Securities Pvt. Ltd.,328,279.0,91512.0,2025-07-09 11:59:26.761268
2025-07-09,49762,2025070905002362,NIFRA,Dynamic Money Managers Securities Pvt. Ltd.,Kohinoor Investment & Securities Pvt. Ltd.,54,279.0,15066.0,2025-07-09 11:59:49.712258
2025-07-09,49706,2025070905002365,NIFRA,Dynamic Money Managers Securities Pvt. Ltd.,Nepal Investment And Securities Trading Private Limited,100,279.0,27900.0,2025-07-09 12:00:00.914552
2025-07-09,49627,2025070905002377,NIFRA,Dynamic Money Managers Securities Pvt. Ltd.,Nepal Investment And Securities Trading Private Limited,500,279.0,139500.0,2025-07-09 12:00:18.027950
2025-07-09,49497,2025070905002392,NIFRA,Dynamic Money Managers Securities Pvt. Ltd.,Naasa Securities Co. Ltd.,54,279.0,15066.0,2025-07-09 12:00:43.744417
2025-07-09,49492,2025070905002394,NIFRA,Dynamic Money Managers Securities Pvt. Ltd.,Vision Securities Pvt. Ltd,1000,279.0,279000.0,2025-07-09 12:00:45.018158
2025-07-09,49343,2025070905002414,NIFRA,Dynamic Money Managers Securities Pvt. Ltd.,Sani Securities Company Ltd.,54,279.0,15066.0,2025-07-09 12:01:15.457114
2025-07-09,49341,2025070905002415,NIFRA,Dynamic Money Managers Securities Pvt. Ltd.,Midas Stock Broking Company Private Limited,200,279.0,55800.0,2025-07-09 12:01:15.716092
2025-07-09,49300,2025070905002423,NIFRA,Dynamic Money Managers Securities Pvt. Ltd.,Malla & Malla Stock Broking Company Pvt. Limited,10,279.0,2790.0,2025-07-09 12:01:30.573279
2025-07-09,49288,2025070905002425,NIFRA,Dynamic Money Managers Securities Pvt. Ltd.,Imperial Securities Company Pvt. Ltd.,2000,279.0,558000.0,2025-07-09 12:01:32.918478
2025-07-09,49287,2025070905002426,NIFRA,Dynamic Money Managers Securities Pvt. Ltd.,Aryatara Investment & Securities,1000,279.0,279000.0,2025-07-09 12:01:33.072938
2025-07-09,49255,2025070905002431,NIFRA,Dynamic Money Managers Securities Pvt. Ltd.,Primo Securities (PVT) Ltd.,100,279.0,27900.0,2025-07-09 12:01:41.035500
2025-07-09,49236,2025070905002432,NIFRA,Dynamic Money Managers Securities Pvt. Ltd.,Kumari Securities Private Limited,2043,279.0,569997.0,2025-07-09 12:01:43.067455
2025-07-09,49235,2025070905002433,NIFRA,Linch Stock Market Ltd.,Kumari Securities Private Limited,957,279.0,267003.0,2025-07-09 12:01:43.067762
2025-07-09,49229,2025070905002437,NIFRA,Linch Stock Market Ltd.,Oxford Securities Pvt. Ltd.,43,279.0,11997.0,2025-07-09 12:01:44.468696
2025-07-09,48982,2025070905002472,NIFRA,Sweta Securities Private Limited,Bhrikuti Stock Broking Co. Pvt. Ltd.,1000,278.5,278500.0,2025-07-09 12:02:35.451620
2025-07-09,48981,2025070905002473,NIFRA,Trisul Securities & Invt. Ltd.,Bhrikuti Stock Broking Co. Pvt. Ltd.,100,278.5,27850.0,2025-07-09 12:02:35.452167
2025-07-09,48946,2025070905002480,NIFRA,Aryatara Investment & Securities,Oxford Securities Pvt. Ltd.,157,279.0,43803.0,2025-07-09 12:02:44.641716
2025-07-09,48772,2025070905002511,NIFRA,Aryatara Investment & Securities,Neev Securities Pvt. Ltd.,54,279.0,15066.0,2025-07-09 12:03:32.349622
2025-07-09,48750,2025070905002514,NIFRA,Aryatara Investment & Securities,Sani Securities Company Ltd.,54,279.0,15066.0,2025-07-09 12:03:38.101539
2025-07-09,48704,2025070905002520,NIFRA,Aryatara Investment & Securities,Oxford Securities Pvt. Ltd.,100,279.0,27900.0,2025-07-09 12:03:45.672907
2025-07-09,48644,2025070905002527,NIFRA,Aryatara Investment & Securities,Trishakti Securities Public Limited,200,279.0,55800.0,2025-07-09 12:03:54.298580
2025-07-09,48617,2025070905002531,NIFRA,Oxford Securities Pvt. Ltd.,Imperial Securities Company Pvt. Ltd.,100,279.1,27910.0,2025-07-09 12:04:04.154073
2025-07-09,48616,2025070905002532,NIFRA,Oxford Securities Pvt. Ltd.,Vision Securities Pvt. Ltd,64,279.1,17862.4,2025-07-09 12:04:04.154634
2025-07-09,48445,2025070905002566,NIFRA,Oxford Securities Pvt. Ltd.,Dipshikha Dhitopatra Karobar Co. Pvt Ltd.,36,279.1,10047.6,2025-07-09 12:04:48.661938
2025-07-09,48444,2025070905002567,NIFRA,Aryatara Investment & Securities,Dipshikha Dhitopatra Karobar Co. Pvt Ltd.,64,279.0,17856.0,2025-07-09 12:04:48.662258
2025-07-09,48409,2025070905002574,NIFRA,Aryatara Investment & Securities,Himalayan Brokerage Company Limited,200,279.0,55800.0,2025-07-09 12:04:59.878177
2025-07-09,48265,2025070905002598,NIFRA,Aryatara Investment & Securities,Kohinoor Investment & Securities Pvt. Ltd.,131,279.0,36549.0,2025-07-09 12:05:34.287586
2025-07-09,48044,2025070905002621,NIFRA,Siprabi Securities Pvt. Ltd.,Imperial Securities Company Pvt. Ltd.,225,278.5,62662.5,2025-07-09 12:06:26.000666
2025-07-09,48043,2025070905002622,NIFRA,Naasa Securities Co. Ltd.,Imperial Securities Company Pvt. Ltd.,75,278.5,20887.5,2025-07-09 12:06:26.000987
2025-07-09,47852,2025070905002658,NIFRA,Sweta Securities Private Limited,Opal Securities Investment (PVT) Ltd.,54,278.7,15049.8,2025-07-09 12:07:14.526208
2025-07-09,47476,2025070905002707,NIFRA,Sweta Securities Private Limited,Sani Securities Company Ltd.,30,278.7,8361.0,2025-07-09 12:08:59.674257
2025-07-09,47362,2025070905002729,NIFRA,Sweta Securities Private Limited,Kohinoor Investment & Securities Pvt. Ltd.,54,278.7,15049.8,2025-07-09 12:09:38.077961
2025-07-09,46947,2025070905002807,NIFRA,Sweta Securities Private Limited,Miyo Securities Pvt Ltd,54,278.7,15049.8,2025-07-09 12:11:33.925310
2025-07-09,46832,2025070905002836,NIFRA,Sweta Securities Private Limited,Naasa Securities Co. Ltd.,64,278.7,17836.8,2025-07-09 12:12:06.757107
2025-07-09,46652,2025070905002875,NIFRA,Sweta Securities Private Limited,Sewa Securities Pvt. Ltd.,21,278.7,5852.7,2025-07-09 12:13:04.806975
2025-07-09,46545,2025070905002896,NIFRA,Sweta Securities Private Limited,Imperial Securities Company Pvt. Ltd.,200,278.7,55740.0,2025-07-09 12:13:31.035063
2025-07-09,46386,2025070905002931,NIFRA,Sweta Securities Private Limited,Investment Management Nepal Pvt. Ltd.,23,278.7,6410.1,2025-07-09 12:14:21.671805
2025-07-09,46385,2025070905002932,NIFRA,Naasa Securities Co. Ltd.,Investment Management Nepal Pvt. Ltd.,31,278.5,8633.5,2025-07-09 12:14:21.672099
2025-07-09,46245,2025070905002968,NIFRA,Naasa Securities Co. Ltd.,Dipshikha Dhitopatra Karobar Co. Pvt Ltd.,54,278.5,15039.0,2025-07-09 12:15:10.327226
2025-07-09,46219,2025070905002971,NIFRA,Naasa Securities Co. Ltd.,Naasa Securities Co. Ltd.,54,278.5,15039.0,2025-07-09 12:15:12.132787
2025-07-09,46141,2025070905002984,NIFRA,Naasa Securities Co. Ltd.,J.F. Securites (PVT) Ltd.,64,278.5,17824.0,2025-07-09 12:15:37.482581
2025-07-09,45905,2025070905003018,NIFRA,Naasa Securities Co. Ltd.,Imperial Securities Company Pvt. Ltd.,54,278.5,15039.0,2025-07-09 12:16:53.219780
2025-07-09,45890,2025070905003020,NIFRA,Naasa Securities Co. Ltd.,Agrawal Securities (PVT) Ltd.,98,278.5,27293.0,2025-07-09 12:16:58.962925
2025-07-09,45805,2025070905003037,NIFRA,Nepal Investment And Securities Trading Private Limited,Agrawal Securities (PVT) Ltd.,102,278.5,28407.0,2025-07-09 12:17:21.048908
2025-07-09,45804,2025070905003038,NIFRA,Nepal Investment And Securities Trading Private Limited,Midas Stock Broking Company Private Limited,50,278.5,13925.0,2025-07-09 12:17:21.049271
2025-07-09,45803,2025070905003039,NIFRA,Nepal Investment And Securities Trading Private Limited,Sani Securities Company Ltd.,10,278.9,2789.0,2025-07-09 12:17:21.049405
2025-07-09,45802,2025070905003040,NIFRA,Nepal Investment And Securities Trading Private Limited,Capital Hub P. Ltd,54,279.0,15066.0,2025-07-09 12:17:21.049530
2025-07-09,45801,2025070905003041,NIFRA,Nepal Investment And Securities Trading Private Limited,Market Securities & Exchange (PVT) Ltd.,284,279.0,79236.0,2025-07-09 12:17:21.049654
2025-07-09,45760,2025070905003044,NIFRA,Imperial Securities Company Pvt. Ltd.,Dynamic Money Managers Securities Pvt. Ltd.,3000,278.3,834900.0,2025-07-09 12:17:39.270389
2025-07-09,45759,2025070905003045,NIFRA,Nepal Stock House (PVT) Ltd.,Dynamic Money Managers Securities Pvt. Ltd.,436,278.2,121295.2,2025-07-09 12:17:39.270691
2025-07-09,45758,2025070905003046,NIFRA,Primo Securities (PVT) Ltd.,Dynamic Money Managers Securities Pvt. Ltd.,150,278.2,41730.0,2025-07-09 12:17:39.270821
2025-07-09,45757,2025070905003047,NIFRA,Dakshinkali Investment & Securities Pvt. Ltd.,Dynamic Money Managers Securities Pvt. Ltd.,150,278.2,41730.0,2025-07-09 12:17:39.270944
2025-07-09,45756,2025070905003048,NIFRA,Vision Securities Pvt. Ltd,Dynamic Money Managers Securities Pvt. Ltd.,25,278.1,6952.5,2025-07-09 12:17:39.271069
2025-07-09,45755,2025070905003049,NIFRA,Cristal Kanchanjanga Securites Pvt. Ltd.,Dynamic Money Managers Securities Pvt. Ltd.,239,278.1,66465.9,2025-07-09 12:17:39.271190
2025-07-09,45145,2025070905003131,NIFRA,Sumeru Securities Pvt. Ltd.,Kohinoor Investment & Securities Pvt. Ltd.,100,278.2,27820.0,2025-07-09 12:20:30.266186
2025-07-09,45144,2025070905003132,NIFRA,Dynamic Money Managers Securities Pvt. Ltd.,Kohinoor Investment & Securities Pvt. Ltd.,4980,278.0,1384440.0,2025-07-09 12:20:30.266483
2025-07-09,44985,2025070905003175,NIFRA,Dynamic Money Managers Securities Pvt. Ltd.,Premier Securities Company Ltd.,200,278.0,55600.0,2025-07-09 12:21:30.547902
2025-07-09,44980,2025070905003176,NIFRA,Kumari Securities Private Limited,Naasa Securities Co. Ltd.,4,276.0,1104.0,2025-07-09 12:21:35.711116
2025-07-09,44824,2025070905003205,NIFRA,Dynamic Money Managers Securities Pvt. Ltd.,Imperial Securities Company Pvt. Ltd.,54,278.0,15012.0,2025-07-09 12:22:32.514356
2025-07-09,44105,2025070905003338,NIFRA,Kohinoor Investment & Securities Pvt. Ltd.,ABC Securities Private Limited,50,277.2,13860.0,2025-07-09 12:25:44.031719
2025-07-09,44083,2025070905003342,NIFRA,Kohinoor Investment & Securities Pvt. Ltd.,Online Securities Pvt. Ltd.,54,277.2,14968.8,2025-07-09 12:25:51.596590
2025-07-09,44058,2025070905003348,NIFRA,Kohinoor Investment & Securities Pvt. Ltd.,ABC Securities Private Limited,55,277.2,15246.0,2025-07-09 12:26:01.133765
2025-07-09,44008,2025070905003356,NIFRA,Vision Securities Pvt. Ltd,Dipshikha Dhitopatra Karobar Co. Pvt Ltd.,54,277.1,14963.4,2025-07-09 12:26:16.857111
2025-07-09,43865,2025070905003373,NIFRA,Vision Securities Pvt. Ltd,Imperial Securities Company Pvt. Ltd.,44,277.1,12192.4,2025-07-09 12:27:05.608116
2025-07-09,43712,2025070905003404,NIFRA,Vision Securities Pvt. Ltd,ABC Securities Private Limited,50,277.1,13855.0,2025-07-09 12:28:00.972928
2025-07-09,43688,2025070905003409,NIFRA,Magnet Securities and Investment Company Private Limited,Secured Securities Ltd.,21,277.9,5835.9,2025-07-09 12:28:07.866185
2025-07-09,43687,2025070905003410,NIFRA,Magnet Securities and Investment Company Private Limited,ABC Securities Private Limited,54,278.0,15012.0,2025-07-09 12:28:07.866268
2025-07-09,43686,2025070905003411,NIFRA,Magnet Securities and Investment Company Private Limited,Sani Securities Company Ltd.,150,278.0,41700.0,2025-07-09 12:28:07.866301
2025-07-09,43685,2025070905003412,NIFRA,Magnet Securities and Investment Company Private Limited,Kohinoor Investment & Securities Pvt. Ltd.,54,278.0,15012.0,2025-07-09 12:28:07.866347
2025-07-09,43684,2025070905003413,NIFRA,Magnet Securities and Investment Company Private Limited,Dipshikha Dhitopatra Karobar Co. Pvt Ltd.,54,278.2,15022.8,2025-07-09 12:28:07.866382
2025-07-09,43683,2025070905003414,NIFRA,Magnet Securities and Investment Company Private Limited,Trishakti Securities Public Limited,800,278.8,223040.0,2025-07-09 12:28:07.866408
2025-07-09,43682,2025070905003415,NIFRA,Magnet Securities and Investment Company Private Limited,Neev Securities Pvt. Ltd.,867,278.9,241806.3,2025-07-09 12:28:07.866434
2025-07-09,43626,2025070905003426,NIFRA,Vision Securities Pvt. Ltd,Bhrikuti Stock Broking Co. Pvt. Ltd.,64,277.1,17734.4,2025-07-09 12:28:35.124187
2025-07-09,43528,2025070905003451,NIFRA,Vision Securities Pvt. Ltd,Kumari Securities Private Limited,20,277.1,5542.0,2025-07-09 12:29:15.908181
2025-07-09,43340,2025070905003478,NIFRA,Vision Securities Pvt. Ltd,Imperial Securities Company Pvt. Ltd.,54,277.1,14963.4,2025-07-09 12:30:22.889790
2025-07-09,43209,2025070905003508,NIFRA,Vision Securities Pvt. Ltd,ABC Securities Private Limited,14,277.1,3879.4,2025-07-09 12:31:12.354406
2025-07-09,43208,2025070905003509,NIFRA,J.F. Securites (PVT) Ltd.,ABC Securities Private Limited,36,277.1,9975.6,2025-07-09 12:31:12.354744
2025-07-09,43195,2025070905003514,NIFRA,J.F. Securites (PVT) Ltd.,Bhrikuti Stock Broking Co. Pvt. Ltd.,64,277.1,17734.4,2025-07-09 12:31:17.035225
2025-07-09,43153,2025070905003524,NIFRA,Sani Securities Company Ltd.,Arun Securities (PVT) Ltd.,34,277.1,9421.4,2025-07-09 12:31:30.377763
2025-07-09,43152,2025070905003525,NIFRA,Dynamic Money Managers Securities Pvt. Ltd.,Arun Securities (PVT) Ltd.,30,277.0,8310.0,2025-07-09 12:31:30.378107
2025-07-09,43118,2025070905003530,NIFRA,Dynamic Money Managers Securities Pvt. Ltd.,Sani Securities Company Ltd.,54,277.0,14958.0,2025-07-09 12:31:38.206270
2025-07-09,43084,2025070905003533,NIFRA,Kumari Securities Private Limited,Thrive Brokerage House Pvt. Ltd,4,271.7,1086.8,2025-07-09 12:31:51.848078
2025-07-09,42554,2025070905003633,NIFRA,Nepal Stock House (PVT) Ltd.,Naasa Securities Co. Ltd.,64,277.3,17747.2,2025-07-09 12:34:53.872201
2025-07-09,42482,2025070905003644,NIFRA,Nepal Stock House (PVT) Ltd.,Nabil Stock Dealer Ltd.,54,277.3,14974.2,2025-07-09 12:35:15.089198
2025-07-09,41661,2025070905003851,NIFRA,Magnet Securities and Investment Company Private Limited,Aryatara Investment & Securities,15,278.0,4170.0,2025-07-09 12:38:25.700219
2025-07-09,41660,2025070905003852,NIFRA,Magnet Securities and Investment Company Private Limited,K.B.L. Securities Limited ,64,278.0,17792.0,2025-07-09 12:38:25.700327
2025-07-09,41659,2025070905003853,NIFRA,Magnet Securities and Investment Company Private Limited,Kohinoor Investment & Securities Pvt. Ltd.,54,278.0,15012.0,2025-07-09 12:38:25.700357
2025-07-09,41658,2025070905003854,NIFRA,Magnet Securities and Investment Company Private Limited,Imperial Securities Company Pvt. Ltd.,70,278.8,19516.0,2025-07-09 12:38:25.700380
2025-07-09,41657,2025070905003855,NIFRA,Magnet Securities and Investment Company Private Limited,Neev Securities Pvt. Ltd.,797,278.9,222283.3,2025-07-09 12:38:25.700407
2025-07-09,41628,2025070905003858,NIFRA,Naasa Securities Co. Ltd.,Online Securities Pvt. Ltd.,64,277.5,17760.0,2025-07-09 12:38:36.385001
2025-07-09,41000,2025070905003999,NIFRA,Vision Securities Pvt. Ltd,Aryatara Investment & Securities,10,278.0,2780.0,2025-07-09 12:41:44.406899
2025-07-09,40970,2025070905004001,NIFRA,Sumeru Securities Pvt. Ltd.,Kohinoor Investment & Securities Pvt. Ltd.,64,277.6,17766.4,2025-07-09 12:41:53.758544
2025-07-09,40745,2025070905004024,NIFRA,Swarna Laxmi Securities Pvt. Ltd.,Deevyaa Securities & Stock House Pvt. Ltd,108,277.8,30002.4,2025-07-09 12:42:44.629822
2025-07-09,40723,2025070905004029,NIFRA,Cristal Kanchanjanga Securites Pvt. Ltd.,Aryatara Investment & Securities,20,278.0,5560.0,2025-07-09 12:42:49.090963
2025-07-09,40375,2025070905004148,NIFRA,Cristal Kanchanjanga Securites Pvt. Ltd.,Vision Securities Pvt. Ltd,30,278.0,8340.0,2025-07-09 12:44:19.363797
2025-07-09,40366,2025070905004149,NIFRA,Cristal Kanchanjanga Securites Pvt. Ltd.,Vision Securities Pvt. Ltd,64,278.0,17792.0,2025-07-09 12:44:21.374923
2025-07-09,40094,2025070905004220,NIFRA,Shree Krishna Securities Ltd.,Kalika Securities Pvt. Ltd.,108,278.0,30024.0,2025-07-09 12:45:42.037746
2025-07-09,39983,2025070905004250,NIFRA,Shree Krishna Securities Ltd.,Sweta Securities Private Limited,54,278.0,15012.0,2025-07-09 12:46:10.918819
2025-07-09,39880,2025070905004262,NIFRA,Shree Krishna Securities Ltd.,Siprabi Securities Pvt. Ltd.,10,278.0,2780.0,2025-07-09 12:46:49.410819
2025-07-09,39432,2025070905004347,NIFRA,Shree Krishna Securities Ltd.,Sundhara Securities Limited,102,278.0,28356.0,2025-07-09 12:49:16.207233
2025-07-09,39431,2025070905004348,NIFRA,Kalika Securities Pvt. Ltd.,Sundhara Securities Limited,30,278.0,8340.0,2025-07-09 12:49:16.207558
2025-07-09,39239,2025070905004383,NIFRA,J.F. Securites (PVT) Ltd.,Sundhara Securities Limited,368,278.0,102304.0,2025-07-09 12:50:08.683391
2025-07-09,39183,2025070905004398,NIFRA,J.F. Securites (PVT) Ltd.,Vision Securities Pvt. Ltd,10,278.0,2780.0,2025-07-09 12:50:31.208230
2025-07-09,38747,2025070905004523,NIFRA,J.F. Securites (PVT) Ltd.,Oxford Securities Pvt. Ltd.,100,278.0,27800.0,2025-07-09 12:53:03.071750
2025-07-09,38691,2025070905004543,NIFRA,J.F. Securites (PVT) Ltd.,Online Securities Pvt. Ltd.,20,278.0,5560.0,2025-07-09 12:53:17.513294
2025-07-09,38675,2025070905004544,NIFRA,Imperial Securities Company Pvt. Ltd.,Premier Securities Company Ltd.,10,278.4,2784.0,2025-07-09 12:53:19.968251
2025-07-09,38674,2025070905004545,NIFRA,Imperial Securities Company Pvt. Ltd.,Sani Securities Company Ltd.,54,278.5,15039.0,2025-07-09 12:53:19.969068
2025-07-09,38673,2025070905004546,NIFRA,Imperial Securities Company Pvt. Ltd.,Online Securities Pvt. Ltd.,100,278.5,27850.0,2025-07-09 12:53:19.969656
2025-07-09,38672,2025070905004547,NIFRA,Imperial Securities Company Pvt. Ltd.,Aryatara Investment & Securities,16,278.5,4456.0,2025-07-09 12:53:19.970191
2025-07-09,38646,2025070905004552,NIFRA,J.F. Securites (PVT) Ltd.,Online Securities Pvt. Ltd.,18,278.0,5004.0,2025-07-09 12:53:27.585522
2025-07-09,38596,2025070905004564,NIFRA,J.F. Securites (PVT) Ltd.,Oxford Securities Pvt. Ltd.,200,278.0,55600.0,2025-07-09 12:53:45.277446
2025-07-09,38522,2025070905004576,NIFRA,J.F. Securites (PVT) Ltd.,Online Securities Pvt. Ltd.,284,278.0,78952.0,2025-07-09 12:54:04.854914
2025-07-09,38521,2025070905004577,NIFRA,Imperial Securities Company Pvt. Ltd.,Online Securities Pvt. Ltd.,500,278.0,139000.0,2025-07-09 12:54:04.855609
2025-07-09,38453,2025070905004592,NIFRA,Sumeru Securities Pvt. Ltd.,KALASH STOCK MARKET PVT. LTD.,89,277.9,24733.1,2025-07-09 12:54:31.466409
2025-07-09,38378,2025070905004607,NIFRA,Sumeru Securities Pvt. Ltd.,KALASH STOCK MARKET PVT. LTD.,31,277.9,8614.9,2025-07-09 12:54:51.529833
2025-07-09,38377,2025070905004608,NIFRA,Swarna Laxmi Securities Pvt. Ltd.,KALASH STOCK MARKET PVT. LTD.,192,277.8,53337.6,2025-07-09 12:54:51.529936
2025-07-09,38376,2025070905004609,NIFRA,Sumeru Securities Pvt. Ltd.,KALASH STOCK MARKET PVT. LTD.,15,277.6,4164.0,2025-07-09 12:54:51.530009
2025-07-09,38375,2025070905004610,NIFRA,Oxford Securities Pvt. Ltd.,KALASH STOCK MARKET PVT. LTD.,20,277.6,5552.0,2025-07-09 12:54:51.530099
2025-07-09,38374,2025070905004611,NIFRA,Naasa Securities Co. Ltd.,KALASH STOCK MARKET PVT. LTD.,436,277.5,120990.0,2025-07-09 12:54:51.530169
2025-07-09,38373,2025070905004612,NIFRA,Sundhara Securities Limited,KALASH STOCK MARKET PVT. LTD.,40,277.5,11100.0,2025-07-09 12:54:51.530235
2025-07-09,38372,2025070905004613,NIFRA,Nepal Stock House (PVT) Ltd.,KALASH STOCK MARKET PVT. LTD.,1882,277.3,521878.6,2025-07-09 12:54:51.530334
2025-07-09,38371,2025070905004614,NIFRA,J.F. Securites (PVT) Ltd.,KALASH STOCK MARKET PVT. LTD.,100,277.1,27710.0,2025-07-09 12:54:51.530406
2025-07-09,38370,2025070905004615,NIFRA,Dynamic Money Managers Securities Pvt. Ltd.,KALASH STOCK MARKET PVT. LTD.,1284,277.0,355668.0,2025-07-09 12:54:51.530464
2025-07-09,38324,2025070905004622,NIFRA,Dynamic Money Managers Securities Pvt. Ltd.,Online Securities Pvt. Ltd.,54,277.0,14958.0,2025-07-09 12:55:09.590492
2025-07-09,38302,2025070905004632,NIFRA,Dynamic Money Managers Securities Pvt. Ltd.,KALASH STOCK MARKET PVT. LTD.,300,277.0,83100.0,2025-07-09 12:55:18.589243
2025-07-09,38114,2025070905004720,NIFRA,J.F. Securites (PVT) Ltd.,Online Securities Pvt. Ltd.,1000,278.0,278000.0,2025-07-09 12:56:07.137372
2025-07-09,37967,2025070905004770,NIFRA,J.F. Securites (PVT) Ltd.,Market Securities & Exchange (PVT) Ltd.,10,278.0,2780.0,2025-07-09 12:56:56.684188
2025-07-09,37934,2025070905004773,NIFRA,J.F. Securites (PVT) Ltd.,Naasa Securities Co. Ltd.,50,278.0,13900.0,2025-07-09 12:57:07.104547
2025-07-09,37929,2025070905004774,NIFRA,J.F. Securites (PVT) Ltd.,Online Securities Pvt. Ltd.,216,278.0,60048.0,2025-07-09 12:57:09.635600
2025-07-09,37816,2025070905004815,NIFRA,J.F. Securites (PVT) Ltd.,Online Securities Pvt. Ltd.,129,278.0,35862.0,2025-07-09 12:57:36.914424
2025-07-09,37736,2025070905004852,NIFRA,J.F. Securites (PVT) Ltd.,Sundhara Securities Limited,54,278.0,15012.0,2025-07-09 12:57:56.302695
2025-07-09,37687,2025070905004868,NIFRA,Magnet Securities and Investment Company Private Limited,Siprabi Securities Pvt. Ltd.,54,278.4,15033.6,2025-07-09 12:58:05.284209
2025-07-09,37686,2025070905004869,NIFRA,Magnet Securities and Investment Company Private Limited,Aryatara Investment & Securities,14,278.5,3899.0,2025-07-09 12:58:05.284291
2025-07-09,37685,2025070905004870,NIFRA,Magnet Securities and Investment Company Private Limited,SHUBHAKAMANA SECURITIES PVT. LTD,200,278.8,55760.0,2025-07-09 12:58:05.284346
2025-07-09,37684,2025070905004871,NIFRA,Magnet Securities and Investment Company Private Limited,Neev Securities Pvt. Ltd.,386,278.9,107655.4,2025-07-09 12:58:05.284387
2025-07-09,37683,2025070905004872,NIFRA,Magnet Securities and Investment Company Private Limited,Market Securities & Exchange (PVT) Ltd.,116,279.0,32364.0,2025-07-09 12:58:05.284428
2025-07-09,37682,2025070905004873,NIFRA,Magnet Securities and Investment Company Private Limited,Naasa Securities Co. Ltd.,54,279.0,15066.0,2025-07-09 12:58:05.284479
2025-07-09,37681,2025070905004874,NIFRA,Magnet Securities and Investment Company Private Limited,Aryatara Investment & Securities,20,279.0,5580.0,2025-07-09 12:58:05.284509
2025-07-09,37680,2025070905004875,NIFRA,Magnet Securities and Investment Company Private Limited,Magnet Securities and Investment Company Private Limited,156,279.0,43524.0,2025-07-09 12:58:05.284548
2025-07-09,37542,2025070905004907,NIFRA,J.F. Securites (PVT) Ltd.,ABC Securities Private Limited,10,278.0,2780.0,2025-07-09 12:58:37.846704
2025-07-09,37503,2025070905004914,NIFRA,Stoxkarts Securities Limited,Magnet Securities and Investment Company Private Limited,94,279.0,26226.0,2025-07-09 12:58:47.218326
2025-07-09,37502,2025070905004915,NIFRA,Stoxkarts Securities Limited,Linch Stock Market Ltd.,206,279.0,57474.0,2025-07-09 12:58:47.218708
2025-07-09,37339,2025070905004958,NIFRA,J.F. Securites (PVT) Ltd.,Deevyaa Securities & Stock House Pvt. Ltd,64,278.0,17792.0,2025-07-09 12:59:41.037433
2025-07-09,37112,2025070905005046,NIFRA,J.F. Securites (PVT) Ltd.,Sundhara Securities Limited,64,278.0,17792.0,2025-07-09 13:00:30.679853
2025-07-09,36877,2025070905005084,NIFRA,J.F. Securites (PVT) Ltd.,Premier Securities Company Ltd.,24,278.0,6672.0,2025-07-09 13:01:48.463472
2025-07-09,36734,2025070905005101,NIFRA,J.F. Securites (PVT) Ltd.,Kohinoor Investment & Securities Pvt. Ltd.,64,278.0,17792.0,2025-07-09 13:02:15.067575
2025-07-09,36404,2025070905005196,NIFRA,Deevyaa Securities & Stock House Pvt. Ltd,Linch Stock Market Ltd.,64,279.0,17856.0,2025-07-09 13:04:03.614841
2025-07-09,36280,2025070905005236,NIFRA,J.F. Securites (PVT) Ltd.,Vision Securities Pvt. Ltd,54,278.0,15012.0,2025-07-09 13:04:40.587442
2025-07-09,36124,2025070905005274,NIFRA,J.F. Securites (PVT) Ltd.,Imperial Securities Company Pvt. Ltd.,14,278.0,3892.0,2025-07-09 13:05:41.877112
2025-07-09,36111,2025070905005276,NIFRA,J.F. Securites (PVT) Ltd.,Kumari Securities Private Limited,64,278.0,17792.0,2025-07-09 13:05:45.340107
2025-07-09,35831,2025070905005345,NIFRA,J.F. Securites (PVT) Ltd.,Shree Krishna Securities Ltd.,64,278.0,17792.0,2025-07-09 13:07:14.279249
2025-07-09,35764,2025070905005361,NIFRA,J.F. Securites (PVT) Ltd.,Linch Stock Market Ltd.,54,278.0,15012.0,2025-07-09 13:07:40.336572
2025-07-09,35681,2025070905005373,NIFRA,J.F. Securites (PVT) Ltd.,Online Securities Pvt. Ltd.,54,278.0,15012.0,2025-07-09 13:08:08.737795
2025-07-09,35616,2025070905005383,NIFRA,J.F. Securites (PVT) Ltd.,Aryatara Investment & Securities,64,278.5,17824.0,2025-07-09 13:08:28.541909
2025-07-09,35615,2025070905005384,NIFRA,J.F. Securites (PVT) Ltd.,Dakshinkali Investment & Securities Pvt. Ltd.,936,278.5,260676.0,2025-07-09 13:08:28.542307
2025-07-09,35558,2025070905005398,NIFRA,J.F. Securites (PVT) Ltd.,Nepal Stock House (PVT) Ltd.,11,278.0,3058.0,2025-07-09 13:08:54.514175
2025-07-09,35517,2025070905005411,NIFRA,Midas Stock Broking Company Private Limited,Vision Securities Pvt. Ltd,50,278.0,13900.0,2025-07-09 13:09:06.744872
2025-07-09,35389,2025070905005436,NIFRA,Dipshikha Dhitopatra Karobar Co. Pvt Ltd.,Opal Securities Investment (PVT) Ltd.,100,277.1,27710.0,2025-07-09 13:10:03.570003
2025-07-09,35317,2025070905005446,NIFRA,Dipshikha Dhitopatra Karobar Co. Pvt Ltd.,Online Securities Pvt. Ltd.,30,277.1,8313.0,2025-07-09 13:10:26.767447
2025-07-09,35193,2025070905005474,NIFRA,Dipshikha Dhitopatra Karobar Co. Pvt Ltd.,ABC Securities Private Limited,64,277.1,17734.4,2025-07-09 13:10:56.281443
2025-07-09,35124,2025070905005496,NIFRA,Aryatara Investment & Securities,Aryatara Investment & Securities,20,278.0,5560.0,2025-07-09 13:11:14.596851
2025-07-09,35007,2025070905005528,NIFRA,Aryatara Investment & Securities,Premier Securities Company Ltd.,30,278.0,8340.0,2025-07-09 13:11:55.698358
2025-07-09,34912,2025070905005543,NIFRA,J.F. Securites (PVT) Ltd.,Nepal Stock House (PVT) Ltd.,54,278.0,15012.0,2025-07-09 13:12:16.532289
2025-07-09,34873,2025070905005556,NIFRA,J.F. Securites (PVT) Ltd.,Sundhara Securities Limited,64,278.0,17792.0,2025-07-09 13:12:27.912531
2025-07-09,34764,2025070905005583,NIFRA,J.F. Securites (PVT) Ltd.,Linch Stock Market Ltd.,54,278.0,15012.0,2025-07-09 13:13:03.031998
2025-07-09,34732,2025070905005594,NIFRA,Online Securities Pvt. Ltd.,Dakshinkali Investment & Securities Pvt. Ltd.,10,278.5,2785.0,2025-07-09 13:13:13.437980
2025-07-09,34704,2025070905005598,NIFRA,J.F. Securites (PVT) Ltd.,Dakshinkali Investment & Securities Pvt. Ltd.,54,278.5,15039.0,2025-07-09 13:13:26.916111
2025-07-09,34703,2025070905005599,NIFRA,J.F. Securites (PVT) Ltd.,Naasa Securities Co. Ltd.,151,278.5,42053.5,2025-07-09 13:13:26.916488
2025-07-09,34702,2025070905005600,NIFRA,J.F. Securites (PVT) Ltd.,Linch Stock Market Ltd.,730,279.0,203670.0,2025-07-09 13:13:26.916669
2025-07-09,34701,2025070905005601,NIFRA,J.F. Securites (PVT) Ltd.,Siprabi Securities Pvt. Ltd.,54,279.0,15066.0,2025-07-09 13:13:26.916839
2025-07-09,34700,2025070905005602,NIFRA,J.F. Securites (PVT) Ltd.,Siprabi Securities Pvt. Ltd.,54,279.0,15066.0,2025-07-09 13:13:26.917005
2025-07-09,34699,2025070905005603,NIFRA,J.F. Securites (PVT) Ltd.,Imperial Securities Company Pvt. Ltd.,200,279.0,55800.0,2025-07-09 13:13:26.917174
2025-07-09,34698,2025070905005604,NIFRA,J.F. Securites (PVT) Ltd.,Imperial Securities Company Pvt. Ltd.,400,279.0,111600.0,2025-07-09 13:13:26.917348
2025-07-09,34697,2025070905005605,NIFRA,J.F. Securites (PVT) Ltd.,Premier Securities Company Ltd.,14,279.0,3906.0,2025-07-09 13:13:26.917518
2025-07-09,34696,2025070905005606,NIFRA,J.F. Securites (PVT) Ltd.,Dipshikha Dhitopatra Karobar Co. Pvt Ltd.,32,279.0,8928.0,2025-07-09 13:13:26.917684
2025-07-09,34639,2025070905005620,NIFRA,Sani Securities Company Ltd.,South Asian Bulls Pvt. Ltd.,64,279.1,17862.4,2025-07-09 13:13:47.349076
2025-07-09,34638,2025070905005621,NIFRA,Sani Securities Company Ltd.,Midas Stock Broking Company Private Limited,36,279.1,10047.6,2025-07-09 13:13:47.349541
2025-07-09,34622,2025070905005632,NIFRA,Online Securities Pvt. Ltd.,Midas Stock Broking Company Private Limited,10,279.1,2791.0,2025-07-09 13:13:50.663722
2025-07-09,34585,2025070905005639,NIFRA,J.F. Securites (PVT) Ltd.,Imperial Securities Company Pvt. Ltd.,14,279.0,3906.0,2025-07-09 13:14:07.079158
2025-07-09,34473,2025070905005671,NIFRA,Asian Securities Private Ltd.,Asian Securities Private Ltd.,4,276.2,1104.8,2025-07-09 13:14:39.541510
2025-07-09,34419,2025070905005685,NIFRA,J.F. Securites (PVT) Ltd.,Sani Securities Company Ltd.,54,279.0,15066.0,2025-07-09 13:14:57.120263
2025-07-09,34095,2025070905005783,NIFRA,Sharepro Securities Private Limited,Midas Stock Broking Company Private Limited,154,279.1,42981.4,2025-07-09 13:16:55.183177
2025-07-09,34094,2025070905005784,NIFRA,Sharepro Securities Private Limited,Dipshikha Dhitopatra Karobar Co. Pvt Ltd.,200,279.1,55820.0,2025-07-09 13:16:55.183234
2025-07-09,34093,2025070905005785,NIFRA,Sharepro Securities Private Limited,K.B.L. Securities Limited ,200,279.1,55820.0,2025-07-09 13:16:55.183261
2025-07-09,34092,2025070905005786,NIFRA,Sharepro Securities Private Limited,Sumeru Securities Pvt. Ltd.,200,279.2,55840.0,2025-07-09 13:16:55.183288
2025-07-09,34091,2025070905005787,NIFRA,Sharepro Securities Private Limited,Siprabi Securities Pvt. Ltd.,246,279.5,68757.0,2025-07-09 13:16:55.183335
2025-07-09,33980,2025070905005817,NIFRA,Sharepro Securities Private Limited,Siprabi Securities Pvt. Ltd.,754,279.5,210743.0,2025-07-09 13:17:18.262396
2025-07-09,33979,2025070905005818,NIFRA,Sharepro Securities Private Limited,Siprabi Securities Pvt. Ltd.,24,279.5,6708.0,2025-07-09 13:17:18.262818
2025-07-09,33978,2025070905005819,NIFRA,Sharepro Securities Private Limited,N.M.B. SECURITIES LIMITED,34,279.5,9503.0,2025-07-09 13:17:18.262999
2025-07-09,33977,2025070905005820,NIFRA,Sharepro Securities Private Limited,Sundhara Securities Limited,54,279.5,15093.0,2025-07-09 13:17:18.263167
2025-07-09,33976,2025070905005821,NIFRA,Sharepro Securities Private Limited,Dipshikha Dhitopatra Karobar Co. Pvt Ltd.,134,279.6,37466.4,2025-07-09 13:17:18.263379
2025-07-09,33932,2025070905005831,NIFRA,Online Securities Pvt. Ltd.,Dipshikha Dhitopatra Karobar Co. Pvt Ltd.,116,279.6,32433.6,2025-07-09 13:17:36.777001
2025-07-09,33720,2025070905005863,NIFRA,Online Securities Pvt. Ltd.,Secured Securities Ltd.,54,279.1,15071.4,2025-07-09 13:18:44.481667
2025-07-09,33622,2025070905005895,NIFRA,Online Securities Pvt. Ltd.,Trishakti Securities Public Limited,10,279.6,2796.0,2025-07-09 13:19:17.515946
2025-07-09,33485,2025070905005920,NIFRA,Trisul Securities & Invt. Ltd.,Trishakti Securities Public Limited,44,279.6,12302.4,2025-07-09 13:20:06.062822
2025-07-09,33484,2025070905005921,NIFRA,Trisul Securities & Invt. Ltd.,K.B.L. Securities Limited ,54,279.7,15103.8,2025-07-09 13:20:06.063267
2025-07-09,33483,2025070905005922,NIFRA,Trisul Securities & Invt. Ltd.,Trishakti Securities Public Limited,82,279.8,22943.6,2025-07-09 13:20:06.063491
2025-07-09,33329,2025070905005954,NIFRA,Online Securities Pvt. Ltd.,Linch Stock Market Ltd.,64,279.1,17862.4,2025-07-09 13:20:41.868882
2025-07-09,33238,2025070905005974,NIFRA,ABC Securities Private Limited,Trishakti Securities Public Limited,418,279.8,116956.4,2025-07-09 13:21:10.973294
2025-07-09,33237,2025070905005975,NIFRA,ABC Securities Private Limited,Oxford Securities Pvt. Ltd.,100,279.8,27980.0,2025-07-09 13:21:10.973404
2025-07-09,33236,2025070905005976,NIFRA,ABC Securities Private Limited,Hatemalo Financial Services Private Limited,150,279.9,41985.0,2025-07-09 13:21:10.973432
2025-07-09,33235,2025070905005977,NIFRA,ABC Securities Private Limited,Online Securities Pvt. Ltd.,332,279.9,92926.8,2025-07-09 13:21:10.973455
2025-07-09,33226,2025070905005979,NIFRA,Online Securities Pvt. Ltd.,Secured Securities Ltd.,54,279.1,15071.4,2025-07-09 13:21:13.245036
2025-07-09,33005,2025070905006067,NIFRA,Online Securities Pvt. Ltd.,Aryatara Investment & Securities,54,279.1,15071.4,2025-07-09 13:22:25.222041
2025-07-09,32966,2025070905006074,NIFRA,Online Securities Pvt. Ltd.,Aryatara Investment & Securities,10,279.8,2798.0,2025-07-09 13:22:42.309364
2025-07-09,32852,2025070905006104,NIFRA,Pragyan Securities (PVT) Ltd.,Trishakti Securities Public Limited,64,279.2,17868.8,2025-07-09 13:23:07.459776
2025-07-09,32825,2025070905006115,NIFRA,Pragyan Securities (PVT) Ltd.,Vision Securities Pvt. Ltd,22,279.2,6142.4,2025-07-09 13:23:13.832694
2025-07-09,32726,2025070905006126,NIFRA,Pragyan Securities (PVT) Ltd.,Online Securities Pvt. Ltd.,54,279.2,15076.8,2025-07-09 13:23:35.627966
2025-07-09,32660,2025070905006148,NIFRA,Pragyan Securities (PVT) Ltd.,Secured Securities Ltd.,60,279.2,16752.0,2025-07-09 13:23:55.588364
2025-07-09,32602,2025070905006165,NIFRA,Online Securities Pvt. Ltd.,Shree Krishna Securities Ltd.,64,279.1,17862.4,2025-07-09 13:24:10.720134
2025-07-09,32471,2025070905006184,NIFRA,Online Securities Pvt. Ltd.,Property Wiard Limited,54,279.1,15071.4,2025-07-09 13:24:43.739051
2025-07-09,32462,2025070905006185,NIFRA,Online Securities Pvt. Ltd.,Online Securities Pvt. Ltd.,304,279.1,84846.4,2025-07-09 13:24:44.187429
2025-07-09,32064,2025070905006267,NIFRA,Online Securities Pvt. Ltd.,Secured Securities Ltd.,54,279.1,15071.4,2025-07-09 13:26:22.770442
2025-07-09,31996,2025070905006275,NIFRA,Online Securities Pvt. Ltd.,Opal Securities Investment (PVT) Ltd.,182,279.1,50796.2,2025-07-09 13:26:48.231355
2025-07-09,31992,2025070905006276,NIFRA,Bhrikuti Stock Broking Co. Pvt. Ltd.,Opal Securities Investment (PVT) Ltd.,18,279.1,5023.8,2025-07-09 13:26:51.050859
2025-07-09,31920,2025070905006281,NIFRA,Online Securities Pvt. Ltd.,Aryatara Investment & Securities,10,279.8,2798.0,2025-07-09 13:27:10.574091
2025-07-09,31877,2025070905006291,NIFRA,Bhrikuti Stock Broking Co. Pvt. Ltd.,Dynamic Money Managers Securities Pvt. Ltd.,64,279.2,17868.8,2025-07-09 13:27:22.615904
2025-07-09,31828,2025070905006300,NIFRA,Online Securities Pvt. Ltd.,Aryatara Investment & Securities,80,279.8,22384.0,2025-07-09 13:27:38.814335
2025-07-09,31827,2025070905006301,NIFRA,Online Securities Pvt. Ltd.,Online Securities Pvt. Ltd.,20,279.9,5598.0,2025-07-09 13:27:38.814721
2025-07-09,31746,2025070905006319,NIFRA,Dynamic Money Managers Securities Pvt. Ltd.,Online Securities Pvt. Ltd.,648,279.9,181375.2,2025-07-09 13:27:56.261379
2025-07-09,31745,2025070905006320,NIFRA,Dynamic Money Managers Securities Pvt. Ltd.,Magnet Securities and Investment Company Private Limited,250,279.9,69975.0,2025-07-09 13:27:56.261792
2025-07-09,31744,2025070905006321,NIFRA,Dynamic Money Managers Securities Pvt. Ltd.,Capital Max Securities Ltd,64,280.0,17920.0,2025-07-09 13:27:56.261976
2025-07-09,31743,2025070905006322,NIFRA,Dynamic Money Managers Securities Pvt. Ltd.,Imperial Securities Company Pvt. Ltd.,50,280.0,14000.0,2025-07-09 13:27:56.262164
2025-07-09,31742,2025070905006323,NIFRA,Dynamic Money Managers Securities Pvt. Ltd.,Asian Securities Private Ltd.,10,280.0,2800.0,2025-07-09 13:27:56.262349
2025-07-09,31741,2025070905006324,NIFRA,Dynamic Money Managers Securities Pvt. Ltd.,Bhrikuti Stock Broking Co. Pvt. Ltd.,54,280.0,15120.0,2025-07-09 13:27:56.262538
2025-07-09,31740,2025070905006325,NIFRA,Dynamic Money Managers Securities Pvt. Ltd.,Premier Securities Company Ltd.,54,280.0,15120.0,2025-07-09 13:27:56.262714
2025-07-09,31739,2025070905006326,NIFRA,Dynamic Money Managers Securities Pvt. Ltd.,Infinity Securities Limited,500,280.0,140000.0,2025-07-09 13:27:56.262892
2025-07-09,31738,2025070905006327,NIFRA,Dynamic Money Managers Securities Pvt. Ltd.,Sri Hari Securities Pvt. Ltd.,64,280.0,17920.0,2025-07-09 13:27:56.263064
2025-07-09,31737,2025070905006328,NIFRA,Dynamic Money Managers Securities Pvt. Ltd.,Nepal Investment And Securities Trading Private Limited,25,280.0,7000.0,2025-07-09 13:27:56.263232
2025-07-09,31736,2025070905006329,NIFRA,Dynamic Money Managers Securities Pvt. Ltd.,Nepal Stock House (PVT) Ltd.,1000,280.0,280000.0,2025-07-09 13:27:56.263446
2025-07-09,31735,2025070905006330,NIFRA,Dynamic Money Managers Securities Pvt. Ltd.,Sri Hari Securities Pvt. Ltd.,64,280.0,17920.0,2025-07-09 13:27:56.263685
2025-07-09,31734,2025070905006331,NIFRA,Dynamic Money Managers Securities Pvt. Ltd.,Siprabi Securities Pvt. Ltd.,54,280.0,15120.0,2025-07-09 13:27:56.263925
2025-07-09,31733,2025070905006332,NIFRA,Dynamic Money Managers Securities Pvt. Ltd.,Opal Securities Investment (PVT) Ltd.,180,280.0,50400.0,2025-07-09 13:27:56.264151
2025-07-09,31732,2025070905006333,NIFRA,Dynamic Money Managers Securities Pvt. Ltd.,Primo Securities (PVT) Ltd.,50,280.0,14000.0,2025-07-09 13:27:56.264368
2025-07-09,31731,2025070905006334,NIFRA,Dynamic Money Managers Securities Pvt. Ltd.,Sri Hari Securities Pvt. Ltd.,64,280.0,17920.0,2025-07-09 13:27:56.264570
2025-07-09,31730,2025070905006335,NIFRA,Dynamic Money Managers Securities Pvt. Ltd.,Kohinoor Investment & Securities Pvt. Ltd.,34,280.0,9520.0,2025-07-09 13:27:56.264775
2025-07-09,31729,2025070905006336,NIFRA,Dynamic Money Managers Securities Pvt. Ltd.,Asian Securities Private Ltd.,64,280.0,17920.0,2025-07-09 13:27:56.264957
2025-07-09,31728,2025070905006337,NIFRA,Dynamic Money Managers Securities Pvt. Ltd.,Sani Securities Company Ltd.,54,280.0,15120.0,2025-07-09 13:27:56.265132
2025-07-09,31727,2025070905006338,NIFRA,Dynamic Money Managers Securities Pvt. Ltd.,Sri Hari Securities Pvt. Ltd.,54,280.0,15120.0,2025-07-09 13:27:56.265307
2025-07-09,31726,2025070905006339,NIFRA,Dynamic Money Managers Securities Pvt. Ltd.,Cristal Kanchanjanga Securites Pvt. Ltd.,14,280.0,3920.0,2025-07-09 13:27:56.265494
2025-07-09,31725,2025070905006340,NIFRA,Dynamic Money Managers Securities Pvt. Ltd.,Sri Hari Securities Pvt. Ltd.,1000,280.0,280000.0,2025-07-09 13:27:56.265679
2025-07-09,31724,2025070905006341,NIFRA,Dynamic Money Managers Securities Pvt. Ltd.,Opal Securities Investment (PVT) Ltd.,54,280.0,15120.0,2025-07-09 13:27:56.265852
2025-07-09,31723,2025070905006342,NIFRA,Dynamic Money Managers Securities Pvt. Ltd.,J.F. Securites (PVT) Ltd.,750,280.0,210000.0,2025-07-09 13:27:56.266020
2025-07-09,31722,2025070905006343,NIFRA,Dynamic Money Managers Securities Pvt. Ltd.,Linch Stock Market Ltd.,24,280.0,6720.0,2025-07-09 13:27:56.266192
2025-07-09,31721,2025070905006344,NIFRA,Dynamic Money Managers Securities Pvt. Ltd.,Opal Securities Investment (PVT) Ltd.,200,280.0,56000.0,2025-07-09 13:27:56.266366
2025-07-09,31720,2025070905006345,NIFRA,Dynamic Money Managers Securities Pvt. Ltd.,ABC Securities Private Limited,54,280.0,15120.0,2025-07-09 13:27:56.266538
2025-07-09,31719,2025070905006346,NIFRA,Dynamic Money Managers Securities Pvt. Ltd.,Primo Securities (PVT) Ltd.,500,280.0,140000.0,2025-07-09 13:27:56.266707
2025-07-09,31718,2025070905006347,NIFRA,Dynamic Money Managers Securities Pvt. Ltd.,Asian Securities Private Ltd.,129,280.0,36120.0,2025-07-09 13:27:56.266874
2025-07-09,31717,2025070905006348,NIFRA,Dynamic Money Managers Securities Pvt. Ltd.,Naasa Securities Co. Ltd.,64,280.0,17920.0,2025-07-09 13:27:56.267042
2025-07-09,31716,2025070905006349,NIFRA,Dynamic Money Managers Securities Pvt. Ltd.,Deevyaa Securities & Stock House Pvt. Ltd,1000,280.0,280000.0,2025-07-09 13:27:56.267229
2025-07-09,31715,2025070905006350,NIFRA,Dynamic Money Managers Securities Pvt. Ltd.,Capital Hub P. Ltd,54,280.0,15120.0,2025-07-09 13:27:56.267412
2025-07-09,31714,2025070905006351,NIFRA,Dynamic Money Managers Securities Pvt. Ltd.,Capital Max Securities Ltd,85,280.0,23800.0,2025-07-09 13:27:56.267587
2025-07-09,31713,2025070905006352,NIFRA,Dynamic Money Managers Securities Pvt. Ltd.,Market Securities & Exchange (PVT) Ltd.,32,280.0,8960.0,2025-07-09 13:27:56.267754
2025-07-09,31712,2025070905006353,NIFRA,Dynamic Money Managers Securities Pvt. Ltd.,Trishakti Securities Public Limited,54,280.0,15120.0,2025-07-09 13:27:56.267922
2025-07-09,31711,2025070905006354,NIFRA,Dynamic Money Managers Securities Pvt. Ltd.,Sagarmatha Securities Private Limited,54,280.0,15120.0,2025-07-09 13:27:56.268086
2025-07-09,31710,2025070905006355,NIFRA,Dynamic Money Managers Securities Pvt. Ltd.,Capital Max Securities Ltd,54,280.0,15120.0,2025-07-09 13:27:56.268277
2025-07-09,31709,2025070905006356,NIFRA,Dynamic Money Managers Securities Pvt. Ltd.,Indira securities pvt. ltd,50,280.0,14000.0,2025-07-09 13:27:56.268486
2025-07-09,31708,2025070905006357,NIFRA,Dynamic Money Managers Securities Pvt. Ltd.,Sundhara Securities Limited,54,280.0,15120.0,2025-07-09 13:27:56.268662
2025-07-09,31707,2025070905006358,NIFRA,Dynamic Money Managers Securities Pvt. Ltd.,Dipshikha Dhitopatra Karobar Co. Pvt Ltd.,1000,280.0,280000.0,2025-07-09 13:27:56.268835
2025-07-09,31706,2025070905006359,NIFRA,Dynamic Money Managers Securities Pvt. Ltd.,Nepal Stock House (PVT) Ltd.,54,280.0,15120.0,2025-07-09 13:27:56.268991
2025-07-09,31705,2025070905006360,NIFRA,Dynamic Money Managers Securities Pvt. Ltd.,Vision Securities Pvt. Ltd,64,280.0,17920.0,2025-07-09 13:27:56.269147
2025-07-09,31704,2025070905006361,NIFRA,Dynamic Money Managers Securities Pvt. Ltd.,Malla & Malla Stock Broking Company Pvt. Limited,200,280.0,56000.0,2025-07-09 13:27:56.269297
2025-07-09,31703,2025070905006362,NIFRA,Dynamic Money Managers Securities Pvt. Ltd.,Trisul Securities & Invt. Ltd.,64,280.0,17920.0,2025-07-09 13:27:56.269503
2025-07-09,31702,2025070905006363,NIFRA,Dynamic Money Managers Securities Pvt. Ltd.,South Asian Bulls Pvt. Ltd.,54,280.0,15120.0,2025-07-09 13:27:56.269667
2025-07-09,31701,2025070905006364,NIFRA,Dynamic Money Managers Securities Pvt. Ltd.,Linch Stock Market Ltd.,510,280.0,142800.0,2025-07-09 13:27:56.269844
2025-07-09,31700,2025070905006365,NIFRA,Dynamic Money Managers Securities Pvt. Ltd.,Midas Stock Broking Company Private Limited,500,280.0,140000.0,2025-07-09 13:27:56.270016
2025-07-09,31699,2025070905006366,NIFRA,Dynamic Money Managers Securities Pvt. Ltd.,Agrawal Securities (PVT) Ltd.,50,280.0,14000.0,2025-07-09 13:27:56.270177
2025-07-09,31698,2025070905006367,NIFRA,Dynamic Money Managers Securities Pvt. Ltd.,Opal Securities Investment (PVT) Ltd.,200,280.0,56000.0,2025-07-09 13:27:56.270338
2025-07-09,31697,2025070905006368,NIFRA,Dynamic Money Managers Securities Pvt. Ltd.,Naasa Securities Co. Ltd.,10,280.0,2800.0,2025-07-09 13:27:56.270490
2025-07-09,31696,2025070905006369,NIFRA,Dynamic Money Managers Securities Pvt. Ltd.,Midas Stock Broking Company Private Limited,500,280.0,140000.0,2025-07-09 13:27:56.270671
2025-07-09,31695,2025070905006370,NIFRA,Dynamic Money Managers Securities Pvt. Ltd.,ABC Securities Private Limited,100,280.0,28000.0,2025-07-09 13:27:56.270822
2025-07-09,31694,2025070905006371,NIFRA,Dynamic Money Managers Securities Pvt. Ltd.,Shree Krishna Securities Ltd.,50,280.0,14000.0,2025-07-09 13:27:56.270957
2025-07-09,31693,2025070905006372,NIFRA,Dynamic Money Managers Securities Pvt. Ltd.,Naasa Securities Co. Ltd.,100,280.0,28000.0,2025-07-09 13:27:56.271094
2025-07-09,31692,2025070905006373,NIFRA,Dynamic Money Managers Securities Pvt. Ltd.,Cristal Kanchanjanga Securites Pvt. Ltd.,64,280.0,17920.0,2025-07-09 13:27:56.271226
2025-07-09,31691,2025070905006374,NIFRA,Dynamic Money Managers Securities Pvt. Ltd.,Neev Securities Pvt. Ltd.,64,280.0,17920.0,2025-07-09 13:27:56.271366
2025-07-09,31690,2025070905006375,NIFRA,Dynamic Money Managers Securities Pvt. Ltd.,Neev Securities Pvt. Ltd.,54,280.0,15120.0,2025-07-09 13:27:56.271503
2025-07-09,31689,2025070905006376,NIFRA,Dynamic Money Managers Securities Pvt. Ltd.,Vision Securities Pvt. Ltd,43,280.0,12040.0,2025-07-09 13:27:56.271632
2025-07-09,31688,2025070905006377,NIFRA,Dynamic Money Managers Securities Pvt. Ltd.,Dipshikha Dhitopatra Karobar Co. Pvt Ltd.,54,280.0,15120.0,2025-07-09 13:27:56.271766
2025-07-09,31687,2025070905006378,NIFRA,Dynamic Money Managers Securities Pvt. Ltd.,Aryatara Investment & Securities,450,280.0,126000.0,2025-07-09 13:27:56.271919
2025-07-09,31686,2025070905006379,NIFRA,Dynamic Money Managers Securities Pvt. Ltd.,Dipshikha Dhitopatra Karobar Co. Pvt Ltd.,64,280.0,17920.0,2025-07-09 13:27:56.272067
2025-07-09,31685,2025070905006380,NIFRA,Dynamic Money Managers Securities Pvt. Ltd.,Market Securities & Exchange (PVT) Ltd.,10,280.0,2800.0,2025-07-09 13:27:56.272198
2025-07-09,31684,2025070905006381,NIFRA,Dynamic Money Managers Securities Pvt. Ltd.,J.F. Securites (PVT) Ltd.,178,280.0,49840.0,2025-07-09 13:27:56.272332
2025-07-09,31630,2025070905006396,NIFRA,Sani Securities Company Ltd.,J.F. Securites (PVT) Ltd.,322,280.0,90160.0,2025-07-09 13:28:11.534234
2025-07-09,31629,2025070905006397,NIFRA,Sani Securities Company Ltd.,Midas Stock Broking Company Private Limited,54,280.0,15120.0,2025-07-09 13:28:11.534594
2025-07-09,31628,2025070905006398,NIFRA,Sani Securities Company Ltd.,Imperial Securities Company Pvt. Ltd.,40,280.0,11200.0,2025-07-09 13:28:11.534744
2025-07-09,31627,2025070905006399,NIFRA,Sani Securities Company Ltd.,Sani Securities Company Ltd.,43,280.0,12040.0,2025-07-09 13:28:11.534874
2025-07-09,31626,2025070905006400,NIFRA,Sani Securities Company Ltd.,Dipshikha Dhitopatra Karobar Co. Pvt Ltd.,154,280.0,43120.0,2025-07-09 13:28:11.535003
2025-07-09,31625,2025070905006401,NIFRA,Sani Securities Company Ltd.,Sani Securities Company Ltd.,54,280.0,15120.0,2025-07-09 13:28:11.535152
2025-07-09,31522,2025070905006433,NIFRA,Sani Securities Company Ltd.,Imperial Securities Company Pvt. Ltd.,110,280.0,30800.0,2025-07-09 13:28:37.167809
2025-07-09,31485,2025070905006438,NIFRA,Bhrikuti Stock Broking Co. Pvt. Ltd.,Bhrikuti Stock Broking Co. Pvt. Ltd.,128,280.2,35865.6,2025-07-09 13:28:45.795738
2025-07-09,31401,2025070905006470,NIFRA,Pragyan Securities (PVT) Ltd.,Aryatara Investment & Securities,64,280.1,17926.4,2025-07-09 13:29:05.710394
2025-07-09,31302,2025070905006516,NIFRA,Online Securities Pvt. Ltd.,Bhrikuti Stock Broking Co. Pvt. Ltd.,10,280.2,2802.0,2025-07-09 13:29:28.820237
2025-07-09,31226,2025070905006536,NIFRA,Pragyan Securities (PVT) Ltd.,Oxford Securities Pvt. Ltd.,30,280.1,8403.0,2025-07-09 13:29:49.971786
2025-07-09,31187,2025070905006554,NIFRA,Sani Securities Company Ltd.,Deevyaa Securities & Stock House Pvt. Ltd,2000,280.0,560000.0,2025-07-09 13:30:00.556158
2025-07-09,31173,2025070905006559,NIFRA,ABC Securities Private Limited,Bhrikuti Stock Broking Co. Pvt. Ltd.,162,280.2,45392.4,2025-07-09 13:30:06.343006
2025-07-09,31172,2025070905006560,NIFRA,ABC Securities Private Limited,Naasa Securities Co. Ltd.,100,280.5,28050.0,2025-07-09 13:30:06.343116
2025-07-09,31171,2025070905006561,NIFRA,ABC Securities Private Limited,Trishakti Securities Public Limited,20,280.5,5610.0,2025-07-09 13:30:06.343160
2025-07-09,31170,2025070905006562,NIFRA,ABC Securities Private Limited,Naasa Securities Co. Ltd.,18,280.9,5056.2,2025-07-09 13:30:06.343219
2025-07-09,30858,2025070905006625,NIFRA,Nepal Investment And Securities Trading Private Limited,Dipshikha Dhitopatra Karobar Co. Pvt Ltd.,10,280.8,2808.0,2025-07-09 13:31:20.199455
2025-07-09,30857,2025070905006626,NIFRA,Nepal Investment And Securities Trading Private Limited,Oxford Securities Pvt. Ltd.,100,280.8,28080.0,2025-07-09 13:31:20.199793
2025-07-09,30748,2025070905006642,NIFRA,Nepal Investment And Securities Trading Private Limited,Kohinoor Investment & Securities Pvt. Ltd.,140,280.8,39312.0,2025-07-09 13:31:54.610129
2025-07-09,30697,2025070905006647,NIFRA,Secured Securities Ltd.,Naasa Securities Co. Ltd.,100,280.9,28090.0,2025-07-09 13:32:00.922621
2025-07-09,30680,2025070905006658,NIFRA,Sani Securities Company Ltd.,Malla & Malla Stock Broking Company Pvt. Limited,680,280.0,190400.0,2025-07-09 13:32:07.015809
2025-07-09,30354,2025070905006700,NIFRA,Sani Securities Company Ltd.,Trishakti Securities Public Limited,150,280.0,42000.0,2025-07-09 13:33:52.819517
2025-07-09,30239,2025070905006736,NIFRA,Sani Securities Company Ltd.,Shree Krishna Securities Ltd.,16,280.0,4480.0,2025-07-09 13:34:30.220832
2025-07-09,30230,2025070905006737,NIFRA,Sani Securities Company Ltd.,Kohinoor Investment & Securities Pvt. Ltd.,54,280.0,15120.0,2025-07-09 13:34:32.347716
2025-07-09,30180,2025070905006745,NIFRA,Sani Securities Company Ltd.,Nepal Investment And Securities Trading Private Limited,22,280.0,6160.0,2025-07-09 13:34:42.597575
2025-07-09,30073,2025070905006765,NIFRA,Nepal Stock House (PVT) Ltd.,Nepal Stock House (PVT) Ltd.,3,277.1,831.3,2025-07-09 13:35:23.097980
2025-07-09,29799,2025070905006811,NIFRA,Sani Securities Company Ltd.,Aryatara Investment & Securities,64,280.0,17920.0,2025-07-09 13:36:34.426935
2025-07-09,29770,2025070905006817,NIFRA,Sani Securities Company Ltd.,Bhrikuti Stock Broking Co. Pvt. Ltd.,54,280.0,15120.0,2025-07-09 13:36:44.511544
2025-07-09,29626,2025070905006832,NIFRA,Sani Securities Company Ltd.,Sanima Securities Limited,1183,280.0,331240.0,2025-07-09 13:37:25.953564
2025-07-09,29625,2025070905006833,NIFRA,Sani Securities Company Ltd.,Sanima Securities Limited,817,280.0,228760.0,2025-07-09 13:37:25.953951
2025-07-09,29587,2025070905006840,NIFRA,Sani Securities Company Ltd.,Sharepro Securities Private Limited,250,280.0,70000.0,2025-07-09 13:37:37.583009
2025-07-09,29371,2025070905006884,NIFRA,Sani Securities Company Ltd.,Aryatara Investment & Securities,64,280.0,17920.0,2025-07-09 13:38:23.453669
2025-07-09,29359,2025070905006886,NIFRA,Sani Securities Company Ltd.,Imperial Securities Company Pvt. Ltd.,40,280.0,11200.0,2025-07-09 13:38:28.214275
2025-07-09,29206,2025070905006896,NIFRA,Sani Securities Company Ltd.,Premier Securities Company Ltd.,41,280.0,11480.0,2025-07-09 13:39:16.871038
2025-07-09,29181,2025070905006904,NIFRA,Sani Securities Company Ltd.,ABC Securities Private Limited,100,280.0,28000.0,2025-07-09 13:39:23.386203
2025-07-09,29144,2025070905006909,NIFRA,Sani Securities Company Ltd.,Aryatara Investment & Securities,232,280.0,64960.0,2025-07-09 13:39:33.060273
2025-07-09,28897,2025070905006961,NIFRA,Dipshikha Dhitopatra Karobar Co. Pvt Ltd.,Dipshikha Dhitopatra Karobar Co. Pvt Ltd.,10,280.1,2801.0,2025-07-09 13:40:50.079522
2025-07-09,28799,2025070905006990,NIFRA,Dipshikha Dhitopatra Karobar Co. Pvt Ltd.,Sumeru Securities Pvt. Ltd.,200,280.1,56020.0,2025-07-09 13:41:22.397901
2025-07-09,28730,2025070905006999,NIFRA,Dipshikha Dhitopatra Karobar Co. Pvt Ltd.,Trishakti Securities Public Limited,790,280.1,221279.0,2025-07-09 13:41:41.078909
2025-07-09,28729,2025070905007000,NIFRA,Sani Securities Company Ltd.,Trishakti Securities Public Limited,210,280.0,58800.0,2025-07-09 13:41:41.079028
2025-07-09,28583,2025070905007028,NIFRA,Miyo Securities Pvt Ltd,Premier Securities Company Ltd.,10,280.2,2802.0,2025-07-09 13:42:15.708452
2025-07-09,28582,2025070905007029,NIFRA,Miyo Securities Pvt Ltd,Premier Securities Company Ltd.,10,280.3,2803.0,2025-07-09 13:42:15.709127
2025-07-09,28581,2025070905007030,NIFRA,Miyo Securities Pvt Ltd,Trisul Securities & Invt. Ltd.,240,280.5,67320.0,2025-07-09 13:42:15.709560
2025-07-09,28580,2025070905007031,NIFRA,Miyo Securities Pvt Ltd,Hatemalo Financial Services Private Limited,75,280.8,21060.0,2025-07-09 13:42:15.709978
2025-07-09,28579,2025070905007032,NIFRA,Miyo Securities Pvt Ltd,Naasa Securities Co. Ltd.,382,280.9,107303.8,2025-07-09 13:42:15.710410
2025-07-09,28578,2025070905007033,NIFRA,Miyo Securities Pvt Ltd,Kohinoor Investment & Securities Pvt. Ltd.,100,280.9,28090.0,2025-07-09 13:42:15.710825
2025-07-09,28577,2025070905007034,NIFRA,Miyo Securities Pvt Ltd,Sani Securities Company Ltd.,683,280.9,191854.7,2025-07-09 13:42:15.711220
2025-07-09,28425,2025070905007062,NIFRA,Midas Stock Broking Company Private Limited,Sundhara Securities Limited,10,280.8,2808.0,2025-07-09 13:43:00.416511
2025-07-09,28378,2025070905007075,NIFRA,Linch Stock Market Ltd.,Sani Securities Company Ltd.,317,280.9,89045.3,2025-07-09 13:43:21.377545
2025-07-09,28377,2025070905007076,NIFRA,Linch Stock Market Ltd.,Vision Securities Pvt. Ltd,400,281.0,112400.0,2025-07-09 13:43:21.377884
2025-07-09,28376,2025070905007077,NIFRA,Linch Stock Market Ltd.,Creative Securities Pvt Ltd,783,281.0,220023.0,2025-07-09 13:43:21.378032
2025-07-09,28374,2025070905007078,NIFRA,Aakashbhairab Securities Ltd.,Creative Securities Pvt Ltd,217,281.0,60977.0,2025-07-09 13:43:22.129635
2025-07-09,28373,2025070905007079,NIFRA,Aakashbhairab Securities Ltd.,Dipshikha Dhitopatra Karobar Co. Pvt Ltd.,27,281.0,7587.0,2025-07-09 13:43:22.130309
2025-07-09,28372,2025070905007080,NIFRA,Aakashbhairab Securities Ltd.,Opal Securities Investment (PVT) Ltd.,1000,281.0,281000.0,2025-07-09 13:43:22.130938
2025-07-09,28371,2025070905007081,NIFRA,Aakashbhairab Securities Ltd.,Secured Securities Ltd.,700,281.0,196700.0,2025-07-09 13:43:22.131486
2025-07-09,28370,2025070905007082,NIFRA,Aakashbhairab Securities Ltd.,Sajilo Broker Limited,150,281.0,42150.0,2025-07-09 13:43:22.132045
2025-07-09,28369,2025070905007083,NIFRA,Aakashbhairab Securities Ltd.,Imperial Securities Company Pvt. Ltd.,200,281.0,56200.0,2025-07-09 13:43:22.132593
2025-07-09,28368,2025070905007084,NIFRA,Aakashbhairab Securities Ltd.,Naasa Securities Co. Ltd.,54,281.0,15174.0,2025-07-09 13:43:22.133084
2025-07-09,28367,2025070905007085,NIFRA,Aakashbhairab Securities Ltd.,Naasa Securities Co. Ltd.,54,281.0,15174.0,2025-07-09 13:43:22.133615
2025-07-09,28366,2025070905007086,NIFRA,Aakashbhairab Securities Ltd.,Trisul Securities & Invt. Ltd.,64,281.0,17984.0,2025-07-09 13:43:22.134139
2025-07-09,28365,2025070905007087,NIFRA,Aakashbhairab Securities Ltd.,Naasa Securities Co. Ltd.,10,281.0,2810.0,2025-07-09 13:43:22.134577
2025-07-09,28364,2025070905007088,NIFRA,Aakashbhairab Securities Ltd.,Online Securities Pvt. Ltd.,111,281.0,31191.0,2025-07-09 13:43:22.134749
2025-07-09,28363,2025070905007089,NIFRA,Aakashbhairab Securities Ltd.,Magnet Securities and Investment Company Private Limited,250,281.0,70250.0,2025-07-09 13:43:22.134896
2025-07-09,28362,2025070905007090,NIFRA,Aakashbhairab Securities Ltd.,Malla & Malla Stock Broking Company Pvt. Limited,50,281.0,14050.0,2025-07-09 13:43:22.135051
2025-07-09,28361,2025070905007091,NIFRA,Aakashbhairab Securities Ltd.,Aakashbhairab Securities Ltd.,17113,281.0,4808753.0,2025-07-09 13:43:22.135193
2025-07-09,28291,2025070905007097,NIFRA,Investment Management Nepal Pvt. Ltd.,Vision Securities Pvt. Ltd,54,280.1,15125.4,2025-07-09 13:43:38.170804
2025-07-09,28232,2025070905007104,NIFRA,J.F. Securites (PVT) Ltd.,Aakashbhairab Securities Ltd.,2887,281.0,811247.0,2025-07-09 13:43:43.780527
2025-07-09,28231,2025070905007105,NIFRA,J.F. Securites (PVT) Ltd.,Sumeru Securities Pvt. Ltd.,113,281.0,31753.0,2025-07-09 13:43:43.781166
2025-07-09,28188,2025070905007116,NIFRA,Nepal Investment And Securities Trading Private Limited,Sumeru Securities Pvt. Ltd.,87,281.0,24447.0,2025-07-09 13:43:59.941152
2025-07-09,28187,2025070905007117,NIFRA,Nepal Investment And Securities Trading Private Limited,Dipshikha Dhitopatra Karobar Co. Pvt Ltd.,100,281.0,28100.0,2025-07-09 13:43:59.941523
2025-07-09,28186,2025070905007118,NIFRA,Nepal Investment And Securities Trading Private Limited,Naasa Securities Co. Ltd.,63,281.0,17703.0,2025-07-09 13:43:59.941675
2025-07-09,28178,2025070905007122,NIFRA,Trishakti Securities Public Limited,Cristal Kanchanjanga Securites Pvt. Ltd.,100,281.5,28150.0,2025-07-09 13:44:02.055860
2025-07-09,28177,2025070905007123,NIFRA,Trishakti Securities Public Limited,Secured Securities Ltd.,54,281.5,15201.0,2025-07-09 13:44:02.056198
2025-07-09,28176,2025070905007124,NIFRA,Trishakti Securities Public Limited,Sundhara Securities Limited,114,281.5,32091.0,2025-07-09 13:44:02.056384
2025-07-09,28175,2025070905007125,NIFRA,Trishakti Securities Public Limited,Sundhara Securities Limited,500,281.6,140800.0,2025-07-09 13:44:02.056631
2025-07-09,28174,2025070905007126,NIFRA,Trishakti Securities Public Limited,Bhrikuti Stock Broking Co. Pvt. Ltd.,400,281.6,112640.0,2025-07-09 13:44:02.056784
2025-07-09,28173,2025070905007127,NIFRA,Trishakti Securities Public Limited,Vision Securities Pvt. Ltd,100,281.6,28160.0,2025-07-09 13:44:02.056948
2025-07-09,28172,2025070905007128,NIFRA,Trishakti Securities Public Limited,South Asian Bulls Pvt. Ltd.,500,281.6,140800.0,2025-07-09 13:44:02.057147
2025-07-09,28171,2025070905007129,NIFRA,Trishakti Securities Public Limited,Vision Securities Pvt. Ltd,500,282.0,141000.0,2025-07-09 13:44:02.057321
2025-07-09,28170,2025070905007130,NIFRA,Trishakti Securities Public Limited,Naasa Securities Co. Ltd.,54,282.0,15228.0,2025-07-09 13:44:02.057521
2025-07-09,28169,2025070905007131,NIFRA,Trishakti Securities Public Limited,Indira securities pvt. ltd,1000,282.0,282000.0,2025-07-09 13:44:02.057732
2025-07-09,28168,2025070905007132,NIFRA,Trishakti Securities Public Limited,Investment Management Nepal Pvt. Ltd.,300,282.0,84600.0,2025-07-09 13:44:02.057935
2025-07-09,28167,2025070905007133,NIFRA,Trishakti Securities Public Limited,Sani Securities Company Ltd.,100,282.0,28200.0,2025-07-09 13:44:02.058127
2025-07-09,28166,2025070905007134,NIFRA,Trishakti Securities Public Limited,Citizens Share Broker Limited,270,282.0,76140.0,2025-07-09 13:44:02.058328
2025-07-09,28165,2025070905007135,NIFRA,Trishakti Securities Public Limited,Nepal Stock House (PVT) Ltd.,150,282.0,42300.0,2025-07-09 13:44:02.058533
2025-07-09,28164,2025070905007136,NIFRA,Trishakti Securities Public Limited,Sani Securities Company Ltd.,150,282.0,42300.0,2025-07-09 13:44:02.058729
2025-07-09,28163,2025070905007137,NIFRA,Trishakti Securities Public Limited,Nepal Investment And Securities Trading Private Limited,64,282.0,18048.0,2025-07-09 13:44:02.058923
2025-07-09,28162,2025070905007138,NIFRA,Trishakti Securities Public Limited,Trishakti Securities Public Limited,1000,282.0,282000.0,2025-07-09 13:44:02.059124
2025-07-09,28161,2025070905007139,NIFRA,Trishakti Securities Public Limited,Naasa Securities Co. Ltd.,54,282.0,15228.0,2025-07-09 13:44:02.059337
2025-07-09,28160,2025070905007140,NIFRA,Trishakti Securities Public Limited,Linch Stock Market Ltd.,1000,282.0,282000.0,2025-07-09 13:44:02.059548
2025-07-09,28159,2025070905007141,NIFRA,Trishakti Securities Public Limited,Naasa Securities Co. Ltd.,54,282.0,15228.0,2025-07-09 13:44:02.059718
2025-07-09,28158,2025070905007142,NIFRA,Trishakti Securities Public Limited,Naasa Securities Co. Ltd.,54,282.0,15228.0,2025-07-09 13:44:02.059919
2025-07-09,28157,2025070905007143,NIFRA,Trishakti Securities Public Limited,Vision Securities Pvt. Ltd,54,282.0,15228.0,2025-07-09 13:44:02.060119
2025-07-09,28156,2025070905007144,NIFRA,Trishakti Securities Public Limited,Online Securities Pvt. Ltd.,432,282.0,121824.0,2025-07-09 13:44:02.060294
2025-07-09,28155,2025070905007145,NIFRA,Trishakti Securities Public Limited,Dipshikha Dhitopatra Karobar Co. Pvt Ltd.,270,282.0,76140.0,2025-07-09 13:44:02.060512
2025-07-09,28154,2025070905007146,NIFRA,Trishakti Securities Public Limited,Oxford Securities Pvt. Ltd.,64,282.0,18048.0,2025-07-09 13:44:02.060712
2025-07-09,28153,2025070905007147,NIFRA,Trishakti Securities Public Limited,Imperial Securities Company Pvt. Ltd.,2662,282.0,750684.0,2025-07-09 13:44:02.060905
2025-07-09,28054,2025070905007161,NIFRA,Dynamic Money Managers Securities Pvt. Ltd.,Online Securities Pvt. Ltd.,400,282.0,112800.0,2025-07-09 13:44:31.863177
2025-07-09,28053,2025070905007162,NIFRA,Dynamic Money Managers Securities Pvt. Ltd.,Bhrikuti Stock Broking Co. Pvt. Ltd.,500,282.0,141000.0,2025-07-09 13:44:31.863553
2025-07-09,28052,2025070905007163,NIFRA,Dynamic Money Managers Securities Pvt. Ltd.,Imperial Securities Company Pvt. Ltd.,54,282.0,15228.0,2025-07-09 13:44:31.863697
2025-07-09,28051,2025070905007164,NIFRA,Dynamic Money Managers Securities Pvt. Ltd.,Sani Securities Company Ltd.,150,282.0,42300.0,2025-07-09 13:44:31.863830
2025-07-09,28050,2025070905007165,NIFRA,Dynamic Money Managers Securities Pvt. Ltd.,Kohinoor Investment & Securities Pvt. Ltd.,350,282.2,98770.0,2025-07-09 13:44:31.863985
2025-07-09,28049,2025070905007166,NIFRA,Dynamic Money Managers Securities Pvt. Ltd.,Imperial Securities Company Pvt. Ltd.,500,282.5,141250.0,2025-07-09 13:44:31.864129
2025-07-09,28048,2025070905007167,NIFRA,Dynamic Money Managers Securities Pvt. Ltd.,Imperial Securities Company Pvt. Ltd.,500,282.5,141250.0,2025-07-09 13:44:31.864266
2025-07-09,28047,2025070905007168,NIFRA,Dynamic Money Managers Securities Pvt. Ltd.,Siprabi Securities Pvt. Ltd.,64,282.5,18080.0,2025-07-09 13:44:31.864405
2025-07-09,28046,2025070905007169,NIFRA,Dynamic Money Managers Securities Pvt. Ltd.,Sani Securities Company Ltd.,100,282.5,28250.0,2025-07-09 13:44:31.864561
2025-07-09,28045,2025070905007170,NIFRA,Dynamic Money Managers Securities Pvt. Ltd.,Global IME Securities Limited,200,282.6,56520.0,2025-07-09 13:44:31.864736
2025-07-09,28044,2025070905007171,NIFRA,Dynamic Money Managers Securities Pvt. Ltd.,Vision Securities Pvt. Ltd,200,282.8,56560.0,2025-07-09 13:44:31.864874
2025-07-09,28043,2025070905007172,NIFRA,Dynamic Money Managers Securities Pvt. Ltd.,Bhrikuti Stock Broking Co. Pvt. Ltd.,1500,282.9,424350.0,2025-07-09 13:44:31.865002
2025-07-09,28042,2025070905007173,NIFRA,Dynamic Money Managers Securities Pvt. Ltd.,Vision Securities Pvt. Ltd,482,283.0,136406.0,2025-07-09 13:44:31.865139
2025-07-09,28003,2025070905007178,NIFRA,Nepal Investment And Securities Trading Private Limited,Dakshinkali Investment & Securities Pvt. Ltd.,100,282.0,28200.0,2025-07-09 13:44:40.104270
2025-07-09,27958,2025070905007188,NIFRA,J.F. Securites (PVT) Ltd.,Vision Securities Pvt. Ltd,118,283.0,33394.0,2025-07-09 13:44:50.220951
2025-07-09,27957,2025070905007189,NIFRA,J.F. Securites (PVT) Ltd.,Cristal Kanchanjanga Securites Pvt. Ltd.,54,283.0,15282.0,2025-07-09 13:44:50.221021
2025-07-09,27956,2025070905007190,NIFRA,J.F. Securites (PVT) Ltd.,Kohinoor Investment & Securities Pvt. Ltd.,43,283.0,12169.0,2025-07-09 13:44:50.221048
2025-07-09,27955,2025070905007191,NIFRA,J.F. Securites (PVT) Ltd.,Sani Securities Company Ltd.,162,283.0,45846.0,2025-07-09 13:44:50.221069
2025-07-09,27954,2025070905007192,NIFRA,J.F. Securites (PVT) Ltd.,Dynamic Money Managers Securities Pvt. Ltd.,216,283.0,61128.0,2025-07-09 13:44:50.221092
2025-07-09,27953,2025070905007193,NIFRA,J.F. Securites (PVT) Ltd.,Dipshikha Dhitopatra Karobar Co. Pvt Ltd.,125,283.0,35375.0,2025-07-09 13:44:50.221119
2025-07-09,27952,2025070905007194,NIFRA,J.F. Securites (PVT) Ltd.,Siprabi Securities Pvt. Ltd.,10,283.0,2830.0,2025-07-09 13:44:50.221144
2025-07-09,27951,2025070905007195,NIFRA,J.F. Securites (PVT) Ltd.,Primo Securities (PVT) Ltd.,54,283.0,15282.0,2025-07-09 13:44:50.221170
2025-07-09,27950,2025070905007196,NIFRA,J.F. Securites (PVT) Ltd.,Siprabi Securities Pvt. Ltd.,218,283.0,61694.0,2025-07-09 13:44:50.221197
2025-07-09,27817,2025070905007225,NIFRA,Dynamic Money Managers Securities Pvt. Ltd.,Hatemalo Financial Services Private Limited,75,282.9,21217.5,2025-07-09 13:45:11.680419
2025-07-09,27816,2025070905007226,NIFRA,Dynamic Money Managers Securities Pvt. Ltd.,Kohinoor Investment & Securities Pvt. Ltd.,216,282.9,61106.4,2025-07-09 13:45:11.680754
2025-07-09,27815,2025070905007227,NIFRA,Dynamic Money Managers Securities Pvt. Ltd.,Dakshinkali Investment & Securities Pvt. Ltd.,21223,282.9,6003986.7,2025-07-09 13:45:11.680887
2025-07-09,27814,2025070905007228,NIFRA,Dynamic Money Managers Securities Pvt. Ltd.,Siprabi Securities Pvt. Ltd.,142,283.0,40186.0,2025-07-09 13:45:11.681022
2025-07-09,27813,2025070905007229,NIFRA,Dynamic Money Managers Securities Pvt. Ltd.,Trishakti Securities Public Limited,50,283.0,14150.0,2025-07-09 13:45:11.681151
2025-07-09,27812,2025070905007230,NIFRA,Dynamic Money Managers Securities Pvt. Ltd.,Bhrikuti Stock Broking Co. Pvt. Ltd.,100,283.0,28300.0,2025-07-09 13:45:11.681286
2025-07-09,27811,2025070905007231,NIFRA,Dynamic Money Managers Securities Pvt. Ltd.,Imperial Securities Company Pvt. Ltd.,20,283.0,5660.0,2025-07-09 13:45:11.681476
2025-07-09,27810,2025070905007232,NIFRA,Dynamic Money Managers Securities Pvt. Ltd.,Deevyaa Securities & Stock House Pvt. Ltd,50,283.0,14150.0,2025-07-09 13:45:11.681662
2025-07-09,27809,2025070905007233,NIFRA,Dynamic Money Managers Securities Pvt. Ltd.,Sani Securities Company Ltd.,124,283.0,35092.0,2025-07-09 13:45:11.681831
2025-07-09,27610,2025070905007267,NIFRA,Bhrikuti Stock Broking Co. Pvt. Ltd.,Sewa Securities Pvt. Ltd.,50,282.0,14100.0,2025-07-09 13:45:54.579728
2025-07-09,27518,2025070905007284,NIFRA,Bhrikuti Stock Broking Co. Pvt. Ltd.,Dakshinkali Investment & Securities Pvt. Ltd.,100,282.0,28200.0,2025-07-09 13:46:19.941386
2025-07-09,27498,2025070905007288,NIFRA,Bhrikuti Stock Broking Co. Pvt. Ltd.,Oxford Securities Pvt. Ltd.,50,282.0,14100.0,2025-07-09 13:46:25.863828
2025-07-09,27489,2025070905007293,NIFRA,Bhrikuti Stock Broking Co. Pvt. Ltd.,Online Securities Pvt. Ltd.,100,282.0,28200.0,2025-07-09 13:46:28.645550
2025-07-09,27420,2025070905007303,NIFRA,Bhrikuti Stock Broking Co. Pvt. Ltd.,Dipshikha Dhitopatra Karobar Co. Pvt Ltd.,50,282.0,14100.0,2025-07-09 13:46:42.633043
2025-07-09,27419,2025070905007304,NIFRA,Citizens Share Broker Limited,Dipshikha Dhitopatra Karobar Co. Pvt Ltd.,50,282.0,14100.0,2025-07-09 13:46:42.633436
2025-07-09,27417,2025070905007306,NIFRA,Citizens Share Broker Limited,Nepal Stock House (PVT) Ltd.,50,282.0,14100.0,2025-07-09 13:46:43.855818
2025-07-09,27320,2025070905007317,NIFRA,Sani Securities Company Ltd.,Nepal Stock House (PVT) Ltd.,80,282.0,22560.0,2025-07-09 13:47:06.446461
2025-07-09,27236,2025070905007325,NIFRA,Bhrikuti Stock Broking Co. Pvt. Ltd.,Nepal Stock House (PVT) Ltd.,920,282.0,259440.0,2025-07-09 13:47:27.594207
2025-07-09,27235,2025070905007326,NIFRA,Bhrikuti Stock Broking Co. Pvt. Ltd.,Dakshinkali Investment & Securities Pvt. Ltd.,80,282.0,22560.0,2025-07-09 13:47:27.594847
2025-07-09,27147,2025070905007334,NIFRA,Capital Max Securities Ltd,Dakshinkali Investment & Securities Pvt. Ltd.,120,282.0,33840.0,2025-07-09 13:47:51.618606
2025-07-09,27146,2025070905007335,NIFRA,Capital Max Securities Ltd,Sani Securities Company Ltd.,280,282.0,78960.0,2025-07-09 13:47:51.618727
2025-07-09,27145,2025070905007336,NIFRA,Capital Max Securities Ltd,Vision Securities Pvt. Ltd,100,282.0,28200.0,2025-07-09 13:47:51.618751
2025-07-09,27144,2025070905007337,NIFRA,Capital Max Securities Ltd,Magnet Securities and Investment Company Private Limited,250,282.5,70625.0,2025-07-09 13:47:51.618776
2025-07-09,27143,2025070905007338,NIFRA,Capital Max Securities Ltd,Dipshikha Dhitopatra Karobar Co. Pvt Ltd.,10,282.7,2827.0,2025-07-09 13:47:51.618801
2025-07-09,27142,2025070905007339,NIFRA,Capital Max Securities Ltd,Primo Securities (PVT) Ltd.,240,282.8,67872.0,2025-07-09 13:47:51.618845
2025-07-09,27092,2025070905007355,NIFRA,SUN SECURITIES PVT LTD,Imperial Securities Company Pvt. Ltd.,54,282.0,15228.0,2025-07-09 13:48:06.542405
2025-07-09,27069,2025070905007359,NIFRA,SUN SECURITIES PVT LTD,Nepal Stock House (PVT) Ltd.,54,282.0,15228.0,2025-07-09 13:48:13.094194
2025-07-09,27063,2025070905007360,NIFRA,SUN SECURITIES PVT LTD,Premier Securities Company Ltd.,70,282.0,19740.0,2025-07-09 13:48:14.124276
2025-07-09,26942,2025070905007376,NIFRA,SUN SECURITIES PVT LTD,Naasa Securities Co. Ltd.,322,282.0,90804.0,2025-07-09 13:48:57.789744
2025-07-09,26941,2025070905007377,NIFRA,Secured Securities Ltd.,Naasa Securities Co. Ltd.,300,282.0,84600.0,2025-07-09 13:48:57.790412
2025-07-09,26940,2025070905007378,NIFRA,Linch Stock Market Ltd.,Naasa Securities Co. Ltd.,378,282.0,106596.0,2025-07-09 13:48:57.790817
2025-07-09,26917,2025070905007383,NIFRA,Linch Stock Market Ltd.,Dynamic Money Managers Securities Pvt. Ltd.,122,282.0,34404.0,2025-07-09 13:49:05.841915
2025-07-09,26905,2025070905007387,NIFRA,Aryatara Investment & Securities,Dynamic Money Managers Securities Pvt. Ltd.,29,282.0,8178.0,2025-07-09 13:49:15.205642
2025-07-09,26854,2025070905007394,NIFRA,Creative Securities Pvt Ltd,Imperial Securities Company Pvt. Ltd.,54,281.2,15184.8,2025-07-09 13:49:26.570870
2025-07-09,26695,2025070905007419,NIFRA,Sri Hari Securities Pvt. Ltd.,Vision Securities Pvt. Ltd,500,281.9,140950.0,2025-07-09 13:50:10.075336
2025-07-09,26694,2025070905007420,NIFRA,Sri Hari Securities Pvt. Ltd.,Dynamic Money Managers Securities Pvt. Ltd.,4500,282.0,1269000.0,2025-07-09 13:50:10.076053
2025-07-09,26569,2025070905007438,NIFRA,Vision Securities Pvt. Ltd,Imperial Securities Company Pvt. Ltd.,54,281.9,15222.6,2025-07-09 13:50:36.281540
2025-07-09,26550,2025070905007450,NIFRA,Citizens Share Broker Limited,Dynamic Money Managers Securities Pvt. Ltd.,349,282.0,98418.0,2025-07-09 13:50:43.360163
2025-07-09,26549,2025070905007451,NIFRA,Citizens Share Broker Limited,Midas Stock Broking Company Private Limited,196,282.0,55272.0,2025-07-09 13:50:43.360580
2025-07-09,26548,2025070905007452,NIFRA,Citizens Share Broker Limited,Indira securities pvt. ltd,455,282.0,128310.0,2025-07-09 13:50:43.360738
2025-07-09,26522,2025070905007457,NIFRA,Dipshikha Dhitopatra Karobar Co. Pvt Ltd.,Indira securities pvt. ltd,200,282.0,56400.0,2025-07-09 13:50:53.058234
2025-07-09,26516,2025070905007460,NIFRA,Citizens Share Broker Limited,Indira securities pvt. ltd,345,282.0,97290.0,2025-07-09 13:50:55.402050
2025-07-09,26468,2025070905007468,NIFRA,Citizens Share Broker Limited,SUN SECURITIES PVT LTD,34,282.0,9588.0,2025-07-09 13:51:05.394273
2025-07-09,26467,2025070905007469,NIFRA,Citizens Share Broker Limited,Imperial Securities Company Pvt. Ltd.,64,282.0,18048.0,2025-07-09 13:51:05.583794
2025-07-09,26384,2025070905007478,NIFRA,Vision Securities Pvt. Ltd,Market Securities & Exchange (PVT) Ltd.,446,282.7,126084.2,2025-07-09 13:51:21.486139
2025-07-09,26300,2025070905007505,NIFRA,Citizens Share Broker Limited,Imperial Securities Company Pvt. Ltd.,10,282.0,2820.0,2025-07-09 13:51:38.922747
2025-07-09,26106,2025070905007538,NIFRA,Citizens Share Broker Limited,Dynamic Money Managers Securities Pvt. Ltd.,547,282.0,154254.0,2025-07-09 13:52:23.323926
2025-07-09,26105,2025070905007539,NIFRA,Trisul Securities & Invt. Ltd.,Dynamic Money Managers Securities Pvt. Ltd.,67,282.0,18894.0,2025-07-09 13:52:23.324362
2025-07-09,26104,2025070905007540,NIFRA,Citizens Share Broker Limited,Dynamic Money Managers Securities Pvt. Ltd.,1000,282.0,282000.0,2025-07-09 13:52:23.324520
2025-07-09,25916,2025070905007572,NIFRA,Creative Securities Pvt Ltd,Trademow Securities Private Limited,291,281.2,81829.2,2025-07-09 13:53:07.150615
2025-07-09,25915,2025070905007573,NIFRA,Sundhara Securities Limited,Trademow Securities Private Limited,1000,281.1,281100.0,2025-07-09 13:53:07.151004
2025-07-09,25914,2025070905007574,NIFRA,Sri Hari Securities Pvt. Ltd.,Trademow Securities Private Limited,757,281.0,212717.0,2025-07-09 13:53:07.151152
2025-07-09,25864,2025070905007579,NIFRA,Agrawal Securities (PVT) Ltd.,Vision Securities Pvt. Ltd,16,281.9,4510.4,2025-07-09 13:53:15.006337
2025-07-09,25861,2025070905007580,NIFRA,Beni Securities Pvt.Ltd.,Dynamic Money Managers Securities Pvt. Ltd.,1000,282.0,282000.0,2025-07-09 13:53:15.749843
2025-07-09,25444,2025070905007671,NIFRA,Sri Hari Securities Pvt. Ltd.,Investment Management Nepal Pvt. Ltd.,88,281.0,24728.0,2025-07-09 13:54:34.802846
2025-07-09,25427,2025070905007674,NIFRA,Sri Hari Securities Pvt. Ltd.,Naasa Securities Co. Ltd.,840,281.0,236040.0,2025-07-09 13:54:39.767664
2025-07-09,25347,2025070905007683,NIFRA,Sri Hari Securities Pvt. Ltd.,Vision Securities Pvt. Ltd,500,281.0,140500.0,2025-07-09 13:54:58.740925
2025-07-09,25260,2025070905007692,NIFRA,Sri Hari Securities Pvt. Ltd.,Oxford Securities Pvt. Ltd.,20,281.0,5620.0,2025-07-09 13:55:24.890659
2025-07-09,25081,2025070905007725,NIFRA,Sri Hari Securities Pvt. Ltd.,Sanima Securities Limited,2000,281.0,562000.0,2025-07-09 13:55:52.240210
2025-07-09,25063,2025070905007729,NIFRA,Sri Hari Securities Pvt. Ltd.,Sani Securities Company Ltd.,54,281.0,15174.0,2025-07-09 13:55:57.480095
2025-07-09,24942,2025070905007736,NIFRA,Sri Hari Securities Pvt. Ltd.,Sagarmatha Securities Private Limited,100,281.0,28100.0,2025-07-09 13:56:17.571003
2025-07-09,24940,2025070905007737,NIFRA,Dipshikha Dhitopatra Karobar Co. Pvt Ltd.,Imperial Securities Company Pvt. Ltd.,88,281.9,24807.2,2025-07-09 13:56:18.679735
2025-07-09,24827,2025070905007753,NIFRA,Sri Hari Securities Pvt. Ltd.,Indira securities pvt. ltd,641,281.0,180121.0,2025-07-09 13:56:41.649174
2025-07-09,24826,2025070905007754,NIFRA,Midas Stock Broking Company Private Limited,Indira securities pvt. ltd,1700,281.0,477700.0,2025-07-09 13:56:41.649866
2025-07-09,24737,2025070905007762,NIFRA,Pragyan Securities (PVT) Ltd.,Sundhara Securities Limited,25,280.2,7005.0,2025-07-09 13:57:02.968565
2025-07-09,24600,2025070905007777,NIFRA,Pragyan Securities (PVT) Ltd.,Indira securities pvt. ltd,131,280.2,36706.2,2025-07-09 13:57:34.801334
2025-07-09,24599,2025070905007778,NIFRA,Sundhara Securities Limited,Indira securities pvt. ltd,500,280.2,140100.0,2025-07-09 13:57:34.801718
2025-07-09,24598,2025070905007779,NIFRA,Investment Management Nepal Pvt. Ltd.,Indira securities pvt. ltd,146,280.1,40894.6,2025-07-09 13:57:34.801875
2025-07-09,24597,2025070905007780,NIFRA,Aryatara Investment & Securities,Indira securities pvt. ltd,2100,280.1,588210.0,2025-07-09 13:57:34.802040
2025-07-09,24575,2025070905007785,NIFRA,Sani Securities Company Ltd.,Indira securities pvt. ltd,282,280.1,78988.2,2025-07-09 13:57:42.549118
2025-07-09,24498,2025070905007803,NIFRA,Sani Securities Company Ltd.,Online Securities Pvt. Ltd.,1000,280.2,280200.0,2025-07-09 13:57:56.563950
2025-07-09,24421,2025070905007827,NIFRA,Sani Securities Company Ltd.,Creative Securities Pvt Ltd,478,280.2,133935.6,2025-07-09 13:58:12.445495
2025-07-09,24274,2025070905007864,NIFRA,Linch Stock Market Ltd.,Online Securities Pvt. Ltd.,40,280.5,11220.0,2025-07-09 13:59:00.426833
2025-07-09,24082,2025070905007900,NIFRA,Vision Securities Pvt. Ltd,Market Securities & Exchange (PVT) Ltd.,500,281.0,140500.0,2025-07-09 14:00:06.664694
2025-07-09,23969,2025070905007920,NIFRA,Sani Securities Company Ltd.,Sundhara Securities Limited,10,280.2,2802.0,2025-07-09 14:00:35.510173
2025-07-09,23957,2025070905007922,NIFRA,Naasa Securities Co. Ltd.,Dakshinkali Investment & Securities Pvt. Ltd.,50,281.0,14050.0,2025-07-09 14:00:40.735420
2025-07-09,23701,2025070905008006,NIFRA,South Asian Bulls Pvt. Ltd.,Online Securities Pvt. Ltd.,54,280.1,15125.4,2025-07-09 14:01:28.220212
2025-07-09,23610,2025070905008019,NIFRA,South Asian Bulls Pvt. Ltd.,Miyo Securities Pvt Ltd,46,280.1,12884.6,2025-07-09 14:01:57.219267
2025-07-09,23509,2025070905008035,NIFRA,Deevyaa Securities & Stock House Pvt. Ltd,Online Securities Pvt. Ltd.,14,280.5,3927.0,2025-07-09 14:02:22.662638
2025-07-09,23508,2025070905008036,NIFRA,Deevyaa Securities & Stock House Pvt. Ltd,Dakshinkali Investment & Securities Pvt. Ltd.,22,281.0,6182.0,2025-07-09 14:02:22.663042
2025-07-09,23468,2025070905008046,NIFRA,Linch Stock Market Ltd.,Oxford Securities Pvt. Ltd.,54,280.1,15125.4,2025-07-09 14:02:32.100682
2025-07-09,23429,2025070905008055,NIFRA,Linch Stock Market Ltd.,Kohinoor Investment & Securities Pvt. Ltd.,43,280.1,12044.3,2025-07-09 14:02:43.506264
2025-07-09,23416,2025070905008060,NIFRA,Linch Stock Market Ltd.,Imperial Securities Company Pvt. Ltd.,250,280.1,70025.0,2025-07-09 14:02:45.674464
2025-07-09,23296,2025070905008082,NIFRA,Linch Stock Market Ltd.,Premier Securities Company Ltd.,103,280.1,28850.3,2025-07-09 14:03:17.658444
2025-07-09,23198,2025070905008092,NIFRA,Vision Securities Pvt. Ltd,Premier Securities Company Ltd.,97,280.1,27169.7,2025-07-09 14:03:33.488159
2025-07-09,23197,2025070905008093,NIFRA,Vision Securities Pvt. Ltd,Dakshinkali Investment & Securities Pvt. Ltd.,428,281.0,120268.0,2025-07-09 14:03:33.488523
2025-07-09,23196,2025070905008094,NIFRA,Vision Securities Pvt. Ltd,Naasa Securities Co. Ltd.,475,281.0,133475.0,2025-07-09 14:03:33.488683
2025-07-09,22919,2025070905008134,NIFRA,Sani Securities Company Ltd.,Opal Securities Investment (PVT) Ltd.,246,280.0,68880.0,2025-07-09 14:04:38.858803
2025-07-09,22918,2025070905008135,NIFRA,Nepal Investment And Securities Trading Private Limited,Opal Securities Investment (PVT) Ltd.,100,280.0,28000.0,2025-07-09 14:04:38.859649
2025-07-09,22917,2025070905008136,NIFRA,Dynamic Money Managers Securities Pvt. Ltd.,Opal Securities Investment (PVT) Ltd.,54,280.0,15120.0,2025-07-09 14:04:38.860396
2025-07-09,22807,2025070905008155,NIFRA,Dynamic Money Managers Securities Pvt. Ltd.,Garima Securities Limited,7000,280.0,1960000.0,2025-07-09 14:05:02.250489
2025-07-09,22646,2025070905008180,NIFRA,Dynamic Money Managers Securities Pvt. Ltd.,Miyo Securities Pvt Ltd,54,280.0,15120.0,2025-07-09 14:05:34.926505
2025-07-09,22617,2025070905008196,NIFRA,Dynamic Money Managers Securities Pvt. Ltd.,Deevyaa Securities & Stock House Pvt. Ltd,54,280.0,15120.0,2025-07-09 14:05:41.345413
2025-07-09,22575,2025070905008201,NIFRA,Dynamic Money Managers Securities Pvt. Ltd.,Imperial Securities Company Pvt. Ltd.,2838,280.0,794640.0,2025-07-09 14:05:50.591269
2025-07-09,22574,2025070905008202,NIFRA,Aryatara Investment & Securities,Imperial Securities Company Pvt. Ltd.,162,280.0,45360.0,2025-07-09 14:05:50.591652
2025-07-09,22545,2025070905008214,NIFRA,Aryatara Investment & Securities,Linch Stock Market Ltd.,338,280.0,94640.0,2025-07-09 14:05:55.880455
2025-07-09,22544,2025070905008215,NIFRA,Sani Securities Company Ltd.,Linch Stock Market Ltd.,10,280.0,2800.0,2025-07-09 14:05:55.880837
2025-07-09,22543,2025070905008216,NIFRA,Asian Securities Private Ltd.,Linch Stock Market Ltd.,100,280.0,28000.0,2025-07-09 14:05:55.880995
2025-07-09,22542,2025070905008217,NIFRA,ABC Securities Private Limited,Linch Stock Market Ltd.,75,280.0,21000.0,2025-07-09 14:05:55.881179
2025-07-09,22471,2025070905008245,NIFRA,ABC Securities Private Limited,Imperial Securities Company Pvt. Ltd.,25,280.0,7000.0,2025-07-09 14:06:09.774787
2025-07-09,22218,2025070905008300,NIFRA,Midas Stock Broking Company Private Limited,Trishakti Securities Public Limited,10,279.5,2795.0,2025-07-09 14:07:05.501074
2025-07-09,22039,2025070905008325,NIFRA,Midas Stock Broking Company Private Limited,Imperial Securities Company Pvt. Ltd.,10,279.5,2795.0,2025-07-09 14:07:51.866457
2025-07-09,22038,2025070905008326,NIFRA,Oxford Securities Pvt. Ltd.,Imperial Securities Company Pvt. Ltd.,12,279.2,3350.4,2025-07-09 14:07:51.866849
2025-07-09,22037,2025070905008327,NIFRA,Agrawal Securities (PVT) Ltd.,Imperial Securities Company Pvt. Ltd.,22,279.1,6140.2,2025-07-09 14:07:51.867019
2025-07-09,21980,2025070905008337,NIFRA,Agrawal Securities (PVT) Ltd.,Vision Securities Pvt. Ltd,216,279.1,60285.6,2025-07-09 14:08:06.773781
2025-07-09,21930,2025070905008345,NIFRA,Siprabi Securities Pvt. Ltd.,Imperial Securities Company Pvt. Ltd.,29,280.0,8120.0,2025-07-09 14:08:15.432531
2025-07-09,21929,2025070905008346,NIFRA,Siprabi Securities Pvt. Ltd.,Naasa Securities Co. Ltd.,1,280.0,280.0,2025-07-09 14:08:15.432713
2025-07-09,21657,2025070905008374,NIFRA,Agrawal Securities (PVT) Ltd.,Sani Securities Company Ltd.,54,279.1,15071.4,2025-07-09 14:09:27.784353
2025-07-09,21580,2025070905008396,NIFRA,Agrawal Securities (PVT) Ltd.,Bhrikuti Stock Broking Co. Pvt. Ltd.,33,279.1,9210.3,2025-07-09 14:09:43.030089
2025-07-09,21579,2025070905008397,NIFRA,Nepal Stock House (PVT) Ltd.,Bhrikuti Stock Broking Co. Pvt. Ltd.,55,279.1,15350.5,2025-07-09 14:09:43.030514
2025-07-09,21551,2025070905008402,NIFRA,Nepal Stock House (PVT) Ltd.,Dipshikha Dhitopatra Karobar Co. Pvt Ltd.,172,279.1,48005.2,2025-07-09 14:09:49.507104
2025-07-09,21536,2025070905008403,NIFRA,Nepal Stock House (PVT) Ltd.,Vision Securities Pvt. Ltd,14,279.1,3907.4,2025-07-09 14:09:54.769454
2025-07-09,21511,2025070905008409,NIFRA,Nepal Stock House (PVT) Ltd.,Bhrikuti Stock Broking Co. Pvt. Ltd.,54,279.1,15071.4,2025-07-09 14:10:06.147923
2025-07-09,21483,2025070905008414,NIFRA,Nepal Stock House (PVT) Ltd.,Market Securities & Exchange (PVT) Ltd.,54,279.1,15071.4,2025-07-09 14:10:18.422009
2025-07-09,21430,2025070905008422,NIFRA,Nepal Stock House (PVT) Ltd.,Ashutosh Brokerage & Securities (PVT) Ltd.,151,279.1,42144.1,2025-07-09 14:10:35.228208
2025-07-09,21429,2025070905008423,NIFRA,Capital Max Securities Ltd,Ashutosh Brokerage & Securities (PVT) Ltd.,50,279.0,13950.0,2025-07-09 14:10:35.228968
2025-07-09,21428,2025070905008424,NIFRA,Trisul Securities & Invt. Ltd.,Ashutosh Brokerage & Securities (PVT) Ltd.,67,279.0,18693.0,2025-07-09 14:10:35.229469
2025-07-09,21125,2025070905008462,NIFRA,Trisul Securities & Invt. Ltd.,Sani Securities Company Ltd.,54,279.0,15066.0,2025-07-09 14:11:40.253033
2025-07-09,20327,2025070905008579,NIFRA,Pragyan Securities (PVT) Ltd.,Naasa Securities Co. Ltd.,50,279.1,13955.0,2025-07-09 14:15:03.772643
2025-07-09,20326,2025070905008580,NIFRA,Trisul Securities & Invt. Ltd.,Naasa Securities Co. Ltd.,275,279.0,76725.0,2025-07-09 14:15:03.773072
2025-07-09,19815,2025070905008662,NIFRA,Capital Max Securities Ltd,Vision Securities Pvt. Ltd,54,279.1,15071.4,2025-07-09 14:17:05.764036
2025-07-09,19807,2025070905008663,NIFRA,Capital Max Securities Ltd,Nagarik Stock Dealer ,298,279.1,83171.8,2025-07-09 14:17:08.276420
2025-07-09,19464,2025070905008734,NIFRA,Bhrikuti Stock Broking Co. Pvt. Ltd.,Kohinoor Investment & Securities Pvt. Ltd.,85,279.9,23791.5,2025-07-09 14:18:11.616663
2025-07-09,19365,2025070905008766,NIFRA,Capital Max Securities Ltd,Trishakti Securities Public Limited,54,279.1,15071.4,2025-07-09 14:18:27.392330
2025-07-09,19063,2025070905008821,NIFRA,Capital Max Securities Ltd,Nepal Investment And Securities Trading Private Limited,18,279.1,5023.8,2025-07-09 14:19:38.829907
2025-07-09,18749,2025070905008881,NIFRA,Naasa Securities Co. Ltd.,Naasa Securities Co. Ltd.,54,279.3,15082.2,2025-07-09 14:20:54.878959
2025-07-09,18704,2025070905008895,NIFRA,Naasa Securities Co. Ltd.,Kohinoor Investment & Securities Pvt. Ltd.,200,279.3,55860.0,2025-07-09 14:21:09.632436
2025-07-09,18695,2025070905008898,NIFRA,Naasa Securities Co. Ltd.,Dipshikha Dhitopatra Karobar Co. Pvt Ltd.,22,279.3,6144.6,2025-07-09 14:21:11.787266
2025-07-09,18604,2025070905008919,NIFRA,Naasa Securities Co. Ltd.,Agrawal Securities (PVT) Ltd.,54,279.3,15082.2,2025-07-09 14:21:33.402993
2025-07-09,18577,2025070905008930,NIFRA,Naasa Securities Co. Ltd.,Trishakti Securities Public Limited,64,279.3,17875.2,2025-07-09 14:21:41.884644
2025-07-09,18557,2025070905008936,NIFRA,Naasa Securities Co. Ltd.,South Asian Bulls Pvt. Ltd.,10,279.3,2793.0,2025-07-09 14:21:49.340619
2025-07-09,18489,2025070905008948,NIFRA,Naasa Securities Co. Ltd.,J.F. Securites (PVT) Ltd.,54,279.3,15082.2,2025-07-09 14:22:09.907477
