Date,S.N.,Contract ID,Symbol,Buyer Broker,Seller Broker,quantity,rate,amount,transaction_time
2025-07-09,61960,2025070901000192,SANIMA,Capital Max Securities Ltd,Aryatara Investment & Securities,336,339.0,113904.0,2025-07-09 11:05:52.621407
2025-07-09,61959,2025070901000193,SANIMA,Capital Max Securities Ltd,Vision Securities Pvt. Ltd,100,339.0,33900.0,2025-07-09 11:05:52.621477
2025-07-09,61958,2025070901000194,SANIMA,Capital Max Securities Ltd,Siprabi Securities Pvt. Ltd.,215,339.9,73078.5,2025-07-09 11:05:52.621516
2025-07-09,61957,2025070901000195,SANIMA,Capital Max Securities Ltd,Vision Securities Pvt. Ltd,970,340.0,329800.0,2025-07-09 11:05:52.621551
2025-07-09,61956,2025070901000196,SANIMA,Capital Max Securities Ltd,Kalika Securities Pvt. Ltd.,2913,340.0,990420.0,2025-07-09 11:05:52.621603
2025-07-09,61955,2025070901000197,SANIMA,Capital Max Securities Ltd,Sundhara Securities Limited,66,340.0,22440.0,2025-07-09 11:05:52.621636
2025-07-09,60971,2025070901000359,SANIMA,Aryatara Investment & Securities,J.F. Securites (PVT) Ltd.,50,339.7,16985.0,2025-07-09 11:11:20.356705
2025-07-09,59843,2025070901000615,SANIMA,Linch Stock Market Ltd.,South Asian Bulls Pvt. Ltd.,10,339.0,3390.0,2025-07-09 11:17:53.380259
2025-07-09,58942,2025070901000856,SANIMA,Primo Securities (PVT) Ltd.,Agrawal Securities (PVT) Ltd.,50,335.8,16790.0,2025-07-09 11:22:28.109225
2025-07-09,58865,2025070901000882,SANIMA,Primo Securities (PVT) Ltd.,South Asian Bulls Pvt. Ltd.,50,335.8,16790.0,2025-07-09 11:22:50.739649
2025-07-09,58864,2025070901000883,SANIMA,Sajilo Broker Limited,South Asian Bulls Pvt. Ltd.,950,335.7,318915.0,2025-07-09 11:22:50.739834
2025-07-09,57519,2025070901001218,SANIMA,Sanima Securities Limited,Ashutosh Brokerage & Securities (PVT) Ltd.,500,337.0,168500.0,2025-07-09 11:29:11.143333
2025-07-09,57267,2025070901001261,SANIMA,Asian Securities Private Ltd.,Ashutosh Brokerage & Securities (PVT) Ltd.,500,338.5,169250.0,2025-07-09 11:30:00.916652
2025-07-09,56341,2025070901001514,SANIMA,Sajilo Broker Limited,Dipshikha Dhitopatra Karobar Co. Pvt Ltd.,50,336.4,16820.0,2025-07-09 11:33:29.401417
2025-07-09,56184,2025070901001558,SANIMA,Naasa Securities Co. Ltd.,South Asian Bulls Pvt. Ltd.,15,336.3,5044.5,2025-07-09 11:34:03.994767
2025-07-09,56183,2025070901001559,SANIMA,Kalika Securities Pvt. Ltd.,South Asian Bulls Pvt. Ltd.,500,336.3,168150.0,2025-07-09 11:34:03.995113
2025-07-09,56182,2025070901001560,SANIMA,Vision Securities Pvt. Ltd,South Asian Bulls Pvt. Ltd.,500,336.3,168150.0,2025-07-09 11:34:03.995313
2025-07-09,56181,2025070901001561,SANIMA,Asian Securities Private Ltd.,South Asian Bulls Pvt. Ltd.,500,336.2,168100.0,2025-07-09 11:34:03.995518
2025-07-09,56180,2025070901001562,SANIMA,Vision Securities Pvt. Ltd,South Asian Bulls Pvt. Ltd.,500,336.2,168100.0,2025-07-09 11:34:03.995789
2025-07-09,56179,2025070901001563,SANIMA,Vision Securities Pvt. Ltd,South Asian Bulls Pvt. Ltd.,985,336.1,331058.5,2025-07-09 11:34:03.996124
2025-07-09,55420,2025070901001735,SANIMA,Shree Krishna Securities Ltd.,Dipshikha Dhitopatra Karobar Co. Pvt Ltd.,100,337.0,33700.0,2025-07-09 11:36:59.705344
2025-07-09,55280,2025070901001771,SANIMA,Capital Max Securities Ltd,Dipshikha Dhitopatra Karobar Co. Pvt Ltd.,350,336.3,117705.0,2025-07-09 11:37:38.977090
2025-07-09,55151,2025070901001806,SANIMA,Capital Max Securities Ltd,South Asian Bulls Pvt. Ltd.,2650,336.3,891195.0,2025-07-09 11:38:08.471464
2025-07-09,55150,2025070901001807,SANIMA,Imperial Securities Company Pvt. Ltd.,South Asian Bulls Pvt. Ltd.,50,336.3,16815.0,2025-07-09 11:38:08.471652
2025-07-09,54558,2025070901001989,SANIMA,Vision Securities Pvt. Ltd,Imperial Securities Company Pvt. Ltd.,15,336.1,5041.5,2025-07-09 11:40:30.216097
2025-07-09,54557,2025070901001990,SANIMA,Ashutosh Brokerage & Securities (PVT) Ltd.,Imperial Securities Company Pvt. Ltd.,36,336.0,12096.0,2025-07-09 11:40:30.216421
2025-07-09,54128,2025070901002138,SANIMA,Sanima Securities Limited,Sani Securities Company Ltd.,100,336.1,33610.0,2025-07-09 11:42:17.258371
2025-07-09,53780,2025070901002253,SANIMA,Dipshikha Dhitopatra Karobar Co. Pvt Ltd.,Dipshikha Dhitopatra Karobar Co. Pvt Ltd.,100,337.0,33700.0,2025-07-09 11:43:49.808340
2025-07-09,53731,2025070901002270,SANIMA,Kalika Securities Pvt. Ltd.,Dipshikha Dhitopatra Karobar Co. Pvt Ltd.,200,337.0,67400.0,2025-07-09 11:44:06.017448
2025-07-09,53470,2025070901002365,SANIMA,Indira securities pvt. ltd,Sani Securities Company Ltd.,500,336.5,168250.0,2025-07-09 11:45:20.657805
2025-07-09,53081,2025070901002497,SANIMA,Kalika Securities Pvt. Ltd.,South Asian Bulls Pvt. Ltd.,32,336.7,10774.4,2025-07-09 11:47:02.906344
2025-07-09,53080,2025070901002498,SANIMA,Indira securities pvt. ltd,South Asian Bulls Pvt. Ltd.,500,336.5,168250.0,2025-07-09 11:47:02.906529
2025-07-09,53079,2025070901002499,SANIMA,Dakshinkali Investment & Securities Pvt. Ltd.,South Asian Bulls Pvt. Ltd.,2000,336.2,672400.0,2025-07-09 11:47:02.906600
2025-07-09,53078,2025070901002500,SANIMA,Sanima Securities Limited,South Asian Bulls Pvt. Ltd.,145,336.1,48734.5,2025-07-09 11:47:02.906674
2025-07-09,53077,2025070901002501,SANIMA,Vision Securities Pvt. Ltd,South Asian Bulls Pvt. Ltd.,1000,336.1,336100.0,2025-07-09 11:47:02.906744
2025-07-09,53076,2025070901002502,SANIMA,Ashutosh Brokerage & Securities (PVT) Ltd.,South Asian Bulls Pvt. Ltd.,164,336.0,55104.0,2025-07-09 11:47:02.906815
2025-07-09,53075,2025070901002503,SANIMA,Asian Securities Private Ltd.,South Asian Bulls Pvt. Ltd.,950,336.0,319200.0,2025-07-09 11:47:02.906915
2025-07-09,53074,2025070901002504,SANIMA,Secured Securities Ltd.,South Asian Bulls Pvt. Ltd.,200,336.0,67200.0,2025-07-09 11:47:02.906985
2025-07-09,52510,2025070901002663,SANIMA,Siprabi Securities Pvt. Ltd.,Ashutosh Brokerage & Securities (PVT) Ltd.,1000,337.5,337500.0,2025-07-09 11:49:05.702966
2025-07-09,52272,2025070901002729,SANIMA,Dipshikha Dhitopatra Karobar Co. Pvt Ltd.,Imperial Securities Company Pvt. Ltd.,50,337.0,16850.0,2025-07-09 11:50:01.780552
2025-07-09,51035,2025070901003095,SANIMA,Imperial Securities Company Pvt. Ltd.,South Asian Bulls Pvt. Ltd.,1990,337.0,670630.0,2025-07-09 11:55:05.803289
2025-07-09,50980,2025070901003110,SANIMA,Miyo Securities Pvt Ltd,Ashutosh Brokerage & Securities (PVT) Ltd.,1000,337.5,337500.0,2025-07-09 11:55:17.819237
2025-07-09,49935,2025070901003395,SANIMA,Sundhara Securities Limited,Aryatara Investment & Securities,60,337.5,20250.0,2025-07-09 11:59:09.682170
2025-07-09,49416,2025070901003565,SANIMA,Sundhara Securities Limited,South Asian Bulls Pvt. Ltd.,440,337.5,148500.0,2025-07-09 12:00:57.315952
2025-07-09,49415,2025070901003566,SANIMA,Imperial Securities Company Pvt. Ltd.,South Asian Bulls Pvt. Ltd.,1000,336.2,336200.0,2025-07-09 12:00:57.316145
2025-07-09,49414,2025070901003567,SANIMA,Kumari Securities Private Limited,South Asian Bulls Pvt. Ltd.,150,336.1,50415.0,2025-07-09 12:00:57.316224
2025-07-09,49413,2025070901003568,SANIMA,Miyo Securities Pvt Ltd,South Asian Bulls Pvt. Ltd.,1000,336.1,336100.0,2025-07-09 12:00:57.316297
2025-07-09,49412,2025070901003569,SANIMA,Vision Securities Pvt. Ltd,South Asian Bulls Pvt. Ltd.,1000,336.0,336000.0,2025-07-09 12:00:57.316371
2025-07-09,49411,2025070901003570,SANIMA,Sajilo Broker Limited,South Asian Bulls Pvt. Ltd.,30,336.0,10080.0,2025-07-09 12:00:57.316446
2025-07-09,49410,2025070901003571,SANIMA,Linch Stock Market Ltd.,South Asian Bulls Pvt. Ltd.,393,336.0,132048.0,2025-07-09 12:00:57.316520
2025-07-09,49409,2025070901003572,SANIMA,Miyo Securities Pvt Ltd,South Asian Bulls Pvt. Ltd.,987,336.0,331632.0,2025-07-09 12:00:57.316591
2025-07-09,47814,2025070901004019,SANIMA,Dipshikha Dhitopatra Karobar Co. Pvt Ltd.,South Asian Bulls Pvt. Ltd.,50,336.3,16815.0,2025-07-09 12:07:24.713246
2025-07-09,47813,2025070901004020,SANIMA,Dynamic Money Managers Securities Pvt. Ltd.,South Asian Bulls Pvt. Ltd.,1000,336.2,336200.0,2025-07-09 12:07:24.713454
2025-07-09,47812,2025070901004021,SANIMA,Miyo Securities Pvt Ltd,South Asian Bulls Pvt. Ltd.,13,336.0,4368.0,2025-07-09 12:07:24.713559
2025-07-09,47811,2025070901004022,SANIMA,Vision Securities Pvt. Ltd,South Asian Bulls Pvt. Ltd.,250,336.0,84000.0,2025-07-09 12:07:24.713635
2025-07-09,47810,2025070901004023,SANIMA,Capital Max Securities Ltd,South Asian Bulls Pvt. Ltd.,2687,335.9,902563.3,2025-07-09 12:07:24.713714
2025-07-09,47675,2025070901004055,SANIMA,Capital Max Securities Ltd,Sani Securities Company Ltd.,313,335.9,105136.7,2025-07-09 12:08:06.163173
2025-07-09,47674,2025070901004056,SANIMA,Dipshikha Dhitopatra Karobar Co. Pvt Ltd.,Sani Securities Company Ltd.,10,335.8,3358.0,2025-07-09 12:08:06.163230
2025-07-09,47673,2025070901004057,SANIMA,MILKY WAY SHARE BROKER COMPANY LTD ,Sani Securities Company Ltd.,50,335.6,16780.0,2025-07-09 12:08:06.163252
2025-07-09,47672,2025070901004058,SANIMA,Miyo Securities Pvt Ltd,Sani Securities Company Ltd.,1000,335.6,335600.0,2025-07-09 12:08:06.163275
2025-07-09,47671,2025070901004059,SANIMA,Nepal Stock House (PVT) Ltd.,Sani Securities Company Ltd.,500,335.3,167650.0,2025-07-09 12:08:06.163300
2025-07-09,47670,2025070901004060,SANIMA,MILKY WAY SHARE BROKER COMPANY LTD ,Sani Securities Company Ltd.,27,335.2,9050.4,2025-07-09 12:08:06.163330
2025-07-09,47599,2025070901004089,SANIMA,MILKY WAY SHARE BROKER COMPANY LTD ,Himalayan Brokerage Company Limited,20,335.2,6704.0,2025-07-09 12:08:28.451753
2025-07-09,47487,2025070901004123,SANIMA,Dipshikha Dhitopatra Karobar Co. Pvt Ltd.,Sani Securities Company Ltd.,50,335.2,16760.0,2025-07-09 12:08:58.661750
2025-07-09,47486,2025070901004124,SANIMA,Opal Securities Investment (PVT) Ltd.,Sani Securities Company Ltd.,80,335.1,26808.0,2025-07-09 12:08:58.661800
2025-07-09,47485,2025070901004125,SANIMA,Sundhara Securities Limited,Sani Securities Company Ltd.,100,335.1,33510.0,2025-07-09 12:08:58.661828
2025-07-09,47484,2025070901004126,SANIMA,Ashutosh Brokerage & Securities (PVT) Ltd.,Sani Securities Company Ltd.,50,335.0,16750.0,2025-07-09 12:08:58.661858
2025-07-09,47483,2025070901004127,SANIMA,Vision Securities Pvt. Ltd,Sani Securities Company Ltd.,50,335.0,16750.0,2025-07-09 12:08:58.661884
2025-07-09,47482,2025070901004128,SANIMA,Vision Securities Pvt. Ltd,Sani Securities Company Ltd.,500,335.0,167500.0,2025-07-09 12:08:58.661913
2025-07-09,47481,2025070901004129,SANIMA,Kalika Securities Pvt. Ltd.,Sani Securities Company Ltd.,30,335.0,10050.0,2025-07-09 12:08:58.661938
2025-07-09,47480,2025070901004130,SANIMA,Linch Stock Market Ltd.,Sani Securities Company Ltd.,10,335.0,3350.0,2025-07-09 12:08:58.661961
2025-07-09,47479,2025070901004131,SANIMA,Sweta Securities Private Limited,Sani Securities Company Ltd.,35,335.0,11725.0,2025-07-09 12:08:58.662041
2025-07-09,47478,2025070901004132,SANIMA,Online Securities Pvt. Ltd.,Sani Securities Company Ltd.,1095,335.0,366825.0,2025-07-09 12:08:58.662089
2025-07-09,46899,2025070901004326,SANIMA,Online Securities Pvt. Ltd.,Ashutosh Brokerage & Securities (PVT) Ltd.,1905,335.0,638175.0,2025-07-09 12:11:47.531716
2025-07-09,46898,2025070901004327,SANIMA,Oxford Securities Pvt. Ltd.,Ashutosh Brokerage & Securities (PVT) Ltd.,500,335.0,167500.0,2025-07-09 12:11:47.532110
2025-07-09,46897,2025070901004328,SANIMA,Dynamic Money Managers Securities Pvt. Ltd.,Ashutosh Brokerage & Securities (PVT) Ltd.,2000,335.0,670000.0,2025-07-09 12:11:47.532336
2025-07-09,46896,2025070901004329,SANIMA,Trisul Securities & Invt. Ltd.,Ashutosh Brokerage & Securities (PVT) Ltd.,50,335.0,16750.0,2025-07-09 12:11:47.532574
2025-07-09,46895,2025070901004330,SANIMA,Naasa Securities Co. Ltd.,Ashutosh Brokerage & Securities (PVT) Ltd.,270,335.0,90450.0,2025-07-09 12:11:47.532836
2025-07-09,46894,2025070901004331,SANIMA,Ashutosh Brokerage & Securities (PVT) Ltd.,Ashutosh Brokerage & Securities (PVT) Ltd.,5000,335.0,1675000.0,2025-07-09 12:11:47.533077
2025-07-09,46842,2025070901004351,SANIMA,ABC Securities Private Limited,Ashutosh Brokerage & Securities (PVT) Ltd.,275,335.0,92125.0,2025-07-09 12:12:00.285979
2025-07-09,46764,2025070901004364,SANIMA,ABC Securities Private Limited,Vision Securities Pvt. Ltd,725,335.0,242875.0,2025-07-09 12:12:28.577393
2025-07-09,46683,2025070901004403,SANIMA,Dipshikha Dhitopatra Karobar Co. Pvt Ltd.,Nepal Investment And Securities Trading Private Limited,50,334.2,16710.0,2025-07-09 12:12:55.103371
2025-07-09,46682,2025070901004404,SANIMA,Vision Securities Pvt. Ltd,Nepal Investment And Securities Trading Private Limited,100,334.1,33410.0,2025-07-09 12:12:55.103712
2025-07-09,46681,2025070901004405,SANIMA,Vision Securities Pvt. Ltd,Nepal Investment And Securities Trading Private Limited,150,334.1,50115.0,2025-07-09 12:12:55.103935
2025-07-09,46664,2025070901004408,SANIMA,Malla & Malla Stock Broking Company Pvt. Limited,Vision Securities Pvt. Ltd,245,335.0,82075.0,2025-07-09 12:13:01.622096
2025-07-09,46614,2025070901004425,SANIMA,ABC Securities Private Limited,Vision Securities Pvt. Ltd,1000,335.0,335000.0,2025-07-09 12:13:10.754677
2025-07-09,46298,2025070901004502,SANIMA,ABC Securities Private Limited,Premier Securities Company Ltd.,201,334.2,67174.2,2025-07-09 12:14:53.647409
2025-07-09,46104,2025070901004538,SANIMA,ABC Securities Private Limited,Vision Securities Pvt. Ltd,330,335.0,110550.0,2025-07-09 12:15:49.971074
2025-07-09,46103,2025070901004539,SANIMA,ABC Securities Private Limited,ABC Securities Private Limited,6000,335.0,2010000.0,2025-07-09 12:15:49.971265
2025-07-09,44998,2025070901004896,SANIMA,Midas Stock Broking Company Private Limited,Thrive Brokerage House Pvt. Ltd,20,335.1,6702.0,2025-07-09 12:21:25.399517
2025-07-09,44997,2025070901004897,SANIMA,ABC Securities Private Limited,Thrive Brokerage House Pvt. Ltd,80,335.0,26800.0,2025-07-09 12:21:25.399733
2025-07-09,44847,2025070901004937,SANIMA,Nepal Investment And Securities Trading Private Limited,Sani Securities Company Ltd.,100,335.1,33510.0,2025-07-09 12:22:27.545951
2025-07-09,44326,2025070901005123,SANIMA,Sani Securities Company Ltd.,South Asian Bulls Pvt. Ltd.,25,335.2,8380.0,2025-07-09 12:24:57.562692
2025-07-09,44325,2025070901005124,SANIMA,Nepal Investment And Securities Trading Private Limited,South Asian Bulls Pvt. Ltd.,100,335.1,33510.0,2025-07-09 12:24:57.562917
2025-07-09,44324,2025070901005125,SANIMA,ABC Securities Private Limited,South Asian Bulls Pvt. Ltd.,90,335.0,30150.0,2025-07-09 12:24:57.563008
2025-07-09,44323,2025070901005126,SANIMA,Dakshinkali Investment & Securities Pvt. Ltd.,South Asian Bulls Pvt. Ltd.,500,335.0,167500.0,2025-07-09 12:24:57.563106
2025-07-09,44322,2025070901005127,SANIMA,Premier Securities Company Ltd.,South Asian Bulls Pvt. Ltd.,200,335.0,67000.0,2025-07-09 12:24:57.563189
2025-07-09,44321,2025070901005128,SANIMA,Naasa Securities Co. Ltd.,South Asian Bulls Pvt. Ltd.,250,335.0,83750.0,2025-07-09 12:24:57.563274
2025-07-09,44223,2025070901005179,SANIMA,Dynamic Money Managers Securities Pvt. Ltd.,South Asian Bulls Pvt. Ltd.,835,335.0,279725.0,2025-07-09 12:25:14.723560
2025-07-09,42092,2025070901005753,SANIMA,Primo Securities (PVT) Ltd.,South Asian Bulls Pvt. Ltd.,2000,335.9,671800.0,2025-07-09 12:36:41.544514
2025-07-09,42091,2025070901005754,SANIMA,Primo Securities (PVT) Ltd.,Ashutosh Brokerage & Securities (PVT) Ltd.,1000,336.0,336000.0,2025-07-09 12:36:41.544728
2025-07-09,42090,2025070901005755,SANIMA,Primo Securities (PVT) Ltd.,Kohinoor Investment & Securities Pvt. Ltd.,12,336.0,4032.0,2025-07-09 12:36:41.544816
2025-07-09,41380,2025070901005944,SANIMA,Citizens Share Broker Limited,South Asian Bulls Pvt. Ltd.,2000,336.4,672800.0,2025-07-09 12:39:47.989369
2025-07-09,41295,2025070901005965,SANIMA,Indira securities pvt. ltd,Online Securities Pvt. Ltd.,500,336.5,168250.0,2025-07-09 12:40:10.949048
2025-07-09,41280,2025070901005975,SANIMA,Citizens Share Broker Limited,Ashutosh Brokerage & Securities (PVT) Ltd.,1000,337.0,337000.0,2025-07-09 12:40:16.071362
2025-07-09,41279,2025070901005976,SANIMA,Citizens Share Broker Limited,Secured Securities Ltd.,17,337.0,5729.0,2025-07-09 12:40:16.071630
2025-07-09,41278,2025070901005977,SANIMA,Citizens Share Broker Limited,Ashutosh Brokerage & Securities (PVT) Ltd.,1000,337.5,337500.0,2025-07-09 12:40:16.071727
2025-07-09,41277,2025070901005978,SANIMA,Citizens Share Broker Limited,Imperial Securities Company Pvt. Ltd.,50,337.5,16875.0,2025-07-09 12:40:16.071814
2025-07-09,41269,2025070901005983,SANIMA,Citizens Share Broker Limited,South Asian Bulls Pvt. Ltd.,933,337.5,314887.5,2025-07-09 12:40:18.751848
2025-07-09,41043,2025070901006035,SANIMA,Aakashbhairab Securities Ltd.,South Asian Bulls Pvt. Ltd.,1000,336.9,336900.0,2025-07-09 12:41:31.676285
2025-07-09,40083,2025070901006277,SANIMA,Sani Securities Company Ltd.,South Asian Bulls Pvt. Ltd.,67,336.5,22545.5,2025-07-09 12:45:49.335234
2025-07-09,39673,2025070901006371,SANIMA,Online Securities Pvt. Ltd.,Aryatara Investment & Securities,50,337.0,16850.0,2025-07-09 12:48:00.378445
2025-07-09,39283,2025070901006487,SANIMA,Sani Securities Company Ltd.,Aryatara Investment & Securities,15,337.0,5055.0,2025-07-09 12:49:59.222524
2025-07-09,39282,2025070901006488,SANIMA,Sani Securities Company Ltd.,Imperial Securities Company Pvt. Ltd.,100,337.0,33700.0,2025-07-09 12:49:59.222804
2025-07-09,39182,2025070901006509,SANIMA,Vision Securities Pvt. Ltd,Shree Krishna Securities Ltd.,330,337.5,111375.0,2025-07-09 12:50:31.209808
2025-07-09,39181,2025070901006510,SANIMA,Vision Securities Pvt. Ltd,South Asian Bulls Pvt. Ltd.,670,337.8,226326.0,2025-07-09 12:50:31.210263
2025-07-09,38754,2025070901006611,SANIMA,Vision Securities Pvt. Ltd,South Asian Bulls Pvt. Ltd.,10,337.7,3377.0,2025-07-09 12:52:58.246992
2025-07-09,38654,2025070901006637,SANIMA,Dipshikha Dhitopatra Karobar Co. Pvt Ltd.,South Asian Bulls Pvt. Ltd.,100,337.7,33770.0,2025-07-09 12:53:23.785190
2025-07-09,38500,2025070901006674,SANIMA,Sani Securities Company Ltd.,South Asian Bulls Pvt. Ltd.,785,337.5,264937.5,2025-07-09 12:54:09.168617
2025-07-09,37642,2025070901006881,SANIMA,Midas Stock Broking Company Private Limited,Midas Stock Broking Company Private Limited,100,337.0,33700.0,2025-07-09 12:58:15.265533
2025-07-09,37422,2025070901006935,SANIMA,Trishakti Securities Public Limited,Midas Stock Broking Company Private Limited,38,337.0,12806.0,2025-07-09 12:59:16.271989
2025-07-09,37421,2025070901006936,SANIMA,Trishakti Securities Public Limited,Sani Securities Company Ltd.,24,337.4,8097.6,2025-07-09 12:59:16.272220
2025-07-09,37420,2025070901006937,SANIMA,Trishakti Securities Public Limited,South Asian Bulls Pvt. Ltd.,1215,337.5,410062.5,2025-07-09 12:59:16.272320
2025-07-09,37419,2025070901006938,SANIMA,Trishakti Securities Public Limited,South Asian Bulls Pvt. Ltd.,890,337.7,300553.0,2025-07-09 12:59:16.272411
2025-07-09,37418,2025070901006939,SANIMA,Trishakti Securities Public Limited,South Asian Bulls Pvt. Ltd.,1330,337.8,449274.0,2025-07-09 12:59:16.272500
2025-07-09,37417,2025070901006940,SANIMA,Trishakti Securities Public Limited,Ashutosh Brokerage & Securities (PVT) Ltd.,1000,338.0,338000.0,2025-07-09 12:59:16.272585
2025-07-09,37274,2025070901006961,SANIMA,Trishakti Securities Public Limited,Kohinoor Investment & Securities Pvt. Ltd.,500,338.0,169000.0,2025-07-09 12:59:55.524971
2025-07-09,36610,2025070901007186,SANIMA,Primo Securities (PVT) Ltd.,Thrive Brokerage House Pvt. Ltd,500,338.0,169000.0,2025-07-09 13:02:53.346371
2025-07-09,36297,2025070901007278,SANIMA,Sri Hari Securities Pvt. Ltd.,Thrive Brokerage House Pvt. Ltd,11,338.0,3718.0,2025-07-09 13:04:31.975080
2025-07-09,35377,2025070901007518,SANIMA,Oxford Securities Pvt. Ltd.,Aryatara Investment & Securities,500,338.2,169100.0,2025-07-09 13:10:08.272050
2025-07-09,34849,2025070901007669,SANIMA,Sri Hari Securities Pvt. Ltd.,Dakshinkali Investment & Securities Pvt. Ltd.,19,338.0,6422.0,2025-07-09 13:12:35.173329
2025-07-09,34848,2025070901007670,SANIMA,Linch Stock Market Ltd.,Dakshinkali Investment & Securities Pvt. Ltd.,81,338.0,27378.0,2025-07-09 13:12:35.173582
2025-07-09,34804,2025070901007679,SANIMA,Linch Stock Market Ltd.,Swarna Laxmi Securities Pvt. Ltd.,19,338.0,6422.0,2025-07-09 13:12:45.873992
2025-07-09,34716,2025070901007709,SANIMA,Naasa Securities Co. Ltd.,Dipshikha Dhitopatra Karobar Co. Pvt Ltd.,298,336.6,100306.8,2025-07-09 13:13:21.490465
2025-07-09,34715,2025070901007710,SANIMA,ABC Securities Private Limited,Dipshikha Dhitopatra Karobar Co. Pvt Ltd.,52,336.6,17503.2,2025-07-09 13:13:21.490692
2025-07-09,34686,2025070901007719,SANIMA,Linch Stock Market Ltd.,Swarna Laxmi Securities Pvt. Ltd.,10,338.0,3380.0,2025-07-09 13:13:33.175672
2025-07-09,34537,2025070901007747,SANIMA,Dakshinkali Investment & Securities Pvt. Ltd.,Swarna Laxmi Securities Pvt. Ltd.,250,338.0,84500.0,2025-07-09 13:14:18.660486
2025-07-09,33911,2025070901007946,SANIMA,Sumeru Securities Pvt. Ltd.,Swarna Laxmi Securities Pvt. Ltd.,100,338.0,33800.0,2025-07-09 13:17:51.628068
2025-07-09,32211,2025070901008493,SANIMA,Midas Stock Broking Company Private Limited,Swarna Laxmi Securities Pvt. Ltd.,17,338.0,5746.0,2025-07-09 13:25:42.668511
2025-07-09,31970,2025070901008596,SANIMA,Arun Securities (PVT) Ltd.,Kohinoor Investment & Securities Pvt. Ltd.,250,337.5,84375.0,2025-07-09 13:26:56.364624
2025-07-09,31969,2025070901008597,SANIMA,Capital Max Securities Ltd,Kohinoor Investment & Securities Pvt. Ltd.,300,337.5,101250.0,2025-07-09 13:26:56.365110
2025-07-09,31476,2025070901008733,SANIMA,Neev Securities Pvt. Ltd.,South Asian Bulls Pvt. Ltd.,200,337.9,67580.0,2025-07-09 13:28:46.914413
2025-07-09,31219,2025070901008802,SANIMA,J.F. Securites (PVT) Ltd.,South Asian Bulls Pvt. Ltd.,600,337.9,202740.0,2025-07-09 13:29:51.673500
2025-07-09,31078,2025070901008839,SANIMA,Online Securities Pvt. Ltd.,South Asian Bulls Pvt. Ltd.,50,337.9,16895.0,2025-07-09 13:30:30.216352
2025-07-09,30468,2025070901009047,SANIMA,Imperial Securities Company Pvt. Ltd.,South Asian Bulls Pvt. Ltd.,1000,337.8,337800.0,2025-07-09 13:33:12.600710
2025-07-09,30256,2025070901009138,SANIMA,Sharepro Securities Private Limited,Imperial Securities Company Pvt. Ltd.,14,337.0,4718.0,2025-07-09 13:34:22.384002
2025-07-09,30090,2025070901009201,SANIMA,Sharepro Securities Private Limited,Online Securities Pvt. Ltd.,36,337.0,12132.0,2025-07-09 13:35:12.745357
2025-07-09,30089,2025070901009202,SANIMA,Imperial Securities Company Pvt. Ltd.,Online Securities Pvt. Ltd.,200,336.9,67380.0,2025-07-09 13:35:12.745629
2025-07-09,30055,2025070901009210,SANIMA,Kumari Securities Private Limited,Online Securities Pvt. Ltd.,10,336.9,3369.0,2025-07-09 13:35:26.362060
2025-07-09,29312,2025070901009444,SANIMA,Shree Krishna Securities Ltd.,Sundhara Securities Limited,50,337.0,16850.0,2025-07-09 13:38:45.309127
2025-07-09,29232,2025070901009462,SANIMA,Imperial Securities Company Pvt. Ltd.,Sundhara Securities Limited,1250,337.0,421250.0,2025-07-09 13:39:06.549126
2025-07-09,29148,2025070901009481,SANIMA,Imperial Securities Company Pvt. Ltd.,Nepal Investment And Securities Trading Private Limited,133,337.0,44821.0,2025-07-09 13:39:30.565504
2025-07-09,28647,2025070901009675,SANIMA,ABC Securities Private Limited,South Asian Bulls Pvt. Ltd.,1000,337.4,337400.0,2025-07-09 13:42:02.615370
2025-07-09,28646,2025070901009676,SANIMA,ABC Securities Private Limited,Sani Securities Company Ltd.,140,337.5,47250.0,2025-07-09 13:42:02.615886
2025-07-09,28645,2025070901009677,SANIMA,ABC Securities Private Limited,J.F. Securites (PVT) Ltd.,315,337.7,106375.5,2025-07-09 13:42:02.616348
2025-07-09,28644,2025070901009678,SANIMA,ABC Securities Private Limited,South Asian Bulls Pvt. Ltd.,1000,337.8,337800.0,2025-07-09 13:42:02.616661
2025-07-09,28643,2025070901009679,SANIMA,ABC Securities Private Limited,South Asian Bulls Pvt. Ltd.,1150,337.9,388585.0,2025-07-09 13:42:02.617021
2025-07-09,28642,2025070901009680,SANIMA,ABC Securities Private Limited,Swarna Laxmi Securities Pvt. Ltd.,24,338.0,8112.0,2025-07-09 13:42:02.617323
2025-07-09,28641,2025070901009681,SANIMA,ABC Securities Private Limited,Bhrikuti Stock Broking Co. Pvt. Ltd.,1150,338.0,388700.0,2025-07-09 13:42:02.617623
2025-07-09,28640,2025070901009682,SANIMA,ABC Securities Private Limited,Agrawal Securities (PVT) Ltd.,123,338.0,41574.0,2025-07-09 13:42:02.617948
2025-07-09,28639,2025070901009683,SANIMA,ABC Securities Private Limited,Trishakti Securities Public Limited,883,338.0,298454.0,2025-07-09 13:42:02.618262
2025-07-09,28638,2025070901009684,SANIMA,ABC Securities Private Limited,Sumeru Securities Pvt. Ltd.,100,338.0,33800.0,2025-07-09 13:42:02.618563
2025-07-09,28555,2025070901009721,SANIMA,Nepal Stock House (PVT) Ltd.,Trishakti Securities Public Limited,100,338.1,33810.0,2025-07-09 13:42:22.499959
2025-07-09,28554,2025070901009722,SANIMA,Nepal Stock House (PVT) Ltd.,Aryatara Investment & Securities,400,338.2,135280.0,2025-07-09 13:42:22.500215
2025-07-09,28553,2025070901009723,SANIMA,Nepal Stock House (PVT) Ltd.,Ashutosh Brokerage & Securities (PVT) Ltd.,1000,338.5,338500.0,2025-07-09 13:42:22.500317
2025-07-09,28552,2025070901009724,SANIMA,Nepal Stock House (PVT) Ltd.,J.F. Securites (PVT) Ltd.,1000,338.9,338900.0,2025-07-09 13:42:22.500418
2025-07-09,28551,2025070901009725,SANIMA,Nepal Stock House (PVT) Ltd.,Agrawal Securities (PVT) Ltd.,50,338.9,16945.0,2025-07-09 13:42:22.500519
2025-07-09,28550,2025070901009726,SANIMA,Nepal Stock House (PVT) Ltd.,South Asian Bulls Pvt. Ltd.,1264,339.0,428496.0,2025-07-09 13:42:22.500615
2025-07-09,28549,2025070901009727,SANIMA,Nepal Stock House (PVT) Ltd.,Thrive Brokerage House Pvt. Ltd,130,339.0,44070.0,2025-07-09 13:42:22.500715
2025-07-09,28548,2025070901009728,SANIMA,Nepal Stock House (PVT) Ltd.,Neev Securities Pvt. Ltd.,182,339.0,61698.0,2025-07-09 13:42:22.500843
2025-07-09,28547,2025070901009729,SANIMA,Nepal Stock House (PVT) Ltd.,Trisul Securities & Invt. Ltd.,32,339.0,10848.0,2025-07-09 13:42:22.500936
2025-07-09,28546,2025070901009730,SANIMA,Nepal Stock House (PVT) Ltd.,South Asian Bulls Pvt. Ltd.,842,339.0,285438.0,2025-07-09 13:42:22.501040
2025-07-09,28422,2025070901009774,SANIMA,Himalayan Brokerage Company Limited,South Asian Bulls Pvt. Ltd.,10,339.0,3390.0,2025-07-09 13:43:04.482894
2025-07-09,28182,2025070901009855,SANIMA,Aakashbhairab Securities Ltd.,South Asian Bulls Pvt. Ltd.,2000,338.9,677800.0,2025-07-09 13:44:01.253383
2025-07-09,28130,2025070901009866,SANIMA,ABC Securities Private Limited,Sani Securities Company Ltd.,10,338.0,3380.0,2025-07-09 13:44:07.681401
2025-07-09,28073,2025070901009890,SANIMA,Imperial Securities Company Pvt. Ltd.,South Asian Bulls Pvt. Ltd.,1200,338.9,406680.0,2025-07-09 13:44:24.982585
2025-07-09,28020,2025070901009911,SANIMA,Imperial Securities Company Pvt. Ltd.,South Asian Bulls Pvt. Ltd.,800,338.9,271120.0,2025-07-09 13:44:37.086161
2025-07-09,28019,2025070901009912,SANIMA,Imperial Securities Company Pvt. Ltd.,South Asian Bulls Pvt. Ltd.,200,339.0,67800.0,2025-07-09 13:44:37.086642
2025-07-09,27614,2025070901010055,SANIMA,Deevyaa Securities & Stock House Pvt. Ltd,South Asian Bulls Pvt. Ltd.,55,339.0,18645.0,2025-07-09 13:45:52.409106
2025-07-09,27198,2025070901010203,SANIMA,Imperial Securities Company Pvt. Ltd.,South Asian Bulls Pvt. Ltd.,893,339.0,302727.0,2025-07-09 13:47:33.227751
2025-07-09,27197,2025070901010204,SANIMA,Imperial Securities Company Pvt. Ltd.,Capital Max Securities Ltd,10,339.0,3390.0,2025-07-09 13:47:33.227996
2025-07-09,27196,2025070901010205,SANIMA,Imperial Securities Company Pvt. Ltd.,Agrawal Securities (PVT) Ltd.,97,339.0,32883.0,2025-07-09 13:47:33.228107
2025-07-09,27170,2025070901010210,SANIMA,Primo Securities (PVT) Ltd.,South Asian Bulls Pvt. Ltd.,2000,339.4,678800.0,2025-07-09 13:47:44.758402
2025-07-09,27169,2025070901010211,SANIMA,Primo Securities (PVT) Ltd.,Sani Securities Company Ltd.,200,339.5,67900.0,2025-07-09 13:47:44.758641
2025-07-09,27168,2025070901010212,SANIMA,Primo Securities (PVT) Ltd.,Trisul Securities & Invt. Ltd.,1000,339.5,339500.0,2025-07-09 13:47:44.758746
2025-07-09,27122,2025070901010224,SANIMA,Midas Stock Broking Company Private Limited,Deevyaa Securities & Stock House Pvt. Ltd,150,339.9,50985.0,2025-07-09 13:47:57.842174
2025-07-09,27121,2025070901010225,SANIMA,Midas Stock Broking Company Private Limited,Trishakti Securities Public Limited,150,340.0,51000.0,2025-07-09 13:47:57.842427
2025-07-09,27095,2025070901010239,SANIMA,Primo Securities (PVT) Ltd.,Trishakti Securities Public Limited,2850,340.0,969000.0,2025-07-09 13:48:05.853996
2025-07-09,27094,2025070901010240,SANIMA,Primo Securities (PVT) Ltd.,Aryatara Investment & Securities,950,340.0,323000.0,2025-07-09 13:48:05.854483
2025-07-09,27062,2025070901010260,SANIMA,Midas Stock Broking Company Private Limited,Aryatara Investment & Securities,300,340.0,102000.0,2025-07-09 13:48:14.911695
2025-07-09,26807,2025070901010361,SANIMA,Sewa Securities Pvt. Ltd.,Aryatara Investment & Securities,50,340.0,17000.0,2025-07-09 13:49:38.959489
2025-07-09,26806,2025070901010362,SANIMA,Sewa Securities Pvt. Ltd.,Sweta Securities Private Limited,50,340.0,17000.0,2025-07-09 13:49:38.959739
2025-07-09,26621,2025070901010431,SANIMA,Imperial Securities Company Pvt. Ltd.,Sweta Securities Private Limited,450,340.0,153000.0,2025-07-09 13:50:22.110290
2025-07-09,26620,2025070901010432,SANIMA,Imperial Securities Company Pvt. Ltd.,Aryatara Investment & Securities,50,340.0,17000.0,2025-07-09 13:50:22.110577
2025-07-09,26619,2025070901010433,SANIMA,Imperial Securities Company Pvt. Ltd.,Secured Securities Ltd.,15,340.0,5100.0,2025-07-09 13:50:22.110680
2025-07-09,26618,2025070901010434,SANIMA,Imperial Securities Company Pvt. Ltd.,Oxford Securities Pvt. Ltd.,50,340.0,17000.0,2025-07-09 13:50:22.110776
2025-07-09,26617,2025070901010435,SANIMA,Imperial Securities Company Pvt. Ltd.,Nepal Stock House (PVT) Ltd.,20,340.0,6800.0,2025-07-09 13:50:22.110878
2025-07-09,26616,2025070901010436,SANIMA,Imperial Securities Company Pvt. Ltd.,Creative Securities Pvt Ltd,1000,340.0,340000.0,2025-07-09 13:50:22.110985
2025-07-09,26615,2025070901010437,SANIMA,Imperial Securities Company Pvt. Ltd.,Bhrikuti Stock Broking Co. Pvt. Ltd.,50,340.0,17000.0,2025-07-09 13:50:22.111105
2025-07-09,26614,2025070901010438,SANIMA,Imperial Securities Company Pvt. Ltd.,Premier Securities Company Ltd.,100,340.0,34000.0,2025-07-09 13:50:22.111207
2025-07-09,26613,2025070901010439,SANIMA,Imperial Securities Company Pvt. Ltd.,N.M.B. SECURITIES LIMITED,200,340.0,68000.0,2025-07-09 13:50:22.111318
2025-07-09,26612,2025070901010440,SANIMA,Imperial Securities Company Pvt. Ltd.,Malla & Malla Stock Broking Company Pvt. Limited,100,340.0,34000.0,2025-07-09 13:50:22.111412
2025-07-09,26611,2025070901010441,SANIMA,Imperial Securities Company Pvt. Ltd.,Linch Stock Market Ltd.,442,340.0,150280.0,2025-07-09 13:50:22.111505
2025-07-09,26610,2025070901010442,SANIMA,Imperial Securities Company Pvt. Ltd.,Naasa Securities Co. Ltd.,500,340.0,170000.0,2025-07-09 13:50:22.111608
2025-07-09,26609,2025070901010443,SANIMA,Imperial Securities Company Pvt. Ltd.,Sweta Securities Private Limited,23,340.0,7820.0,2025-07-09 13:50:22.111740
2025-07-09,26526,2025070901010469,SANIMA,Arun Securities (PVT) Ltd.,Sweta Securities Private Limited,38,340.0,12920.0,2025-07-09 13:50:50.345318
2025-07-09,26519,2025070901010470,SANIMA,Midas Stock Broking Company Private Limited,Sweta Securities Private Limited,339,340.0,115260.0,2025-07-09 13:50:53.513283
2025-07-09,26518,2025070901010471,SANIMA,Midas Stock Broking Company Private Limited,Sundhara Securities Limited,61,340.0,20740.0,2025-07-09 13:50:53.513524
2025-07-09,25867,2025070901010651,SANIMA,Dipshikha Dhitopatra Karobar Co. Pvt Ltd.,J.F. Securites (PVT) Ltd.,99,339.9,33650.1,2025-07-09 13:53:13.346169
2025-07-09,25726,2025070901010690,SANIMA,Aakashbhairab Securities Ltd.,Sundhara Securities Limited,40,340.0,13600.0,2025-07-09 13:53:48.380953
2025-07-09,25725,2025070901010691,SANIMA,Aakashbhairab Securities Ltd.,Linch Stock Market Ltd.,10,340.0,3400.0,2025-07-09 13:53:48.381248
2025-07-09,25696,2025070901010708,SANIMA,Siprabi Securities Pvt. Ltd.,Linch Stock Market Ltd.,200,340.0,68000.0,2025-07-09 13:53:57.245356
2025-07-09,25418,2025070901010890,SANIMA,Naasa Securities Co. Ltd.,Premier Securities Company Ltd.,100,339.0,33900.0,2025-07-09 13:54:42.681641
2025-07-09,25417,2025070901010891,SANIMA,Siprabi Securities Pvt. Ltd.,Premier Securities Company Ltd.,150,338.6,50790.0,2025-07-09 13:54:42.682183
2025-07-09,25044,2025070901011018,SANIMA,Himalayan Brokerage Company Limited,Aryatara Investment & Securities,300,339.7,101910.0,2025-07-09 13:56:03.483892
2025-07-09,25031,2025070901011024,SANIMA,Himalayan Brokerage Company Limited,Dynamic Money Managers Securities Pvt. Ltd.,700,339.7,237790.0,2025-07-09 13:56:06.579934
2025-07-09,25030,2025070901011025,SANIMA,Siprabi Securities Pvt. Ltd.,Dynamic Money Managers Securities Pvt. Ltd.,200,339.0,67800.0,2025-07-09 13:56:06.580215
2025-07-09,25029,2025070901011026,SANIMA,Siprabi Securities Pvt. Ltd.,Dynamic Money Managers Securities Pvt. Ltd.,100,338.6,33860.0,2025-07-09 13:56:06.580318
2025-07-09,24806,2025070901011140,SANIMA,Siprabi Securities Pvt. Ltd.,Miyo Securities Pvt Ltd,750,338.6,253950.0,2025-07-09 13:56:46.185928
2025-07-09,24805,2025070901011141,SANIMA,Naasa Securities Co. Ltd.,Miyo Securities Pvt Ltd,1000,338.5,338500.0,2025-07-09 13:56:46.186053
2025-07-09,24804,2025070901011142,SANIMA,Aryatara Investment & Securities,Miyo Securities Pvt Ltd,100,338.1,33810.0,2025-07-09 13:56:46.186130
2025-07-09,24803,2025070901011143,SANIMA,ABC Securities Private Limited,Miyo Securities Pvt Ltd,327,338.0,110526.0,2025-07-09 13:56:46.186193
2025-07-09,24802,2025070901011144,SANIMA,Primo Securities (PVT) Ltd.,Miyo Securities Pvt Ltd,2000,338.0,676000.0,2025-07-09 13:56:46.186262
2025-07-09,24801,2025070901011145,SANIMA,Sani Securities Company Ltd.,Miyo Securities Pvt Ltd,823,338.0,278174.0,2025-07-09 13:56:46.186328
2025-07-09,24543,2025070901011223,SANIMA,Sri Hari Securities Pvt. Ltd.,Vision Securities Pvt. Ltd,300,338.6,101580.0,2025-07-09 13:57:49.345829
2025-07-09,24542,2025070901011224,SANIMA,Sani Securities Company Ltd.,Vision Securities Pvt. Ltd,177,338.0,59826.0,2025-07-09 13:57:49.345915
2025-07-09,24541,2025070901011225,SANIMA,Imperial Securities Company Pvt. Ltd.,Vision Securities Pvt. Ltd,1000,338.0,338000.0,2025-07-09 13:57:49.345943
2025-07-09,24540,2025070901011226,SANIMA,Nepal Investment And Securities Trading Private Limited,Vision Securities Pvt. Ltd,100,338.0,33800.0,2025-07-09 13:57:49.345964
2025-07-09,24539,2025070901011227,SANIMA,Property Wiard Limited,Vision Securities Pvt. Ltd,500,338.0,169000.0,2025-07-09 13:57:49.345984
2025-07-09,24538,2025070901011228,SANIMA,ABC Securities Private Limited,Vision Securities Pvt. Ltd,4799,337.5,1619662.5,2025-07-09 13:57:49.346007
2025-07-09,24537,2025070901011229,SANIMA,Nepal Stock House (PVT) Ltd.,Vision Securities Pvt. Ltd,124,337.1,41800.4,2025-07-09 13:57:49.346044
2025-07-09,24489,2025070901011248,SANIMA,Nepal Stock House (PVT) Ltd.,Premier Securities Company Ltd.,200,337.1,67420.0,2025-07-09 13:58:01.915422
2025-07-09,24256,2025070901011313,SANIMA,Himalayan Brokerage Company Limited,South Asian Bulls Pvt. Ltd.,2605,339.0,883095.0,2025-07-09 13:59:08.283120
2025-07-09,23980,2025070901011389,SANIMA,Himalayan Brokerage Company Limited,Sanima Securities Limited,1000,339.0,339000.0,2025-07-09 14:00:31.928383
2025-07-09,23962,2025070901011394,SANIMA,Himalayan Brokerage Company Limited,Deevyaa Securities & Stock House Pvt. Ltd,100,339.0,33900.0,2025-07-09 14:00:39.228237
2025-07-09,23930,2025070901011403,SANIMA,Himalayan Brokerage Company Limited,Bhrikuti Stock Broking Co. Pvt. Ltd.,233,339.0,78987.0,2025-07-09 14:00:47.378530
2025-07-09,23857,2025070901011445,SANIMA,Himalayan Brokerage Company Limited,Kohinoor Investment & Securities Pvt. Ltd.,62,339.0,21018.0,2025-07-09 14:01:04.976738
2025-07-09,22717,2025070901011770,SANIMA,Prabhu Stock Market Limited,South Asian Bulls Pvt. Ltd.,2000,338.0,676000.0,2025-07-09 14:05:20.460375
2025-07-09,22716,2025070901011771,SANIMA,Trishakti Securities Public Limited,South Asian Bulls Pvt. Ltd.,100,338.0,33800.0,2025-07-09 14:05:20.460651
2025-07-09,22715,2025070901011772,SANIMA,Nepal Stock House (PVT) Ltd.,South Asian Bulls Pvt. Ltd.,900,338.0,304200.0,2025-07-09 14:05:20.460780
2025-07-09,22613,2025070901011801,SANIMA,Nepal Stock House (PVT) Ltd.,Dakshinkali Investment & Securities Pvt. Ltd.,200,338.0,67600.0,2025-07-09 14:05:42.881938
2025-07-09,22171,2025070901011942,SANIMA,Nepal Stock House (PVT) Ltd.,Ashutosh Brokerage & Securities (PVT) Ltd.,78,338.0,26364.0,2025-07-09 14:07:15.103321
2025-07-09,22170,2025070901011943,SANIMA,Miyo Securities Pvt Ltd,Ashutosh Brokerage & Securities (PVT) Ltd.,200,338.0,67600.0,2025-07-09 14:07:15.103592
2025-07-09,22101,2025070901011968,SANIMA,Dynamic Money Managers Securities Pvt. Ltd.,Ashutosh Brokerage & Securities (PVT) Ltd.,109,338.0,36842.0,2025-07-09 14:07:35.520283
2025-07-09,21927,2025070901012016,SANIMA,Dakshinkali Investment & Securities Pvt. Ltd.,Ashutosh Brokerage & Securities (PVT) Ltd.,200,337.4,67480.0,2025-07-09 14:08:15.453416
2025-07-09,21926,2025070901012017,SANIMA,Dynamic Money Managers Securities Pvt. Ltd.,Ashutosh Brokerage & Securities (PVT) Ltd.,699,337.3,235772.7,2025-07-09 14:08:15.453674
2025-07-09,21913,2025070901012020,SANIMA,Aakashbhairab Securities Ltd.,Ashutosh Brokerage & Securities (PVT) Ltd.,613,338.0,207194.0,2025-07-09 14:08:19.522509
2025-07-09,21630,2025070901012126,SANIMA,Aakashbhairab Securities Ltd.,Vision Securities Pvt. Ltd,387,338.0,130806.0,2025-07-09 14:09:32.622846
2025-07-09,21629,2025070901012127,SANIMA,Nepal Stock House (PVT) Ltd.,Vision Securities Pvt. Ltd,200,338.0,67600.0,2025-07-09 14:09:32.623345
2025-07-09,21628,2025070901012128,SANIMA,Property Wiard Limited,Vision Securities Pvt. Ltd,106,338.0,35828.0,2025-07-09 14:09:32.623659
2025-07-09,21525,2025070901012159,SANIMA,Property Wiard Limited,Himalayan Brokerage Company Limited,140,338.0,47320.0,2025-07-09 14:09:58.043995
2025-07-09,21269,2025070901012247,SANIMA,Property Wiard Limited,South Asian Bulls Pvt. Ltd.,18,338.0,6084.0,2025-07-09 14:11:00.940654
2025-07-09,21179,2025070901012270,SANIMA,Property Wiard Limited,Secured Securities Ltd.,300,338.0,101400.0,2025-07-09 14:11:25.207633
2025-07-09,20917,2025070901012361,SANIMA,Imperial Securities Company Pvt. Ltd.,South Asian Bulls Pvt. Ltd.,20,338.7,6774.0,2025-07-09 14:12:35.519071
2025-07-09,19857,2025070901012685,SANIMA,Property Wiard Limited,Vision Securities Pvt. Ltd,100,338.0,33800.0,2025-07-09 14:16:53.661362
2025-07-09,19799,2025070901012699,SANIMA,Property Wiard Limited,Elite Stock House Limited,25,338.0,8450.0,2025-07-09 14:17:12.140659
2025-07-09,19679,2025070901012734,SANIMA,Property Wiard Limited,Trishakti Securities Public Limited,311,338.0,105118.0,2025-07-09 14:17:31.042373
2025-07-09,19678,2025070901012735,SANIMA,Miyo Securities Pvt Ltd,Trishakti Securities Public Limited,160,338.0,54080.0,2025-07-09 14:17:31.042640
2025-07-09,19677,2025070901012736,SANIMA,Siprabi Securities Pvt. Ltd.,Trishakti Securities Public Limited,10,338.0,3380.0,2025-07-09 14:17:31.042740
2025-07-09,19676,2025070901012737,SANIMA,Aakashbhairab Securities Ltd.,Trishakti Securities Public Limited,919,338.0,310622.0,2025-07-09 14:17:31.042844
2025-07-09,19146,2025070901012903,SANIMA,Aakashbhairab Securities Ltd.,Trishakti Securities Public Limited,81,338.0,27378.0,2025-07-09 14:19:16.724094
2025-07-09,19078,2025070901012932,SANIMA,ABC Securities Private Limited,South Asian Bulls Pvt. Ltd.,1170,337.5,394875.0,2025-07-09 14:19:34.785595
2025-07-09,18813,2025070901013003,SANIMA,ABC Securities Private Limited,Opal Securities Investment (PVT) Ltd.,100,337.5,33750.0,2025-07-09 14:20:33.991326
2025-07-09,18785,2025070901013015,SANIMA,ABC Securities Private Limited,Trishakti Securities Public Limited,269,337.5,90787.5,2025-07-09 14:20:42.446626
2025-07-09,18276,2025070901013182,SANIMA,Nepal Investment And Securities Trading Private Limited,Sumeru Securities Pvt. Ltd.,500,338.4,169200.0,2025-07-09 14:22:55.925677
2025-07-09,18038,2025070901013243,SANIMA,Online Securities Pvt. Ltd.,Opal Securities Investment (PVT) Ltd.,10,338.0,3380.0,2025-07-09 14:23:59.087834
2025-07-09,17704,2025070901013334,SANIMA,Hatemalo Financial Services Private Limited,Opal Securities Investment (PVT) Ltd.,40,338.0,13520.0,2025-07-09 14:25:15.305051
2025-07-09,17667,2025070901013348,SANIMA,Hatemalo Financial Services Private Limited,Nepal Stock House (PVT) Ltd.,34,338.0,11492.0,2025-07-09 14:25:26.000847
2025-07-09,17557,2025070901013396,SANIMA,Hatemalo Financial Services Private Limited,Sani Securities Company Ltd.,26,338.0,8788.0,2025-07-09 14:25:49.607803
2025-07-09,17556,2025070901013397,SANIMA,ABC Securities Private Limited,Sani Securities Company Ltd.,600,338.0,202800.0,2025-07-09 14:25:49.608414
2025-07-09,17553,2025070901013399,SANIMA,ABC Securities Private Limited,Linch Stock Market Ltd.,100,338.0,33800.0,2025-07-09 14:25:51.202389
2025-07-09,17552,2025070901013400,SANIMA,ABC Securities Private Limited,Swarna Laxmi Securities Pvt. Ltd.,111,338.0,37518.0,2025-07-09 14:25:51.578312
2025-07-09,17452,2025070901013432,SANIMA,ABC Securities Private Limited,Cristal Kanchanjanga Securites Pvt. Ltd.,40,338.0,13520.0,2025-07-09 14:26:03.659422
2025-07-09,17379,2025070901013466,SANIMA,MILKY WAY SHARE BROKER COMPANY LTD ,Sani Securities Company Ltd.,1000,338.3,338300.0,2025-07-09 14:26:12.974428
2025-07-09,16999,2025070901013575,SANIMA,Imperial Securities Company Pvt. Ltd.,Sani Securities Company Ltd.,10,338.4,3384.0,2025-07-09 14:27:41.732778
2025-07-09,16903,2025070901013607,SANIMA,Naasa Securities Co. Ltd.,Sani Securities Company Ltd.,490,338.4,165816.0,2025-07-09 14:28:15.840614
2025-07-09,16902,2025070901013608,SANIMA,Naasa Securities Co. Ltd.,Linch Stock Market Ltd.,100,338.4,33840.0,2025-07-09 14:28:15.841129
2025-07-09,16901,2025070901013609,SANIMA,Naasa Securities Co. Ltd.,Sweta Securities Private Limited,270,338.4,91368.0,2025-07-09 14:28:15.841465
2025-07-09,16284,2025070901013752,SANIMA,Asian Securities Private Ltd.,Ashutosh Brokerage & Securities (PVT) Ltd.,50,338.1,16905.0,2025-07-09 14:30:27.214193
2025-07-09,16283,2025070901013753,SANIMA,ABC Securities Private Limited,Ashutosh Brokerage & Securities (PVT) Ltd.,149,338.0,50362.0,2025-07-09 14:30:27.214502
2025-07-09,16282,2025070901013754,SANIMA,Imperial Securities Company Pvt. Ltd.,Ashutosh Brokerage & Securities (PVT) Ltd.,10,338.0,3380.0,2025-07-09 14:30:27.214625
2025-07-09,16281,2025070901013755,SANIMA,Asian Securities Private Ltd.,Ashutosh Brokerage & Securities (PVT) Ltd.,50,338.0,16900.0,2025-07-09 14:30:27.214735
2025-07-09,16280,2025070901013756,SANIMA,ABC Securities Private Limited,Ashutosh Brokerage & Securities (PVT) Ltd.,2000,338.0,676000.0,2025-07-09 14:30:27.214865
2025-07-09,16279,2025070901013757,SANIMA,Linch Stock Market Ltd.,Ashutosh Brokerage & Securities (PVT) Ltd.,100,338.0,33800.0,2025-07-09 14:30:27.215005
2025-07-09,16278,2025070901013758,SANIMA,Sajilo Broker Limited,Ashutosh Brokerage & Securities (PVT) Ltd.,1000,337.7,337700.0,2025-07-09 14:30:27.215168
2025-07-09,16277,2025070901013759,SANIMA,Capital Max Securities Ltd,Ashutosh Brokerage & Securities (PVT) Ltd.,5000,337.7,1688500.0,2025-07-09 14:30:27.215343
2025-07-09,16276,2025070901013760,SANIMA,Arun Securities (PVT) Ltd.,Ashutosh Brokerage & Securities (PVT) Ltd.,40,337.6,13504.0,2025-07-09 14:30:27.215533
2025-07-09,16275,2025070901013761,SANIMA,Hatemalo Financial Services Private Limited,Ashutosh Brokerage & Securities (PVT) Ltd.,100,337.6,33760.0,2025-07-09 14:30:27.215718
2025-07-09,16274,2025070901013762,SANIMA,ABC Securities Private Limited,Ashutosh Brokerage & Securities (PVT) Ltd.,1501,337.5,506587.5,2025-07-09 14:30:27.215833
2025-07-09,16013,2025070901013859,SANIMA,Trisul Securities & Invt. Ltd.,Sweta Securities Private Limited,10,338.4,3384.0,2025-07-09 14:31:15.601895
2025-07-09,15696,2025070901013973,SANIMA,Nabil Stock Dealer Ltd.,Sweta Securities Private Limited,20,338.4,6768.0,2025-07-09 14:32:08.291755
2025-07-09,15695,2025070901013974,SANIMA,Nabil Stock Dealer Ltd.,Opal Securities Investment (PVT) Ltd.,50,338.5,16925.0,2025-07-09 14:32:08.292240
2025-07-09,15694,2025070901013975,SANIMA,Nabil Stock Dealer Ltd.,Imperial Securities Company Pvt. Ltd.,700,338.9,237230.0,2025-07-09 14:32:08.292567
2025-07-09,15693,2025070901013976,SANIMA,Nabil Stock Dealer Ltd.,Ashutosh Brokerage & Securities (PVT) Ltd.,1000,339.0,339000.0,2025-07-09 14:32:08.292886
2025-07-09,15692,2025070901013977,SANIMA,Nabil Stock Dealer Ltd.,Opal Securities Investment (PVT) Ltd.,200,339.0,67800.0,2025-07-09 14:32:08.293212
2025-07-09,15691,2025070901013978,SANIMA,Nabil Stock Dealer Ltd.,Opal Securities Investment (PVT) Ltd.,200,339.0,67800.0,2025-07-09 14:32:08.293509
2025-07-09,15104,2025070901014251,SANIMA,SUN SECURITIES PVT LTD,Vision Securities Pvt. Ltd,15,339.0,5085.0,2025-07-09 14:33:58.990004
2025-07-09,14929,2025070901014339,SANIMA,Imperial Securities Company Pvt. Ltd.,Opal Securities Investment (PVT) Ltd.,100,338.1,33810.0,2025-07-09 14:34:40.240576
2025-07-09,14773,2025070901014413,SANIMA,Magnet Securities and Investment Company Private Limited,Vision Securities Pvt. Ltd,85,339.0,28815.0,2025-07-09 14:35:04.100044
2025-07-09,14772,2025070901014414,SANIMA,Magnet Securities and Investment Company Private Limited,Opal Securities Investment (PVT) Ltd.,100,339.0,33900.0,2025-07-09 14:35:04.100086
2025-07-09,14771,2025070901014415,SANIMA,Magnet Securities and Investment Company Private Limited,Kohinoor Investment & Securities Pvt. Ltd.,315,339.5,106942.5,2025-07-09 14:35:04.100110
2025-07-09,14659,2025070901014459,SANIMA,Dynamic Money Managers Securities Pvt. Ltd.,Opal Securities Investment (PVT) Ltd.,50,339.0,16950.0,2025-07-09 14:35:31.480853
2025-07-09,14557,2025070901014514,SANIMA,Imperial Securities Company Pvt. Ltd.,Kohinoor Investment & Securities Pvt. Ltd.,300,339.5,101850.0,2025-07-09 14:35:43.470994
2025-07-09,14351,2025070901014614,SANIMA,Imperial Securities Company Pvt. Ltd.,Kohinoor Investment & Securities Pvt. Ltd.,385,339.5,130707.5,2025-07-09 14:36:16.847263
2025-07-09,14350,2025070901014615,SANIMA,Imperial Securities Company Pvt. Ltd.,Sweta Securities Private Limited,100,339.5,33950.0,2025-07-09 14:36:16.847347
2025-07-09,14349,2025070901014616,SANIMA,Imperial Securities Company Pvt. Ltd.,J.F. Securites (PVT) Ltd.,15,339.7,5095.5,2025-07-09 14:36:16.847377
2025-07-09,14245,2025070901014661,SANIMA,Sundhara Securities Limited,J.F. Securites (PVT) Ltd.,983,339.7,333925.1,2025-07-09 14:36:46.414666
2025-07-09,14244,2025070901014662,SANIMA,Sundhara Securities Limited,Vision Securities Pvt. Ltd,200,339.7,67940.0,2025-07-09 14:36:46.414931
2025-07-09,14243,2025070901014663,SANIMA,Sundhara Securities Limited,Linch Stock Market Ltd.,195,340.0,66300.0,2025-07-09 14:36:46.415053
2025-07-09,14242,2025070901014664,SANIMA,Sundhara Securities Limited,Agrawal Securities (PVT) Ltd.,22,340.0,7480.0,2025-07-09 14:36:46.415164
2025-07-09,14133,2025070901014703,SANIMA,Dynamic Money Managers Securities Pvt. Ltd.,Agrawal Securities (PVT) Ltd.,1578,340.0,536520.0,2025-07-09 14:37:08.960613
2025-07-09,14132,2025070901014704,SANIMA,Dynamic Money Managers Securities Pvt. Ltd.,Sri Hari Securities Pvt. Ltd.,50,340.0,17000.0,2025-07-09 14:37:08.960904
2025-07-09,14131,2025070901014705,SANIMA,Dynamic Money Managers Securities Pvt. Ltd.,Agrawal Securities (PVT) Ltd.,100,340.0,34000.0,2025-07-09 14:37:08.961016
2025-07-09,14130,2025070901014706,SANIMA,Dynamic Money Managers Securities Pvt. Ltd.,Secured Securities Ltd.,40,340.0,13600.0,2025-07-09 14:37:08.961148
2025-07-09,14129,2025070901014707,SANIMA,Dynamic Money Managers Securities Pvt. Ltd.,Cristal Kanchanjanga Securites Pvt. Ltd.,112,340.0,38080.0,2025-07-09 14:37:08.961255
2025-07-09,14128,2025070901014708,SANIMA,Dynamic Money Managers Securities Pvt. Ltd.,Aryatara Investment & Securities,500,340.0,170000.0,2025-07-09 14:37:08.961362
2025-07-09,14127,2025070901014709,SANIMA,Dynamic Money Managers Securities Pvt. Ltd.,Secured Securities Ltd.,300,340.0,102000.0,2025-07-09 14:37:08.961469
2025-07-09,14126,2025070901014710,SANIMA,Dynamic Money Managers Securities Pvt. Ltd.,Dipshikha Dhitopatra Karobar Co. Pvt Ltd.,149,340.0,50660.0,2025-07-09 14:37:08.961579
2025-07-09,14125,2025070901014711,SANIMA,Dynamic Money Managers Securities Pvt. Ltd.,Midas Stock Broking Company Private Limited,40,340.0,13600.0,2025-07-09 14:37:08.961681
2025-07-09,14124,2025070901014712,SANIMA,Dynamic Money Managers Securities Pvt. Ltd.,Agrawal Securities (PVT) Ltd.,30,340.0,10200.0,2025-07-09 14:37:08.961783
2025-07-09,14123,2025070901014713,SANIMA,Dynamic Money Managers Securities Pvt. Ltd.,Opal Securities Investment (PVT) Ltd.,100,340.0,34000.0,2025-07-09 14:37:08.961888
2025-07-09,14122,2025070901014714,SANIMA,Dynamic Money Managers Securities Pvt. Ltd.,Bhrikuti Stock Broking Co. Pvt. Ltd.,100,340.0,34000.0,2025-07-09 14:37:08.961992
2025-07-09,14121,2025070901014715,SANIMA,Dynamic Money Managers Securities Pvt. Ltd.,Sundhara Securities Limited,100,340.0,34000.0,2025-07-09 14:37:08.962124
2025-07-09,14120,2025070901014716,SANIMA,Dynamic Money Managers Securities Pvt. Ltd.,Linch Stock Market Ltd.,500,340.0,170000.0,2025-07-09 14:37:08.962258
2025-07-09,14119,2025070901014717,SANIMA,Dynamic Money Managers Securities Pvt. Ltd.,Premier Securities Company Ltd.,452,340.0,153680.0,2025-07-09 14:37:08.962372
2025-07-09,14118,2025070901014718,SANIMA,Dynamic Money Managers Securities Pvt. Ltd.,Malla & Malla Stock Broking Company Pvt. Limited,50,340.0,17000.0,2025-07-09 14:37:08.962490
2025-07-09,14117,2025070901014719,SANIMA,Dynamic Money Managers Securities Pvt. Ltd.,Premier Securities Company Ltd.,50,340.0,17000.0,2025-07-09 14:37:08.962600
2025-07-09,14116,2025070901014720,SANIMA,Dynamic Money Managers Securities Pvt. Ltd.,ABC Securities Private Limited,40,340.0,13600.0,2025-07-09 14:37:08.962712
2025-07-09,14115,2025070901014721,SANIMA,Dynamic Money Managers Securities Pvt. Ltd.,Linch Stock Market Ltd.,280,340.0,95200.0,2025-07-09 14:37:08.962818
2025-07-09,14114,2025070901014722,SANIMA,Dynamic Money Managers Securities Pvt. Ltd.,Opal Securities Investment (PVT) Ltd.,150,340.0,51000.0,2025-07-09 14:37:08.962918
2025-07-09,14013,2025070901014757,SANIMA,Agrawal Securities (PVT) Ltd.,Siprabi Securities Pvt. Ltd.,10,340.5,3405.0,2025-07-09 14:37:26.409896
2025-07-09,13897,2025070901014804,SANIMA,Imperial Securities Company Pvt. Ltd.,Vision Securities Pvt. Ltd,10,341.0,3410.0,2025-07-09 14:37:48.014570
2025-07-09,13743,2025070901014857,SANIMA,Imperial Securities Company Pvt. Ltd.,Cristal Kanchanjanga Securites Pvt. Ltd.,10,340.5,3405.0,2025-07-09 14:38:08.553845
2025-07-09,13742,2025070901014858,SANIMA,Elite Stock House Limited,Cristal Kanchanjanga Securites Pvt. Ltd.,490,340.1,166649.0,2025-07-09 14:38:08.554422
2025-07-09,13617,2025070901014910,SANIMA,Imperial Securities Company Pvt. Ltd.,Vision Securities Pvt. Ltd,10,341.0,3410.0,2025-07-09 14:38:31.557579
2025-07-09,13508,2025070901014941,SANIMA,Dipshikha Dhitopatra Karobar Co. Pvt Ltd.,Vision Securities Pvt. Ltd,300,341.0,102300.0,2025-07-09 14:38:58.831279
2025-07-09,13377,2025070901015018,SANIMA,Imperial Securities Company Pvt. Ltd.,Vision Securities Pvt. Ltd,114,341.0,38874.0,2025-07-09 14:39:18.592758
2025-07-09,13376,2025070901015019,SANIMA,Imperial Securities Company Pvt. Ltd.,Sweta Securities Private Limited,200,341.0,68200.0,2025-07-09 14:39:18.593055
2025-07-09,13375,2025070901015020,SANIMA,Imperial Securities Company Pvt. Ltd.,Sundhara Securities Limited,286,341.0,97526.0,2025-07-09 14:39:18.593164
2025-07-09,13250,2025070901015074,SANIMA,Naasa Securities Co. Ltd.,Sundhara Securities Limited,10,341.0,3410.0,2025-07-09 14:39:40.170731
2025-07-09,13249,2025070901015075,SANIMA,Online Securities Pvt. Ltd.,Oxford Securities Pvt. Ltd.,700,340.5,238350.0,2025-07-09 14:39:40.585510
2025-07-09,13228,2025070901015085,SANIMA,Thrive Brokerage House Pvt. Ltd,Sundhara Securities Limited,414,341.0,141174.0,2025-07-09 14:39:42.392308
2025-07-09,13227,2025070901015086,SANIMA,Thrive Brokerage House Pvt. Ltd,Market Securities & Exchange (PVT) Ltd.,500,341.0,170500.0,2025-07-09 14:39:42.392570
2025-07-09,13226,2025070901015087,SANIMA,Thrive Brokerage House Pvt. Ltd,Naasa Securities Co. Ltd.,86,341.0,29326.0,2025-07-09 14:39:42.392676
2025-07-09,13129,2025070901015123,SANIMA,Imperial Securities Company Pvt. Ltd.,Ashutosh Brokerage & Securities (PVT) Ltd.,1400,340.6,476840.0,2025-07-09 14:40:00.752751
2025-07-09,13128,2025070901015124,SANIMA,Online Securities Pvt. Ltd.,Ashutosh Brokerage & Securities (PVT) Ltd.,1100,340.5,374550.0,2025-07-09 14:40:00.753283
2025-07-09,13095,2025070901015133,SANIMA,Imperial Securities Company Pvt. Ltd.,Naasa Securities Co. Ltd.,14,341.0,4774.0,2025-07-09 14:40:05.656361
2025-07-09,13094,2025070901015134,SANIMA,Imperial Securities Company Pvt. Ltd.,Kohinoor Investment & Securities Pvt. Ltd.,66,341.0,22506.0,2025-07-09 14:40:05.656634
2025-07-09,12980,2025070901015210,SANIMA,Aakashbhairab Securities Ltd.,Opal Securities Investment (PVT) Ltd.,100,341.0,34100.0,2025-07-09 14:40:22.208279
2025-07-09,12979,2025070901015211,SANIMA,Aakashbhairab Securities Ltd.,Opal Securities Investment (PVT) Ltd.,150,341.0,51150.0,2025-07-09 14:40:22.208568
2025-07-09,12978,2025070901015212,SANIMA,Aakashbhairab Securities Ltd.,Dakshinkali Investment & Securities Pvt. Ltd.,750,341.0,255750.0,2025-07-09 14:40:22.208673
2025-07-09,12919,2025070901015237,SANIMA,Aakashbhairab Securities Ltd.,Dakshinkali Investment & Securities Pvt. Ltd.,1000,341.0,341000.0,2025-07-09 14:40:31.238592
2025-07-09,12588,2025070901015358,SANIMA,Online Securities Pvt. Ltd.,Vision Securities Pvt. Ltd,300,340.5,102150.0,2025-07-09 14:41:16.975123
2025-07-09,12548,2025070901015391,SANIMA,Vision Securities Pvt. Ltd,Dakshinkali Investment & Securities Pvt. Ltd.,1500,341.0,511500.0,2025-07-09 14:41:21.031677
2025-07-09,12545,2025070901015394,SANIMA,Online Securities Pvt. Ltd.,Ashutosh Brokerage & Securities (PVT) Ltd.,900,340.5,306450.0,2025-07-09 14:41:21.484202
2025-07-09,12432,2025070901015431,SANIMA,Elite Stock House Limited,Deevyaa Securities & Stock House Pvt. Ltd,200,340.1,68020.0,2025-07-09 14:41:35.904281
2025-07-09,12356,2025070901015462,SANIMA,Elite Stock House Limited,Siprabi Securities Pvt. Ltd.,71,340.1,24147.1,2025-07-09 14:41:50.027246
2025-07-09,12219,2025070901015496,SANIMA,J.F. Securites (PVT) Ltd.,Ashutosh Brokerage & Securities (PVT) Ltd.,310,340.5,105555.0,2025-07-09 14:42:11.521277
2025-07-09,12155,2025070901015519,SANIMA,Elite Stock House Limited,Kohinoor Investment & Securities Pvt. Ltd.,239,340.1,81283.9,2025-07-09 14:42:24.774392
2025-07-09,11958,2025070901015573,SANIMA,Dynamic Money Managers Securities Pvt. Ltd.,Imperial Securities Company Pvt. Ltd.,150,340.0,51000.0,2025-07-09 14:42:53.020500
2025-07-09,11892,2025070901015583,SANIMA,Imperial Securities Company Pvt. Ltd.,Kohinoor Investment & Securities Pvt. Ltd.,71,340.1,24147.1,2025-07-09 14:42:58.087184
2025-07-09,11596,2025070901015643,SANIMA,Opal Securities Investment (PVT) Ltd.,Ashutosh Brokerage & Securities (PVT) Ltd.,100,340.5,34050.0,2025-07-09 14:43:36.010348
2025-07-09,11365,2025070901015728,SANIMA,Secured Securities Ltd.,Sri Hari Securities Pvt. Ltd.,14,340.2,4762.8,2025-07-09 14:44:03.530921
2025-07-09,11211,2025070901015792,SANIMA,Himalayan Brokerage Company Limited,Ashutosh Brokerage & Securities (PVT) Ltd.,190,340.5,64695.0,2025-07-09 14:44:28.913212
2025-07-09,11152,2025070901015815,SANIMA,Himalayan Brokerage Company Limited,Opal Securities Investment (PVT) Ltd.,150,340.5,51075.0,2025-07-09 14:44:35.365324
2025-07-09,10697,2025070901015996,SANIMA,Naasa Securities Co. Ltd.,Agrawal Securities (PVT) Ltd.,25,340.9,8522.5,2025-07-09 14:45:45.321581
2025-07-09,10696,2025070901015997,SANIMA,Naasa Securities Co. Ltd.,Dakshinkali Investment & Securities Pvt. Ltd.,175,341.0,59675.0,2025-07-09 14:45:45.321909
2025-07-09,10663,2025070901016010,SANIMA,Himalayan Brokerage Company Limited,Miyo Securities Pvt Ltd,150,340.5,51075.0,2025-07-09 14:45:49.336361
2025-07-09,10414,2025070901016081,SANIMA,Property Wiard Limited,Dakshinkali Investment & Securities Pvt. Ltd.,45,341.0,15345.0,2025-07-09 14:46:13.892895
2025-07-09,10328,2025070901016110,SANIMA,Himalayan Brokerage Company Limited,Opal Securities Investment (PVT) Ltd.,50,340.5,17025.0,2025-07-09 14:46:23.923930
2025-07-09,10020,2025070901016269,SANIMA,Nepal Stock House (PVT) Ltd.,Vision Securities Pvt. Ltd,100,340.9,34090.0,2025-07-09 14:46:53.036462
2025-07-09,10019,2025070901016270,SANIMA,Nepal Stock House (PVT) Ltd.,Dakshinkali Investment & Securities Pvt. Ltd.,400,341.0,136400.0,2025-07-09 14:46:53.036722
2025-07-09,10014,2025070901016273,SANIMA,Neev Securities Pvt. Ltd.,Dakshinkali Investment & Securities Pvt. Ltd.,1130,341.0,385330.0,2025-07-09 14:46:54.043273
2025-07-09,10013,2025070901016274,SANIMA,Neev Securities Pvt. Ltd.,Siprabi Securities Pvt. Ltd.,275,341.0,93775.0,2025-07-09 14:46:54.043769
2025-07-09,10012,2025070901016275,SANIMA,Neev Securities Pvt. Ltd.,Aryatara Investment & Securities,500,341.0,170500.0,2025-07-09 14:46:54.044099
2025-07-09,10011,2025070901016276,SANIMA,Neev Securities Pvt. Ltd.,Capital Max Securities Ltd,100,341.5,34150.0,2025-07-09 14:46:54.044410
2025-07-09,10010,2025070901016277,SANIMA,Neev Securities Pvt. Ltd.,Opal Securities Investment (PVT) Ltd.,250,341.5,85375.0,2025-07-09 14:46:54.044720
2025-07-09,10009,2025070901016278,SANIMA,Neev Securities Pvt. Ltd.,Arun Securities (PVT) Ltd.,29,341.5,9903.5,2025-07-09 14:46:54.045049
2025-07-09,10008,2025070901016279,SANIMA,Neev Securities Pvt. Ltd.,Aryatara Investment & Securities,150,341.6,51240.0,2025-07-09 14:46:54.045348
2025-07-09,10007,2025070901016280,SANIMA,Neev Securities Pvt. Ltd.,Premier Securities Company Ltd.,150,341.6,51240.0,2025-07-09 14:46:54.045609
2025-07-09,10006,2025070901016281,SANIMA,Neev Securities Pvt. Ltd.,Aryatara Investment & Securities,100,341.6,34160.0,2025-07-09 14:46:54.045709
2025-07-09,10005,2025070901016282,SANIMA,Neev Securities Pvt. Ltd.,Deevyaa Securities & Stock House Pvt. Ltd,150,341.9,51285.0,2025-07-09 14:46:54.045819
2025-07-09,10004,2025070901016283,SANIMA,Neev Securities Pvt. Ltd.,Sani Securities Company Ltd.,250,342.0,85500.0,2025-07-09 14:46:54.045923
2025-07-09,10003,2025070901016284,SANIMA,Neev Securities Pvt. Ltd.,Naasa Securities Co. Ltd.,2916,342.0,997272.0,2025-07-09 14:46:54.046031
2025-07-09,9863,2025070901016320,SANIMA,MILKY WAY SHARE BROKER COMPANY LTD ,SHUBHAKAMANA SECURITIES PVT. LTD,1000,340.6,340600.0,2025-07-09 14:47:09.808910
2025-07-09,9615,2025070901016409,SANIMA,Neev Securities Pvt. Ltd.,Dakshinkali Investment & Securities Pvt. Ltd.,5000,341.9,1709500.0,2025-07-09 14:47:43.298819
2025-07-09,9555,2025070901016438,SANIMA,Nabil Stock Dealer Ltd.,Naasa Securities Co. Ltd.,84,342.0,28728.0,2025-07-09 14:47:50.088879
2025-07-09,9554,2025070901016439,SANIMA,Nabil Stock Dealer Ltd.,Swarna Laxmi Securities Pvt. Ltd.,100,342.0,34200.0,2025-07-09 14:47:50.089168
2025-07-09,9553,2025070901016440,SANIMA,Nabil Stock Dealer Ltd.,Midas Stock Broking Company Private Limited,50,342.0,17100.0,2025-07-09 14:47:50.089278
2025-07-09,9552,2025070901016441,SANIMA,Nabil Stock Dealer Ltd.,Nagarik Stock Dealer ,100,342.0,34200.0,2025-07-09 14:47:50.089392
2025-07-09,9551,2025070901016442,SANIMA,Nabil Stock Dealer Ltd.,ABC Securities Private Limited,350,342.0,119700.0,2025-07-09 14:47:50.089533
2025-07-09,9550,2025070901016443,SANIMA,Nabil Stock Dealer Ltd.,Malla & Malla Stock Broking Company Pvt. Limited,100,342.0,34200.0,2025-07-09 14:47:50.089640
2025-07-09,9549,2025070901016444,SANIMA,Nabil Stock Dealer Ltd.,K.B.L. Securities Limited ,1000,342.0,342000.0,2025-07-09 14:47:50.089741
2025-07-09,9548,2025070901016445,SANIMA,Nabil Stock Dealer Ltd.,Nepal Stock House (PVT) Ltd.,100,342.0,34200.0,2025-07-09 14:47:50.089851
2025-07-09,9547,2025070901016446,SANIMA,Nabil Stock Dealer Ltd.,Thrive Brokerage House Pvt. Ltd,946,342.0,323532.0,2025-07-09 14:47:50.089977
2025-07-09,9277,2025070901016542,SANIMA,MILKY WAY SHARE BROKER COMPANY LTD ,Neev Securities Pvt. Ltd.,750,340.6,255450.0,2025-07-09 14:48:20.557806
2025-07-09,9276,2025070901016543,SANIMA,Himalayan Brokerage Company Limited,Neev Securities Pvt. Ltd.,250,340.5,85125.0,2025-07-09 14:48:20.558318
2025-07-09,9255,2025070901016549,SANIMA,Imperial Securities Company Pvt. Ltd.,Primo Securities (PVT) Ltd.,10,341.0,3410.0,2025-07-09 14:48:25.132802
2025-07-09,9172,2025070901016593,SANIMA,Himalayan Brokerage Company Limited,Primo Securities (PVT) Ltd.,90,341.0,30690.0,2025-07-09 14:48:35.719983
2025-07-09,9171,2025070901016594,SANIMA,Himalayan Brokerage Company Limited,Aryatara Investment & Securities,380,341.0,129580.0,2025-07-09 14:48:35.720244
2025-07-09,9142,2025070901016613,SANIMA,Himalayan Brokerage Company Limited,Sharepro Securities Private Limited,1740,341.0,593340.0,2025-07-09 14:48:37.091245
2025-07-09,9141,2025070901016614,SANIMA,Secured Securities Ltd.,Sharepro Securities Private Limited,1986,340.7,676630.2,2025-07-09 14:48:37.091493
2025-07-09,9140,2025070901016615,SANIMA,Arun Securities (PVT) Ltd.,Sharepro Securities Private Limited,26,340.5,8853.0,2025-07-09 14:48:37.091604
2025-07-09,9139,2025070901016616,SANIMA,Sani Securities Company Ltd.,Sharepro Securities Private Limited,20,340.5,6810.0,2025-07-09 14:48:37.091744
2025-07-09,9138,2025070901016617,SANIMA,Imperial Securities Company Pvt. Ltd.,Sharepro Securities Private Limited,2929,340.1,996152.9,2025-07-09 14:48:37.091865
2025-07-09,9137,2025070901016618,SANIMA,Imperial Securities Company Pvt. Ltd.,Sharepro Securities Private Limited,350,340.1,119035.0,2025-07-09 14:48:37.091961
2025-07-09,9136,2025070901016619,SANIMA,Dynamic Money Managers Securities Pvt. Ltd.,Sharepro Securities Private Limited,129,340.0,43860.0,2025-07-09 14:48:37.092094
2025-07-09,9135,2025070901016620,SANIMA,Dakshinkali Investment & Securities Pvt. Ltd.,Sharepro Securities Private Limited,228,340.0,77520.0,2025-07-09 14:48:37.092223
2025-07-09,9134,2025070901016621,SANIMA,Capital Max Securities Ltd,Sharepro Securities Private Limited,200,340.0,68000.0,2025-07-09 14:48:37.092351
2025-07-09,9133,2025070901016622,SANIMA,Naasa Securities Co. Ltd.,Sharepro Securities Private Limited,30,340.0,10200.0,2025-07-09 14:48:37.092456
2025-07-09,9132,2025070901016623,SANIMA,Linch Stock Market Ltd.,Sharepro Securities Private Limited,500,340.0,170000.0,2025-07-09 14:48:37.092591
2025-07-09,9131,2025070901016624,SANIMA,Sani Securities Company Ltd.,Sharepro Securities Private Limited,1862,340.0,633080.0,2025-07-09 14:48:37.092714
2025-07-09,8680,2025070901016792,SANIMA,Cristal Kanchanjanga Securites Pvt. Ltd.,Midas Stock Broking Company Private Limited,500,341.0,170500.0,2025-07-09 14:49:23.633284
2025-07-09,8662,2025070901016799,SANIMA,Asian Securities Private Ltd.,Vision Securities Pvt. Ltd,22,341.5,7513.0,2025-07-09 14:49:26.295354
2025-07-09,8211,2025070901016940,SANIMA,Midas Stock Broking Company Private Limited,Ashutosh Brokerage & Securities (PVT) Ltd.,430,341.1,146673.0,2025-07-09 14:50:24.447188
2025-07-09,8210,2025070901016941,SANIMA,Cristal Kanchanjanga Securites Pvt. Ltd.,Ashutosh Brokerage & Securities (PVT) Ltd.,1500,341.0,511500.0,2025-07-09 14:50:24.447503
2025-07-09,8209,2025070901016942,SANIMA,Sani Securities Company Ltd.,Ashutosh Brokerage & Securities (PVT) Ltd.,70,341.0,23870.0,2025-07-09 14:50:24.447612
2025-07-09,8052,2025070901017003,SANIMA,Online Securities Pvt. Ltd.,Vision Securities Pvt. Ltd,147,341.5,50200.5,2025-07-09 14:50:44.271955
2025-07-09,8051,2025070901017004,SANIMA,Online Securities Pvt. Ltd.,Naasa Securities Co. Ltd.,30,341.9,10257.0,2025-07-09 14:50:44.272408
2025-07-09,8050,2025070901017005,SANIMA,Online Securities Pvt. Ltd.,Dakshinkali Investment & Securities Pvt. Ltd.,4823,341.9,1648983.7,2025-07-09 14:50:44.272746
2025-07-09,7834,2025070901017071,SANIMA,Neev Securities Pvt. Ltd.,Dakshinkali Investment & Securities Pvt. Ltd.,55,341.9,18804.5,2025-07-09 14:51:06.499602
2025-07-09,7778,2025070901017092,SANIMA,Kohinoor Investment & Securities Pvt. Ltd.,Dakshinkali Investment & Securities Pvt. Ltd.,122,341.9,41711.8,2025-07-09 14:51:11.490889
2025-07-09,7666,2025070901017126,SANIMA,Sweta Securities Private Limited,Thrive Brokerage House Pvt. Ltd,54,342.0,18468.0,2025-07-09 14:51:25.103269
2025-07-09,7665,2025070901017127,SANIMA,Sweta Securities Private Limited,Imperial Securities Company Pvt. Ltd.,59,342.0,20178.0,2025-07-09 14:51:25.103731
2025-07-09,7664,2025070901017128,SANIMA,Sweta Securities Private Limited,Dipshikha Dhitopatra Karobar Co. Pvt Ltd.,140,342.0,47880.0,2025-07-09 14:51:25.104060
2025-07-09,7663,2025070901017129,SANIMA,Sweta Securities Private Limited,Naasa Securities Co. Ltd.,20,342.0,6840.0,2025-07-09 14:51:25.104396
2025-07-09,7662,2025070901017130,SANIMA,Sweta Securities Private Limited,Dynamic Money Managers Securities Pvt. Ltd.,1000,342.0,342000.0,2025-07-09 14:51:25.104703
2025-07-09,7661,2025070901017131,SANIMA,Sweta Securities Private Limited,ABC Securities Private Limited,40,342.0,13680.0,2025-07-09 14:51:25.105016
2025-07-09,7660,2025070901017132,SANIMA,Sweta Securities Private Limited,Malla & Malla Stock Broking Company Pvt. Limited,50,342.0,17100.0,2025-07-09 14:51:25.105338
2025-07-09,7659,2025070901017133,SANIMA,Sweta Securities Private Limited,Vision Securities Pvt. Ltd,14,342.0,4788.0,2025-07-09 14:51:25.105640
2025-07-09,7658,2025070901017134,SANIMA,Sweta Securities Private Limited,Market Securities & Exchange (PVT) Ltd.,20,342.0,6840.0,2025-07-09 14:51:25.105942
2025-07-09,7657,2025070901017135,SANIMA,Sweta Securities Private Limited,ABC Securities Private Limited,320,342.0,109440.0,2025-07-09 14:51:25.106258
2025-07-09,7656,2025070901017136,SANIMA,Sweta Securities Private Limited,Opal Securities Investment (PVT) Ltd.,150,342.0,51300.0,2025-07-09 14:51:25.106558
2025-07-09,7655,2025070901017137,SANIMA,Sweta Securities Private Limited,SUN SECURITIES PVT LTD,100,342.0,34200.0,2025-07-09 14:51:25.106857
2025-07-09,7654,2025070901017138,SANIMA,Sweta Securities Private Limited,Bhrikuti Stock Broking Co. Pvt. Ltd.,10,342.0,3420.0,2025-07-09 14:51:25.107178
2025-07-09,7653,2025070901017139,SANIMA,Sweta Securities Private Limited,Premier Securities Company Ltd.,500,342.0,171000.0,2025-07-09 14:51:25.107477
2025-07-09,7652,2025070901017140,SANIMA,Sweta Securities Private Limited,Opal Securities Investment (PVT) Ltd.,50,342.5,17125.0,2025-07-09 14:51:25.107782
2025-07-09,7651,2025070901017141,SANIMA,Sweta Securities Private Limited,Dynamic Money Managers Securities Pvt. Ltd.,1473,342.5,504502.5,2025-07-09 14:51:25.108092
2025-07-09,7547,2025070901017180,SANIMA,Kohinoor Investment & Securities Pvt. Ltd.,Sanima Securities Limited,53,341.9,18120.7,2025-07-09 14:51:39.994770
2025-07-09,7546,2025070901017181,SANIMA,Sani Securities Company Ltd.,Sanima Securities Limited,30,341.0,10230.0,2025-07-09 14:51:39.995033
2025-07-09,7545,2025070901017182,SANIMA,Cristal Kanchanjanga Securites Pvt. Ltd.,Sanima Securities Limited,917,341.0,312697.0,2025-07-09 14:51:39.995223
2025-07-09,7284,2025070901017264,SANIMA,Cristal Kanchanjanga Securites Pvt. Ltd.,Ashutosh Brokerage & Securities (PVT) Ltd.,2000,341.0,682000.0,2025-07-09 14:52:02.160802
2025-07-09,6804,2025070901017410,SANIMA,Nepal Stock House (PVT) Ltd.,Sweta Securities Private Limited,100,341.1,34110.0,2025-07-09 14:52:49.741946
2025-07-09,6756,2025070901017415,SANIMA,Kumari Securities Private Limited,Deevyaa Securities & Stock House Pvt. Ltd,10,341.9,3419.0,2025-07-09 14:52:56.886083
2025-07-09,6568,2025070901017476,SANIMA,Nepal Stock House (PVT) Ltd.,Neev Securities Pvt. Ltd.,45,341.1,15349.5,2025-07-09 14:53:16.405037
2025-07-09,5884,2025070901017672,SANIMA,Online Securities Pvt. Ltd.,Aryatara Investment & Securities,300,341.3,102390.0,2025-07-09 14:54:26.830393
2025-07-09,5883,2025070901017673,SANIMA,Online Securities Pvt. Ltd.,Deevyaa Securities & Stock House Pvt. Ltd,190,341.9,64961.0,2025-07-09 14:54:26.830656
2025-07-09,5882,2025070901017674,SANIMA,Online Securities Pvt. Ltd.,Aryatara Investment & Securities,100,341.9,34190.0,2025-07-09 14:54:26.830792
2025-07-09,5881,2025070901017675,SANIMA,Online Securities Pvt. Ltd.,Swarna Laxmi Securities Pvt. Ltd.,2009,341.9,686877.1,2025-07-09 14:54:26.830936
2025-07-09,5880,2025070901017676,SANIMA,Online Securities Pvt. Ltd.,Ashutosh Brokerage & Securities (PVT) Ltd.,2000,342.0,684000.0,2025-07-09 14:54:26.831095
2025-07-09,5879,2025070901017677,SANIMA,Online Securities Pvt. Ltd.,Linch Stock Market Ltd.,401,342.0,137142.0,2025-07-09 14:54:26.831241
2025-07-09,5878,2025070901017678,SANIMA,Sani Securities Company Ltd.,Agrawal Securities (PVT) Ltd.,13,341.2,4435.6,2025-07-09 14:54:26.867452
2025-07-09,5721,2025070901017746,SANIMA,Miyo Securities Pvt Ltd,Linch Stock Market Ltd.,200,342.0,68400.0,2025-07-09 14:54:40.057946
2025-07-09,5562,2025070901017809,SANIMA,Miyo Securities Pvt Ltd,Linch Stock Market Ltd.,183,342.0,62586.0,2025-07-09 14:54:48.092768
2025-07-09,5561,2025070901017810,SANIMA,Miyo Securities Pvt Ltd,Siprabi Securities Pvt. Ltd.,37,342.0,12654.0,2025-07-09 14:54:48.093033
2025-07-09,5389,2025070901017865,SANIMA,Arun Securities (PVT) Ltd.,Kohinoor Investment & Securities Pvt. Ltd.,188,341.3,64164.4,2025-07-09 14:55:01.340913
2025-07-09,4715,2025070901018045,SANIMA,Kumari Securities Private Limited,Siprabi Securities Pvt. Ltd.,10,342.0,3420.0,2025-07-09 14:55:52.673476
2025-07-09,4705,2025070901018049,SANIMA,Arun Securities (PVT) Ltd.,Imperial Securities Company Pvt. Ltd.,500,341.3,170650.0,2025-07-09 14:55:53.609754
2025-07-09,4589,2025070901018107,SANIMA,Deevyaa Securities & Stock House Pvt. Ltd,Siprabi Securities Pvt. Ltd.,153,342.0,52326.0,2025-07-09 14:56:01.450158
2025-07-09,4588,2025070901018108,SANIMA,Deevyaa Securities & Stock House Pvt. Ltd,Imperial Securities Company Pvt. Ltd.,300,342.0,102600.0,2025-07-09 14:56:01.450201
2025-07-09,4587,2025070901018109,SANIMA,Deevyaa Securities & Stock House Pvt. Ltd,South Asian Bulls Pvt. Ltd.,1000,342.0,342000.0,2025-07-09 14:56:01.450224
2025-07-09,4586,2025070901018110,SANIMA,Deevyaa Securities & Stock House Pvt. Ltd,Neev Securities Pvt. Ltd.,500,342.0,171000.0,2025-07-09 14:56:01.450255
2025-07-09,4585,2025070901018111,SANIMA,Deevyaa Securities & Stock House Pvt. Ltd,Dynamic Money Managers Securities Pvt. Ltd.,1500,342.5,513750.0,2025-07-09 14:56:01.450277
2025-07-09,4584,2025070901018112,SANIMA,Deevyaa Securities & Stock House Pvt. Ltd,Arun Securities (PVT) Ltd.,100,342.5,34250.0,2025-07-09 14:56:01.450304
2025-07-09,4583,2025070901018113,SANIMA,Deevyaa Securities & Stock House Pvt. Ltd,Dipshikha Dhitopatra Karobar Co. Pvt Ltd.,758,342.5,259615.0,2025-07-09 14:56:01.450330
2025-07-09,4582,2025070901018114,SANIMA,Deevyaa Securities & Stock House Pvt. Ltd,Dipshikha Dhitopatra Karobar Co. Pvt Ltd.,500,342.7,171350.0,2025-07-09 14:56:01.450356
2025-07-09,4581,2025070901018115,SANIMA,Deevyaa Securities & Stock House Pvt. Ltd,Asian Securities Private Ltd.,100,342.8,34280.0,2025-07-09 14:56:01.450380
2025-07-09,4580,2025070901018116,SANIMA,Deevyaa Securities & Stock House Pvt. Ltd,Deevyaa Securities & Stock House Pvt. Ltd,89,342.8,30509.2,2025-07-09 14:56:01.450405
2025-07-09,4413,2025070901018156,SANIMA,Vision Securities Pvt. Ltd,ABC Securities Private Limited,1000,342.0,342000.0,2025-07-09 14:56:15.797058
2025-07-09,4058,2025070901018295,SANIMA,Kumari Securities Private Limited,Imperial Securities Company Pvt. Ltd.,21,342.0,7182.0,2025-07-09 14:56:44.160980
2025-07-09,3995,2025070901018315,SANIMA,South Asian Bulls Pvt. Ltd.,Imperial Securities Company Pvt. Ltd.,100,342.0,34200.0,2025-07-09 14:56:47.011208
2025-07-09,3666,2025070901018420,SANIMA,Property Wiard Limited,Imperial Securities Company Pvt. Ltd.,79,342.0,27018.0,2025-07-09 14:57:13.109008
2025-07-09,3665,2025070901018421,SANIMA,Property Wiard Limited,Trishakti Securities Public Limited,440,342.0,150480.0,2025-07-09 14:57:13.109279
2025-07-09,3664,2025070901018422,SANIMA,Property Wiard Limited,Kohinoor Investment & Securities Pvt. Ltd.,10,342.0,3420.0,2025-07-09 14:57:13.109385
2025-07-09,3663,2025070901018423,SANIMA,Property Wiard Limited,South Asian Bulls Pvt. Ltd.,471,342.0,161082.0,2025-07-09 14:57:13.109488
2025-07-09,3633,2025070901018435,SANIMA,Arun Securities (PVT) Ltd.,South Asian Bulls Pvt. Ltd.,300,342.0,102600.0,2025-07-09 14:57:15.069951
2025-07-09,3033,2025070901018614,SANIMA,Premier Securities Company Ltd.,Dakshinkali Investment & Securities Pvt. Ltd.,50,341.9,17095.0,2025-07-09 14:57:53.114196
2025-07-09,2910,2025070901018639,SANIMA,Arun Securities (PVT) Ltd.,Dakshinkali Investment & Securities Pvt. Ltd.,312,341.9,106672.8,2025-07-09 14:58:02.318760
2025-07-09,2803,2025070901018682,SANIMA,Arun Securities (PVT) Ltd.,Sri Hari Securities Pvt. Ltd.,10,341.8,3418.0,2025-07-09 14:58:09.836669
2025-07-09,2763,2025070901018691,SANIMA,Online Securities Pvt. Ltd.,Dakshinkali Investment & Securities Pvt. Ltd.,400,341.9,136760.0,2025-07-09 14:58:12.808973
2025-07-09,2612,2025070901018727,SANIMA,SUN SECURITIES PVT LTD,Dakshinkali Investment & Securities Pvt. Ltd.,4238,341.9,1448972.2,2025-07-09 14:58:21.369884
2025-07-09,2611,2025070901018728,SANIMA,SUN SECURITIES PVT LTD,South Asian Bulls Pvt. Ltd.,229,342.0,78318.0,2025-07-09 14:58:21.369942
2025-07-09,2610,2025070901018729,SANIMA,SUN SECURITIES PVT LTD,Dynamic Money Managers Securities Pvt. Ltd.,2000,342.0,684000.0,2025-07-09 14:58:21.369971
2025-07-09,2609,2025070901018730,SANIMA,SUN SECURITIES PVT LTD,Imperial Securities Company Pvt. Ltd.,33,342.0,11286.0,2025-07-09 14:58:21.369998
2025-07-09,2434,2025070901018786,SANIMA,Indira securities pvt. ltd,Nepal Stock House (PVT) Ltd.,1000,341.9,341900.0,2025-07-09 14:58:32.039430
2025-07-09,2433,2025070901018787,SANIMA,Arun Securities (PVT) Ltd.,Nepal Stock House (PVT) Ltd.,190,341.8,64942.0,2025-07-09 14:58:32.039685
2025-07-09,2432,2025070901018788,SANIMA,Secured Securities Ltd.,Nepal Stock House (PVT) Ltd.,50,341.8,17090.0,2025-07-09 14:58:32.039796
2025-07-09,2431,2025070901018789,SANIMA,Online Securities Pvt. Ltd.,Nepal Stock House (PVT) Ltd.,300,341.7,102510.0,2025-07-09 14:58:32.039901
2025-07-09,2430,2025070901018790,SANIMA,Vision Securities Pvt. Ltd,Nepal Stock House (PVT) Ltd.,37,341.7,12642.9,2025-07-09 14:58:32.040006
2025-07-09,2334,2025070901018828,SANIMA,Sharepro Securities Private Limited,Imperial Securities Company Pvt. Ltd.,67,342.0,22914.0,2025-07-09 14:58:37.929188
2025-07-09,2333,2025070901018829,SANIMA,Sharepro Securities Private Limited,Deevyaa Securities & Stock House Pvt. Ltd,11,342.8,3770.8,2025-07-09 14:58:37.929235
2025-07-09,2332,2025070901018830,SANIMA,Sharepro Securities Private Limited,Malla & Malla Stock Broking Company Pvt. Limited,200,342.8,68560.0,2025-07-09 14:58:37.929260
2025-07-09,2331,2025070901018831,SANIMA,Sharepro Securities Private Limited,Imperial Securities Company Pvt. Ltd.,500,342.8,171400.0,2025-07-09 14:58:37.929285
2025-07-09,2330,2025070901018832,SANIMA,Sharepro Securities Private Limited,Aryatara Investment & Securities,500,342.8,171400.0,2025-07-09 14:58:37.929307
2025-07-09,2329,2025070901018833,SANIMA,Sharepro Securities Private Limited,Agrawal Securities (PVT) Ltd.,140,342.9,48006.0,2025-07-09 14:58:37.929344
2025-07-09,2328,2025070901018834,SANIMA,Sharepro Securities Private Limited,Investment Management Nepal Pvt. Ltd.,20,343.0,6860.0,2025-07-09 14:58:37.929370
2025-07-09,2327,2025070901018835,SANIMA,Sharepro Securities Private Limited,South Asian Bulls Pvt. Ltd.,40,343.0,13720.0,2025-07-09 14:58:37.929395
2025-07-09,2326,2025070901018836,SANIMA,Sharepro Securities Private Limited,Sani Securities Company Ltd.,300,343.0,102900.0,2025-07-09 14:58:37.929418
2025-07-09,2325,2025070901018837,SANIMA,Sharepro Securities Private Limited,Sundhara Securities Limited,34,343.0,11662.0,2025-07-09 14:58:37.929444
2025-07-09,2324,2025070901018838,SANIMA,Sharepro Securities Private Limited,Sri Hari Securities Pvt. Ltd.,50,343.0,17150.0,2025-07-09 14:58:37.929468
2025-07-09,2323,2025070901018839,SANIMA,Sharepro Securities Private Limited,Linch Stock Market Ltd.,500,343.0,171500.0,2025-07-09 14:58:37.929494
2025-07-09,2322,2025070901018840,SANIMA,Sharepro Securities Private Limited,Opal Securities Investment (PVT) Ltd.,150,343.0,51450.0,2025-07-09 14:58:37.929517
2025-07-09,2321,2025070901018841,SANIMA,Sharepro Securities Private Limited,Opal Securities Investment (PVT) Ltd.,200,343.0,68600.0,2025-07-09 14:58:37.929539
2025-07-09,2320,2025070901018842,SANIMA,Sharepro Securities Private Limited,Malla & Malla Stock Broking Company Pvt. Limited,50,343.0,17150.0,2025-07-09 14:58:37.929567
2025-07-09,2319,2025070901018843,SANIMA,Sharepro Securities Private Limited,Premier Securities Company Ltd.,2000,343.0,686000.0,2025-07-09 14:58:37.929588
2025-07-09,2318,2025070901018844,SANIMA,Sharepro Securities Private Limited,Sani Securities Company Ltd.,50,343.0,17150.0,2025-07-09 14:58:37.929609
2025-07-09,2317,2025070901018845,SANIMA,Sharepro Securities Private Limited,Online Securities Pvt. Ltd.,200,343.0,68600.0,2025-07-09 14:58:37.929633
2025-07-09,2316,2025070901018846,SANIMA,Sharepro Securities Private Limited,Swarna Laxmi Securities Pvt. Ltd.,1000,343.0,343000.0,2025-07-09 14:58:37.929657
2025-07-09,2315,2025070901018847,SANIMA,Sharepro Securities Private Limited,Sajilo Broker Limited,100,343.0,34300.0,2025-07-09 14:58:37.929691
2025-07-09,2314,2025070901018848,SANIMA,Sharepro Securities Private Limited,Oxford Securities Pvt. Ltd.,60,343.3,20598.0,2025-07-09 14:58:37.929714
2025-07-09,2313,2025070901018849,SANIMA,Sharepro Securities Private Limited,Dynamic Money Managers Securities Pvt. Ltd.,828,343.5,284418.0,2025-07-09 14:58:37.929736
2025-07-09,1430,2025070901019095,SANIMA,SUN SECURITIES PVT LTD,Sani Securities Company Ltd.,3000,341.8,1025400.0,2025-07-09 14:59:20.702571
2025-07-09,1429,2025070901019096,SANIMA,SUN SECURITIES PVT LTD,Dynamic Money Managers Securities Pvt. Ltd.,190,341.9,64961.0,2025-07-09 14:59:20.702645
2025-07-09,1428,2025070901019097,SANIMA,SUN SECURITIES PVT LTD,Nepal Stock House (PVT) Ltd.,100,342.0,34200.0,2025-07-09 14:59:20.702674
2025-07-09,1427,2025070901019098,SANIMA,SUN SECURITIES PVT LTD,Kumari Securities Private Limited,3027,342.0,1035234.0,2025-07-09 14:59:20.702696
2025-07-09,1426,2025070901019099,SANIMA,SUN SECURITIES PVT LTD,Imperial Securities Company Pvt. Ltd.,100,342.0,34200.0,2025-07-09 14:59:20.702717
2025-07-09,1425,2025070901019100,SANIMA,SUN SECURITIES PVT LTD,Shree Krishna Securities Ltd.,83,342.5,28427.5,2025-07-09 14:59:20.702753
2025-07-09,1183,2025070901019218,SANIMA,Premier Securities Company Ltd.,Nepal Stock House (PVT) Ltd.,100,341.8,34180.0,2025-07-09 14:59:28.293361
2025-07-09,1128,2025070901019235,SANIMA,Online Securities Pvt. Ltd.,Sani Securities Company Ltd.,30,342.0,10260.0,2025-07-09 14:59:29.837436
2025-07-09,1036,2025070901019265,SANIMA,Cristal Kanchanjanga Securites Pvt. Ltd.,Sani Securities Company Ltd.,200,342.0,68400.0,2025-07-09 14:59:31.557564
2025-07-09,795,2025070901019334,SANIMA,Premier Securities Company Ltd.,Kumari Securities Private Limited,100,341.8,34180.0,2025-07-09 14:59:39.453737
2025-07-09,671,2025070901019397,SANIMA,Online Securities Pvt. Ltd.,Sani Securities Company Ltd.,20,342.0,6840.0,2025-07-09 14:59:42.642592
2025-07-09,405,2025070901019482,SANIMA,Premier Securities Company Ltd.,Ashutosh Brokerage & Securities (PVT) Ltd.,200,341.8,68360.0,2025-07-09 14:59:50.883125
2025-07-09,404,2025070901019483,SANIMA,Vision Securities Pvt. Ltd,Ashutosh Brokerage & Securities (PVT) Ltd.,2800,341.7,956760.0,2025-07-09 14:59:50.883353
2025-07-09,259,2025070901019546,SANIMA,Sani Securities Company Ltd.,Sani Securities Company Ltd.,287,342.0,98154.0,2025-07-09 14:59:54.069386
2025-07-09,222,2025070901019562,SANIMA,Sani Securities Company Ltd.,Sani Securities Company Ltd.,463,342.0,158346.0,2025-07-09 14:59:55.085056
2025-07-09,221,2025070901019563,SANIMA,Sani Securities Company Ltd.,Ashutosh Brokerage & Securities (PVT) Ltd.,105,342.0,35910.0,2025-07-09 14:59:55.085285
2025-07-09,171,2025070901019583,SANIMA,Sani Securities Company Ltd.,Naasa Securities Co. Ltd.,10,342.0,3420.0,2025-07-09 14:59:56.640843
2025-07-09,58,2025070901019605,SANIMA,Siprabi Securities Pvt. Ltd.,Shree Krishna Securities Ltd.,217,342.5,74322.5,2025-07-09 14:59:58.991007
2025-07-09,57,2025070901019606,SANIMA,Siprabi Securities Pvt. Ltd.,South Asian Bulls Pvt. Ltd.,83,343.0,28469.0,2025-07-09 14:59:58.991062
