Date,S.N.,Contract ID,Symbol,Buyer Broker,Seller Broker,volume,rate,amount,transaction_time
2025-07-09,62659,2025070904000124,SHPC,Sani Securities Company Ltd.,Bhrikuti Stock Broking Co. Pvt. Ltd.,20,601.5,12030.0,2025-07-09 11:01:42.087575
2025-07-09,62650,2025070904000131,SHPC,Opal Securities Investment (PVT) Ltd.,Bhrikuti Stock Broking Co. Pvt. Ltd.,200,601.5,120300.0,2025-07-09 11:01:48.267544
2025-07-09,62626,2025070904000145,SHPC,Siprabi Securities Pvt. Ltd.,Investment Management Nepal Pvt. Ltd.,200,601.4,120280.0,2025-07-09 11:02:04.992673
2025-07-09,62625,2025070904000146,SHPC,Siprabi Securities Pvt. Ltd.,Bhrikuti Stock Broking Co. Pvt. Ltd.,80,601.5,48120.0,2025-07-09 11:02:04.992786
2025-07-09,62554,2025070904000185,SHPC,Siprabi Securities Pvt. Ltd.,Imperial Securities Company Pvt. Ltd.,220,601.5,132330.0,2025-07-09 11:02:23.043838
2025-07-09,62465,2025070904000244,SHPC,Dipshikha Dhitopatra Karobar Co. Pvt Ltd.,Naasa Securities Co. Ltd.,500,601.5,300750.0,2025-07-09 11:02:47.895521
2025-07-09,62400,2025070904000292,SHPC,Siprabi Securities Pvt. Ltd.,Trishakti Securities Public Limited,40,601.5,24060.0,2025-07-09 11:03:17.437880
2025-07-09,62351,2025070904000305,SHPC,Imperial Securities Company Pvt. Ltd.,Oxford Securities Pvt. Ltd.,10,601.0,6010.0,2025-07-09 11:03:35.600309
2025-07-09,62323,2025070904000321,SHPC,Deevyaa Securities & Stock House Pvt. Ltd,Oxford Securities Pvt. Ltd.,190,601.0,114190.0,2025-07-09 11:03:51.939433
2025-07-09,62279,2025070904000347,SHPC,Magnet Securities and Investment Company Private Limited,Vision Securities Pvt. Ltd,100,600.0,60000.0,2025-07-09 11:04:06.301412
2025-07-09,62276,2025070904000350,SHPC,Nagarik Stock Dealer ,Vision Securities Pvt. Ltd,160,600.0,96000.0,2025-07-09 11:04:07.543642
2025-07-09,62260,2025070904000355,SHPC,Linch Stock Market Ltd.,Sharepro Securities Private Limited,200,599.0,119800.0,2025-07-09 11:04:13.261416
2025-07-09,62251,2025070904000363,SHPC,Opal Securities Investment (PVT) Ltd.,Vision Securities Pvt. Ltd,100,600.0,60000.0,2025-07-09 11:04:16.075745
2025-07-09,62204,2025070904000386,SHPC,Linch Stock Market Ltd.,Oxford Securities Pvt. Ltd.,300,599.0,179700.0,2025-07-09 11:04:32.885441
2025-07-09,62136,2025070904000414,SHPC,Opal Securities Investment (PVT) Ltd.,Vision Securities Pvt. Ltd,140,600.0,84000.0,2025-07-09 11:04:53.354862
2025-07-09,62103,2025070904000434,SHPC,Opal Securities Investment (PVT) Ltd.,Trishakti Securities Public Limited,20,600.0,12000.0,2025-07-09 11:05:01.628908
2025-07-09,62069,2025070904000449,SHPC,Nepal Stock House (PVT) Ltd.,Sharepro Securities Private Limited,100,600.1,60010.0,2025-07-09 11:05:16.500932
2025-07-09,62060,2025070904000455,SHPC,Nagarik Stock Dealer ,Trishakti Securities Public Limited,95,601.0,57095.0,2025-07-09 11:05:18.751977
2025-07-09,62056,2025070904000458,SHPC,Nepal Stock House (PVT) Ltd.,Oxford Securities Pvt. Ltd.,40,600.1,24004.0,2025-07-09 11:05:21.150738
2025-07-09,62012,2025070904000491,SHPC,Linch Stock Market Ltd.,Trishakti Securities Public Limited,65,601.0,39065.0,2025-07-09 11:05:28.312651
2025-07-09,61981,2025070904000506,SHPC,Deevyaa Securities & Stock House Pvt. Ltd,J.F. Securites (PVT) Ltd.,70,603.0,42210.0,2025-07-09 11:05:41.789059
2025-07-09,61832,2025070904000575,SHPC,Dynamic Money Managers Securities Pvt. Ltd.,J.F. Securites (PVT) Ltd.,50,601.0,30050.0,2025-07-09 11:06:46.960459
2025-07-09,61786,2025070904000605,SHPC,Trishakti Securities Public Limited,Vision Securities Pvt. Ltd,200,601.1,120220.0,2025-07-09 11:06:58.328825
2025-07-09,61785,2025070904000606,SHPC,Dynamic Money Managers Securities Pvt. Ltd.,Vision Securities Pvt. Ltd,50,601.0,30050.0,2025-07-09 11:06:58.328968
2025-07-09,61784,2025070904000607,SHPC,Sharepro Securities Private Limited,Vision Securities Pvt. Ltd,100,601.0,60100.0,2025-07-09 11:06:58.329027
2025-07-09,61706,2025070904000652,SHPC,Deevyaa Securities & Stock House Pvt. Ltd,Vision Securities Pvt. Ltd,25,601.0,15025.0,2025-07-09 11:07:20.183577
2025-07-09,61666,2025070904000682,SHPC,Linch Stock Market Ltd.,Vision Securities Pvt. Ltd,125,601.0,75125.0,2025-07-09 11:07:24.337626
2025-07-09,61650,2025070904000689,SHPC,Dipshikha Dhitopatra Karobar Co. Pvt Ltd.,Sharepro Securities Private Limited,100,603.0,60300.0,2025-07-09 11:07:33.241097
2025-07-09,61649,2025070904000690,SHPC,Dipshikha Dhitopatra Karobar Co. Pvt Ltd.,ABC Securities Private Limited,100,603.0,60300.0,2025-07-09 11:07:33.241373
2025-07-09,61608,2025070904000715,SHPC,Dipshikha Dhitopatra Karobar Co. Pvt Ltd.,Vision Securities Pvt. Ltd,100,603.0,60300.0,2025-07-09 11:07:44.939063
2025-07-09,61595,2025070904000718,SHPC,Naasa Securities Co. Ltd.,Aakashbhairab Securities Ltd.,140,603.8,84532.0,2025-07-09 11:07:48.293469
2025-07-09,61521,2025070904000764,SHPC,Vision Securities Pvt. Ltd,Imperial Securities Company Pvt. Ltd.,300,603.7,181110.0,2025-07-09 11:08:16.474521
2025-07-09,61520,2025070904000765,SHPC,Vision Securities Pvt. Ltd,Aakashbhairab Securities Ltd.,160,603.8,96608.0,2025-07-09 11:08:16.474630
2025-07-09,61507,2025070904000772,SHPC,Vision Securities Pvt. Ltd,Oxford Securities Pvt. Ltd.,40,603.8,24152.0,2025-07-09 11:08:22.091208
2025-07-09,61495,2025070904000780,SHPC,Linch Stock Market Ltd.,Oxford Securities Pvt. Ltd.,10,602.0,6020.0,2025-07-09 11:08:25.680674
2025-07-09,61494,2025070904000781,SHPC,Linch Stock Market Ltd.,Vision Securities Pvt. Ltd,100,603.9,60390.0,2025-07-09 11:08:25.680795
2025-07-09,61493,2025070904000782,SHPC,Linch Stock Market Ltd.,Trisul Securities & Invt. Ltd.,20,603.9,12078.0,2025-07-09 11:08:25.680852
2025-07-09,61492,2025070904000783,SHPC,Linch Stock Market Ltd.,Naasa Securities Co. Ltd.,245,604.0,147980.0,2025-07-09 11:08:25.680902
2025-07-09,61394,2025070904000843,SHPC,Vision Securities Pvt. Ltd,Imperial Securities Company Pvt. Ltd.,200,603.8,120760.0,2025-07-09 11:08:56.773139
2025-07-09,61393,2025070904000844,SHPC,Vision Securities Pvt. Ltd,Bhrikuti Stock Broking Co. Pvt. Ltd.,300,603.9,181170.0,2025-07-09 11:08:56.773271
2025-07-09,61268,2025070904000917,SHPC,Sani Securities Company Ltd.,Malla & Malla Stock Broking Company Pvt. Limited,10,601.5,6015.0,2025-07-09 11:09:30.503952
2025-07-09,61267,2025070904000918,SHPC,Opal Securities Investment (PVT) Ltd.,Malla & Malla Stock Broking Company Pvt. Limited,100,601.4,60140.0,2025-07-09 11:09:30.504075
2025-07-09,61266,2025070904000919,SHPC,Opal Securities Investment (PVT) Ltd.,Malla & Malla Stock Broking Company Pvt. Limited,40,601.3,24052.0,2025-07-09 11:09:30.504134
2025-07-09,61265,2025070904000920,SHPC,Trisul Securities & Invt. Ltd.,Malla & Malla Stock Broking Company Pvt. Limited,30,601.2,18036.0,2025-07-09 11:09:30.504190
2025-07-09,61042,2025070904001033,SHPC,Kumari Securities Private Limited,Trisul Securities & Invt. Ltd.,50,601.7,30085.0,2025-07-09 11:10:48.596643
2025-07-09,61041,2025070904001034,SHPC,Opal Securities Investment (PVT) Ltd.,Trisul Securities & Invt. Ltd.,50,601.6,30080.0,2025-07-09 11:10:48.596682
2025-07-09,61007,2025070904001042,SHPC,Pragyan Securities (PVT) Ltd.,Vision Securities Pvt. Ltd,200,602.9,120580.0,2025-07-09 11:11:06.933277
2025-07-09,60984,2025070904001056,SHPC,Opal Securities Investment (PVT) Ltd.,Imperial Securities Company Pvt. Ltd.,50,601.6,30080.0,2025-07-09 11:11:14.838303
2025-07-09,60983,2025070904001057,SHPC,Trisul Securities & Invt. Ltd.,Imperial Securities Company Pvt. Ltd.,90,601.6,54144.0,2025-07-09 11:11:14.838422
2025-07-09,60972,2025070904001061,SHPC,Trisul Securities & Invt. Ltd.,Linch Stock Market Ltd.,30,601.2,18036.0,2025-07-09 11:11:20.132104
2025-07-09,60944,2025070904001080,SHPC,Secured Securities Ltd.,Bhrikuti Stock Broking Co. Pvt. Ltd.,50,602.8,30140.0,2025-07-09 11:11:36.612742
2025-07-09,60903,2025070904001097,SHPC,Nepal Stock House (PVT) Ltd.,Online Securities Pvt. Ltd.,100,601.5,60150.0,2025-07-09 11:11:51.858859
2025-07-09,60816,2025070904001138,SHPC,Nepal Stock House (PVT) Ltd.,Asian Securities Private Ltd.,50,601.5,30075.0,2025-07-09 11:12:17.090248
2025-07-09,60790,2025070904001152,SHPC,Pragyan Securities (PVT) Ltd.,Vision Securities Pvt. Ltd,100,602.7,60270.0,2025-07-09 11:12:27.850036
2025-07-09,60722,2025070904001190,SHPC,Trisul Securities & Invt. Ltd.,Bhrikuti Stock Broking Co. Pvt. Ltd.,40,602.7,24108.0,2025-07-09 11:12:46.641372
2025-07-09,60721,2025070904001191,SHPC,Naasa Securities Co. Ltd.,Bhrikuti Stock Broking Co. Pvt. Ltd.,70,601.7,42119.0,2025-07-09 11:12:46.641654
2025-07-09,60720,2025070904001192,SHPC,Trisul Securities & Invt. Ltd.,Bhrikuti Stock Broking Co. Pvt. Ltd.,500,601.6,300800.0,2025-07-09 11:12:46.641837
2025-07-09,60719,2025070904001193,SHPC,Nepal Stock House (PVT) Ltd.,Bhrikuti Stock Broking Co. Pvt. Ltd.,90,601.5,54135.0,2025-07-09 11:12:46.642026
2025-07-09,60617,2025070904001243,SHPC,Nepal Stock House (PVT) Ltd.,Imperial Securities Company Pvt. Ltd.,620,601.5,372930.0,2025-07-09 11:13:18.022169
2025-07-09,60442,2025070904001323,SHPC,Himalayan Brokerage Company Limited,Aryatara Investment & Securities,100,601.1,60110.0,2025-07-09 11:14:08.024994
2025-07-09,60310,2025070904001382,SHPC,Oxford Securities Pvt. Ltd.,Imperial Securities Company Pvt. Ltd.,25,601.0,15025.0,2025-07-09 11:14:58.688122
2025-07-09,60309,2025070904001383,SHPC,Imperial Securities Company Pvt. Ltd.,Imperial Securities Company Pvt. Ltd.,10,601.0,6010.0,2025-07-09 11:14:58.688446
2025-07-09,60308,2025070904001384,SHPC,Capital Max Securities Ltd,Imperial Securities Company Pvt. Ltd.,15,601.0,9015.0,2025-07-09 11:14:58.688629
2025-07-09,60300,2025070904001387,SHPC,Sharepro Securities Private Limited,Imperial Securities Company Pvt. Ltd.,50,602.7,30135.0,2025-07-09 11:15:04.578670
2025-07-09,60269,2025070904001400,SHPC,Capital Max Securities Ltd,Vision Securities Pvt. Ltd,148,601.0,88948.0,2025-07-09 11:15:14.175743
2025-07-09,60259,2025070904001403,SHPC,Capital Max Securities Ltd,Deevyaa Securities & Stock House Pvt. Ltd,337,601.0,202537.0,2025-07-09 11:15:20.770839
2025-07-09,60210,2025070904001417,SHPC,Kumari Securities Private Limited,Arun Securities (PVT) Ltd.,400,600.5,240200.0,2025-07-09 11:15:40.858483
2025-07-09,60209,2025070904001418,SHPC,Opal Securities Investment (PVT) Ltd.,Arun Securities (PVT) Ltd.,50,600.3,30015.0,2025-07-09 11:15:40.858791
2025-07-09,60208,2025070904001419,SHPC,APPLE SECURITIES PRIVATE LIMITED,Arun Securities (PVT) Ltd.,50,600.1,30005.0,2025-07-09 11:15:40.858976
2025-07-09,60199,2025070904001421,SHPC,Vision Securities Pvt. Ltd,Deevyaa Securities & Stock House Pvt. Ltd,163,601.0,97963.0,2025-07-09 11:15:42.326955
2025-07-09,60198,2025070904001422,SHPC,Vision Securities Pvt. Ltd,Bhrikuti Stock Broking Co. Pvt. Ltd.,10,602.8,6028.0,2025-07-09 11:15:42.327349
2025-07-09,59814,2025070904001606,SHPC,Linch Stock Market Ltd.,Naasa Securities Co. Ltd.,30,601.1,18033.0,2025-07-09 11:17:58.830632
2025-07-09,59813,2025070904001607,SHPC,Opal Securities Investment (PVT) Ltd.,Naasa Securities Co. Ltd.,100,601.1,60110.0,2025-07-09 11:17:58.830727
2025-07-09,59812,2025070904001608,SHPC,Imperial Securities Company Pvt. Ltd.,Naasa Securities Co. Ltd.,10,601.0,6010.0,2025-07-09 11:17:58.830846
2025-07-09,59811,2025070904001609,SHPC,Malla & Malla Stock Broking Company Pvt. Limited,Naasa Securities Co. Ltd.,50,601.0,30050.0,2025-07-09 11:17:58.830935
2025-07-09,59810,2025070904001610,SHPC,Dynamic Money Managers Securities Pvt. Ltd.,Naasa Securities Co. Ltd.,100,601.0,60100.0,2025-07-09 11:17:58.831020
2025-07-09,59757,2025070904001638,SHPC,Sani Securities Company Ltd.,Sani Securities Company Ltd.,100,600.9,60090.0,2025-07-09 11:18:14.735542
2025-07-09,59756,2025070904001639,SHPC,Aryatara Investment & Securities,Sani Securities Company Ltd.,50,600.2,30010.0,2025-07-09 11:18:14.735587
2025-07-09,59755,2025070904001640,SHPC,APPLE SECURITIES PRIVATE LIMITED,Sani Securities Company Ltd.,350,600.1,210035.0,2025-07-09 11:18:14.735620
2025-07-09,59754,2025070904001641,SHPC,Aryatara Investment & Securities,Sani Securities Company Ltd.,100,600.1,60010.0,2025-07-09 11:18:14.735647
2025-07-09,59753,2025070904001642,SHPC,Shree Krishna Securities Ltd.,Sani Securities Company Ltd.,400,600.0,240000.0,2025-07-09 11:18:14.735680
2025-07-09,59733,2025070904001652,SHPC,Shree Krishna Securities Ltd.,Naasa Securities Co. Ltd.,300,600.0,180000.0,2025-07-09 11:18:19.838733
2025-07-09,59732,2025070904001653,SHPC,Shree Krishna Securities Ltd.,Naasa Securities Co. Ltd.,300,600.0,180000.0,2025-07-09 11:18:19.838910
2025-07-09,59731,2025070904001654,SHPC,Secured Securities Ltd.,Naasa Securities Co. Ltd.,50,600.0,30000.0,2025-07-09 11:18:19.838975
2025-07-09,59730,2025070904001655,SHPC,Imperial Securities Company Pvt. Ltd.,Naasa Securities Co. Ltd.,100,600.0,60000.0,2025-07-09 11:18:19.839057
2025-07-09,59729,2025070904001656,SHPC,Imperial Securities Company Pvt. Ltd.,Naasa Securities Co. Ltd.,10,600.0,6000.0,2025-07-09 11:18:19.839122
2025-07-09,59728,2025070904001657,SHPC,Online Securities Pvt. Ltd.,Naasa Securities Co. Ltd.,800,600.0,480000.0,2025-07-09 11:18:19.839185
2025-07-09,59727,2025070904001658,SHPC,South Asian Bulls Pvt. Ltd.,Naasa Securities Co. Ltd.,100,600.0,60000.0,2025-07-09 11:18:19.839245
2025-07-09,59726,2025070904001659,SHPC,Capital Max Securities Ltd,Naasa Securities Co. Ltd.,500,600.0,300000.0,2025-07-09 11:18:19.839305
2025-07-09,59725,2025070904001660,SHPC,Midas Stock Broking Company Private Limited,Naasa Securities Co. Ltd.,1310,600.0,786000.0,2025-07-09 11:18:19.839379
2025-07-09,59724,2025070904001661,SHPC,Sharepro Securities Private Limited,Naasa Securities Co. Ltd.,100,600.0,60000.0,2025-07-09 11:18:19.839439
2025-07-09,59715,2025070904001666,SHPC,Roadshow securities limited,Naasa Securities Co. Ltd.,685,600.0,411000.0,2025-07-09 11:18:24.537282
2025-07-09,59714,2025070904001667,SHPC,Roadshow securities limited,Aryatara Investment & Securities,100,601.9,60190.0,2025-07-09 11:18:24.537430
2025-07-09,59713,2025070904001668,SHPC,Roadshow securities limited,Online Securities Pvt. Ltd.,100,602.0,60200.0,2025-07-09 11:18:24.537504
2025-07-09,59712,2025070904001669,SHPC,Roadshow securities limited,Cristal Kanchanjanga Securites Pvt. Ltd.,215,602.0,129430.0,2025-07-09 11:18:24.537591
2025-07-09,59600,2025070904001730,SHPC,Himalayan Brokerage Company Limited,Imperial Securities Company Pvt. Ltd.,100,599.1,59910.0,2025-07-09 11:18:56.072532
2025-07-09,59599,2025070904001731,SHPC,Cristal Kanchanjanga Securites Pvt. Ltd.,Imperial Securities Company Pvt. Ltd.,500,599.0,299500.0,2025-07-09 11:18:56.072646
2025-07-09,59286,2025070904001874,SHPC,Sumeru Securities Pvt. Ltd.,Imperial Securities Company Pvt. Ltd.,19,600.0,11400.0,2025-07-09 11:20:32.886395
2025-07-09,58757,2025070904002076,SHPC,Vision Securities Pvt. Ltd,Trisul Securities & Invt. Ltd.,100,600.0,60000.0,2025-07-09 11:23:26.006048
2025-07-09,58756,2025070904002077,SHPC,Vision Securities Pvt. Ltd,Aryatara Investment & Securities,40,600.0,24000.0,2025-07-09 11:23:26.006255
2025-07-09,58631,2025070904002148,SHPC,Secured Securities Ltd.,Sharepro Securities Private Limited,100,601.0,60100.0,2025-07-09 11:23:59.185165
2025-07-09,58630,2025070904002149,SHPC,Secured Securities Ltd.,Aryatara Investment & Securities,23,601.0,13823.0,2025-07-09 11:23:59.185406
2025-07-09,58618,2025070904002153,SHPC,Secured Securities Ltd.,Dynamic Money Managers Securities Pvt. Ltd.,300,601.0,180300.0,2025-07-09 11:24:05.808274
2025-07-09,58594,2025070904002171,SHPC,Secured Securities Ltd.,Naasa Securities Co. Ltd.,577,601.0,346777.0,2025-07-09 11:24:15.598208
2025-07-09,58568,2025070904002184,SHPC,Opal Securities Investment (PVT) Ltd.,Naasa Securities Co. Ltd.,50,601.1,30055.0,2025-07-09 11:24:27.661175
2025-07-09,58567,2025070904002185,SHPC,Vision Securities Pvt. Ltd,Naasa Securities Co. Ltd.,360,600.0,216000.0,2025-07-09 11:24:27.661270
2025-07-09,58267,2025070904002297,SHPC,Naasa Securities Co. Ltd.,Imperial Securities Company Pvt. Ltd.,215,601.0,129215.0,2025-07-09 11:25:53.879531
2025-07-09,58234,2025070904002304,SHPC,Sweta Securities Private Limited,Dakshinkali Investment & Securities Pvt. Ltd.,100,601.6,60160.0,2025-07-09 11:26:05.000673
2025-07-09,58141,2025070904002330,SHPC,Trisul Securities & Invt. Ltd.,Arun Securities (PVT) Ltd.,300,601.7,180510.0,2025-07-09 11:26:31.510807
2025-07-09,58073,2025070904002359,SHPC,Premier Securities Company Ltd.,ABC Securities Private Limited,100,601.8,60180.0,2025-07-09 11:26:48.220884
2025-07-09,58072,2025070904002360,SHPC,Premier Securities Company Ltd.,Naasa Securities Co. Ltd.,100,601.9,60190.0,2025-07-09 11:26:48.221102
2025-07-09,57970,2025070904002420,SHPC,Vision Securities Pvt. Ltd,ABC Securities Private Limited,63,601.7,37907.1,2025-07-09 11:27:13.678430
2025-07-09,57869,2025070904002477,SHPC,Sharepro Securities Private Limited,Naasa Securities Co. Ltd.,50,601.9,30095.0,2025-07-09 11:27:45.115607
2025-07-09,57785,2025070904002527,SHPC,Opal Securities Investment (PVT) Ltd.,Cristal Kanchanjanga Securites Pvt. Ltd.,100,602.0,60200.0,2025-07-09 11:28:06.053891
2025-07-09,57779,2025070904002530,SHPC,Midas Stock Broking Company Private Limited,Cristal Kanchanjanga Securites Pvt. Ltd.,500,602.0,301000.0,2025-07-09 11:28:07.103879
2025-07-09,57664,2025070904002580,SHPC,Linch Stock Market Ltd.,Cristal Kanchanjanga Securites Pvt. Ltd.,185,602.0,111370.0,2025-07-09 11:28:39.622932
2025-07-09,57627,2025070904002596,SHPC,Deevyaa Securities & Stock House Pvt. Ltd,Oxford Securities Pvt. Ltd.,80,602.7,48216.0,2025-07-09 11:28:51.353732
2025-07-09,57626,2025070904002597,SHPC,Deevyaa Securities & Stock House Pvt. Ltd,Bhrikuti Stock Broking Co. Pvt. Ltd.,105,602.8,63294.0,2025-07-09 11:28:51.354095
2025-07-09,57597,2025070904002599,SHPC,Linch Stock Market Ltd.,Oxford Securities Pvt. Ltd.,70,602.0,42140.0,2025-07-09 11:28:54.335591
2025-07-09,57596,2025070904002600,SHPC,Vision Securities Pvt. Ltd,Oxford Securities Pvt. Ltd.,37,601.7,22262.9,2025-07-09 11:28:54.336057
2025-07-09,57595,2025070904002601,SHPC,Opal Securities Investment (PVT) Ltd.,Oxford Securities Pvt. Ltd.,13,601.0,7813.0,2025-07-09 11:28:54.336404
2025-07-09,57503,2025070904002634,SHPC,Midas Stock Broking Company Private Limited,Bhrikuti Stock Broking Co. Pvt. Ltd.,35,602.8,21098.0,2025-07-09 11:29:14.307679
2025-07-09,57502,2025070904002635,SHPC,Midas Stock Broking Company Private Limited,Online Securities Pvt. Ltd.,100,603.0,60300.0,2025-07-09 11:29:14.307718
2025-07-09,57501,2025070904002636,SHPC,Midas Stock Broking Company Private Limited,Bhrikuti Stock Broking Co. Pvt. Ltd.,10,603.7,6037.0,2025-07-09 11:29:14.307748
2025-07-09,57500,2025070904002637,SHPC,Midas Stock Broking Company Private Limited,Malla & Malla Stock Broking Company Pvt. Limited,50,603.7,30185.0,2025-07-09 11:29:14.307772
2025-07-09,57365,2025070904002703,SHPC,Vision Securities Pvt. Ltd,Imperial Securities Company Pvt. Ltd.,200,603.7,120740.0,2025-07-09 11:29:49.129228
2025-07-09,57341,2025070904002725,SHPC,Cristal Kanchanjanga Securites Pvt. Ltd.,Cristal Kanchanjanga Securites Pvt. Ltd.,800,604.0,483200.0,2025-07-09 11:29:51.943559
2025-07-09,57237,2025070904002770,SHPC,Naasa Securities Co. Ltd.,Cristal Kanchanjanga Securites Pvt. Ltd.,100,604.0,60400.0,2025-07-09 11:30:09.093600
2025-07-09,57184,2025070904002799,SHPC,Secured Securities Ltd.,Dynamic Money Managers Securities Pvt. Ltd.,100,603.0,60300.0,2025-07-09 11:30:17.257096
2025-07-09,57183,2025070904002800,SHPC,Sharepro Securities Private Limited,Dynamic Money Managers Securities Pvt. Ltd.,100,602.0,60200.0,2025-07-09 11:30:17.257329
2025-07-09,56856,2025070904002947,SHPC,Naasa Securities Co. Ltd.,Imperial Securities Company Pvt. Ltd.,200,603.9,120780.0,2025-07-09 11:31:35.041781
2025-07-09,56701,2025070904003023,SHPC,Capital Max Securities Ltd,Cristal Kanchanjanga Securites Pvt. Ltd.,100,604.0,60400.0,2025-07-09 11:32:04.111622
2025-07-09,56700,2025070904003024,SHPC,Capital Max Securities Ltd,Garima Securities Limited,200,604.0,120800.0,2025-07-09 11:32:04.111709
2025-07-09,56699,2025070904003025,SHPC,Capital Max Securities Ltd,Bhrikuti Stock Broking Co. Pvt. Ltd.,300,604.5,181350.0,2025-07-09 11:32:04.111761
2025-07-09,56698,2025070904003026,SHPC,Capital Max Securities Ltd,Capital Max Securities Ltd,300,605.0,181500.0,2025-07-09 11:32:04.111788
2025-07-09,56697,2025070904003027,SHPC,Capital Max Securities Ltd,Vision Securities Pvt. Ltd,100,605.0,60500.0,2025-07-09 11:32:04.111812
2025-07-09,56670,2025070904003040,SHPC,Dipshikha Dhitopatra Karobar Co. Pvt Ltd.,Dynamic Money Managers Securities Pvt. Ltd.,30,602.0,18060.0,2025-07-09 11:32:07.680096
2025-07-09,56669,2025070904003041,SHPC,Trishakti Securities Public Limited,Dynamic Money Managers Securities Pvt. Ltd.,500,602.0,301000.0,2025-07-09 11:32:07.680456
2025-07-09,56668,2025070904003042,SHPC,Sharepro Securities Private Limited,Dynamic Money Managers Securities Pvt. Ltd.,170,602.0,102340.0,2025-07-09 11:32:07.680701
2025-07-09,56661,2025070904003046,SHPC,Sani Securities Company Ltd.,Sani Securities Company Ltd.,1,594.3,594.3,2025-07-09 11:32:11.681738
2025-07-09,56475,2025070904003125,SHPC,Trishakti Securities Public Limited,Imperial Securities Company Pvt. Ltd.,500,603.0,301500.0,2025-07-09 11:32:53.988472
2025-07-09,56339,2025070904003171,SHPC,Dipshikha Dhitopatra Karobar Co. Pvt Ltd.,Dynamic Money Managers Securities Pvt. Ltd.,20,603.0,12060.0,2025-07-09 11:33:29.794037
2025-07-09,56338,2025070904003172,SHPC,Trishakti Securities Public Limited,Dynamic Money Managers Securities Pvt. Ltd.,50,603.0,30150.0,2025-07-09 11:33:29.794294
2025-07-09,56337,2025070904003173,SHPC,Vision Securities Pvt. Ltd,Dynamic Money Managers Securities Pvt. Ltd.,280,603.0,168840.0,2025-07-09 11:33:29.794426
2025-07-09,56277,2025070904003190,SHPC,Opal Securities Investment (PVT) Ltd.,Naasa Securities Co. Ltd.,87,604.9,52626.3,2025-07-09 11:33:37.566669
2025-07-09,56211,2025070904003218,SHPC,Property Wiard Limited,Agrawal Securities (PVT) Ltd.,174,604.8,105235.2,2025-07-09 11:33:54.959046
2025-07-09,56161,2025070904003235,SHPC,Opal Securities Investment (PVT) Ltd.,Dipshikha Dhitopatra Karobar Co. Pvt Ltd.,100,604.0,60400.0,2025-07-09 11:34:10.671238
2025-07-09,56160,2025070904003236,SHPC,Trishakti Securities Public Limited,Dipshikha Dhitopatra Karobar Co. Pvt Ltd.,44,604.0,26576.0,2025-07-09 11:34:10.671647
2025-07-09,56043,2025070904003298,SHPC,Trishakti Securities Public Limited,Imperial Securities Company Pvt. Ltd.,456,604.0,275424.0,2025-07-09 11:34:39.357592
2025-07-09,56042,2025070904003299,SHPC,Sani Securities Company Ltd.,Imperial Securities Company Pvt. Ltd.,500,604.0,302000.0,2025-07-09 11:34:39.357626
2025-07-09,56041,2025070904003300,SHPC,Agrawal Securities (PVT) Ltd.,Imperial Securities Company Pvt. Ltd.,100,604.0,60400.0,2025-07-09 11:34:39.357654
2025-07-09,55931,2025070904003362,SHPC,Vision Securities Pvt. Ltd,Nepal Stock House (PVT) Ltd.,400,603.1,241240.0,2025-07-09 11:35:06.700931
2025-07-09,55899,2025070904003378,SHPC,Sweta Securities Private Limited,Nepal Stock House (PVT) Ltd.,100,603.1,60310.0,2025-07-09 11:35:12.198178
2025-07-09,55584,2025070904003509,SHPC,Thrive Brokerage House Pvt. Ltd,Imperial Securities Company Pvt. Ltd.,500,603.2,301600.0,2025-07-09 11:36:27.245844
2025-07-09,55416,2025070904003597,SHPC,Opal Securities Investment (PVT) Ltd.,Sagarmatha Securities Private Limited,100,604.0,60400.0,2025-07-09 11:37:00.449814
2025-07-09,55392,2025070904003613,SHPC,Opal Securities Investment (PVT) Ltd.,Vision Securities Pvt. Ltd,100,603.1,60310.0,2025-07-09 11:37:06.432186
2025-07-09,55391,2025070904003614,SHPC,Opal Securities Investment (PVT) Ltd.,Vision Securities Pvt. Ltd,100,603.1,60310.0,2025-07-09 11:37:06.432421
2025-07-09,55341,2025070904003637,SHPC,Oxford Securities Pvt. Ltd.,Vision Securities Pvt. Ltd,100,603.1,60310.0,2025-07-09 11:37:23.960333
2025-07-09,55340,2025070904003638,SHPC,Aakashbhairab Securities Ltd.,Vision Securities Pvt. Ltd,100,603.1,60310.0,2025-07-09 11:37:24.273919
2025-07-09,55323,2025070904003643,SHPC,Aakashbhairab Securities Ltd.,Naasa Securities Co. Ltd.,546,603.1,329292.6,2025-07-09 11:37:30.525900
2025-07-09,55063,2025070904003713,SHPC,Aakashbhairab Securities Ltd.,Trishakti Securities Public Limited,50,603.1,30155.0,2025-07-09 11:38:29.793393
2025-07-09,55046,2025070904003724,SHPC,Pragyan Securities (PVT) Ltd.,Sagarmatha Securities Private Limited,200,604.0,120800.0,2025-07-09 11:38:36.131894
2025-07-09,54891,2025070904003774,SHPC,Dynamic Money Managers Securities Pvt. Ltd.,Naasa Securities Co. Ltd.,50,603.9,30195.0,2025-07-09 11:39:19.026044
2025-07-09,54890,2025070904003775,SHPC,Dynamic Money Managers Securities Pvt. Ltd.,Sagarmatha Securities Private Limited,200,604.0,120800.0,2025-07-09 11:39:19.026299
2025-07-09,54807,2025070904003798,SHPC,Cristal Kanchanjanga Securites Pvt. Ltd.,Online Securities Pvt. Ltd.,200,604.5,120900.0,2025-07-09 11:39:44.187818
2025-07-09,54806,2025070904003799,SHPC,Cristal Kanchanjanga Securites Pvt. Ltd.,Neev Securities Pvt. Ltd.,300,604.7,181410.0,2025-07-09 11:39:44.188082
2025-07-09,54754,2025070904003809,SHPC,Dynamic Money Managers Securities Pvt. Ltd.,Imperial Securities Company Pvt. Ltd.,250,604.0,151000.0,2025-07-09 11:39:52.860067
2025-07-09,54674,2025070904003842,SHPC,Trishakti Securities Public Limited,Agrawal Securities (PVT) Ltd.,326,604.8,197164.8,2025-07-09 11:40:12.516857
2025-07-09,54673,2025070904003843,SHPC,Trishakti Securities Public Limited,Agrawal Securities (PVT) Ltd.,174,604.8,105235.2,2025-07-09 11:40:12.517455
2025-07-09,54607,2025070904003870,SHPC,Dipshikha Dhitopatra Karobar Co. Pvt Ltd.,Secured Securities Ltd.,200,604.5,120900.0,2025-07-09 11:40:19.493553
2025-07-09,54568,2025070904003883,SHPC,Vision Securities Pvt. Ltd,Secured Securities Ltd.,800,604.5,483600.0,2025-07-09 11:40:29.044703
2025-07-09,54567,2025070904003884,SHPC,Vision Securities Pvt. Ltd,Agrawal Securities (PVT) Ltd.,326,604.8,197164.8,2025-07-09 11:40:29.045133
2025-07-09,54566,2025070904003885,SHPC,Vision Securities Pvt. Ltd,Secured Securities Ltd.,382,605.0,231110.0,2025-07-09 11:40:29.045442
2025-07-09,54565,2025070904003886,SHPC,Vision Securities Pvt. Ltd,Aryatara Investment & Securities,1000,605.0,605000.0,2025-07-09 11:40:29.045730
2025-07-09,54564,2025070904003887,SHPC,Vision Securities Pvt. Ltd,Deevyaa Securities & Stock House Pvt. Ltd,100,605.0,60500.0,2025-07-09 11:40:29.046005
2025-07-09,54523,2025070904003910,SHPC,Vision Securities Pvt. Ltd,Trishakti Securities Public Limited,1800,605.0,1089000.0,2025-07-09 11:40:39.656566
2025-07-09,54439,2025070904003939,SHPC,Nagarik Stock Dealer ,Dynamic Money Managers Securities Pvt. Ltd.,415,605.0,251075.0,2025-07-09 11:41:00.382750
2025-07-09,54276,2025070904003993,SHPC,Vision Securities Pvt. Ltd,Dynamic Money Managers Securities Pvt. Ltd.,1585,605.0,958925.0,2025-07-09 11:41:35.811745
2025-07-09,54201,2025070904004024,SHPC,Sani Securities Company Ltd.,Sani Securities Company Ltd.,1,594.3,594.3,2025-07-09 11:41:51.786211
2025-07-09,54191,2025070904004030,SHPC,Sumeru Securities Pvt. Ltd.,Agrawal Securities (PVT) Ltd.,200,605.8,121160.0,2025-07-09 11:41:55.002132
2025-07-09,54153,2025070904004045,SHPC,Capital Max Securities Ltd,Agrawal Securities (PVT) Ltd.,200,605.8,121160.0,2025-07-09 11:42:06.553046
2025-07-09,54106,2025070904004064,SHPC,Dipshikha Dhitopatra Karobar Co. Pvt Ltd.,Agrawal Securities (PVT) Ltd.,100,605.8,60580.0,2025-07-09 11:42:24.015605
2025-07-09,54105,2025070904004065,SHPC,Dipshikha Dhitopatra Karobar Co. Pvt Ltd.,Deevyaa Securities & Stock House Pvt. Ltd,500,605.9,302950.0,2025-07-09 11:42:24.015853
2025-07-09,54104,2025070904004066,SHPC,Dipshikha Dhitopatra Karobar Co. Pvt Ltd.,Aryatara Investment & Securities,300,606.0,181800.0,2025-07-09 11:42:24.015973
2025-07-09,54103,2025070904004067,SHPC,Dipshikha Dhitopatra Karobar Co. Pvt Ltd.,Aryatara Investment & Securities,1000,606.0,606000.0,2025-07-09 11:42:24.016068
2025-07-09,54102,2025070904004068,SHPC,Dipshikha Dhitopatra Karobar Co. Pvt Ltd.,Capital Max Securities Ltd,100,606.0,60600.0,2025-07-09 11:42:24.016161
2025-07-09,54052,2025070904004091,SHPC,Bhrikuti Stock Broking Co. Pvt. Ltd.,Imperial Securities Company Pvt. Ltd.,100,606.0,60600.0,2025-07-09 11:42:39.665572
2025-07-09,54051,2025070904004092,SHPC,Asian Securities Private Ltd.,Imperial Securities Company Pvt. Ltd.,200,605.3,121060.0,2025-07-09 11:42:39.665668
2025-07-09,54050,2025070904004093,SHPC,Dakshinkali Investment & Securities Pvt. Ltd.,Imperial Securities Company Pvt. Ltd.,900,605.2,544680.0,2025-07-09 11:42:39.665744
2025-07-09,53987,2025070904004110,SHPC,Dakshinkali Investment & Securities Pvt. Ltd.,Dynamic Money Managers Securities Pvt. Ltd.,500,606.0,303000.0,2025-07-09 11:42:55.303746
2025-07-09,53916,2025070904004125,SHPC,Dakshinkali Investment & Securities Pvt. Ltd.,Imperial Securities Company Pvt. Ltd.,500,606.0,303000.0,2025-07-09 11:43:07.909951
2025-07-09,53639,2025070904004221,SHPC,Dakshinkali Investment & Securities Pvt. Ltd.,Imperial Securities Company Pvt. Ltd.,100,606.4,60640.0,2025-07-09 11:44:36.770437
2025-07-09,53609,2025070904004229,SHPC,Trishakti Securities Public Limited,Imperial Securities Company Pvt. Ltd.,10,606.4,6064.0,2025-07-09 11:44:44.103881
2025-07-09,53608,2025070904004230,SHPC,Dipshikha Dhitopatra Karobar Co. Pvt Ltd.,South Asian Bulls Pvt. Ltd.,29,606.0,17574.0,2025-07-09 11:44:44.747258
2025-07-09,53528,2025070904004266,SHPC,Dipshikha Dhitopatra Karobar Co. Pvt Ltd.,Imperial Securities Company Pvt. Ltd.,371,606.0,224826.0,2025-07-09 11:45:07.963914
2025-07-09,53527,2025070904004267,SHPC,Vision Securities Pvt. Ltd,Imperial Securities Company Pvt. Ltd.,100,606.0,60600.0,2025-07-09 11:45:07.963971
2025-07-09,53526,2025070904004268,SHPC,J.F. Securites (PVT) Ltd.,Imperial Securities Company Pvt. Ltd.,90,606.4,54576.0,2025-07-09 11:45:08.021866
2025-07-09,53387,2025070904004307,SHPC,Trishakti Securities Public Limited,Agrawal Securities (PVT) Ltd.,10,606.7,6067.0,2025-07-09 11:45:40.523608
2025-07-09,53240,2025070904004363,SHPC,ABC Securities Private Limited,Dynamic Money Managers Securities Pvt. Ltd.,250,605.6,151400.0,2025-07-09 11:46:18.009742
2025-07-09,53126,2025070904004403,SHPC,Kumari Securities Private Limited,Dipshikha Dhitopatra Karobar Co. Pvt Ltd.,205,606.0,124230.0,2025-07-09 11:46:54.259170
2025-07-09,52860,2025070904004483,SHPC,Vision Securities Pvt. Ltd,Online Securities Pvt. Ltd.,100,606.5,60650.0,2025-07-09 11:47:48.381073
2025-07-09,52704,2025070904004541,SHPC,Beni Securities Pvt.Ltd.,Agrawal Securities (PVT) Ltd.,490,606.7,297283.0,2025-07-09 11:48:20.439395
2025-07-09,52566,2025070904004589,SHPC,Online Securities Pvt. Ltd.,Imperial Securities Company Pvt. Ltd.,20,606.1,12122.0,2025-07-09 11:48:56.276590
2025-07-09,52565,2025070904004590,SHPC,Kumari Securities Private Limited,Imperial Securities Company Pvt. Ltd.,45,606.0,27270.0,2025-07-09 11:48:56.276643
2025-07-09,52564,2025070904004591,SHPC,Asian Securities Private Ltd.,Imperial Securities Company Pvt. Ltd.,500,606.0,303000.0,2025-07-09 11:48:56.276669
2025-07-09,52563,2025070904004592,SHPC,Dipshikha Dhitopatra Karobar Co. Pvt Ltd.,Imperial Securities Company Pvt. Ltd.,44,606.0,26664.0,2025-07-09 11:48:56.276712
2025-07-09,52557,2025070904004597,SHPC,Nabil Stock Dealer Ltd.,Online Securities Pvt. Ltd.,25,606.9,15172.5,2025-07-09 11:48:57.466644
2025-07-09,52556,2025070904004598,SHPC,Nabil Stock Dealer Ltd.,Imperial Securities Company Pvt. Ltd.,50,607.0,30350.0,2025-07-09 11:48:57.466937
2025-07-09,52555,2025070904004599,SHPC,Nabil Stock Dealer Ltd.,Trishakti Securities Public Limited,500,607.0,303500.0,2025-07-09 11:48:57.467053
2025-07-09,52554,2025070904004600,SHPC,Nabil Stock Dealer Ltd.,Vision Securities Pvt. Ltd,500,607.0,303500.0,2025-07-09 11:48:57.467158
2025-07-09,52553,2025070904004601,SHPC,Nabil Stock Dealer Ltd.,Sri Hari Securities Pvt. Ltd.,500,607.0,303500.0,2025-07-09 11:48:57.467254
2025-07-09,52552,2025070904004602,SHPC,Nabil Stock Dealer Ltd.,Market Securities & Exchange (PVT) Ltd.,200,607.0,121400.0,2025-07-09 11:48:57.467363
2025-07-09,52495,2025070904004614,SHPC,Nabil Stock Dealer Ltd.,Vision Securities Pvt. Ltd,500,607.0,303500.0,2025-07-09 11:49:08.903059
2025-07-09,52403,2025070904004665,SHPC,Nabil Stock Dealer Ltd.,Asian Securities Private Ltd.,725,607.0,440075.0,2025-07-09 11:49:27.121212
2025-07-09,52402,2025070904004666,SHPC,Agrawal Securities (PVT) Ltd.,Asian Securities Private Ltd.,75,607.0,45525.0,2025-07-09 11:49:27.121462
2025-07-09,52382,2025070904004680,SHPC,Dipshikha Dhitopatra Karobar Co. Pvt Ltd.,Bhrikuti Stock Broking Co. Pvt. Ltd.,256,607.5,155520.0,2025-07-09 11:49:32.154879
2025-07-09,52255,2025070904004720,SHPC,Agrawal Securities (PVT) Ltd.,Imperial Securities Company Pvt. Ltd.,425,607.0,257975.0,2025-07-09 11:50:05.818424
2025-07-09,52254,2025070904004721,SHPC,Trishakti Securities Public Limited,Imperial Securities Company Pvt. Ltd.,75,607.0,45525.0,2025-07-09 11:50:05.835542
2025-07-09,52253,2025070904004722,SHPC,Trishakti Securities Public Limited,Bhrikuti Stock Broking Co. Pvt. Ltd.,25,607.5,15187.5,2025-07-09 11:50:05.835943
2025-07-09,52137,2025070904004763,SHPC,Sani Securities Company Ltd.,Midas Stock Broking Company Private Limited,500,607.4,303700.0,2025-07-09 11:50:31.326057
2025-07-09,52134,2025070904004764,SHPC,Hatemalo Financial Services Private Limited,Trishakti Securities Public Limited,100,607.4,60740.0,2025-07-09 11:50:32.968943
2025-07-09,52090,2025070904004796,SHPC,Agrawal Securities (PVT) Ltd.,Bhrikuti Stock Broking Co. Pvt. Ltd.,119,607.5,72292.5,2025-07-09 11:50:38.419292
2025-07-09,52089,2025070904004797,SHPC,Agrawal Securities (PVT) Ltd.,Online Securities Pvt. Ltd.,100,607.5,60750.0,2025-07-09 11:50:38.419958
2025-07-09,52088,2025070904004798,SHPC,Agrawal Securities (PVT) Ltd.,Trishakti Securities Public Limited,90,608.0,54720.0,2025-07-09 11:50:38.420460
2025-07-09,52087,2025070904004799,SHPC,Agrawal Securities (PVT) Ltd.,Trishakti Securities Public Limited,100,608.0,60800.0,2025-07-09 11:50:38.420956
2025-07-09,52086,2025070904004800,SHPC,Agrawal Securities (PVT) Ltd.,Aryatara Investment & Securities,91,608.0,55328.0,2025-07-09 11:50:38.421506
2025-07-09,50810,2025070904005263,SHPC,Himalayan Brokerage Company Limited,South Asian Bulls Pvt. Ltd.,10,607.5,6075.0,2025-07-09 11:56:08.402594
2025-07-09,50809,2025070904005264,SHPC,Malla & Malla Stock Broking Company Pvt. Limited,South Asian Bulls Pvt. Ltd.,80,607.0,48560.0,2025-07-09 11:56:08.402893
2025-07-09,50808,2025070904005265,SHPC,Naasa Securities Co. Ltd.,South Asian Bulls Pvt. Ltd.,10,607.0,6070.0,2025-07-09 11:56:08.403007
2025-07-09,50719,2025070904005308,SHPC,Naasa Securities Co. Ltd.,Arun Securities (PVT) Ltd.,25,607.0,15175.0,2025-07-09 11:56:24.997496
2025-07-09,50718,2025070904005309,SHPC,Arun Securities (PVT) Ltd.,Arun Securities (PVT) Ltd.,175,607.0,106225.0,2025-07-09 11:56:24.997778
2025-07-09,50710,2025070904005314,SHPC,Dynamic Money Managers Securities Pvt. Ltd.,Vision Securities Pvt. Ltd,30,607.6,18228.0,2025-07-09 11:56:27.207199
2025-07-09,50708,2025070904005315,SHPC,Arun Securities (PVT) Ltd.,Sani Securities Company Ltd.,325,607.0,197275.0,2025-07-09 11:56:28.220247
2025-07-09,50679,2025070904005328,SHPC,Primo Securities (PVT) Ltd.,Sani Securities Company Ltd.,500,606.3,303150.0,2025-07-09 11:56:35.466740
2025-07-09,50597,2025070904005359,SHPC,Primo Securities (PVT) Ltd.,Capital Max Securities Ltd,300,606.3,181890.0,2025-07-09 11:56:59.613265
2025-07-09,50596,2025070904005360,SHPC,Nabil Stock Dealer Ltd.,Capital Max Securities Ltd,700,606.2,424340.0,2025-07-09 11:56:59.613806
2025-07-09,50551,2025070904005368,SHPC,Naasa Securities Co. Ltd.,Sani Securities Company Ltd.,20,607.0,12140.0,2025-07-09 11:57:09.990669
2025-07-09,50520,2025070904005384,SHPC,Linch Stock Market Ltd.,Vision Securities Pvt. Ltd,15,606.2,9093.0,2025-07-09 11:57:21.648215
2025-07-09,50205,2025070904005534,SHPC,Naasa Securities Co. Ltd.,Sundhara Securities Limited,20,606.2,12124.0,2025-07-09 11:58:24.268372
2025-07-09,50204,2025070904005535,SHPC,Nepal Stock House (PVT) Ltd.,Sundhara Securities Limited,50,606.1,30305.0,2025-07-09 11:58:24.268669
2025-07-09,50203,2025070904005536,SHPC,Linch Stock Market Ltd.,Sundhara Securities Limited,200,606.1,121220.0,2025-07-09 11:58:24.268781
2025-07-09,50202,2025070904005537,SHPC,Primo Securities (PVT) Ltd.,Sundhara Securities Limited,230,606.1,139403.0,2025-07-09 11:58:24.268889
2025-07-09,49995,2025070904005631,SHPC,Primo Securities (PVT) Ltd.,Sani Securities Company Ltd.,25,606.1,15152.5,2025-07-09 11:59:02.893498
2025-07-09,49993,2025070904005632,SHPC,Primo Securities (PVT) Ltd.,Nepal Investment And Securities Trading Private Limited,200,606.1,121220.0,2025-07-09 11:59:02.903612
2025-07-09,49794,2025070904005710,SHPC,Primo Securities (PVT) Ltd.,Neev Securities Pvt. Ltd.,245,606.1,148494.5,2025-07-09 11:59:40.059022
2025-07-09,49793,2025070904005711,SHPC,Cristal Kanchanjanga Securites Pvt. Ltd.,Neev Securities Pvt. Ltd.,100,606.0,60600.0,2025-07-09 11:59:40.059588
2025-07-09,49792,2025070904005712,SHPC,Dipshikha Dhitopatra Karobar Co. Pvt Ltd.,Neev Securities Pvt. Ltd.,20,606.0,12120.0,2025-07-09 11:59:40.059923
2025-07-09,49791,2025070904005713,SHPC,Sani Securities Company Ltd.,Neev Securities Pvt. Ltd.,265,606.0,160590.0,2025-07-09 11:59:40.060249
2025-07-09,49728,2025070904005739,SHPC,Sani Securities Company Ltd.,Sumeru Securities Pvt. Ltd.,535,606.0,324210.0,2025-07-09 11:59:54.521947
2025-07-09,49727,2025070904005740,SHPC,Imperial Securities Company Pvt. Ltd.,Sumeru Securities Pvt. Ltd.,10,606.0,6060.0,2025-07-09 11:59:54.522496
2025-07-09,49726,2025070904005741,SHPC,Sani Securities Company Ltd.,Sumeru Securities Pvt. Ltd.,55,606.0,33330.0,2025-07-09 11:59:54.522833
2025-07-09,49725,2025070904005742,SHPC,Sani Securities Company Ltd.,Trishakti Securities Public Limited,98,606.0,59388.0,2025-07-09 11:59:54.679481
2025-07-09,49586,2025070904005801,SHPC,Oxford Securities Pvt. Ltd.,Midas Stock Broking Company Private Limited,500,605.8,302900.0,2025-07-09 12:00:24.525835
2025-07-09,49582,2025070904005803,SHPC,Oxford Securities Pvt. Ltd.,Secured Securities Ltd.,300,605.8,181740.0,2025-07-09 12:00:26.046000
2025-07-09,49544,2025070904005815,SHPC,Sani Securities Company Ltd.,Sani Securities Company Ltd.,50,605.1,30255.0,2025-07-09 12:00:38.006640
2025-07-09,49426,2025070904005861,SHPC,Sani Securities Company Ltd.,Midas Stock Broking Company Private Limited,10,605.1,6051.0,2025-07-09 12:00:55.637574
2025-07-09,49384,2025070904005870,SHPC,Sani Securities Company Ltd.,Kalika Securities Pvt. Ltd.,50,605.1,30255.0,2025-07-09 12:01:04.977613
2025-07-09,49379,2025070904005872,SHPC,Sani Securities Company Ltd.,Trisul Securities & Invt. Ltd.,13,605.1,7866.3,2025-07-09 12:01:07.365068
2025-07-09,49184,2025070904005946,SHPC,Sani Securities Company Ltd.,Cristal Kanchanjanga Securites Pvt. Ltd.,377,605.1,228122.7,2025-07-09 12:01:50.738512
2025-07-09,49129,2025070904005957,SHPC,Vision Securities Pvt. Ltd,Cristal Kanchanjanga Securites Pvt. Ltd.,1415,605.0,856075.0,2025-07-09 12:02:06.794169
2025-07-09,49128,2025070904005958,SHPC,Trisul Securities & Invt. Ltd.,Cristal Kanchanjanga Securites Pvt. Ltd.,200,605.0,121000.0,2025-07-09 12:02:06.794494
2025-07-09,49127,2025070904005959,SHPC,Sani Securities Company Ltd.,Cristal Kanchanjanga Securites Pvt. Ltd.,100,605.0,60500.0,2025-07-09 12:02:06.794616
2025-07-09,49126,2025070904005960,SHPC,Opal Securities Investment (PVT) Ltd.,Cristal Kanchanjanga Securites Pvt. Ltd.,100,605.0,60500.0,2025-07-09 12:02:06.794732
2025-07-09,49125,2025070904005961,SHPC,Vision Securities Pvt. Ltd,Cristal Kanchanjanga Securites Pvt. Ltd.,2000,605.0,1210000.0,2025-07-09 12:02:06.794880
2025-07-09,49124,2025070904005962,SHPC,Vision Securities Pvt. Ltd,Cristal Kanchanjanga Securites Pvt. Ltd.,92,605.0,55660.0,2025-07-09 12:02:06.794996
2025-07-09,49035,2025070904005997,SHPC,Sri Hari Securities Pvt. Ltd.,Cristal Kanchanjanga Securites Pvt. Ltd.,2000,604.9,1209800.0,2025-07-09 12:02:23.851208
2025-07-09,48832,2025070904006061,SHPC,Premier Securities Company Ltd.,Aryatara Investment & Securities,100,604.0,60400.0,2025-07-09 12:03:18.882631
2025-07-09,48738,2025070904006100,SHPC,Premier Securities Company Ltd.,Deevyaa Securities & Stock House Pvt. Ltd,400,604.0,241600.0,2025-07-09 12:03:40.704492
2025-07-09,48737,2025070904006101,SHPC,Dynamic Money Managers Securities Pvt. Ltd.,Deevyaa Securities & Stock House Pvt. Ltd,100,604.0,60400.0,2025-07-09 12:03:40.704799
2025-07-09,48642,2025070904006142,SHPC,Sewa Securities Pvt. Ltd.,Infinity Securities Limited,100,604.0,60400.0,2025-07-09 12:03:55.761907
2025-07-09,48542,2025070904006162,SHPC,Primo Securities (PVT) Ltd.,Kumari Securities Private Limited,10,604.0,6040.0,2025-07-09 12:04:17.850115
2025-07-09,48541,2025070904006163,SHPC,Naasa Securities Co. Ltd.,Kumari Securities Private Limited,40,604.0,24160.0,2025-07-09 12:04:17.850405
2025-07-09,48509,2025070904006173,SHPC,Aakashbhairab Securities Ltd.,Neev Securities Pvt. Ltd.,304,603.1,183342.4,2025-07-09 12:04:30.587815
2025-07-09,48508,2025070904006174,SHPC,Agrawal Securities (PVT) Ltd.,Neev Securities Pvt. Ltd.,100,603.0,60300.0,2025-07-09 12:04:30.587877
2025-07-09,48507,2025070904006175,SHPC,Dynamic Money Managers Securities Pvt. Ltd.,Neev Securities Pvt. Ltd.,250,603.0,150750.0,2025-07-09 12:04:30.587925
2025-07-09,48506,2025070904006176,SHPC,Sani Securities Company Ltd.,Neev Securities Pvt. Ltd.,50,603.0,30150.0,2025-07-09 12:04:30.587956
2025-07-09,48505,2025070904006177,SHPC,Sharepro Securities Private Limited,Neev Securities Pvt. Ltd.,30,602.0,18060.0,2025-07-09 12:04:30.587978
2025-07-09,48504,2025070904006178,SHPC,Capital Max Securities Ltd,Neev Securities Pvt. Ltd.,100,602.0,60200.0,2025-07-09 12:04:30.588005
2025-07-09,48503,2025070904006179,SHPC,Premier Securities Company Ltd.,Neev Securities Pvt. Ltd.,300,602.0,180600.0,2025-07-09 12:04:30.588029
2025-07-09,48502,2025070904006180,SHPC,Agrawal Securities (PVT) Ltd.,Neev Securities Pvt. Ltd.,50,602.0,30100.0,2025-07-09 12:04:30.588052
2025-07-09,48501,2025070904006181,SHPC,Opal Securities Investment (PVT) Ltd.,Neev Securities Pvt. Ltd.,100,602.0,60200.0,2025-07-09 12:04:30.588077
2025-07-09,48500,2025070904006182,SHPC,Citizens Share Broker Limited,Neev Securities Pvt. Ltd.,16,601.1,9617.6,2025-07-09 12:04:30.588140
2025-07-09,48356,2025070904006221,SHPC,Citizens Share Broker Limited,Citizens Share Broker Limited,484,601.1,290932.4,2025-07-09 12:05:13.478101
2025-07-09,48355,2025070904006222,SHPC,Dynamic Money Managers Securities Pvt. Ltd.,Citizens Share Broker Limited,100,601.0,60100.0,2025-07-09 12:05:13.478145
2025-07-09,48354,2025070904006223,SHPC,Naasa Securities Co. Ltd.,Citizens Share Broker Limited,20,601.0,12020.0,2025-07-09 12:05:13.478170
2025-07-09,48353,2025070904006224,SHPC,Opal Securities Investment (PVT) Ltd.,Citizens Share Broker Limited,250,601.0,150250.0,2025-07-09 12:05:13.478192
2025-07-09,48352,2025070904006225,SHPC,Dakshinkali Investment & Securities Pvt. Ltd.,Citizens Share Broker Limited,1000,601.0,601000.0,2025-07-09 12:05:13.478217
2025-07-09,48351,2025070904006226,SHPC,Sweta Securities Private Limited,Citizens Share Broker Limited,100,600.5,60050.0,2025-07-09 12:05:13.478242
2025-07-09,48350,2025070904006227,SHPC,Kumari Securities Private Limited,Citizens Share Broker Limited,46,600.5,27623.0,2025-07-09 12:05:13.478278
2025-07-09,47956,2025070904006386,SHPC,Cristal Kanchanjanga Securites Pvt. Ltd.,Naasa Securities Co. Ltd.,50,601.0,30050.0,2025-07-09 12:06:49.903392
2025-07-09,47841,2025070904006414,SHPC,Vision Securities Pvt. Ltd,Agrawal Securities (PVT) Ltd.,200,603.5,120700.0,2025-07-09 12:07:15.750589
2025-07-09,47782,2025070904006434,SHPC,Kohinoor Investment & Securities Pvt. Ltd.,South Asian Bulls Pvt. Ltd.,100,603.9,60390.0,2025-07-09 12:07:33.490278
2025-07-09,47772,2025070904006436,SHPC,Vision Securities Pvt. Ltd,Kumari Securities Private Limited,293,603.5,176825.5,2025-07-09 12:07:38.424585
2025-07-09,47767,2025070904006438,SHPC,Vision Securities Pvt. Ltd,Trishakti Securities Public Limited,157,603.5,94749.5,2025-07-09 12:07:39.837963
2025-07-09,47750,2025070904006443,SHPC,Vision Securities Pvt. Ltd,Trishakti Securities Public Limited,343,603.5,207000.5,2025-07-09 12:07:44.955991
2025-07-09,47749,2025070904006444,SHPC,Vision Securities Pvt. Ltd,South Asian Bulls Pvt. Ltd.,150,603.9,90585.0,2025-07-09 12:07:44.956402
2025-07-09,47658,2025070904006485,SHPC,Vision Securities Pvt. Ltd,Sweta Securities Private Limited,10,605.0,6050.0,2025-07-09 12:08:07.281111
2025-07-09,47640,2025070904006489,SHPC,Cristal Kanchanjanga Securites Pvt. Ltd.,Investment Management Nepal Pvt. Ltd.,40,604.0,24160.0,2025-07-09 12:08:11.170540
2025-07-09,47639,2025070904006490,SHPC,Cristal Kanchanjanga Securites Pvt. Ltd.,Dynamic Money Managers Securities Pvt. Ltd.,10,604.0,6040.0,2025-07-09 12:08:11.171104
2025-07-09,47623,2025070904006493,SHPC,Nepal Stock House (PVT) Ltd.,Shree Krishna Securities Ltd.,80,603.9,48312.0,2025-07-09 12:08:17.197448
2025-07-09,47530,2025070904006525,SHPC,Himalayan Brokerage Company Limited,Dynamic Money Managers Securities Pvt. Ltd.,40,604.0,24160.0,2025-07-09 12:08:47.512231
2025-07-09,47529,2025070904006526,SHPC,Himalayan Brokerage Company Limited,Agrawal Securities (PVT) Ltd.,160,604.0,96640.0,2025-07-09 12:08:47.512551
2025-07-09,47527,2025070904006528,SHPC,Nepal Stock House (PVT) Ltd.,Vision Securities Pvt. Ltd,200,603.9,120780.0,2025-07-09 12:08:48.168671
2025-07-09,47502,2025070904006542,SHPC,Indira securities pvt. ltd,Agrawal Securities (PVT) Ltd.,39,604.0,23556.0,2025-07-09 12:08:53.819675
2025-07-09,47438,2025070904006565,SHPC,Indira securities pvt. ltd,Vision Securities Pvt. Ltd,210,604.0,126840.0,2025-07-09 12:09:11.294942
2025-07-09,47419,2025070904006575,SHPC,Indira securities pvt. ltd,J.F. Securites (PVT) Ltd.,251,604.0,151604.0,2025-07-09 12:09:20.431418
2025-07-09,47410,2025070904006578,SHPC,Nepal Stock House (PVT) Ltd.,Secured Securities Ltd.,220,603.9,132858.0,2025-07-09 12:09:24.844545
2025-07-09,46891,2025070904006722,SHPC,Sweta Securities Private Limited,J.F. Securites (PVT) Ltd.,100,601.2,60120.0,2025-07-09 12:11:48.436807
2025-07-09,46890,2025070904006723,SHPC,Primo Securities (PVT) Ltd.,J.F. Securites (PVT) Ltd.,800,601.1,480880.0,2025-07-09 12:11:48.437101
2025-07-09,46889,2025070904006724,SHPC,Himalayan Brokerage Company Limited,J.F. Securites (PVT) Ltd.,100,601.1,60110.0,2025-07-09 12:11:48.437219
2025-07-09,46686,2025070904006790,SHPC,South Asian Bulls Pvt. Ltd.,Bhrikuti Stock Broking Co. Pvt. Ltd.,1000,601.0,601000.0,2025-07-09 12:12:54.816733
2025-07-09,46685,2025070904006791,SHPC,Sweta Securities Private Limited,Bhrikuti Stock Broking Co. Pvt. Ltd.,100,601.0,60100.0,2025-07-09 12:12:54.817281
2025-07-09,46669,2025070904006795,SHPC,Sani Securities Company Ltd.,Bhrikuti Stock Broking Co. Pvt. Ltd.,50,601.0,30050.0,2025-07-09 12:13:00.102538
2025-07-09,46601,2025070904006810,SHPC,Oxford Securities Pvt. Ltd.,Vision Securities Pvt. Ltd,190,600.9,114171.0,2025-07-09 12:13:13.819592
2025-07-09,46600,2025070904006811,SHPC,Opal Securities Investment (PVT) Ltd.,Vision Securities Pvt. Ltd,150,600.8,90120.0,2025-07-09 12:13:13.819901
2025-07-09,46599,2025070904006812,SHPC,J.F. Securites (PVT) Ltd.,Vision Securities Pvt. Ltd,50,600.8,30040.0,2025-07-09 12:13:13.820017
2025-07-09,46598,2025070904006813,SHPC,Sri Hari Securities Pvt. Ltd.,Vision Securities Pvt. Ltd,2000,600.7,1201400.0,2025-07-09 12:13:13.820135
2025-07-09,46597,2025070904006814,SHPC,J.F. Securites (PVT) Ltd.,Vision Securities Pvt. Ltd,250,600.6,150150.0,2025-07-09 12:13:13.820251
2025-07-09,46596,2025070904006815,SHPC,J.F. Securites (PVT) Ltd.,Vision Securities Pvt. Ltd,192,600.6,115315.2,2025-07-09 12:13:13.820373
2025-07-09,46595,2025070904006816,SHPC,Kumari Securities Private Limited,Vision Securities Pvt. Ltd,354,600.5,212577.0,2025-07-09 12:13:13.820487
2025-07-09,46594,2025070904006817,SHPC,Beni Securities Pvt.Ltd.,Vision Securities Pvt. Ltd,314,600.4,188525.6,2025-07-09 12:13:13.820601
2025-07-09,46553,2025070904006825,SHPC,Dipshikha Dhitopatra Karobar Co. Pvt Ltd.,Bhrikuti Stock Broking Co. Pvt. Ltd.,50,601.0,30050.0,2025-07-09 12:13:26.509852
2025-07-09,46544,2025070904006829,SHPC,Citizens Share Broker Limited,J.F. Securites (PVT) Ltd.,249,600.8,149599.2,2025-07-09 12:13:31.189362
2025-07-09,46520,2025070904006837,SHPC,Citizens Share Broker Limited,Vision Securities Pvt. Ltd,251,600.8,150800.8,2025-07-09 12:13:38.976967
2025-07-09,46472,2025070904006865,SHPC,ABC Securities Private Limited,Vision Securities Pvt. Ltd,249,600.8,149599.2,2025-07-09 12:13:43.994050
2025-07-09,46467,2025070904006867,SHPC,ABC Securities Private Limited,Deevyaa Securities & Stock House Pvt. Ltd,100,601.0,60100.0,2025-07-09 12:13:47.854026
2025-07-09,46336,2025070904006916,SHPC,Imperial Securities Company Pvt. Ltd.,Nepal Stock House (PVT) Ltd.,200,602.0,120400.0,2025-07-09 12:14:40.295658
2025-07-09,45808,2025070904007119,SHPC,Shree Krishna Securities Ltd.,Vision Securities Pvt. Ltd,110,602.1,66231.0,2025-07-09 12:17:20.820224
2025-07-09,45807,2025070904007120,SHPC,Cristal Kanchanjanga Securites Pvt. Ltd.,Vision Securities Pvt. Ltd,100,601.1,60110.0,2025-07-09 12:17:20.820781
2025-07-09,45806,2025070904007121,SHPC,Primo Securities (PVT) Ltd.,Vision Securities Pvt. Ltd,580,601.1,348638.0,2025-07-09 12:17:20.821129
2025-07-09,45767,2025070904007134,SHPC,Primo Securities (PVT) Ltd.,J.F. Securites (PVT) Ltd.,220,601.1,132242.0,2025-07-09 12:17:34.972263
2025-07-09,45766,2025070904007135,SHPC,Agrawal Securities (PVT) Ltd.,J.F. Securites (PVT) Ltd.,300,601.1,180330.0,2025-07-09 12:17:34.972571
2025-07-09,45765,2025070904007136,SHPC,ABC Securities Private Limited,J.F. Securites (PVT) Ltd.,1480,601.0,889480.0,2025-07-09 12:17:34.972719
2025-07-09,45743,2025070904007140,SHPC,ABC Securities Private Limited,Kohinoor Investment & Securities Pvt. Ltd.,10,601.0,6010.0,2025-07-09 12:17:44.948354
2025-07-09,45570,2025070904007222,SHPC,Investment Management Nepal Pvt. Ltd.,Investment Management Nepal Pvt. Ltd.,9,600.0,5400.0,2025-07-09 12:18:23.652191
2025-07-09,44996,2025070904007392,SHPC,Dynamic Money Managers Securities Pvt. Ltd.,Neev Securities Pvt. Ltd.,100,601.5,60150.0,2025-07-09 12:21:25.765299
2025-07-09,44995,2025070904007393,SHPC,Himalayan Brokerage Company Limited,Neev Securities Pvt. Ltd.,50,601.3,30065.0,2025-07-09 12:21:25.765880
2025-07-09,44994,2025070904007394,SHPC,Kohinoor Investment & Securities Pvt. Ltd.,Neev Securities Pvt. Ltd.,350,601.2,210420.0,2025-07-09 12:21:25.766261
2025-07-09,44813,2025070904007456,SHPC,Kohinoor Investment & Securities Pvt. Ltd.,APPLE SECURITIES PRIVATE LIMITED,650,602.0,391300.0,2025-07-09 12:22:36.923973
2025-07-09,44790,2025070904007461,SHPC,SUN SECURITIES PVT LTD,APPLE SECURITIES PRIVATE LIMITED,350,602.0,210700.0,2025-07-09 12:22:48.595169
2025-07-09,44670,2025070904007517,SHPC,SUN SECURITIES PVT LTD,Neev Securities Pvt. Ltd.,150,602.0,90300.0,2025-07-09 12:23:19.167767
2025-07-09,44364,2025070904007594,SHPC,Online Securities Pvt. Ltd.,Cristal Kanchanjanga Securites Pvt. Ltd.,100,601.5,60150.0,2025-07-09 12:24:46.063529
2025-07-09,44363,2025070904007595,SHPC,Agrawal Securities (PVT) Ltd.,Cristal Kanchanjanga Securites Pvt. Ltd.,400,601.1,240440.0,2025-07-09 12:24:46.063850
2025-07-09,44338,2025070904007606,SHPC,Naasa Securities Co. Ltd.,Neev Securities Pvt. Ltd.,50,602.0,30100.0,2025-07-09 12:24:54.378993
2025-07-09,44337,2025070904007607,SHPC,Naasa Securities Co. Ltd.,Vision Securities Pvt. Ltd,70,603.0,42210.0,2025-07-09 12:24:54.379331
2025-07-09,44336,2025070904007608,SHPC,Naasa Securities Co. Ltd.,Online Securities Pvt. Ltd.,80,603.0,48240.0,2025-07-09 12:24:54.379461
2025-07-09,44106,2025070904007698,SHPC,Nepal Investment And Securities Trading Private Limited,Neev Securities Pvt. Ltd.,200,601.2,120240.0,2025-07-09 12:25:42.741846
2025-07-09,43900,2025070904007787,SHPC,Miyo Securities Pvt Ltd,Online Securities Pvt. Ltd.,10,603.0,6030.0,2025-07-09 12:26:52.571977
2025-07-09,43329,2025070904007973,SHPC,Primo Securities (PVT) Ltd.,Trishakti Securities Public Limited,200,602.0,120400.0,2025-07-09 12:30:27.423514
2025-07-09,43255,2025070904007992,SHPC,Primo Securities (PVT) Ltd.,Vision Securities Pvt. Ltd,100,602.0,60200.0,2025-07-09 12:30:56.381118
2025-07-09,43131,2025070904008022,SHPC,Shree Krishna Securities Ltd.,Online Securities Pvt. Ltd.,10,603.0,6030.0,2025-07-09 12:31:35.960406
2025-07-09,43130,2025070904008023,SHPC,Shree Krishna Securities Ltd.,SUN SECURITIES PVT LTD,190,603.0,114570.0,2025-07-09 12:31:35.961003
2025-07-09,42918,2025070904008106,SHPC,Online Securities Pvt. Ltd.,SUN SECURITIES PVT LTD,100,603.0,60300.0,2025-07-09 12:32:46.458528
2025-07-09,42828,2025070904008143,SHPC,Primo Securities (PVT) Ltd.,J.F. Securites (PVT) Ltd.,200,602.0,120400.0,2025-07-09 12:33:19.558591
2025-07-09,42695,2025070904008207,SHPC,Himalayan Brokerage Company Limited,J.F. Securites (PVT) Ltd.,100,601.4,60140.0,2025-07-09 12:34:00.077399
2025-07-09,42655,2025070904008220,SHPC,Dipshikha Dhitopatra Karobar Co. Pvt Ltd.,J.F. Securites (PVT) Ltd.,200,601.4,120280.0,2025-07-09 12:34:22.397505
2025-07-09,42570,2025070904008259,SHPC,Sharepro Securities Private Limited,SUN SECURITIES PVT LTD,150,603.0,90450.0,2025-07-09 12:34:47.536188
2025-07-09,42493,2025070904008288,SHPC,Himalayan Brokerage Company Limited,Imperial Securities Company Pvt. Ltd.,50,601.3,30065.0,2025-07-09 12:35:13.249390
2025-07-09,42492,2025070904008289,SHPC,Sumeru Securities Pvt. Ltd.,Imperial Securities Company Pvt. Ltd.,600,601.3,360780.0,2025-07-09 12:35:13.249465
2025-07-09,42491,2025070904008290,SHPC,Nepal Investment And Securities Trading Private Limited,Imperial Securities Company Pvt. Ltd.,750,601.2,450900.0,2025-07-09 12:35:13.249496
2025-07-09,42104,2025070904008445,SHPC,Nepal Investment And Securities Trading Private Limited,Secured Securities Ltd.,50,601.2,30060.0,2025-07-09 12:36:38.801719
2025-07-09,42103,2025070904008446,SHPC,Himalayan Brokerage Company Limited,Secured Securities Ltd.,50,601.2,30060.0,2025-07-09 12:36:38.802108
2025-07-09,42077,2025070904008455,SHPC,Agrawal Securities (PVT) Ltd.,Secured Securities Ltd.,100,601.2,60120.0,2025-07-09 12:36:44.240194
2025-07-09,41504,2025070904008686,SHPC,Midas Stock Broking Company Private Limited,SUN SECURITIES PVT LTD,60,603.0,36180.0,2025-07-09 12:39:16.647367
2025-07-09,41503,2025070904008687,SHPC,Midas Stock Broking Company Private Limited,Imperial Securities Company Pvt. Ltd.,40,603.0,24120.0,2025-07-09 12:39:16.647476
2025-07-09,41502,2025070904008688,SHPC,Midas Stock Broking Company Private Limited,Dipshikha Dhitopatra Karobar Co. Pvt Ltd.,40,603.0,24120.0,2025-07-09 12:39:16.647555
2025-07-09,41215,2025070904008779,SHPC,Vision Securities Pvt. Ltd,Nabil Stock Dealer Ltd.,50,602.0,30100.0,2025-07-09 12:40:40.925620
2025-07-09,41214,2025070904008780,SHPC,SHUBHAKAMANA SECURITIES PVT. LTD,Nabil Stock Dealer Ltd.,500,601.5,300750.0,2025-07-09 12:40:40.926200
2025-07-09,41213,2025070904008781,SHPC,Oxford Securities Pvt. Ltd.,Nabil Stock Dealer Ltd.,300,601.3,180390.0,2025-07-09 12:40:40.926640
2025-07-09,41212,2025070904008782,SHPC,Kohinoor Investment & Securities Pvt. Ltd.,Nabil Stock Dealer Ltd.,120,601.3,72156.0,2025-07-09 12:40:40.927018
2025-07-09,41211,2025070904008783,SHPC,Agrawal Securities (PVT) Ltd.,Nabil Stock Dealer Ltd.,400,601.2,240480.0,2025-07-09 12:40:40.927399
2025-07-09,41210,2025070904008784,SHPC,J.F. Securites (PVT) Ltd.,Nabil Stock Dealer Ltd.,50,601.2,30060.0,2025-07-09 12:40:40.927765
2025-07-09,41209,2025070904008785,SHPC,Agrawal Securities (PVT) Ltd.,Nabil Stock Dealer Ltd.,100,601.1,60110.0,2025-07-09 12:40:40.928122
2025-07-09,41208,2025070904008786,SHPC,Online Securities Pvt. Ltd.,Nabil Stock Dealer Ltd.,500,601.1,300550.0,2025-07-09 12:40:40.928497
2025-07-09,41207,2025070904008787,SHPC,Citizens Share Broker Limited,Nabil Stock Dealer Ltd.,950,601.1,571045.0,2025-07-09 12:40:40.928856
2025-07-09,41206,2025070904008788,SHPC,ABC Securities Private Limited,Nabil Stock Dealer Ltd.,661,601.0,397261.0,2025-07-09 12:40:40.929216
2025-07-09,41205,2025070904008789,SHPC,Vision Securities Pvt. Ltd,Nabil Stock Dealer Ltd.,1369,601.0,822769.0,2025-07-09 12:40:40.929591
2025-07-09,41108,2025070904008839,SHPC,Midas Stock Broking Company Private Limited,Nabil Stock Dealer Ltd.,300,602.0,180600.0,2025-07-09 12:41:07.196479
2025-07-09,41058,2025070904008863,SHPC,Naasa Securities Co. Ltd.,Nabil Stock Dealer Ltd.,250,602.0,150500.0,2025-07-09 12:41:21.687429
2025-07-09,40992,2025070904008885,SHPC,J.F. Securites (PVT) Ltd.,Creative Securities Pvt Ltd,100,601.6,60160.0,2025-07-09 12:41:46.557675
2025-07-09,40991,2025070904008886,SHPC,Primo Securities (PVT) Ltd.,Creative Securities Pvt Ltd,700,601.1,420770.0,2025-07-09 12:41:46.558271
2025-07-09,40990,2025070904008887,SHPC,Himalayan Brokerage Company Limited,Creative Securities Pvt Ltd,100,601.1,60110.0,2025-07-09 12:41:46.558705
2025-07-09,40989,2025070904008888,SHPC,Vision Securities Pvt. Ltd,Creative Securities Pvt Ltd,2100,601.0,1262100.0,2025-07-09 12:41:46.559071
2025-07-09,40930,2025070904008917,SHPC,SHUBHAKAMANA SECURITIES PVT. LTD,Sani Securities Company Ltd.,500,601.7,300850.0,2025-07-09 12:42:05.300420
2025-07-09,40929,2025070904008918,SHPC,Vision Securities Pvt. Ltd,Sani Securities Company Ltd.,500,601.0,300500.0,2025-07-09 12:42:05.301047
2025-07-09,40845,2025070904008986,SHPC,Midas Stock Broking Company Private Limited,Nabil Stock Dealer Ltd.,200,602.0,120400.0,2025-07-09 12:42:15.419442
2025-07-09,40623,2025070904009044,SHPC,Imperial Securities Company Pvt. Ltd.,Nabil Stock Dealer Ltd.,2000,602.0,1204000.0,2025-07-09 12:43:01.677609
2025-07-09,40571,2025070904009057,SHPC,Aryatara Investment & Securities,Nabil Stock Dealer Ltd.,950,602.0,571900.0,2025-07-09 12:43:17.572072
2025-07-09,39840,2025070904009350,SHPC,Nepal Stock House (PVT) Ltd.,Naasa Securities Co. Ltd.,50,602.1,30105.0,2025-07-09 12:47:02.960859
2025-07-09,39839,2025070904009351,SHPC,Sani Securities Company Ltd.,Naasa Securities Co. Ltd.,100,602.1,60210.0,2025-07-09 12:47:02.961568
2025-07-09,39838,2025070904009352,SHPC,Sanima Securities Limited,Naasa Securities Co. Ltd.,350,602.1,210735.0,2025-07-09 12:47:02.962013
2025-07-09,39837,2025070904009353,SHPC,Sani Securities Company Ltd.,Himalayan Securities Limited,10,603.5,6035.0,2025-07-09 12:47:04.375761
2025-07-09,39642,2025070904009424,SHPC,Sweta Securities Private Limited,Nepal Stock House (PVT) Ltd.,200,602.2,120440.0,2025-07-09 12:48:13.044570
2025-07-09,39266,2025070904009557,SHPC,Thrive Brokerage House Pvt. Ltd,Himalayan Securities Limited,10,603.5,6035.0,2025-07-09 12:50:05.233514
2025-07-09,39265,2025070904009558,SHPC,Thrive Brokerage House Pvt. Ltd,Aakashbhairab Securities Ltd.,120,603.7,72444.0,2025-07-09 12:50:05.234157
2025-07-09,39264,2025070904009559,SHPC,Thrive Brokerage House Pvt. Ltd,Naasa Securities Co. Ltd.,100,603.8,60380.0,2025-07-09 12:50:05.234573
2025-07-09,39263,2025070904009560,SHPC,Thrive Brokerage House Pvt. Ltd,Secured Securities Ltd.,80,603.9,48312.0,2025-07-09 12:50:05.234970
2025-07-09,39262,2025070904009561,SHPC,Thrive Brokerage House Pvt. Ltd,Miyo Securities Pvt Ltd,500,603.9,301950.0,2025-07-09 12:50:05.235374
2025-07-09,39261,2025070904009562,SHPC,Thrive Brokerage House Pvt. Ltd,Agrawal Securities (PVT) Ltd.,200,604.0,120800.0,2025-07-09 12:50:05.235782
2025-07-09,39260,2025070904009563,SHPC,Thrive Brokerage House Pvt. Ltd,Aryatara Investment & Securities,100,604.0,60400.0,2025-07-09 12:50:05.236153
2025-07-09,39259,2025070904009564,SHPC,Thrive Brokerage House Pvt. Ltd,Linch Stock Market Ltd.,20,604.0,12080.0,2025-07-09 12:50:05.236555
2025-07-09,39258,2025070904009565,SHPC,Thrive Brokerage House Pvt. Ltd,Sweta Securities Private Limited,110,605.0,66550.0,2025-07-09 12:50:05.236947
2025-07-09,39257,2025070904009566,SHPC,Thrive Brokerage House Pvt. Ltd,Aryatara Investment & Securities,37,605.0,22385.0,2025-07-09 12:50:05.237346
2025-07-09,39256,2025070904009567,SHPC,Thrive Brokerage House Pvt. Ltd,Magnet Securities and Investment Company Private Limited,500,605.0,302500.0,2025-07-09 12:50:05.237719
2025-07-09,39255,2025070904009568,SHPC,Thrive Brokerage House Pvt. Ltd,ABC Securities Private Limited,50,605.0,30250.0,2025-07-09 12:50:05.238101
2025-07-09,39254,2025070904009569,SHPC,Thrive Brokerage House Pvt. Ltd,Roadshow securities limited,500,605.0,302500.0,2025-07-09 12:50:05.238493
2025-07-09,39253,2025070904009570,SHPC,Thrive Brokerage House Pvt. Ltd,Magnet Securities and Investment Company Private Limited,200,605.0,121000.0,2025-07-09 12:50:05.238877
2025-07-09,39252,2025070904009571,SHPC,Thrive Brokerage House Pvt. Ltd,Naasa Securities Co. Ltd.,400,605.0,242000.0,2025-07-09 12:50:05.239022
2025-07-09,39158,2025070904009601,SHPC,Thrive Brokerage House Pvt. Ltd,Himalayan Brokerage Company Limited,550,603.0,331650.0,2025-07-09 12:50:40.948063
2025-07-09,39050,2025070904009639,SHPC,Thrive Brokerage House Pvt. Ltd,Himalayan Brokerage Company Limited,600,603.0,361800.0,2025-07-09 12:51:13.054100
2025-07-09,38953,2025070904009659,SHPC,Thrive Brokerage House Pvt. Ltd,Naasa Securities Co. Ltd.,850,603.0,512550.0,2025-07-09 12:51:55.183084
2025-07-09,38872,2025070904009686,SHPC,Thrive Brokerage House Pvt. Ltd,Naasa Securities Co. Ltd.,1000,603.0,603000.0,2025-07-09 12:52:16.755936
2025-07-09,38816,2025070904009716,SHPC,Thrive Brokerage House Pvt. Ltd,Agrawal Securities (PVT) Ltd.,16,603.0,9648.0,2025-07-09 12:52:36.058228
2025-07-09,38813,2025070904009719,SHPC,Thrive Brokerage House Pvt. Ltd,Siprabi Securities Pvt. Ltd.,150,603.0,90450.0,2025-07-09 12:52:37.874324
2025-07-09,38393,2025070904009884,SHPC,Dynamic Money Managers Securities Pvt. Ltd.,Kalika Securities Pvt. Ltd.,30,603.2,18096.0,2025-07-09 12:54:49.850723
2025-07-09,38202,2025070904009931,SHPC,Sani Securities Company Ltd.,Trishakti Securities Public Limited,30,605.5,18165.0,2025-07-09 12:55:48.719892
2025-07-09,37873,2025070904010035,SHPC,ABC Securities Private Limited,Trishakti Securities Public Limited,20,605.5,12110.0,2025-07-09 12:57:22.305056
2025-07-09,37872,2025070904010036,SHPC,ABC Securities Private Limited,Deevyaa Securities & Stock House Pvt. Ltd,80,605.5,48440.0,2025-07-09 12:57:22.305403
2025-07-09,37326,2025070904010226,SHPC,Ashutosh Brokerage & Securities (PVT) Ltd.,Nepal Stock House (PVT) Ltd.,300,605.0,181500.0,2025-07-09 12:59:43.707970
2025-07-09,36837,2025070904010403,SHPC,Primo Securities (PVT) Ltd.,Oxford Securities Pvt. Ltd.,500,605.0,302500.0,2025-07-09 13:01:53.852035
2025-07-09,36758,2025070904010429,SHPC,Thrive Brokerage House Pvt. Ltd,Siprabi Securities Pvt. Ltd.,60,604.0,36240.0,2025-07-09 13:02:08.805530
2025-07-09,36356,2025070904010515,SHPC,Siprabi Securities Pvt. Ltd.,Cristal Kanchanjanga Securites Pvt. Ltd.,50,604.1,30205.0,2025-07-09 13:04:13.689528
2025-07-09,36355,2025070904010516,SHPC,Thrive Brokerage House Pvt. Ltd,Cristal Kanchanjanga Securites Pvt. Ltd.,450,604.0,271800.0,2025-07-09 13:04:13.689867
2025-07-09,36257,2025070904010545,SHPC,Thrive Brokerage House Pvt. Ltd,Dynamic Money Managers Securities Pvt. Ltd.,397,604.0,239788.0,2025-07-09 13:04:51.027658
2025-07-09,36256,2025070904010546,SHPC,Ashutosh Brokerage & Securities (PVT) Ltd.,Dynamic Money Managers Securities Pvt. Ltd.,103,604.0,62212.0,2025-07-09 13:04:51.027975
2025-07-09,35762,2025070904010713,SHPC,Ashutosh Brokerage & Securities (PVT) Ltd.,Dynamic Money Managers Securities Pvt. Ltd.,97,604.0,58588.0,2025-07-09 13:07:41.351720
2025-07-09,35761,2025070904010714,SHPC,Naasa Securities Co. Ltd.,Dynamic Money Managers Securities Pvt. Ltd.,350,604.0,211400.0,2025-07-09 13:07:41.352044
2025-07-09,35121,2025070904010903,SHPC,Opal Securities Investment (PVT) Ltd.,Dipshikha Dhitopatra Karobar Co. Pvt Ltd.,10,603.4,6034.0,2025-07-09 13:11:16.538807
2025-07-09,34340,2025070904011163,SHPC,Opal Securities Investment (PVT) Ltd.,Agrawal Securities (PVT) Ltd.,150,603.4,90510.0,2025-07-09 13:15:26.346135
2025-07-09,34197,2025070904011202,SHPC,Opal Securities Investment (PVT) Ltd.,Aryatara Investment & Securities,40,603.4,24136.0,2025-07-09 13:16:20.479944
2025-07-09,34147,2025070904011211,SHPC,Aryatara Investment & Securities,Aryatara Investment & Securities,210,603.4,126714.0,2025-07-09 13:16:40.641343
2025-07-09,34146,2025070904011212,SHPC,Aryatara Investment & Securities,Deevyaa Securities & Stock House Pvt. Ltd,53,603.5,31985.5,2025-07-09 13:16:40.641675
2025-07-09,34145,2025070904011213,SHPC,Aryatara Investment & Securities,Miyo Securities Pvt Ltd,500,603.9,301950.0,2025-07-09 13:16:40.641846
2025-07-09,34144,2025070904011214,SHPC,Aryatara Investment & Securities,Dynamic Money Managers Securities Pvt. Ltd.,237,604.0,143148.0,2025-07-09 13:16:40.642038
2025-07-09,33963,2025070904011239,SHPC,Bhrikuti Stock Broking Co. Pvt. Ltd.,Dynamic Money Managers Securities Pvt. Ltd.,200,604.0,120800.0,2025-07-09 13:17:24.647880
2025-07-09,33535,2025070904011358,SHPC,Naasa Securities Co. Ltd.,Agrawal Securities (PVT) Ltd.,760,603.6,458736.0,2025-07-09 13:19:46.190190
2025-07-09,33435,2025070904011403,SHPC,Opal Securities Investment (PVT) Ltd.,Dynamic Money Managers Securities Pvt. Ltd.,116,604.0,70064.0,2025-07-09 13:20:23.485068
2025-07-09,33434,2025070904011404,SHPC,Opal Securities Investment (PVT) Ltd.,Malla & Malla Stock Broking Company Pvt. Limited,50,604.0,30200.0,2025-07-09 13:20:23.485410
2025-07-09,33428,2025070904011410,SHPC,Opal Securities Investment (PVT) Ltd.,Dynamic Money Managers Securities Pvt. Ltd.,34,604.0,20536.0,2025-07-09 13:20:24.454248
2025-07-09,33427,2025070904011411,SHPC,Naasa Securities Co. Ltd.,Dynamic Money Managers Securities Pvt. Ltd.,240,603.6,144864.0,2025-07-09 13:20:24.454618
2025-07-09,33426,2025070904011412,SHPC,Naasa Securities Co. Ltd.,Dynamic Money Managers Securities Pvt. Ltd.,726,603.5,438141.0,2025-07-09 13:20:24.454764
2025-07-09,33295,2025070904011469,SHPC,Naasa Securities Co. Ltd.,Cristal Kanchanjanga Securites Pvt. Ltd.,90,603.5,54315.0,2025-07-09 13:20:52.673331
2025-07-09,32530,2025070904011721,SHPC,Siprabi Securities Pvt. Ltd.,Dynamic Money Managers Securities Pvt. Ltd.,500,604.0,302000.0,2025-07-09 13:24:27.665002
2025-07-09,32529,2025070904011722,SHPC,Siprabi Securities Pvt. Ltd.,Deevyaa Securities & Stock House Pvt. Ltd,910,604.8,550368.0,2025-07-09 13:24:27.665685
2025-07-09,32528,2025070904011723,SHPC,Siprabi Securities Pvt. Ltd.,Miyo Securities Pvt Ltd,500,604.9,302450.0,2025-07-09 13:24:27.666123
2025-07-09,32527,2025070904011724,SHPC,Siprabi Securities Pvt. Ltd.,Cristal Kanchanjanga Securites Pvt. Ltd.,250,605.0,151250.0,2025-07-09 13:24:27.666576
2025-07-09,32526,2025070904011725,SHPC,Siprabi Securities Pvt. Ltd.,Arun Securities (PVT) Ltd.,500,605.0,302500.0,2025-07-09 13:24:27.667004
2025-07-09,32525,2025070904011726,SHPC,Siprabi Securities Pvt. Ltd.,Primo Securities (PVT) Ltd.,300,605.0,181500.0,2025-07-09 13:24:27.667430
2025-07-09,32524,2025070904011727,SHPC,Siprabi Securities Pvt. Ltd.,Dipshikha Dhitopatra Karobar Co. Pvt Ltd.,10,605.4,6054.0,2025-07-09 13:24:27.667859
2025-07-09,32523,2025070904011728,SHPC,Siprabi Securities Pvt. Ltd.,Nagarik Stock Dealer ,3540,605.5,2143470.0,2025-07-09 13:24:27.668278
2025-07-09,32100,2025070904011841,SHPC,Opal Securities Investment (PVT) Ltd.,Deevyaa Securities & Stock House Pvt. Ltd,100,604.0,60400.0,2025-07-09 13:26:12.473279
2025-07-09,32099,2025070904011842,SHPC,Online Securities Pvt. Ltd.,Deevyaa Securities & Stock House Pvt. Ltd,500,603.8,301900.0,2025-07-09 13:26:12.473958
2025-07-09,32098,2025070904011843,SHPC,Online Securities Pvt. Ltd.,Deevyaa Securities & Stock House Pvt. Ltd,400,603.8,241520.0,2025-07-09 13:26:12.474419
2025-07-09,31821,2025070904011910,SHPC,Opal Securities Investment (PVT) Ltd.,Deevyaa Securities & Stock House Pvt. Ltd,100,604.1,60410.0,2025-07-09 13:27:39.808163
2025-07-09,31820,2025070904011911,SHPC,Naasa Securities Co. Ltd.,Deevyaa Securities & Stock House Pvt. Ltd,400,604.1,241640.0,2025-07-09 13:27:39.808879
2025-07-09,31180,2025070904012062,SHPC,Opal Securities Investment (PVT) Ltd.,Kohinoor Investment & Securities Pvt. Ltd.,200,604.5,120900.0,2025-07-09 13:30:02.181494
2025-07-09,31179,2025070904012063,SHPC,Naasa Securities Co. Ltd.,Kohinoor Investment & Securities Pvt. Ltd.,800,604.4,483520.0,2025-07-09 13:30:02.182159
2025-07-09,30808,2025070904012159,SHPC,Market Securities & Exchange (PVT) Ltd.,Imperial Securities Company Pvt. Ltd.,272,604.5,164424.0,2025-07-09 13:31:35.834673
2025-07-09,30436,2025070904012273,SHPC,Sumeru Securities Pvt. Ltd.,Deevyaa Securities & Stock House Pvt. Ltd,10,604.7,6047.0,2025-07-09 13:33:20.367188
2025-07-09,30367,2025070904012296,SHPC,Sumeru Securities Pvt. Ltd.,Cristal Kanchanjanga Securites Pvt. Ltd.,115,605.0,69575.0,2025-07-09 13:33:41.646776
2025-07-09,30341,2025070904012301,SHPC,Primo Securities (PVT) Ltd.,Oxford Securities Pvt. Ltd.,25,604.8,15120.0,2025-07-09 13:33:58.145018
2025-07-09,30340,2025070904012302,SHPC,Aryatara Investment & Securities,Oxford Securities Pvt. Ltd.,75,604.8,45360.0,2025-07-09 13:33:58.145772
2025-07-09,30325,2025070904012307,SHPC,Online Securities Pvt. Ltd.,Cristal Kanchanjanga Securites Pvt. Ltd.,500,605.0,302500.0,2025-07-09 13:34:05.221504
2025-07-09,30301,2025070904012318,SHPC,Vision Securities Pvt. Ltd,Cristal Kanchanjanga Securites Pvt. Ltd.,385,605.0,232925.0,2025-07-09 13:34:12.677868
2025-07-09,30257,2025070904012322,SHPC,Online Securities Pvt. Ltd.,Dynamic Money Managers Securities Pvt. Ltd.,100,605.4,60540.0,2025-07-09 13:34:22.339079
2025-07-09,30215,2025070904012330,SHPC,Vision Securities Pvt. Ltd,Sweta Securities Private Limited,50,605.0,30250.0,2025-07-09 13:34:36.583953
2025-07-09,30138,2025070904012351,SHPC,Vision Securities Pvt. Ltd,Sundhara Securities Limited,500,605.0,302500.0,2025-07-09 13:34:58.277111
2025-07-09,29984,2025070904012406,SHPC,Agrawal Securities (PVT) Ltd.,Sani Securities Company Ltd.,300,605.3,181590.0,2025-07-09 13:35:40.982196
2025-07-09,29875,2025070904012433,SHPC,Vision Securities Pvt. Ltd,Sweta Securities Private Limited,50,605.0,30250.0,2025-07-09 13:36:15.052144
2025-07-09,29761,2025070904012465,SHPC,Vision Securities Pvt. Ltd,Imperial Securities Company Pvt. Ltd.,15,605.0,9075.0,2025-07-09 13:36:46.844213
2025-07-09,29760,2025070904012466,SHPC,Online Securities Pvt. Ltd.,Imperial Securities Company Pvt. Ltd.,30,605.0,18150.0,2025-07-09 13:36:46.844596
2025-07-09,29759,2025070904012467,SHPC,Sumeru Securities Pvt. Ltd.,Imperial Securities Company Pvt. Ltd.,40,605.0,24200.0,2025-07-09 13:36:46.844760
2025-07-09,29631,2025070904012507,SHPC,Sumeru Securities Pvt. Ltd.,Dynamic Money Managers Securities Pvt. Ltd.,100,605.4,60540.0,2025-07-09 13:37:25.457897
2025-07-09,29452,2025070904012560,SHPC,Capital Max Securities Ltd,Sani Securities Company Ltd.,200,605.8,121160.0,2025-07-09 13:38:01.340780
2025-07-09,29260,2025070904012595,SHPC,Aryatara Investment & Securities,Property Wiard Limited,75,604.8,45360.0,2025-07-09 13:38:58.043671
2025-07-09,29259,2025070904012596,SHPC,Sweta Securities Private Limited,Property Wiard Limited,140,604.6,84644.0,2025-07-09 13:38:58.043754
2025-07-09,29258,2025070904012597,SHPC,Market Securities & Exchange (PVT) Ltd.,Property Wiard Limited,728,604.5,440076.0,2025-07-09 13:38:58.043784
2025-07-09,29257,2025070904012598,SHPC,Naasa Securities Co. Ltd.,Property Wiard Limited,800,604.4,483520.0,2025-07-09 13:38:58.043811
2025-07-09,29256,2025070904012599,SHPC,Online Securities Pvt. Ltd.,Property Wiard Limited,257,604.2,155279.4,2025-07-09 13:38:58.043832
2025-07-09,29061,2025070904012670,SHPC,Opal Securities Investment (PVT) Ltd.,Sani Securities Company Ltd.,100,604.6,60460.0,2025-07-09 13:40:03.122646
2025-07-09,29060,2025070904012671,SHPC,Naasa Securities Co. Ltd.,Sani Securities Company Ltd.,1000,604.6,604600.0,2025-07-09 13:40:03.122722
2025-07-09,29059,2025070904012672,SHPC,J.F. Securites (PVT) Ltd.,Sani Securities Company Ltd.,200,604.5,120900.0,2025-07-09 13:40:03.122767
2025-07-09,29058,2025070904012673,SHPC,Sri Hari Securities Pvt. Ltd.,Sani Securities Company Ltd.,1000,604.3,604300.0,2025-07-09 13:40:03.122796
2025-07-09,29057,2025070904012674,SHPC,Online Securities Pvt. Ltd.,Sani Securities Company Ltd.,743,604.2,448920.6,2025-07-09 13:40:03.122826
2025-07-09,29056,2025070904012675,SHPC,Sundhara Securities Limited,Sani Securities Company Ltd.,200,604.0,120800.0,2025-07-09 13:40:03.122853
2025-07-09,29055,2025070904012676,SHPC,Online Securities Pvt. Ltd.,Sani Securities Company Ltd.,20,604.0,12080.0,2025-07-09 13:40:03.122881
2025-07-09,29054,2025070904012677,SHPC,Sani Securities Company Ltd.,Sani Securities Company Ltd.,338,604.0,204152.0,2025-07-09 13:40:03.122907
2025-07-09,29053,2025070904012678,SHPC,Aryatara Investment & Securities,Sani Securities Company Ltd.,200,604.0,120800.0,2025-07-09 13:40:03.122962
2025-07-09,29052,2025070904012679,SHPC,Imperial Securities Company Pvt. Ltd.,Sani Securities Company Ltd.,10,604.0,6040.0,2025-07-09 13:40:03.122984
2025-07-09,29051,2025070904012680,SHPC,Malla & Malla Stock Broking Company Pvt. Limited,Sani Securities Company Ltd.,189,604.0,114156.0,2025-07-09 13:40:03.123009
2025-07-09,29035,2025070904012685,SHPC,Pragyan Securities (PVT) Ltd.,Midas Stock Broking Company Private Limited,295,605.7,178681.5,2025-07-09 13:40:10.967893
2025-07-09,29034,2025070904012686,SHPC,Pragyan Securities (PVT) Ltd.,Sani Securities Company Ltd.,205,605.8,124189.0,2025-07-09 13:40:10.968631
2025-07-09,28916,2025070904012710,SHPC,Malla & Malla Stock Broking Company Pvt. Limited,Sani Securities Company Ltd.,611,604.0,369044.0,2025-07-09 13:40:45.503992
2025-07-09,28915,2025070904012711,SHPC,Bhrikuti Stock Broking Co. Pvt. Ltd.,Sani Securities Company Ltd.,50,604.0,30200.0,2025-07-09 13:40:45.504130
2025-07-09,28914,2025070904012712,SHPC,Naasa Securities Co. Ltd.,Sani Securities Company Ltd.,500,604.0,302000.0,2025-07-09 13:40:45.504236
2025-07-09,28446,2025070904012819,SHPC,Online Securities Pvt. Ltd.,Arun Securities (PVT) Ltd.,200,603.6,120720.0,2025-07-09 13:42:53.443801
2025-07-09,28388,2025070904012839,SHPC,Sani Securities Company Ltd.,Vision Securities Pvt. Ltd,10,605.6,6056.0,2025-07-09 13:43:16.154556
2025-07-09,27908,2025070904012992,SHPC,Sundhara Securities Limited,Property Wiard Limited,11,603.9,6642.9,2025-07-09 13:44:58.385916
2025-07-09,27601,2025070904013076,SHPC,Sani Securities Company Ltd.,Siprabi Securities Pvt. Ltd.,10,605.5,6055.0,2025-07-09 13:45:57.717250
2025-07-09,27286,2025070904013138,SHPC,Opal Securities Investment (PVT) Ltd.,Naasa Securities Co. Ltd.,100,604.3,60430.0,2025-07-09 13:47:14.123554
2025-07-09,27285,2025070904013139,SHPC,Sri Hari Securities Pvt. Ltd.,Naasa Securities Co. Ltd.,200,604.2,120840.0,2025-07-09 13:47:14.123936
2025-07-09,27187,2025070904013185,SHPC,Sri Hari Securities Pvt. Ltd.,Kohinoor Investment & Securities Pvt. Ltd.,490,604.2,296058.0,2025-07-09 13:47:36.911484
2025-07-09,27119,2025070904013203,SHPC,Sri Hari Securities Pvt. Ltd.,Shree Krishna Securities Ltd.,220,604.2,132924.0,2025-07-09 13:47:58.606556
2025-07-09,26991,2025070904013221,SHPC,Capital Max Securities Ltd,Linch Stock Market Ltd.,50,605.0,30250.0,2025-07-09 13:48:41.804320
2025-07-09,26990,2025070904013222,SHPC,Capital Max Securities Ltd,Siprabi Securities Pvt. Ltd.,30,605.0,18150.0,2025-07-09 13:48:41.804697
2025-07-09,26894,2025070904013247,SHPC,Sri Hari Securities Pvt. Ltd.,Kohinoor Investment & Securities Pvt. Ltd.,90,604.2,54378.0,2025-07-09 13:49:20.318569
2025-07-09,26893,2025070904013248,SHPC,Asian Securities Private Ltd.,Kohinoor Investment & Securities Pvt. Ltd.,410,604.2,247722.0,2025-07-09 13:49:20.318983
2025-07-09,26859,2025070904013256,SHPC,Asian Securities Private Ltd.,J.F. Securites (PVT) Ltd.,390,604.2,235638.0,2025-07-09 13:49:25.521608
2025-07-09,26858,2025070904013257,SHPC,Asian Securities Private Ltd.,J.F. Securites (PVT) Ltd.,200,604.2,120840.0,2025-07-09 13:49:25.521988
2025-07-09,26793,2025070904013277,SHPC,Sri Hari Securities Pvt. Ltd.,Sani Securities Company Ltd.,1000,604.1,604100.0,2025-07-09 13:49:42.302011
2025-07-09,26792,2025070904013278,SHPC,Vision Securities Pvt. Ltd,Sani Securities Company Ltd.,1000,604.0,604000.0,2025-07-09 13:49:42.302065
2025-07-09,26751,2025070904013299,SHPC,Online Securities Pvt. Ltd.,J.F. Securites (PVT) Ltd.,300,604.2,181260.0,2025-07-09 13:49:50.266819
2025-07-09,26739,2025070904013303,SHPC,Vision Securities Pvt. Ltd,Market Securities & Exchange (PVT) Ltd.,100,604.0,60400.0,2025-07-09 13:49:51.831500
2025-07-09,26660,2025070904013318,SHPC,Online Securities Pvt. Ltd.,J.F. Securites (PVT) Ltd.,125,604.2,75525.0,2025-07-09 13:50:16.457918
2025-07-09,26659,2025070904013319,SHPC,Online Securities Pvt. Ltd.,Midas Stock Broking Company Private Limited,25,605.0,15125.0,2025-07-09 13:50:16.458404
2025-07-09,26474,2025070904013361,SHPC,Siprabi Securities Pvt. Ltd.,Midas Stock Broking Company Private Limited,75,605.0,45375.0,2025-07-09 13:51:03.757402
2025-07-09,26473,2025070904013362,SHPC,Siprabi Securities Pvt. Ltd.,Vision Securities Pvt. Ltd,425,605.0,257125.0,2025-07-09 13:51:03.757807
2025-07-09,26432,2025070904013381,SHPC,Opal Securities Investment (PVT) Ltd.,Aryatara Investment & Securities,100,604.1,60410.0,2025-07-09 13:51:15.254064
2025-07-09,26431,2025070904013382,SHPC,Kumari Securities Private Limited,Aryatara Investment & Securities,900,604.0,543600.0,2025-07-09 13:51:15.254487
2025-07-09,26199,2025070904013485,SHPC,Kumari Securities Private Limited,Investment Management Nepal Pvt. Ltd.,200,604.0,120800.0,2025-07-09 13:52:01.122176
2025-07-09,25996,2025070904013552,SHPC,Kumari Securities Private Limited,Imperial Securities Company Pvt. Ltd.,900,604.0,543600.0,2025-07-09 13:52:53.868414
2025-07-09,25567,2025070904013626,SHPC,Sri Hari Securities Pvt. Ltd.,Imperial Securities Company Pvt. Ltd.,100,604.0,60400.0,2025-07-09 13:54:19.037535
2025-07-09,25566,2025070904013627,SHPC,Sri Hari Securities Pvt. Ltd.,Kumari Securities Private Limited,150,604.0,90600.0,2025-07-09 13:54:19.037913
2025-07-09,25383,2025070904013671,SHPC,Sri Hari Securities Pvt. Ltd.,Dynamic Money Managers Securities Pvt. Ltd.,100,604.0,60400.0,2025-07-09 13:54:49.211476
2025-07-09,25151,2025070904013746,SHPC,Neev Securities Pvt. Ltd.,J.F. Securites (PVT) Ltd.,30,605.0,18150.0,2025-07-09 13:55:37.161669
2025-07-09,25150,2025070904013747,SHPC,Neev Securities Pvt. Ltd.,Vision Securities Pvt. Ltd,40,605.0,24200.0,2025-07-09 13:55:37.162475
2025-07-09,25149,2025070904013748,SHPC,Neev Securities Pvt. Ltd.,Vision Securities Pvt. Ltd,30,605.0,18150.0,2025-07-09 13:55:37.162994
2025-07-09,25089,2025070904013779,SHPC,Sri Hari Securities Pvt. Ltd.,Imperial Securities Company Pvt. Ltd.,350,604.0,211400.0,2025-07-09 13:55:51.629308
2025-07-09,25088,2025070904013780,SHPC,Sri Hari Securities Pvt. Ltd.,Imperial Securities Company Pvt. Ltd.,50,604.0,30200.0,2025-07-09 13:55:51.630057
2025-07-09,25087,2025070904013781,SHPC,Aryatara Investment & Securities,Imperial Securities Company Pvt. Ltd.,400,604.0,241600.0,2025-07-09 13:55:51.630581
2025-07-09,25080,2025070904013783,SHPC,ABC Securities Private Limited,Imperial Securities Company Pvt. Ltd.,200,604.0,120800.0,2025-07-09 13:55:52.740077
2025-07-09,24888,2025070904013841,SHPC,Sundhara Securities Limited,BHOLE GANESH SECURITIES LTD,89,603.9,53747.1,2025-07-09 13:56:31.463690
2025-07-09,24887,2025070904013842,SHPC,Sundhara Securities Limited,BHOLE GANESH SECURITIES LTD,100,603.8,60380.0,2025-07-09 13:56:31.464471
2025-07-09,24886,2025070904013843,SHPC,Aryatara Investment & Securities,BHOLE GANESH SECURITIES LTD,50,603.8,30190.0,2025-07-09 13:56:31.465011
2025-07-09,24885,2025070904013844,SHPC,Sundhara Securities Limited,BHOLE GANESH SECURITIES LTD,100,603.7,60370.0,2025-07-09 13:56:31.465537
2025-07-09,24884,2025070904013845,SHPC,Sumeru Securities Pvt. Ltd.,BHOLE GANESH SECURITIES LTD,500,603.6,301800.0,2025-07-09 13:56:31.466093
2025-07-09,24883,2025070904013846,SHPC,Bhrikuti Stock Broking Co. Pvt. Ltd.,BHOLE GANESH SECURITIES LTD,263,603.5,158720.5,2025-07-09 13:56:31.466626
2025-07-09,24684,2025070904013887,SHPC,Cristal Kanchanjanga Securites Pvt. Ltd.,Naasa Securities Co. Ltd.,285,604.5,172282.5,2025-07-09 13:57:11.355730
2025-07-09,24682,2025070904013889,SHPC,Bhrikuti Stock Broking Co. Pvt. Ltd.,Kumari Securities Private Limited,100,603.5,60350.0,2025-07-09 13:57:11.476657
2025-07-09,24623,2025070904013911,SHPC,Dipshikha Dhitopatra Karobar Co. Pvt Ltd.,Imperial Securities Company Pvt. Ltd.,200,604.0,120800.0,2025-07-09 13:57:27.211211
2025-07-09,24622,2025070904013912,SHPC,Bhrikuti Stock Broking Co. Pvt. Ltd.,Imperial Securities Company Pvt. Ltd.,137,603.5,82679.5,2025-07-09 13:57:27.211266
2025-07-09,24621,2025070904013913,SHPC,Creative Securities Pvt Ltd,Imperial Securities Company Pvt. Ltd.,200,603.4,120680.0,2025-07-09 13:57:27.211291
2025-07-09,24620,2025070904013914,SHPC,Imperial Securities Company Pvt. Ltd.,Imperial Securities Company Pvt. Ltd.,463,603.4,279374.2,2025-07-09 13:57:27.211318
2025-07-09,24450,2025070904013960,SHPC,Sumeru Securities Pvt. Ltd.,Imperial Securities Company Pvt. Ltd.,500,603.4,301700.0,2025-07-09 13:58:04.657846
2025-07-09,24449,2025070904013961,SHPC,Dynamic Money Managers Securities Pvt. Ltd.,Imperial Securities Company Pvt. Ltd.,470,603.2,283504.0,2025-07-09 13:58:04.658207
2025-07-09,24448,2025070904013962,SHPC,Online Securities Pvt. Ltd.,Imperial Securities Company Pvt. Ltd.,30,603.1,18093.0,2025-07-09 13:58:04.658378
2025-07-09,24320,2025070904013990,SHPC,Sani Securities Company Ltd.,Naasa Securities Co. Ltd.,10,604.5,6045.0,2025-07-09 13:58:39.118985
2025-07-09,24085,2025070904014068,SHPC,Vision Securities Pvt. Ltd,Naasa Securities Co. Ltd.,300,604.0,181200.0,2025-07-09 14:00:05.648617
2025-07-09,24067,2025070904014075,SHPC,Sundhara Securities Limited,Naasa Securities Co. Ltd.,350,604.0,211400.0,2025-07-09 14:00:10.403138
2025-07-09,23818,2025070904014138,SHPC,Opal Securities Investment (PVT) Ltd.,Vision Securities Pvt. Ltd,50,603.5,30175.0,2025-07-09 14:01:13.199530
2025-07-09,23817,2025070904014139,SHPC,Miyo Securities Pvt Ltd,Vision Securities Pvt. Ltd,48,603.4,28963.2,2025-07-09 14:01:13.199643
2025-07-09,23684,2025070904014184,SHPC,Siprabi Securities Pvt. Ltd.,Blue Chip Securities Ltd,55,603.8,33209.0,2025-07-09 14:01:33.197439
2025-07-09,23683,2025070904014185,SHPC,Miyo Securities Pvt Ltd,Blue Chip Securities Ltd,452,603.4,272736.8,2025-07-09 14:01:33.198173
2025-07-09,23682,2025070904014186,SHPC,Nagarik Stock Dealer ,Blue Chip Securities Ltd,500,603.2,301600.0,2025-07-09 14:01:33.198709
2025-07-09,23681,2025070904014187,SHPC,Online Securities Pvt. Ltd.,Blue Chip Securities Ltd,170,603.1,102527.0,2025-07-09 14:01:33.199167
2025-07-09,23680,2025070904014188,SHPC,Sri Hari Securities Pvt. Ltd.,Blue Chip Securities Ltd,623,603.1,375731.3,2025-07-09 14:01:33.199655
2025-07-09,23603,2025070904014208,SHPC,Sri Hari Securities Pvt. Ltd.,Dynamic Money Managers Securities Pvt. Ltd.,500,603.1,301550.0,2025-07-09 14:01:58.886436
2025-07-09,23572,2025070904014233,SHPC,Sri Hari Securities Pvt. Ltd.,Imperial Securities Company Pvt. Ltd.,877,603.1,528918.7,2025-07-09 14:02:04.185483
2025-07-09,23571,2025070904014234,SHPC,Sumeru Securities Pvt. Ltd.,Imperial Securities Company Pvt. Ltd.,500,603.1,301550.0,2025-07-09 14:02:04.185573
2025-07-09,23570,2025070904014235,SHPC,Sani Securities Company Ltd.,Imperial Securities Company Pvt. Ltd.,800,603.1,482480.0,2025-07-09 14:02:04.185599
2025-07-09,23569,2025070904014236,SHPC,Aryatara Investment & Securities,Imperial Securities Company Pvt. Ltd.,300,603.1,180930.0,2025-07-09 14:02:04.185621
2025-07-09,23568,2025070904014237,SHPC,Sundhara Securities Limited,Imperial Securities Company Pvt. Ltd.,23,603.0,13869.0,2025-07-09 14:02:04.185665
2025-07-09,23553,2025070904014243,SHPC,Sundhara Securities Limited,APPLE SECURITIES PRIVATE LIMITED,123,603.0,74169.0,2025-07-09 14:02:10.495701
2025-07-09,23552,2025070904014244,SHPC,Ashutosh Brokerage & Securities (PVT) Ltd.,APPLE SECURITIES PRIVATE LIMITED,15,603.0,9045.0,2025-07-09 14:02:10.496473
2025-07-09,23551,2025070904014245,SHPC,Premier Securities Company Ltd.,APPLE SECURITIES PRIVATE LIMITED,10,603.0,6030.0,2025-07-09 14:02:10.496966
2025-07-09,23550,2025070904014246,SHPC,Sewa Securities Pvt. Ltd.,APPLE SECURITIES PRIVATE LIMITED,50,603.0,30150.0,2025-07-09 14:02:10.497453
2025-07-09,23549,2025070904014247,SHPC,Himalayan Brokerage Company Limited,APPLE SECURITIES PRIVATE LIMITED,62,603.0,37386.0,2025-07-09 14:02:10.497929
2025-07-09,23288,2025070904014331,SHPC,Online Securities Pvt. Ltd.,Sweta Securities Private Limited,40,603.2,24128.0,2025-07-09 14:03:19.654633
2025-07-09,23261,2025070904014348,SHPC,Online Securities Pvt. Ltd.,ABC Securities Private Limited,15,603.2,9048.0,2025-07-09 14:03:26.680092
2025-07-09,23260,2025070904014349,SHPC,Himalayan Brokerage Company Limited,ABC Securities Private Limited,135,603.0,81405.0,2025-07-09 14:03:26.680493
2025-07-09,22986,2025070904014421,SHPC,Himalayan Brokerage Company Limited,Naasa Securities Co. Ltd.,55,603.0,33165.0,2025-07-09 14:04:29.229748
2025-07-09,22789,2025070904014496,SHPC,Himalayan Brokerage Company Limited,Ashutosh Brokerage & Securities (PVT) Ltd.,248,603.0,149544.0,2025-07-09 14:05:06.313797
2025-07-09,22788,2025070904014497,SHPC,Sri Hari Securities Pvt. Ltd.,Ashutosh Brokerage & Securities (PVT) Ltd.,20,603.0,12060.0,2025-07-09 14:05:06.314183
2025-07-09,22787,2025070904014498,SHPC,Sani Securities Company Ltd.,Ashutosh Brokerage & Securities (PVT) Ltd.,160,603.0,96480.0,2025-07-09 14:05:06.314384
2025-07-09,22634,2025070904014543,SHPC,Premier Securities Company Ltd.,Imperial Securities Company Pvt. Ltd.,55,602.5,33137.5,2025-07-09 14:05:35.384593
2025-07-09,22560,2025070904014561,SHPC,Imperial Securities Company Pvt. Ltd.,Imperial Securities Company Pvt. Ltd.,10,602.5,6025.0,2025-07-09 14:05:53.625440
2025-07-09,22541,2025070904014570,SHPC,Sweta Securities Private Limited,Ashutosh Brokerage & Securities (PVT) Ltd.,12,602.2,7226.4,2025-07-09 14:05:56.541508
2025-07-09,22454,2025070904014603,SHPC,Sweta Securities Private Limited,Sani Securities Company Ltd.,38,602.2,22883.6,2025-07-09 14:06:14.853662
2025-07-09,22453,2025070904014604,SHPC,Citizens Share Broker Limited,Sani Securities Company Ltd.,200,602.2,120440.0,2025-07-09 14:06:14.854067
2025-07-09,22452,2025070904014605,SHPC,Sanima Securities Limited,Sani Securities Company Ltd.,62,602.1,37330.2,2025-07-09 14:06:14.854233
2025-07-09,22448,2025070904014607,SHPC,Sanima Securities Limited,Dakshinkali Investment & Securities Pvt. Ltd.,191,602.1,115001.1,2025-07-09 14:06:16.072617
2025-07-09,22374,2025070904014629,SHPC,Sanima Securities Limited,Vision Securities Pvt. Ltd,397,602.1,239033.7,2025-07-09 14:06:29.856936
2025-07-09,22373,2025070904014630,SHPC,Agrawal Securities (PVT) Ltd.,Vision Securities Pvt. Ltd,93,602.0,55986.0,2025-07-09 14:06:29.857328
2025-07-09,22304,2025070904014654,SHPC,Agrawal Securities (PVT) Ltd.,South Asian Bulls Pvt. Ltd.,407,602.0,245014.0,2025-07-09 14:06:44.821752
2025-07-09,22303,2025070904014655,SHPC,Aryatara Investment & Securities,South Asian Bulls Pvt. Ltd.,500,602.0,301000.0,2025-07-09 14:06:44.822460
2025-07-09,22302,2025070904014656,SHPC,Sumeru Securities Pvt. Ltd.,South Asian Bulls Pvt. Ltd.,50,602.0,30100.0,2025-07-09 14:06:44.822678
2025-07-09,22301,2025070904014657,SHPC,Kohinoor Investment & Securities Pvt. Ltd.,South Asian Bulls Pvt. Ltd.,100,602.0,60200.0,2025-07-09 14:06:44.822838
2025-07-09,22191,2025070904014692,SHPC,Imperial Securities Company Pvt. Ltd.,Sharepro Securities Private Limited,132,601.7,79424.4,2025-07-09 14:07:12.056615
2025-07-09,22158,2025070904014701,SHPC,Sani Securities Company Ltd.,South Asian Bulls Pvt. Ltd.,500,602.0,301000.0,2025-07-09 14:07:16.450138
2025-07-09,22153,2025070904014704,SHPC,South Asian Bulls Pvt. Ltd.,South Asian Bulls Pvt. Ltd.,443,602.0,266686.0,2025-07-09 14:07:17.957511
2025-07-09,22152,2025070904014705,SHPC,South Asian Bulls Pvt. Ltd.,Vision Securities Pvt. Ltd,10,602.4,6024.0,2025-07-09 14:07:17.957578
2025-07-09,22151,2025070904014706,SHPC,South Asian Bulls Pvt. Ltd.,Imperial Securities Company Pvt. Ltd.,47,602.5,28317.5,2025-07-09 14:07:17.957607
2025-07-09,22078,2025070904014744,SHPC,Online Securities Pvt. Ltd.,Neev Securities Pvt. Ltd.,200,602.2,120440.0,2025-07-09 14:07:40.634540
2025-07-09,22062,2025070904014746,SHPC,Neev Securities Pvt. Ltd.,Neev Securities Pvt. Ltd.,100,602.0,60200.0,2025-07-09 14:07:43.646359
2025-07-09,21900,2025070904014805,SHPC,Oxford Securities Pvt. Ltd.,Neev Securities Pvt. Ltd.,50,602.0,30100.0,2025-07-09 14:08:20.943603
2025-07-09,21660,2025070904014886,SHPC,Sani Securities Company Ltd.,Trishakti Securities Public Limited,60,601.8,36108.0,2025-07-09 14:09:27.422207
2025-07-09,21659,2025070904014887,SHPC,Secured Securities Ltd.,Trishakti Securities Public Limited,440,601.5,264660.0,2025-07-09 14:09:27.422284
2025-07-09,21621,2025070904014893,SHPC,SHUBHAKAMANA SECURITIES PVT. LTD,Neev Securities Pvt. Ltd.,400,602.0,240800.0,2025-07-09 14:09:33.623703
2025-07-09,21620,2025070904014894,SHPC,SHUBHAKAMANA SECURITIES PVT. LTD,Imperial Securities Company Pvt. Ltd.,600,602.5,361500.0,2025-07-09 14:09:33.624443
2025-07-09,21278,2025070904014988,SHPC,Siprabi Securities Pvt. Ltd.,Imperial Securities Company Pvt. Ltd.,90,602.0,54180.0,2025-07-09 14:11:00.207829
2025-07-09,21277,2025070904014989,SHPC,Online Securities Pvt. Ltd.,Imperial Securities Company Pvt. Ltd.,200,602.0,120400.0,2025-07-09 14:11:00.207893
2025-07-09,21276,2025070904014990,SHPC,Secured Securities Ltd.,Imperial Securities Company Pvt. Ltd.,60,601.5,36090.0,2025-07-09 14:11:00.207922
2025-07-09,21275,2025070904014991,SHPC,Neev Securities Pvt. Ltd.,Imperial Securities Company Pvt. Ltd.,50,601.5,30075.0,2025-07-09 14:11:00.207945
2025-07-09,21274,2025070904014992,SHPC,Citizens Share Broker Limited,Imperial Securities Company Pvt. Ltd.,200,601.3,120260.0,2025-07-09 14:11:00.207969
2025-07-09,21273,2025070904014993,SHPC,Dakshinkali Investment & Securities Pvt. Ltd.,Imperial Securities Company Pvt. Ltd.,1000,601.2,601200.0,2025-07-09 14:11:00.207995
2025-07-09,21272,2025070904014994,SHPC,Sumeru Securities Pvt. Ltd.,Imperial Securities Company Pvt. Ltd.,50,601.1,30055.0,2025-07-09 14:11:00.208023
2025-07-09,21271,2025070904014995,SHPC,Aryatara Investment & Securities,Imperial Securities Company Pvt. Ltd.,350,601.1,210385.0,2025-07-09 14:11:00.208052
2025-07-09,21201,2025070904015025,SHPC,Nepal Investment And Securities Trading Private Limited,Imperial Securities Company Pvt. Ltd.,288,602.5,173520.0,2025-07-09 14:11:23.908997
2025-07-09,21200,2025070904015026,SHPC,Nepal Investment And Securities Trading Private Limited,Aakashbhairab Securities Ltd.,42,603.0,25326.0,2025-07-09 14:11:23.909411
2025-07-09,21157,2025070904015030,SHPC,Dipshikha Dhitopatra Karobar Co. Pvt Ltd.,Naasa Securities Co. Ltd.,100,601.2,60120.0,2025-07-09 14:11:32.175829
2025-07-09,21156,2025070904015031,SHPC,Aryatara Investment & Securities,Naasa Securities Co. Ltd.,650,601.1,390715.0,2025-07-09 14:11:32.176230
2025-07-09,21155,2025070904015032,SHPC,Thrive Brokerage House Pvt. Ltd,Naasa Securities Co. Ltd.,250,601.1,150275.0,2025-07-09 14:11:32.176446
2025-07-09,21094,2025070904015062,SHPC,Premier Securities Company Ltd.,Sweta Securities Private Limited,27,602.0,16254.0,2025-07-09 14:11:48.522375
2025-07-09,21047,2025070904015080,SHPC,Imperial Securities Company Pvt. Ltd.,Naasa Securities Co. Ltd.,10,602.9,6029.0,2025-07-09 14:12:01.213124
2025-07-09,20965,2025070904015109,SHPC,Premier Securities Company Ltd.,Secured Securities Ltd.,150,602.0,90300.0,2025-07-09 14:12:28.775253
2025-07-09,20883,2025070904015129,SHPC,Premier Securities Company Ltd.,Blue Chip Securities Ltd,200,602.0,120400.0,2025-07-09 14:12:47.549254
2025-07-09,20692,2025070904015209,SHPC,Premier Securities Company Ltd.,Sumeru Securities Pvt. Ltd.,105,602.0,63210.0,2025-07-09 14:13:29.666683
2025-07-09,20639,2025070904015243,SHPC,Premier Securities Company Ltd.,Naasa Securities Co. Ltd.,400,602.0,240800.0,2025-07-09 14:13:42.251397
2025-07-09,20527,2025070904015287,SHPC,Imperial Securities Company Pvt. Ltd.,Vision Securities Pvt. Ltd,100,602.1,60210.0,2025-07-09 14:14:14.228227
2025-07-09,20526,2025070904015288,SHPC,Premier Securities Company Ltd.,Vision Securities Pvt. Ltd,118,602.0,71036.0,2025-07-09 14:14:14.228993
2025-07-09,20169,2025070904015392,SHPC,Imperial Securities Company Pvt. Ltd.,Vision Securities Pvt. Ltd,100,602.0,60200.0,2025-07-09 14:15:41.895042
2025-07-09,20027,2025070904015437,SHPC,Premier Securities Company Ltd.,Imperial Securities Company Pvt. Ltd.,1000,601.3,601300.0,2025-07-09 14:16:17.343506
2025-07-09,20026,2025070904015438,SHPC,Deevyaa Securities & Stock House Pvt. Ltd,Imperial Securities Company Pvt. Ltd.,507,601.2,304808.4,2025-07-09 14:16:17.343575
2025-07-09,20025,2025070904015439,SHPC,Thrive Brokerage House Pvt. Ltd,Imperial Securities Company Pvt. Ltd.,250,601.1,150275.0,2025-07-09 14:16:17.343611
2025-07-09,20024,2025070904015440,SHPC,Siprabi Securities Pvt. Ltd.,Imperial Securities Company Pvt. Ltd.,243,601.1,146067.3,2025-07-09 14:16:17.343641
2025-07-09,19917,2025070904015481,SHPC,Deevyaa Securities & Stock House Pvt. Ltd,Neev Securities Pvt. Ltd.,100,601.2,60120.0,2025-07-09 14:16:35.125213
2025-07-09,19899,2025070904015485,SHPC,Deevyaa Securities & Stock House Pvt. Ltd,Imperial Securities Company Pvt. Ltd.,407,601.2,244688.4,2025-07-09 14:16:39.742391
2025-07-09,19898,2025070904015486,SHPC,Siprabi Securities Pvt. Ltd.,Imperial Securities Company Pvt. Ltd.,33,601.1,19836.3,2025-07-09 14:16:39.742512
2025-07-09,19897,2025070904015487,SHPC,Sri Hari Securities Pvt. Ltd.,Imperial Securities Company Pvt. Ltd.,1000,601.1,601100.0,2025-07-09 14:16:39.742595
2025-07-09,19896,2025070904015488,SHPC,Aryatara Investment & Securities,Imperial Securities Company Pvt. Ltd.,50,601.1,30055.0,2025-07-09 14:16:39.742669
2025-07-09,19895,2025070904015489,SHPC,Vision Securities Pvt. Ltd,Imperial Securities Company Pvt. Ltd.,510,601.0,306510.0,2025-07-09 14:16:39.742744
2025-07-09,19864,2025070904015509,SHPC,Magnet Securities and Investment Company Private Limited,Miyo Securities Pvt Ltd,100,601.4,60140.0,2025-07-09 14:16:48.131368
2025-07-09,19523,2025070904015608,SHPC,Magnet Securities and Investment Company Private Limited,Elite Stock House Limited,900,601.4,541260.0,2025-07-09 14:17:59.324113
2025-07-09,19522,2025070904015609,SHPC,Vision Securities Pvt. Ltd,Elite Stock House Limited,100,601.0,60100.0,2025-07-09 14:17:59.324519
2025-07-09,19503,2025070904015616,SHPC,Machhapuchchhre Securities Limited,Vision Securities Pvt. Ltd,10,602.0,6020.0,2025-07-09 14:18:04.932275
2025-07-09,19321,2025070904015660,SHPC,Deevyaa Securities & Stock House Pvt. Ltd,Aakashbhairab Securities Ltd.,447,601.1,268691.7,2025-07-09 14:18:39.342759
2025-07-09,19245,2025070904015677,SHPC,Kumari Securities Private Limited,Vision Securities Pvt. Ltd,172,602.0,103544.0,2025-07-09 14:18:56.485303
2025-07-09,19244,2025070904015678,SHPC,Kumari Securities Private Limited,Sani Securities Company Ltd.,300,602.0,180600.0,2025-07-09 14:18:56.486081
2025-07-09,19109,2025070904015703,SHPC,Kumari Securities Private Limited,N.M.B. SECURITIES LIMITED,28,602.0,16856.0,2025-07-09 14:19:23.603638
2025-07-09,19085,2025070904015710,SHPC,Infinity Securities Limited,N.M.B. SECURITIES LIMITED,472,602.0,284144.0,2025-07-09 14:19:32.959025
2025-07-09,19038,2025070904015734,SHPC,Infinity Securities Limited,N.M.B. SECURITIES LIMITED,28,602.0,16856.0,2025-07-09 14:19:46.673693
2025-07-09,19034,2025070904015736,SHPC,Machhapuchchhre Securities Limited,N.M.B. SECURITIES LIMITED,10,602.0,6020.0,2025-07-09 14:19:47.172930
2025-07-09,18881,2025070904015785,SHPC,Online Securities Pvt. Ltd.,N.M.B. SECURITIES LIMITED,50,601.5,30075.0,2025-07-09 14:20:21.762016
2025-07-09,18688,2025070904015854,SHPC,Online Securities Pvt. Ltd.,Cristal Kanchanjanga Securites Pvt. Ltd.,50,601.5,30075.0,2025-07-09 14:21:15.476726
2025-07-09,18687,2025070904015855,SHPC,Deevyaa Securities & Stock House Pvt. Ltd,Cristal Kanchanjanga Securites Pvt. Ltd.,207,601.2,124448.4,2025-07-09 14:21:15.477514
2025-07-09,18686,2025070904015856,SHPC,Deevyaa Securities & Stock House Pvt. Ltd,Cristal Kanchanjanga Securites Pvt. Ltd.,60,601.1,36066.0,2025-07-09 14:21:15.478007
2025-07-09,18685,2025070904015857,SHPC,Imperial Securities Company Pvt. Ltd.,Cristal Kanchanjanga Securites Pvt. Ltd.,100,601.1,60110.0,2025-07-09 14:21:15.478505
2025-07-09,18684,2025070904015858,SHPC,Citizens Share Broker Limited,Cristal Kanchanjanga Securites Pvt. Ltd.,300,601.1,180330.0,2025-07-09 14:21:15.478990
2025-07-09,18683,2025070904015859,SHPC,Vision Securities Pvt. Ltd,Cristal Kanchanjanga Securites Pvt. Ltd.,311,601.0,186911.0,2025-07-09 14:21:15.479485
2025-07-09,18635,2025070904015868,SHPC,Vision Securities Pvt. Ltd,N.M.B. SECURITIES LIMITED,110,601.0,66110.0,2025-07-09 14:21:27.922620
2025-07-09,18634,2025070904015869,SHPC,Sani Securities Company Ltd.,N.M.B. SECURITIES LIMITED,50,601.0,30050.0,2025-07-09 14:21:27.923391
2025-07-09,18633,2025070904015870,SHPC,Imperial Securities Company Pvt. Ltd.,N.M.B. SECURITIES LIMITED,50,601.0,30050.0,2025-07-09 14:21:27.923975
2025-07-09,18632,2025070904015871,SHPC,Kohinoor Investment & Securities Pvt. Ltd.,N.M.B. SECURITIES LIMITED,100,601.0,60100.0,2025-07-09 14:21:27.924513
2025-07-09,18631,2025070904015872,SHPC,Imperial Securities Company Pvt. Ltd.,N.M.B. SECURITIES LIMITED,190,601.0,114190.0,2025-07-09 14:21:27.925023
2025-07-09,18583,2025070904015884,SHPC,Siprabi Securities Pvt. Ltd.,N.M.B. SECURITIES LIMITED,50,601.7,30085.0,2025-07-09 14:21:40.956832
2025-07-09,18582,2025070904015885,SHPC,Online Securities Pvt. Ltd.,N.M.B. SECURITIES LIMITED,50,601.3,30065.0,2025-07-09 14:21:40.957595
2025-07-09,18581,2025070904015886,SHPC,Imperial Securities Company Pvt. Ltd.,N.M.B. SECURITIES LIMITED,10,601.0,6010.0,2025-07-09 14:21:40.958077
2025-07-09,18580,2025070904015887,SHPC,KALASH STOCK MARKET PVT. LTD.,N.M.B. SECURITIES LIMITED,250,601.0,150250.0,2025-07-09 14:21:40.958565
2025-07-09,18579,2025070904015888,SHPC,Malla & Malla Stock Broking Company Pvt. Limited,N.M.B. SECURITIES LIMITED,102,601.0,61302.0,2025-07-09 14:21:40.959043
2025-07-09,18278,2025070904015987,SHPC,Malla & Malla Stock Broking Company Pvt. Limited,Capital Max Securities Ltd,48,601.0,28848.0,2025-07-09 14:22:55.894088
2025-07-09,18277,2025070904015988,SHPC,Cristal Kanchanjanga Securites Pvt. Ltd.,Capital Max Securities Ltd,452,601.0,271652.0,2025-07-09 14:22:55.894523
2025-07-09,18252,2025070904015990,SHPC,Cristal Kanchanjanga Securites Pvt. Ltd.,ABC Securities Private Limited,200,601.0,120200.0,2025-07-09 14:23:02.212615
2025-07-09,18154,2025070904016036,SHPC,Cristal Kanchanjanga Securites Pvt. Ltd.,Vision Securities Pvt. Ltd,179,601.0,107579.0,2025-07-09 14:23:29.021038
2025-07-09,18151,2025070904016037,SHPC,Cristal Kanchanjanga Securites Pvt. Ltd.,ABC Securities Private Limited,100,601.0,60100.0,2025-07-09 14:23:29.592523
2025-07-09,18044,2025070904016053,SHPC,Premier Securities Company Ltd.,Agrawal Securities (PVT) Ltd.,450,601.1,270495.0,2025-07-09 14:23:56.570199
2025-07-09,17839,2025070904016125,SHPC,Cristal Kanchanjanga Securites Pvt. Ltd.,Bhrikuti Stock Broking Co. Pvt. Ltd.,380,601.0,228380.0,2025-07-09 14:24:41.240716
2025-07-09,17751,2025070904016162,SHPC,Imperial Securities Company Pvt. Ltd.,Agrawal Securities (PVT) Ltd.,50,601.1,30055.0,2025-07-09 14:25:09.448010
2025-07-09,17393,2025070904016274,SHPC,Cristal Kanchanjanga Securites Pvt. Ltd.,Kalika Securities Pvt. Ltd.,189,601.0,113589.0,2025-07-09 14:26:11.331125
2025-07-09,17392,2025070904016275,SHPC,Midas Stock Broking Company Private Limited,Kalika Securities Pvt. Ltd.,261,601.0,156861.0,2025-07-09 14:26:11.331831
2025-07-09,17271,2025070904016313,SHPC,Machhapuchchhre Securities Limited,Imperial Securities Company Pvt. Ltd.,10,601.9,6019.0,2025-07-09 14:26:42.165879
2025-07-09,16985,2025070904016404,SHPC,Midas Stock Broking Company Private Limited,Imperial Securities Company Pvt. Ltd.,10,601.9,6019.0,2025-07-09 14:27:47.001626
