Date,S.N.,contract_id,symbol,buyer_broker,seller_broker,volume,price,amount,transaction_time
2025-07-09,62382,2025070901000110,TPC,Linch Stock Market Ltd.,Thrive Brokerage House Pvt. Ltd,10,402.0,4020.0,2025-07-09 11:03:27.464937
2025-07-09,61648,2025070901000254,TPC,Cristal Kanchanjanga Securites Pvt. Ltd.,Citizens Share Broker Limited,10,394.0,3940.0,2025-07-09 11:07:33.693604
2025-07-09,59853,2025070901000614,TPC,Cristal Kanchanjanga Securites Pvt. Ltd.,N.M.B. SECURITIES LIMITED,500,394.2,197100.0,2025-07-09 11:17:51.569181
2025-07-09,55565,2025070901001697,TPC,Kohinoor Investment & Securities Pvt. Ltd.,Sani Securities Company Ltd.,15,398.0,5970.0,2025-07-09 11:36:30.657568
2025-07-09,55535,2025070901001716,TPC,Naasa Securities Co. Ltd.,Naasa Securities Co. Ltd.,20,400.0,8000.0,2025-07-09 11:36:36.883933
2025-07-09,55534,2025070901001717,TPC,Naasa Securities Co. Ltd.,Naasa Securities Co. Ltd.,20,400.0,8000.0,2025-07-09 11:36:36.883981
2025-07-09,55533,2025070901001718,TPC,Naasa Securities Co. Ltd.,Sweta Securities Private Limited,25,401.0,10025.0,2025-07-09 11:36:36.884038
2025-07-09,55532,2025070901001719,TPC,Naasa Securities Co. Ltd.,Vision Securities Pvt. Ltd,100,401.0,40100.0,2025-07-09 11:36:36.884059
2025-07-09,55531,2025070901001720,TPC,Naasa Securities Co. Ltd.,Thrive Brokerage House Pvt. Ltd,40,402.0,16080.0,2025-07-09 11:36:36.884101
2025-07-09,55530,2025070901001721,TPC,Naasa Securities Co. Ltd.,J.F. Securites (PVT) Ltd.,95,402.0,38190.0,2025-07-09 11:36:36.884126
2025-07-09,55005,2025070901001844,TPC,Naasa Securities Co. Ltd.,N.M.B. SECURITIES LIMITED,500,400.0,200000.0,2025-07-09 11:38:48.677774
2025-07-09,54892,2025070901001884,TPC,Naasa Securities Co. Ltd.,J.F. Securites (PVT) Ltd.,70,400.0,28000.0,2025-07-09 11:39:18.295496
2025-07-09,54780,2025070901001924,TPC,Naasa Securities Co. Ltd.,Sani Securities Company Ltd.,90,401.9,36171.0,2025-07-09 11:39:48.796412
2025-07-09,54779,2025070901001925,TPC,Naasa Securities Co. Ltd.,Market Securities & Exchange (PVT) Ltd.,223,402.0,89646.0,2025-07-09 11:39:48.796452
2025-07-09,54778,2025070901001926,TPC,Naasa Securities Co. Ltd.,Sani Securities Company Ltd.,150,402.0,60300.0,2025-07-09 11:39:48.796496
2025-07-09,54777,2025070901001927,TPC,Naasa Securities Co. Ltd.,Pragyan Securities (PVT) Ltd.,10,402.0,4020.0,2025-07-09 11:39:48.796555
2025-07-09,54776,2025070901001928,TPC,Naasa Securities Co. Ltd.,Naasa Securities Co. Ltd.,50,406.0,20300.0,2025-07-09 11:39:48.796576
2025-07-09,54775,2025070901001929,TPC,Naasa Securities Co. Ltd.,Online Securities Pvt. Ltd.,50,409.0,20450.0,2025-07-09 11:39:48.796600
2025-07-09,54774,2025070901001930,TPC,Naasa Securities Co. Ltd.,Sani Securities Company Ltd.,300,409.7,122910.0,2025-07-09 11:39:48.796620
2025-07-09,54773,2025070901001931,TPC,Naasa Securities Co. Ltd.,Vision Securities Pvt. Ltd,127,409.8,52044.6,2025-07-09 11:39:48.796640
2025-07-09,54605,2025070901001978,TPC,ABC Securities Private Limited,Vision Securities Pvt. Ltd,100,409.8,40980.0,2025-07-09 11:40:21.144003
2025-07-09,54062,2025070901002156,TPC,Kohinoor Investment & Securities Pvt. Ltd.,Trishakti Securities Public Limited,500,409.0,204500.0,2025-07-09 11:42:38.352493
2025-07-09,53574,2025070901002320,TPC,Cristal Kanchanjanga Securites Pvt. Ltd.,Linch Stock Market Ltd.,100,409.0,40900.0,2025-07-09 11:44:53.780288
2025-07-09,53573,2025070901002321,TPC,Cristal Kanchanjanga Securites Pvt. Ltd.,Deevyaa Securities & Stock House Pvt. Ltd,1000,409.0,409000.0,2025-07-09 11:44:53.780374
2025-07-09,53572,2025070901002322,TPC,Cristal Kanchanjanga Securites Pvt. Ltd.,Naasa Securities Co. Ltd.,20,409.0,8180.0,2025-07-09 11:44:53.780402
2025-07-09,53571,2025070901002323,TPC,Cristal Kanchanjanga Securites Pvt. Ltd.,Naasa Securities Co. Ltd.,100,409.5,40950.0,2025-07-09 11:44:53.780428
2025-07-09,53276,2025070901002430,TPC,Sani Securities Company Ltd.,Naasa Securities Co. Ltd.,480,409.5,196560.0,2025-07-09 11:46:06.395889
2025-07-09,53274,2025070901002431,TPC,Kohinoor Investment & Securities Pvt. Ltd.,N.M.B. SECURITIES LIMITED,28,407.1,11398.8,2025-07-09 11:46:07.774810
2025-07-09,53273,2025070901002432,TPC,Naasa Securities Co. Ltd.,N.M.B. SECURITIES LIMITED,472,407.0,192104.0,2025-07-09 11:46:07.774867
2025-07-09,53208,2025070901002455,TPC,Naasa Securities Co. Ltd.,Sani Securities Company Ltd.,95,407.0,38665.0,2025-07-09 11:46:26.550369
2025-07-09,53102,2025070901002491,TPC,Kalika Securities Pvt. Ltd.,Naasa Securities Co. Ltd.,200,409.5,81900.0,2025-07-09 11:47:01.706073
2025-07-09,52876,2025070901002551,TPC,Kalika Securities Pvt. Ltd.,Naasa Securities Co. Ltd.,100,409.5,40950.0,2025-07-09 11:47:46.756017
2025-07-09,52766,2025070901002589,TPC,Kalika Securities Pvt. Ltd.,Naasa Securities Co. Ltd.,20,409.5,8190.0,2025-07-09 11:48:06.542390
2025-07-09,52653,2025070901002620,TPC,Oxford Securities Pvt. Ltd.,Naasa Securities Co. Ltd.,100,409.5,40950.0,2025-07-09 11:48:32.856390
2025-07-09,52594,2025070901002635,TPC,Naasa Securities Co. Ltd.,Dynamic Money Managers Securities Pvt. Ltd.,25,409.6,10240.0,2025-07-09 11:48:49.555273
2025-07-09,52593,2025070901002636,TPC,Naasa Securities Co. Ltd.,Imperial Securities Company Pvt. Ltd.,325,409.7,133152.5,2025-07-09 11:48:49.555357
2025-07-09,52408,2025070901002680,TPC,Oxford Securities Pvt. Ltd.,Imperial Securities Company Pvt. Ltd.,20,409.7,8194.0,2025-07-09 11:49:25.107797
2025-07-09,52342,2025070901002702,TPC,Kumari Securities Private Limited,Imperial Securities Company Pvt. Ltd.,25,409.6,10240.0,2025-07-09 11:49:44.347513
2025-07-09,52341,2025070901002703,TPC,ABC Securities Private Limited,Imperial Securities Company Pvt. Ltd.,500,409.5,204750.0,2025-07-09 11:49:44.347605
2025-07-09,52340,2025070901002704,TPC,Naasa Securities Co. Ltd.,Imperial Securities Company Pvt. Ltd.,130,409.1,53183.0,2025-07-09 11:49:44.347647
2025-07-09,52281,2025070901002724,TPC,Naasa Securities Co. Ltd.,Online Securities Pvt. Ltd.,75,409.9,30742.5,2025-07-09 11:49:58.964687
2025-07-09,52280,2025070901002725,TPC,Naasa Securities Co. Ltd.,Miyo Securities Pvt Ltd,10,410.0,4100.0,2025-07-09 11:49:58.964795
2025-07-09,52249,2025070901002734,TPC,ABC Securities Private Limited,Miyo Securities Pvt Ltd,190,410.0,77900.0,2025-07-09 11:50:06.386261
2025-07-09,52248,2025070901002735,TPC,ABC Securities Private Limited,Oxford Securities Pvt. Ltd.,200,410.0,82000.0,2025-07-09 11:50:06.386347
2025-07-09,52247,2025070901002736,TPC,ABC Securities Private Limited,Naasa Securities Co. Ltd.,50,410.0,20500.0,2025-07-09 11:50:06.386385
2025-07-09,52246,2025070901002737,TPC,ABC Securities Private Limited,Trishakti Securities Public Limited,60,410.0,24600.0,2025-07-09 11:50:06.386420
2025-07-09,52242,2025070901002739,TPC,Citizens Share Broker Limited,Trishakti Securities Public Limited,440,410.0,180400.0,2025-07-09 11:50:07.565549
2025-07-09,52241,2025070901002740,TPC,Citizens Share Broker Limited,Naasa Securities Co. Ltd.,124,410.0,50840.0,2025-07-09 11:50:07.565631
2025-07-09,52240,2025070901002741,TPC,Citizens Share Broker Limited,Imperial Securities Company Pvt. Ltd.,60,410.0,24600.0,2025-07-09 11:50:07.565667
2025-07-09,52239,2025070901002742,TPC,Citizens Share Broker Limited,Trishakti Securities Public Limited,376,410.0,154160.0,2025-07-09 11:50:07.565703
2025-07-09,52196,2025070901002752,TPC,ABC Securities Private Limited,Trishakti Securities Public Limited,500,410.0,205000.0,2025-07-09 11:50:18.509435
2025-07-09,52192,2025070901002753,TPC,Citizens Share Broker Limited,Trishakti Securities Public Limited,124,410.0,50840.0,2025-07-09 11:50:19.645627
2025-07-09,52188,2025070901002754,TPC,Citizens Share Broker Limited,K.B.L. Securities Limited ,876,410.0,359160.0,2025-07-09 11:50:20.922911
2025-07-09,52187,2025070901002755,TPC,Naasa Securities Co. Ltd.,K.B.L. Securities Limited ,274,409.1,112093.4,2025-07-09 11:50:20.922965
2025-07-09,51725,2025070901002885,TPC,Kohinoor Investment & Securities Pvt. Ltd.,Trishakti Securities Public Limited,485,410.4,199044.0,2025-07-09 11:52:04.768955
2025-07-09,51638,2025070901002920,TPC,Sani Securities Company Ltd.,Deevyaa Securities & Stock House Pvt. Ltd,141,410.0,57810.0,2025-07-09 11:52:31.938228
2025-07-09,51630,2025070901002923,TPC,ABC Securities Private Limited,Deevyaa Securities & Stock House Pvt. Ltd,400,410.0,164000.0,2025-07-09 11:52:37.567116
2025-07-09,51628,2025070901002925,TPC,Imperial Securities Company Pvt. Ltd.,Deevyaa Securities & Stock House Pvt. Ltd,459,410.0,188190.0,2025-07-09 11:52:38.992019
2025-07-09,51627,2025070901002926,TPC,Imperial Securities Company Pvt. Ltd.,Trishakti Securities Public Limited,15,410.4,6156.0,2025-07-09 11:52:38.992216
2025-07-09,51626,2025070901002927,TPC,Imperial Securities Company Pvt. Ltd.,Trishakti Securities Public Limited,500,410.5,205250.0,2025-07-09 11:52:38.992251
2025-07-09,51625,2025070901002928,TPC,Imperial Securities Company Pvt. Ltd.,Imperial Securities Company Pvt. Ltd.,26,410.9,10683.4,2025-07-09 11:52:38.992288
2025-07-09,51425,2025070901002984,TPC,Kumari Securities Private Limited,Imperial Securities Company Pvt. Ltd.,75,410.9,30817.5,2025-07-09 11:53:25.200588
2025-07-09,51307,2025070901003017,TPC,Naasa Securities Co. Ltd.,Imperial Securities Company Pvt. Ltd.,899,410.9,369399.1,2025-07-09 11:53:59.840258
2025-07-09,51306,2025070901003018,TPC,Naasa Securities Co. Ltd.,Aryatara Investment & Securities,11,415.0,4565.0,2025-07-09 11:53:59.840353
2025-07-09,51091,2025070901003066,TPC,Premier Securities Company Ltd.,K.B.L. Securities Limited ,500,411.0,205500.0,2025-07-09 11:54:52.681275
2025-07-09,51029,2025070901003096,TPC,Online Securities Pvt. Ltd.,Online Securities Pvt. Ltd.,50,411.0,20550.0,2025-07-09 11:55:06.104760
2025-07-09,50997,2025070901003107,TPC,Online Securities Pvt. Ltd.,K.B.L. Securities Limited ,200,410.0,82000.0,2025-07-09 11:55:16.746404
2025-07-09,50655,2025070901003206,TPC,Oxford Securities Pvt. Ltd.,Trishakti Securities Public Limited,10,413.0,4130.0,2025-07-09 11:56:45.017500
2025-07-09,50108,2025070901003346,TPC,Imperial Securities Company Pvt. Ltd.,Nepal Stock House (PVT) Ltd.,150,412.0,61800.0,2025-07-09 11:58:39.915080
2025-07-09,49910,2025070901003402,TPC,ABC Securities Private Limited,Nepal Stock House (PVT) Ltd.,150,412.0,61800.0,2025-07-09 11:59:15.633020
2025-07-09,49909,2025070901003403,TPC,ABC Securities Private Limited,Imperial Securities Company Pvt. Ltd.,10,412.0,4120.0,2025-07-09 11:59:15.633146
2025-07-09,49812,2025070901003423,TPC,Naasa Securities Co. Ltd.,K.B.L. Securities Limited ,1300,410.1,533130.0,2025-07-09 11:59:35.474402
2025-07-09,49608,2025070901003483,TPC,Naasa Securities Co. Ltd.,Linch Stock Market Ltd.,100,410.1,41010.0,2025-07-09 12:00:20.543464
2025-07-09,49570,2025070901003506,TPC,Naasa Securities Co. Ltd.,Trishakti Securities Public Limited,490,413.0,202370.0,2025-07-09 12:00:30.060213
2025-07-09,49569,2025070901003507,TPC,Naasa Securities Co. Ltd.,Creative Securities Pvt Ltd,10,414.0,4140.0,2025-07-09 12:00:30.060259
2025-07-09,49550,2025070901003513,TPC,Naasa Securities Co. Ltd.,Creative Securities Pvt Ltd,50,414.0,20700.0,2025-07-09 12:00:36.701690
2025-07-09,49549,2025070901003514,TPC,Naasa Securities Co. Ltd.,Deevyaa Securities & Stock House Pvt. Ltd,50,414.8,20740.0,2025-07-09 12:00:36.701787
2025-07-09,49496,2025070901003538,TPC,Naasa Securities Co. Ltd.,Kohinoor Investment & Securities Pvt. Ltd.,20,413.0,8260.0,2025-07-09 12:00:43.807771
2025-07-09,49495,2025070901003539,TPC,Naasa Securities Co. Ltd.,ABC Securities Private Limited,10,414.9,4149.0,2025-07-09 12:00:43.807806
2025-07-09,49234,2025070901003607,TPC,Aryatara Investment & Securities,Kumari Securities Private Limited,200,413.0,82600.0,2025-07-09 12:01:43.144791
2025-07-09,49066,2025070901003672,TPC,Imperial Securities Company Pvt. Ltd.,Dipshikha Dhitopatra Karobar Co. Pvt Ltd.,500,413.9,206950.0,2025-07-09 12:02:19.398331
2025-07-09,49065,2025070901003673,TPC,Imperial Securities Company Pvt. Ltd.,Sumeru Securities Pvt. Ltd.,500,414.0,207000.0,2025-07-09 12:02:19.398444
2025-07-09,48727,2025070901003753,TPC,Dipshikha Dhitopatra Karobar Co. Pvt Ltd.,Deevyaa Securities & Stock House Pvt. Ltd,25,414.5,10362.5,2025-07-09 12:03:42.259094
2025-07-09,48683,2025070901003763,TPC,Linch Stock Market Ltd.,Deevyaa Securities & Stock House Pvt. Ltd,10,414.5,4145.0,2025-07-09 12:03:47.084418
2025-07-09,48517,2025070901003815,TPC,Imperial Securities Company Pvt. Ltd.,Online Securities Pvt. Ltd.,100,411.0,41100.0,2025-07-09 12:04:27.185361
2025-07-09,48278,2025070901003882,TPC,Naasa Securities Co. Ltd.,Nepal Stock House (PVT) Ltd.,100,413.0,41300.0,2025-07-09 12:05:30.856692
2025-07-09,48277,2025070901003883,TPC,Naasa Securities Co. Ltd.,Sani Securities Company Ltd.,10,414.4,4144.0,2025-07-09 12:05:30.856791
2025-07-09,48003,2025070901003965,TPC,Oxford Securities Pvt. Ltd.,Dipshikha Dhitopatra Karobar Co. Pvt Ltd.,200,412.9,82580.0,2025-07-09 12:06:37.879947
2025-07-09,48002,2025070901003966,TPC,Oxford Securities Pvt. Ltd.,Sri Hari Securities Pvt. Ltd.,660,413.0,272580.0,2025-07-09 12:06:37.880075
2025-07-09,48001,2025070901003967,TPC,Oxford Securities Pvt. Ltd.,ABC Securities Private Limited,240,414.0,99360.0,2025-07-09 12:06:37.880123
2025-07-09,48000,2025070901003968,TPC,Oxford Securities Pvt. Ltd.,Imperial Securities Company Pvt. Ltd.,1000,414.2,414200.0,2025-07-09 12:06:39.101813
2025-07-09,47908,2025070901003990,TPC,Oxford Securities Pvt. Ltd.,Imperial Securities Company Pvt. Ltd.,1000,414.2,414200.0,2025-07-09 12:07:00.439573
2025-07-09,47859,2025070901004008,TPC,Oxford Securities Pvt. Ltd.,Kohinoor Investment & Securities Pvt. Ltd.,235,414.2,97337.0,2025-07-09 12:07:12.380467
2025-07-09,47825,2025070901004015,TPC,Oxford Securities Pvt. Ltd.,Dipshikha Dhitopatra Karobar Co. Pvt Ltd.,500,414.2,207100.0,2025-07-09 12:07:22.008065
2025-07-09,47807,2025070901004025,TPC,Oxford Securities Pvt. Ltd.,Sani Securities Company Ltd.,165,414.2,68343.0,2025-07-09 12:07:26.801648
2025-07-09,46646,2025070901004409,TPC,Dipshikha Dhitopatra Karobar Co. Pvt Ltd.,Sani Securities Company Ltd.,25,410.5,10262.5,2025-07-09 12:13:06.190636
2025-07-09,46645,2025070901004410,TPC,Sani Securities Company Ltd.,Sani Securities Company Ltd.,260,410.5,106730.0,2025-07-09 12:13:06.190994
2025-07-09,46644,2025070901004411,TPC,NIMB Stock Markets Limited,Sani Securities Company Ltd.,160,410.2,65632.0,2025-07-09 12:13:06.191149
2025-07-09,46643,2025070901004412,TPC,Online Securities Pvt. Ltd.,Sani Securities Company Ltd.,13,410.0,5330.0,2025-07-09 12:13:06.191358
2025-07-09,46642,2025070901004413,TPC,Oxford Securities Pvt. Ltd.,Sani Securities Company Ltd.,20,410.0,8200.0,2025-07-09 12:13:06.191590
2025-07-09,46641,2025070901004414,TPC,J.F. Securites (PVT) Ltd.,Sani Securities Company Ltd.,100,410.0,41000.0,2025-07-09 12:13:06.191861
2025-07-09,46564,2025070901004439,TPC,Thrive Brokerage House Pvt. Ltd,Trishakti Securities Public Limited,500,406.0,203000.0,2025-07-09 12:13:23.205100
2025-07-09,46563,2025070901004440,TPC,Swarna Laxmi Securities Pvt. Ltd.,Trishakti Securities Public Limited,50,406.0,20300.0,2025-07-09 12:13:23.205199
2025-07-09,46562,2025070901004441,TPC,Sundhara Securities Limited,Trishakti Securities Public Limited,1000,405.0,405000.0,2025-07-09 12:13:23.205243
2025-07-09,46561,2025070901004442,TPC,Thrive Brokerage House Pvt. Ltd,Trishakti Securities Public Limited,300,403.0,120900.0,2025-07-09 12:13:23.205285
2025-07-09,46510,2025070901004451,TPC,Online Securities Pvt. Ltd.,Trishakti Securities Public Limited,50,402.0,20100.0,2025-07-09 12:13:40.389771
2025-07-09,46509,2025070901004452,TPC,Dynamic Money Managers Securities Pvt. Ltd.,Trishakti Securities Public Limited,10,401.8,4018.0,2025-07-09 12:13:40.389883
2025-07-09,46508,2025070901004453,TPC,Imperial Securities Company Pvt. Ltd.,Trishakti Securities Public Limited,100,401.7,40170.0,2025-07-09 12:13:40.389939
2025-07-09,46507,2025070901004454,TPC,South Asian Bulls Pvt. Ltd.,Trishakti Securities Public Limited,10,398.0,3980.0,2025-07-09 12:13:40.389983
2025-07-09,46506,2025070901004455,TPC,Nepal Stock House (PVT) Ltd.,Trishakti Securities Public Limited,2430,397.0,964710.0,2025-07-09 12:13:40.390036
2025-07-09,46305,2025070901004500,TPC,J.F. Securites (PVT) Ltd.,Trishakti Securities Public Limited,150,403.0,60450.0,2025-07-09 12:14:47.855242
2025-07-09,45703,2025070901004644,TPC,J.F. Securites (PVT) Ltd.,Trishakti Securities Public Limited,350,403.0,141050.0,2025-07-09 12:17:56.805265
2025-07-09,45274,2025070901004810,TPC,Naasa Securities Co. Ltd.,Dynamic Money Managers Securities Pvt. Ltd.,80,400.1,32008.0,2025-07-09 12:19:41.210944
2025-07-09,44401,2025070901005105,TPC,Kalika Securities Pvt. Ltd.,Pragyan Securities (PVT) Ltd.,25,402.0,10050.0,2025-07-09 12:24:41.205320
2025-07-09,44320,2025070901005129,TPC,Oxford Securities Pvt. Ltd.,Pragyan Securities (PVT) Ltd.,75,402.0,30150.0,2025-07-09 12:24:57.694075
2025-07-09,44181,2025070901005189,TPC,Naasa Securities Co. Ltd.,Trisul Securities & Invt. Ltd.,120,400.7,48084.0,2025-07-09 12:25:23.463965
2025-07-09,44180,2025070901005190,TPC,Dipshikha Dhitopatra Karobar Co. Pvt Ltd.,Trisul Securities & Invt. Ltd.,130,400.6,52078.0,2025-07-09 12:25:23.464098
2025-07-09,43845,2025070901005275,TPC,Dipshikha Dhitopatra Karobar Co. Pvt Ltd.,Naasa Securities Co. Ltd.,100,404.0,40400.0,2025-07-09 12:27:10.774697
2025-07-09,41619,2025070901005879,TPC,Oxford Securities Pvt. Ltd.,Sri Hari Securities Pvt. Ltd.,10,408.0,4080.0,2025-07-09 12:38:41.313229
2025-07-09,40422,2025070901006191,TPC,Siprabi Securities Pvt. Ltd.,Sri Hari Securities Pvt. Ltd.,10,408.0,4080.0,2025-07-09 12:44:03.323756
2025-07-09,39817,2025070901006329,TPC,Aryatara Investment & Securities,Sri Hari Securities Pvt. Ltd.,30,408.0,12240.0,2025-07-09 12:47:09.798808
2025-07-09,39476,2025070901006417,TPC,Imperial Securities Company Pvt. Ltd.,Imperial Securities Company Pvt. Ltd.,70,410.0,28700.0,2025-07-09 12:49:04.110735
2025-07-09,39340,2025070901006470,TPC,Aryatara Investment & Securities,Imperial Securities Company Pvt. Ltd.,65,410.0,26650.0,2025-07-09 12:49:43.051057
2025-07-09,38131,2025070901006753,TPC,Naasa Securities Co. Ltd.,Naasa Securities Co. Ltd.,15,406.0,6090.0,2025-07-09 12:56:04.506047
2025-07-09,38130,2025070901006754,TPC,Sri Hari Securities Pvt. Ltd.,Naasa Securities Co. Ltd.,500,405.4,202700.0,2025-07-09 12:56:04.506348
2025-07-09,38129,2025070901006755,TPC,Secured Securities Ltd.,Naasa Securities Co. Ltd.,485,405.3,196570.5,2025-07-09 12:56:04.506538
2025-07-09,35491,2025070901007486,TPC,Naasa Securities Co. Ltd.,Sri Hari Securities Pvt. Ltd.,53,406.0,21518.0,2025-07-09 13:09:16.743815
2025-07-09,33789,2025070901008007,TPC,J.F. Securites (PVT) Ltd.,Dakshinkali Investment & Securities Pvt. Ltd.,10,406.5,4065.0,2025-07-09 13:18:25.094156
2025-07-09,33621,2025070901008073,TPC,Imperial Securities Company Pvt. Ltd.,Ashutosh Brokerage & Securities (PVT) Ltd.,150,409.0,61350.0,2025-07-09 13:19:18.766003
2025-07-09,32008,2025070901008576,TPC,Infinity Securities Limited,Ashutosh Brokerage & Securities (PVT) Ltd.,150,409.0,61350.0,2025-07-09 13:26:44.285838
2025-07-09,32007,2025070901008577,TPC,Infinity Securities Limited,Sani Securities Company Ltd.,130,409.0,53170.0,2025-07-09 13:26:44.286100
2025-07-09,31055,2025070901008848,TPC,Trisul Securities & Invt. Ltd.,Sani Securities Company Ltd.,59,409.0,24131.0,2025-07-09 13:30:37.751021
2025-07-09,31054,2025070901008849,TPC,Trisul Securities & Invt. Ltd.,Sani Securities Company Ltd.,141,409.9,57795.9,2025-07-09 13:30:37.751075
2025-07-09,30941,2025070901008899,TPC,Trisul Securities & Invt. Ltd.,Sani Securities Company Ltd.,11,409.9,4508.9,2025-07-09 13:30:56.879753
2025-07-09,30940,2025070901008900,TPC,Trisul Securities & Invt. Ltd.,Imperial Securities Company Pvt. Ltd.,15,410.0,6150.0,2025-07-09 13:30:56.879857
2025-07-09,30939,2025070901008901,TPC,Trisul Securities & Invt. Ltd.,Secured Securities Ltd.,10,410.0,4100.0,2025-07-09 13:30:56.879932
2025-07-09,30938,2025070901008902,TPC,Trisul Securities & Invt. Ltd.,Roadshow securities limited,50,410.0,20500.0,2025-07-09 13:30:56.880039
2025-07-09,30937,2025070901008903,TPC,Trisul Securities & Invt. Ltd.,Midas Stock Broking Company Private Limited,405,410.0,166050.0,2025-07-09 13:30:56.880117
2025-07-09,30936,2025070901008904,TPC,Trisul Securities & Invt. Ltd.,Sani Securities Company Ltd.,113,410.0,46330.0,2025-07-09 13:30:56.880203
2025-07-09,30935,2025070901008905,TPC,Trisul Securities & Invt. Ltd.,Trishakti Securities Public Limited,396,410.0,162360.0,2025-07-09 13:30:56.880303
2025-07-09,30918,2025070901008910,TPC,Malla & Malla Stock Broking Company Pvt. Limited,Trishakti Securities Public Limited,104,410.0,42640.0,2025-07-09 13:31:06.762169
2025-07-09,30470,2025070901009045,TPC,Trisul Securities & Invt. Ltd.,Dipshikha Dhitopatra Karobar Co. Pvt Ltd.,59,409.9,24184.1,2025-07-09 13:33:12.522070
2025-07-09,30469,2025070901009046,TPC,Trisul Securities & Invt. Ltd.,Trishakti Securities Public Limited,341,410.0,139810.0,2025-07-09 13:33:12.522118
2025-07-09,30119,2025070901009196,TPC,Sani Securities Company Ltd.,Trishakti Securities Public Limited,50,410.0,20500.0,2025-07-09 13:35:06.012929
2025-07-09,29801,2025070901009293,TPC,Naasa Securities Co. Ltd.,Nepal Stock House (PVT) Ltd.,100,409.9,40990.0,2025-07-09 13:36:34.341463
2025-07-09,29800,2025070901009294,TPC,Naasa Securities Co. Ltd.,Trishakti Securities Public Limited,10,410.0,4100.0,2025-07-09 13:36:34.341578
2025-07-09,29049,2025070901009508,TPC,J.F. Securites (PVT) Ltd.,Vision Securities Pvt. Ltd,90,409.0,36810.0,2025-07-09 13:40:05.693720
2025-07-09,28899,2025070901009570,TPC,Oxford Securities Pvt. Ltd.,Vision Securities Pvt. Ltd,492,409.0,201228.0,2025-07-09 13:40:49.456758
2025-07-09,28525,2025070901009734,TPC,Oxford Securities Pvt. Ltd.,Dipshikha Dhitopatra Karobar Co. Pvt Ltd.,10,409.0,4090.0,2025-07-09 13:42:31.759119
2025-07-09,28437,2025070901009768,TPC,Linch Stock Market Ltd.,Asian Securities Private Ltd.,115,409.9,47138.5,2025-07-09 13:42:56.238640
2025-07-09,28326,2025070901009808,TPC,Naasa Securities Co. Ltd.,Trishakti Securities Public Limited,100,410.0,41000.0,2025-07-09 13:43:31.507237
2025-07-09,28208,2025070901009845,TPC,Linch Stock Market Ltd.,Aryatara Investment & Securities,85,409.9,34841.5,2025-07-09 13:43:53.326260
2025-07-09,27447,2025070901010108,TPC,Premier Securities Company Ltd.,Ashutosh Brokerage & Securities (PVT) Ltd.,200,409.5,81900.0,2025-07-09 13:46:33.469377
2025-07-09,27271,2025070901010186,TPC,Naasa Securities Co. Ltd.,Ashutosh Brokerage & Securities (PVT) Ltd.,200,409.5,81900.0,2025-07-09 13:47:19.857598
2025-07-09,27270,2025070901010187,TPC,Naasa Securities Co. Ltd.,Cristal Kanchanjanga Securites Pvt. Ltd.,80,409.9,32792.0,2025-07-09 13:47:19.857695
2025-07-09,27269,2025070901010188,TPC,Naasa Securities Co. Ltd.,Imperial Securities Company Pvt. Ltd.,20,410.0,8200.0,2025-07-09 13:47:19.857800
2025-07-09,26923,2025070901010314,TPC,Oxford Securities Pvt. Ltd.,Online Securities Pvt. Ltd.,400,409.0,163600.0,2025-07-09 13:49:02.800526
2025-07-09,26848,2025070901010342,TPC,Oxford Securities Pvt. Ltd.,N.M.B. SECURITIES LIMITED,98,409.0,40082.0,2025-07-09 13:49:30.500880
2025-07-09,26847,2025070901010343,TPC,Sani Securities Company Ltd.,N.M.B. SECURITIES LIMITED,402,408.1,164056.2,2025-07-09 13:49:30.500955
2025-07-09,26585,2025070901010452,TPC,Sani Securities Company Ltd.,Sweta Securities Private Limited,213,409.0,87117.0,2025-07-09 13:50:31.877093
2025-07-09,25555,2025070901010798,TPC,Imperial Securities Company Pvt. Ltd.,Sweta Securities Private Limited,100,409.0,40900.0,2025-07-09 13:54:23.549590
2025-07-09,25384,2025070901010902,TPC,Naasa Securities Co. Ltd.,Sweta Securities Private Limited,45,409.0,18405.0,2025-07-09 13:54:48.546324
2025-07-09,24797,2025070901011146,TPC,Sri Hari Securities Pvt. Ltd.,Sweta Securities Private Limited,40,409.0,16360.0,2025-07-09 13:56:48.867097
2025-07-09,24364,2025070901011284,TPC,Naasa Securities Co. Ltd.,Aryatara Investment & Securities,100,409.9,40990.0,2025-07-09 13:58:23.334541
2025-07-09,24363,2025070901011285,TPC,Naasa Securities Co. Ltd.,Agrawal Securities (PVT) Ltd.,10,410.0,4100.0,2025-07-09 13:58:23.334656
2025-07-09,24089,2025070901011353,TPC,Naasa Securities Co. Ltd.,Agrawal Securities (PVT) Ltd.,90,410.0,36900.0,2025-07-09 14:00:03.635182
2025-07-09,23986,2025070901011387,TPC,Premier Securities Company Ltd.,Nepal Stock House (PVT) Ltd.,100,410.9,41090.0,2025-07-09 14:00:30.752813
2025-07-09,23698,2025070901011472,TPC,Naasa Securities Co. Ltd.,Aryatara Investment & Securities,15,410.0,6150.0,2025-07-09 14:01:29.518892
2025-07-09,23677,2025070901011474,TPC,Premier Securities Company Ltd.,Kohinoor Investment & Securities Pvt. Ltd.,147,411.0,60417.0,2025-07-09 14:01:35.096956
2025-07-09,23676,2025070901011475,TPC,Premier Securities Company Ltd.,Trishakti Securities Public Limited,53,411.0,21783.0,2025-07-09 14:01:35.097268
2025-07-09,23389,2025070901011555,TPC,Naasa Securities Co. Ltd.,Deevyaa Securities & Stock House Pvt. Ltd,1000,410.0,410000.0,2025-07-09 14:02:53.781013
2025-07-09,23302,2025070901011580,TPC,Naasa Securities Co. Ltd.,Ashutosh Brokerage & Securities (PVT) Ltd.,125,410.0,51250.0,2025-07-09 14:03:15.723645
2025-07-09,23153,2025070901011600,TPC,Dynamic Money Managers Securities Pvt. Ltd.,Trishakti Securities Public Limited,360,411.0,147960.0,2025-07-09 14:03:43.492498
2025-07-09,22849,2025070901011723,TPC,Naasa Securities Co. Ltd.,Sumeru Securities Pvt. Ltd.,1000,410.1,410100.0,2025-07-09 14:04:52.763921
2025-07-09,22599,2025070901011813,TPC,Naasa Securities Co. Ltd.,Prabhu Stock Market Limited,500,410.1,205050.0,2025-07-09 14:05:45.127382
2025-07-09,22566,2025070901011822,TPC,Naasa Securities Co. Ltd.,K.B.L. Securities Limited ,1000,410.1,410100.0,2025-07-09 14:05:51.413511
2025-07-09,22128,2025070901011959,TPC,Naasa Securities Co. Ltd.,Property Wiard Limited,660,410.1,270666.0,2025-07-09 14:07:29.607562
2025-07-09,21989,2025070901011988,TPC,Imperial Securities Company Pvt. Ltd.,Trishakti Securities Public Limited,640,411.0,263040.0,2025-07-09 14:08:03.980381
2025-07-09,21920,2025070901012019,TPC,Midas Stock Broking Company Private Limited,Trishakti Securities Public Limited,115,411.0,47265.0,2025-07-09 14:08:17.483279
2025-07-09,21838,2025070901012034,TPC,Imperial Securities Company Pvt. Ltd.,Trishakti Securities Public Limited,200,408.0,81600.0,2025-07-09 14:08:44.113868
2025-07-09,21837,2025070901012035,TPC,Malla & Malla Stock Broking Company Pvt. Limited,Trishakti Securities Public Limited,300,408.0,122400.0,2025-07-09 14:08:44.114055
2025-07-09,21568,2025070901012140,TPC,Sri Hari Securities Pvt. Ltd.,Trishakti Securities Public Limited,222,406.1,90154.2,2025-07-09 14:09:46.539249
2025-07-09,21567,2025070901012141,TPC,Naasa Securities Co. Ltd.,Trishakti Securities Public Limited,10,406.0,4060.0,2025-07-09 14:09:46.539584
2025-07-09,21566,2025070901012142,TPC,Aryatara Investment & Securities,Trishakti Securities Public Limited,20,406.0,8120.0,2025-07-09 14:09:46.539768
2025-07-09,21565,2025070901012143,TPC,Imperial Securities Company Pvt. Ltd.,Trishakti Securities Public Limited,15,405.5,6082.5,2025-07-09 14:09:46.539943
2025-07-09,21534,2025070901012153,TPC,Imperial Securities Company Pvt. Ltd.,Trishakti Securities Public Limited,985,405.5,399417.5,2025-07-09 14:09:55.590749
2025-07-09,21533,2025070901012154,TPC,Secured Securities Ltd.,Trishakti Securities Public Limited,515,405.3,208729.5,2025-07-09 14:09:55.590917
2025-07-09,21532,2025070901012155,TPC,Cristal Kanchanjanga Securites Pvt. Ltd.,Trishakti Securities Public Limited,290,405.2,117508.0,2025-07-09 14:09:55.590979
2025-07-09,21531,2025070901012156,TPC,Sani Securities Company Ltd.,Trishakti Securities Public Limited,210,405.0,85050.0,2025-07-09 14:09:55.591049
2025-07-09,21509,2025070901012167,TPC,Sani Securities Company Ltd.,Trishakti Securities Public Limited,290,405.0,117450.0,2025-07-09 14:10:07.678487
2025-07-09,21508,2025070901012168,TPC,Naasa Securities Co. Ltd.,Trishakti Securities Public Limited,50,405.0,20250.0,2025-07-09 14:10:07.678767
2025-07-09,21507,2025070901012169,TPC,Naasa Securities Co. Ltd.,Trishakti Securities Public Limited,100,405.0,40500.0,2025-07-09 14:10:07.678934
2025-07-09,21506,2025070901012170,TPC,Premier Securities Company Ltd.,Trishakti Securities Public Limited,200,405.0,81000.0,2025-07-09 14:10:07.679131
2025-07-09,21505,2025070901012171,TPC,Oxford Securities Pvt. Ltd.,Trishakti Securities Public Limited,60,405.0,24300.0,2025-07-09 14:10:07.679302
2025-07-09,21178,2025070901012271,TPC,Premier Securities Company Ltd.,Trishakti Securities Public Limited,50,405.0,20250.0,2025-07-09 14:11:25.509469
2025-07-09,21177,2025070901012272,TPC,Market Securities & Exchange (PVT) Ltd.,Trishakti Securities Public Limited,750,404.0,303000.0,2025-07-09 14:11:25.509630
2025-07-09,21176,2025070901012273,TPC,Market Securities & Exchange (PVT) Ltd.,Trishakti Securities Public Limited,750,404.0,303000.0,2025-07-09 14:11:25.509695
2025-07-09,21175,2025070901012274,TPC,ABC Securities Private Limited,Trishakti Securities Public Limited,350,404.0,141400.0,2025-07-09 14:11:25.509767
2025-07-09,19597,2025070901012749,TPC,Dakshinkali Investment & Securities Pvt. Ltd.,Trishakti Securities Public Limited,100,405.0,40500.0,2025-07-09 14:17:45.140388
2025-07-09,19246,2025070901012862,TPC,Agrawal Securities (PVT) Ltd.,Trishakti Securities Public Limited,1000,405.0,405000.0,2025-07-09 14:18:55.968149
2025-07-09,19204,2025070901012878,TPC,Dakshinkali Investment & Securities Pvt. Ltd.,Imperial Securities Company Pvt. Ltd.,100,404.0,40400.0,2025-07-09 14:19:03.182776
2025-07-09,19203,2025070901012879,TPC,Naasa Securities Co. Ltd.,Imperial Securities Company Pvt. Ltd.,3900,403.0,1571700.0,2025-07-09 14:19:03.183149
2025-07-09,16993,2025070901013576,TPC,Naasa Securities Co. Ltd.,Sagarmatha Securities Private Limited,80,404.9,32392.0,2025-07-09 14:27:43.140395
2025-07-09,16992,2025070901013577,TPC,Naasa Securities Co. Ltd.,Investment Management Nepal Pvt. Ltd.,100,405.0,40500.0,2025-07-09 14:27:43.140431
2025-07-09,16991,2025070901013578,TPC,Naasa Securities Co. Ltd.,Naasa Securities Co. Ltd.,100,407.0,40700.0,2025-07-09 14:27:43.140454
2025-07-09,16990,2025070901013579,TPC,Naasa Securities Co. Ltd.,Magnet Securities and Investment Company Private Limited,20,410.0,8200.0,2025-07-09 14:27:43.140479
2025-07-09,13629,2025070901014903,TPC,Sani Securities Company Ltd.,Trishakti Securities Public Limited,58,406.0,23548.0,2025-07-09 14:38:28.795575
2025-07-09,12048,2025070901015553,TPC,Naasa Securities Co. Ltd.,Opal Securities Investment (PVT) Ltd.,1200,402.3,482760.0,2025-07-09 14:42:42.752147
2025-07-09,11809,2025070901015593,TPC,Naasa Securities Co. Ltd.,Opal Securities Investment (PVT) Ltd.,50,402.3,20115.0,2025-07-09 14:43:05.867635
2025-07-09,9292,2025070901016541,TPC,Online Securities Pvt. Ltd.,Sri Hari Securities Pvt. Ltd.,500,403.1,201550.0,2025-07-09 14:48:19.920675
2025-07-09,8335,2025070901016899,TPC,Dipshikha Dhitopatra Karobar Co. Pvt Ltd.,Trishakti Securities Public Limited,10,403.2,4032.0,2025-07-09 14:50:07.864847
2025-07-09,8115,2025070901016973,TPC,Cristal Kanchanjanga Securites Pvt. Ltd.,Vision Securities Pvt. Ltd,380,404.8,153824.0,2025-07-09 14:50:35.196338
2025-07-09,7808,2025070901017074,TPC,Dipshikha Dhitopatra Karobar Co. Pvt Ltd.,Vision Securities Pvt. Ltd,70,404.8,28336.0,2025-07-09 14:51:09.315493
2025-07-09,5513,2025070901017815,TPC,Dipshikha Dhitopatra Karobar Co. Pvt Ltd.,N.M.B. SECURITIES LIMITED,490,403.2,197568.0,2025-07-09 14:54:50.576927
2025-07-09,5512,2025070901017816,TPC,Linch Stock Market Ltd.,N.M.B. SECURITIES LIMITED,200,403.0,80600.0,2025-07-09 14:54:50.577170
2025-07-09,5511,2025070901017817,TPC,Nepal Stock House (PVT) Ltd.,N.M.B. SECURITIES LIMITED,20,403.0,8060.0,2025-07-09 14:54:50.577263
2025-07-09,5510,2025070901017818,TPC,Sumeru Securities Pvt. Ltd.,N.M.B. SECURITIES LIMITED,500,402.5,201250.0,2025-07-09 14:54:50.577340
2025-07-09,5509,2025070901017819,TPC,Midas Stock Broking Company Private Limited,N.M.B. SECURITIES LIMITED,100,402.4,40240.0,2025-07-09 14:54:50.577427
2025-07-09,5508,2025070901017820,TPC,Naasa Securities Co. Ltd.,N.M.B. SECURITIES LIMITED,6201,402.3,2494662.3,2025-07-09 14:54:50.577589
2025-07-09,4445,2025070901018149,TPC,Nepal Stock House (PVT) Ltd.,Sewa Securities Pvt. Ltd.,130,402.4,52312.0,2025-07-09 14:56:13.033563
2025-07-09,4019,2025070901018300,TPC,Asian Securities Private Ltd.,Trishakti Securities Public Limited,10,402.0,4020.0,2025-07-09 14:56:46.429214
2025-07-09,4018,2025070901018301,TPC,Aryatara Investment & Securities,Trishakti Securities Public Limited,100,402.0,40200.0,2025-07-09 14:56:46.429384
2025-07-09,4017,2025070901018302,TPC,Oxford Securities Pvt. Ltd.,Trishakti Securities Public Limited,200,402.0,80400.0,2025-07-09 14:56:46.429449
2025-07-09,4016,2025070901018303,TPC,Kohinoor Investment & Securities Pvt. Ltd.,Trishakti Securities Public Limited,100,401.8,40180.0,2025-07-09 14:56:46.429513
2025-07-09,4015,2025070901018304,TPC,Dakshinkali Investment & Securities Pvt. Ltd.,Trishakti Securities Public Limited,200,401.1,80220.0,2025-07-09 14:56:46.429574
2025-07-09,4014,2025070901018305,TPC,Magnet Securities and Investment Company Private Limited,Trishakti Securities Public Limited,100,401.0,40100.0,2025-07-09 14:56:46.429636
2025-07-09,4013,2025070901018306,TPC,Nepal Stock House (PVT) Ltd.,Trishakti Securities Public Limited,100,401.0,40100.0,2025-07-09 14:56:46.429698
2025-07-09,4012,2025070901018307,TPC,Naasa Securities Co. Ltd.,Trishakti Securities Public Limited,100,400.9,40090.0,2025-07-09 14:56:46.429757
2025-07-09,4011,2025070901018308,TPC,Property Wiard Limited,Trishakti Securities Public Limited,200,400.7,80140.0,2025-07-09 14:56:46.429821
2025-07-09,4010,2025070901018309,TPC,Citizens Share Broker Limited,Trishakti Securities Public Limited,1000,400.5,400500.0,2025-07-09 14:56:46.429882
2025-07-09,4009,2025070901018310,TPC,Dynamic Money Managers Securities Pvt. Ltd.,Trishakti Securities Public Limited,15,400.5,6007.5,2025-07-09 14:56:46.429943
2025-07-09,4008,2025070901018311,TPC,Sri Hari Securities Pvt. Ltd.,Trishakti Securities Public Limited,1000,400.1,400100.0,2025-07-09 14:56:46.430003
2025-07-09,4007,2025070901018312,TPC,Naasa Securities Co. Ltd.,Trishakti Securities Public Limited,5417,400.0,2166800.0,2025-07-09 14:56:46.430076
2025-07-09,3536,2025070901018450,TPC,Naasa Securities Co. Ltd.,Arun Securities (PVT) Ltd.,10,400.0,4000.0,2025-07-09 14:57:21.094955
2025-07-09,2575,2025070901018737,TPC,Oxford Securities Pvt. Ltd.,Vision Securities Pvt. Ltd,20,401.0,8020.0,2025-07-09 14:58:22.663903
2025-07-09,257,2025070901019547,TPC,Dipshikha Dhitopatra Karobar Co. Pvt Ltd.,Bhrikuti Stock Broking Co. Pvt. Ltd.,100,404.0,40400.0,2025-07-09 14:59:54.131541
