Date,S.N.,Contract ID,Symbol,Buyer Broker,Seller Broker,quantity,rate,amount,transaction_time
2025-07-09,62557,2025070904000182,UPPER,Naasa Securities Co. Ltd.,Elite Stock House Limited,27,196.0,5292.0,2025-07-09 11:02:22.702026
2025-07-09,62127,2025070904000422,UPPER,Arun Securities (PVT) Ltd.,Elite Stock House Limited,10,196.0,1960.0,2025-07-09 11:04:54.364551
2025-07-09,61944,2025070904000523,UPPER,Dipshikha Dhitopatra Karobar Co. Pvt Ltd.,Vision Securities Pvt. Ltd,20,195.8,3916.0,2025-07-09 11:05:57.129001
2025-07-09,61892,2025070904000551,UPPER,Dynamic Money Managers Securities Pvt. Ltd.,Vision Securities Pvt. Ltd,30,195.8,5874.0,2025-07-09 11:06:20.558282
2025-07-09,61831,2025070904000576,UPPER,Arun Securities (PVT) Ltd.,Vision Securities Pvt. Ltd,75,195.8,14685.0,2025-07-09 11:06:46.984598
2025-07-09,61578,2025070904000727,UPPER,Secured Securities Ltd.,Dynamic Money Managers Securities Pvt. Ltd.,300,195.7,58710.0,2025-07-09 11:07:55.876989
2025-07-09,61548,2025070904000747,UPPER,Imperial Securities Company Pvt. Ltd.,Vision Securities Pvt. Ltd,1260,195.8,246708.0,2025-07-09 11:08:05.154023
2025-07-09,61478,2025070904000795,UPPER,Aryatara Investment & Securities,Vision Securities Pvt. Ltd,615,195.8,120417.0,2025-07-09 11:08:27.756659
2025-07-09,61296,2025070904000898,UPPER,Malla & Malla Stock Broking Company Pvt. Limited,Elite Stock House Limited,50,196.0,9800.0,2025-07-09 11:09:24.476981
2025-07-09,61186,2025070904000964,UPPER,Aryatara Investment & Securities,Elite Stock House Limited,33,196.0,6468.0,2025-07-09 11:10:02.547660
2025-07-09,61185,2025070904000965,UPPER,Aryatara Investment & Securities,ABC Securities Private Limited,352,196.0,68992.0,2025-07-09 11:10:02.547908
2025-07-09,61053,2025070904001031,UPPER,Trisul Securities & Invt. Ltd.,Cristal Kanchanjanga Securites Pvt. Ltd.,500,195.9,97950.0,2025-07-09 11:10:44.372525
2025-07-09,61015,2025070904001037,UPPER,Trisul Securities & Invt. Ltd.,Creative Securities Pvt Ltd,500,195.9,97950.0,2025-07-09 11:10:58.617796
2025-07-09,60997,2025070904001051,UPPER,Sundhara Securities Limited,Naasa Securities Co. Ltd.,75,195.9,14692.5,2025-07-09 11:11:09.061453
2025-07-09,60996,2025070904001052,UPPER,Asian Securities Private Ltd.,Naasa Securities Co. Ltd.,50,195.7,9785.0,2025-07-09 11:11:09.061550
2025-07-09,60995,2025070904001053,UPPER,Sani Securities Company Ltd.,Naasa Securities Co. Ltd.,116,195.5,22678.0,2025-07-09 11:11:09.061622
2025-07-09,60464,2025070904001308,UPPER,Sani Securities Company Ltd.,Bhrikuti Stock Broking Co. Pvt. Ltd.,100,195.5,19550.0,2025-07-09 11:14:00.097379
2025-07-09,60377,2025070904001349,UPPER,Sani Securities Company Ltd.,Secured Securities Ltd.,30,195.5,5865.0,2025-07-09 11:14:37.786537
2025-07-09,60096,2025070904001474,UPPER,Sewa Securities Pvt. Ltd.,Sani Securities Company Ltd.,100,195.1,19510.0,2025-07-09 11:16:24.558668
2025-07-09,60095,2025070904001475,UPPER,Online Securities Pvt. Ltd.,Sani Securities Company Ltd.,200,195.0,39000.0,2025-07-09 11:16:24.558850
2025-07-09,60094,2025070904001476,UPPER,Agrawal Securities (PVT) Ltd.,Sani Securities Company Ltd.,200,195.0,39000.0,2025-07-09 11:16:24.558912
2025-07-09,60093,2025070904001477,UPPER,Kumari Securities Private Limited,Sani Securities Company Ltd.,700,195.0,136500.0,2025-07-09 11:16:24.558976
2025-07-09,60092,2025070904001478,UPPER,Imperial Securities Company Pvt. Ltd.,Sani Securities Company Ltd.,800,195.0,156000.0,2025-07-09 11:16:24.559035
2025-07-09,60079,2025070904001483,UPPER,Imperial Securities Company Pvt. Ltd.,Nepal Investment And Securities Trading Private Limited,75,195.0,14625.0,2025-07-09 11:16:33.161490
2025-07-09,60021,2025070904001507,UPPER,Sani Securities Company Ltd.,Sani Securities Company Ltd.,255,195.1,49750.5,2025-07-09 11:16:53.851501
2025-07-09,60020,2025070904001508,UPPER,Imperial Securities Company Pvt. Ltd.,Sani Securities Company Ltd.,125,195.0,24375.0,2025-07-09 11:16:53.851779
2025-07-09,60019,2025070904001509,UPPER,Sani Securities Company Ltd.,Sani Securities Company Ltd.,12,194.5,2334.0,2025-07-09 11:16:53.851968
2025-07-09,60018,2025070904001510,UPPER,Sani Securities Company Ltd.,Sani Securities Company Ltd.,10,194.0,1940.0,2025-07-09 11:16:53.852153
2025-07-09,60017,2025070904001511,UPPER,Dipshikha Dhitopatra Karobar Co. Pvt Ltd.,Sani Securities Company Ltd.,500,194.0,97000.0,2025-07-09 11:16:53.852348
2025-07-09,60016,2025070904001512,UPPER,Kohinoor Investment & Securities Pvt. Ltd.,Sani Securities Company Ltd.,290,194.0,56260.0,2025-07-09 11:16:53.852544
2025-07-09,60015,2025070904001513,UPPER,Malla & Malla Stock Broking Company Pvt. Limited,Sani Securities Company Ltd.,50,194.0,9700.0,2025-07-09 11:16:53.852717
2025-07-09,60014,2025070904001514,UPPER,Bhrikuti Stock Broking Co. Pvt. Ltd.,Sani Securities Company Ltd.,100,194.0,19400.0,2025-07-09 11:16:53.852897
2025-07-09,60013,2025070904001515,UPPER,Imperial Securities Company Pvt. Ltd.,Sani Securities Company Ltd.,500,194.0,97000.0,2025-07-09 11:16:53.853064
2025-07-09,60012,2025070904001516,UPPER,Shree Krishna Securities Ltd.,Sani Securities Company Ltd.,10,194.0,1940.0,2025-07-09 11:16:53.853231
2025-07-09,60011,2025070904001517,UPPER,ABC Securities Private Limited,Sani Securities Company Ltd.,648,194.0,125712.0,2025-07-09 11:16:53.853416
2025-07-09,59947,2025070904001545,UPPER,ABC Securities Private Limited,Sani Securities Company Ltd.,361,194.0,70034.0,2025-07-09 11:17:17.086674
2025-07-09,59946,2025070904001546,UPPER,Kalika Securities Pvt. Ltd.,Sani Securities Company Ltd.,350,194.0,67900.0,2025-07-09 11:17:17.086809
2025-07-09,59945,2025070904001547,UPPER,Vision Securities Pvt. Ltd,Sani Securities Company Ltd.,500,193.9,96950.0,2025-07-09 11:17:17.086869
2025-07-09,59944,2025070904001548,UPPER,Naasa Securities Co. Ltd.,Sani Securities Company Ltd.,50,193.7,9685.0,2025-07-09 11:17:17.086933
2025-07-09,59943,2025070904001549,UPPER,Dynamic Money Managers Securities Pvt. Ltd.,Sani Securities Company Ltd.,1000,193.4,193400.0,2025-07-09 11:17:17.086993
2025-07-09,59942,2025070904001550,UPPER,Sri Hari Securities Pvt. Ltd.,Sani Securities Company Ltd.,239,193.0,46127.0,2025-07-09 11:17:17.087055
2025-07-09,59762,2025070904001633,UPPER,Vision Securities Pvt. Ltd,Sani Securities Company Ltd.,1000,193.1,193100.0,2025-07-09 11:18:14.727379
2025-07-09,59761,2025070904001634,UPPER,Sri Hari Securities Pvt. Ltd.,Sani Securities Company Ltd.,61,193.0,11773.0,2025-07-09 11:18:14.727670
2025-07-09,59760,2025070904001635,UPPER,Citizens Share Broker Limited,Sani Securities Company Ltd.,900,193.0,173700.0,2025-07-09 11:18:14.727849
2025-07-09,59759,2025070904001636,UPPER,Siprabi Securities Pvt. Ltd.,Sani Securities Company Ltd.,500,193.0,96500.0,2025-07-09 11:18:14.728080
2025-07-09,59758,2025070904001637,UPPER,Premier Securities Company Ltd.,Sani Securities Company Ltd.,39,193.0,7527.0,2025-07-09 11:18:14.728332
2025-07-09,59616,2025070904001715,UPPER,Oxford Securities Pvt. Ltd.,Sani Securities Company Ltd.,17,193.3,3286.1,2025-07-09 11:18:53.242874
2025-07-09,59615,2025070904001716,UPPER,Thrive Brokerage House Pvt. Ltd,Sani Securities Company Ltd.,511,193.2,98725.2,2025-07-09 11:18:53.243081
2025-07-09,59006,2025070904001979,UPPER,Agrawal Securities (PVT) Ltd.,Imperial Securities Company Pvt. Ltd.,60,194.2,11652.0,2025-07-09 11:22:06.709732
2025-07-09,58830,2025070904002031,UPPER,Agrawal Securities (PVT) Ltd.,Vision Securities Pvt. Ltd,140,194.2,27188.0,2025-07-09 11:23:01.615109
2025-07-09,58829,2025070904002032,UPPER,Online Securities Pvt. Ltd.,Vision Securities Pvt. Ltd,100,194.0,19400.0,2025-07-09 11:23:01.615644
2025-07-09,58828,2025070904002033,UPPER,Deevyaa Securities & Stock House Pvt. Ltd,Vision Securities Pvt. Ltd,100,194.0,19400.0,2025-07-09 11:23:01.616032
2025-07-09,58827,2025070904002034,UPPER,Dipshikha Dhitopatra Karobar Co. Pvt Ltd.,Vision Securities Pvt. Ltd,77,194.0,14938.0,2025-07-09 11:23:01.616410
2025-07-09,58190,2025070904002319,UPPER,Premier Securities Company Ltd.,ABC Securities Private Limited,100,195.0,19500.0,2025-07-09 11:26:19.093192
2025-07-09,58007,2025070904002402,UPPER,Online Securities Pvt. Ltd.,Midas Stock Broking Company Private Limited,500,195.0,97500.0,2025-07-09 11:27:00.886332
2025-07-09,57408,2025070904002687,UPPER,Online Securities Pvt. Ltd.,ABC Securities Private Limited,100,195.0,19500.0,2025-07-09 11:29:36.629376
2025-07-09,57407,2025070904002688,UPPER,Premier Securities Company Ltd.,ABC Securities Private Limited,94,195.0,18330.0,2025-07-09 11:29:36.629721
2025-07-09,56941,2025070904002904,UPPER,Linch Stock Market Ltd.,Arun Securities (PVT) Ltd.,100,195.5,19550.0,2025-07-09 11:31:21.748258
2025-07-09,56789,2025070904002983,UPPER,Secured Securities Ltd.,Arun Securities (PVT) Ltd.,400,195.5,78200.0,2025-07-09 11:31:47.067032
2025-07-09,56788,2025070904002984,UPPER,Secured Securities Ltd.,J.F. Securites (PVT) Ltd.,111,195.5,21700.5,2025-07-09 11:31:47.067340
2025-07-09,56787,2025070904002985,UPPER,Secured Securities Ltd.,Naasa Securities Co. Ltd.,860,195.5,168130.0,2025-07-09 11:31:47.067479
2025-07-09,55706,2025070904003465,UPPER,Nabil Stock Dealer Ltd.,Nepal Stock House (PVT) Ltd.,15,195.5,2932.5,2025-07-09 11:36:00.612378
2025-07-09,55705,2025070904003466,UPPER,Nabil Stock Dealer Ltd.,Cristal Kanchanjanga Securites Pvt. Ltd.,400,195.8,78320.0,2025-07-09 11:36:00.613050
2025-07-09,55704,2025070904003467,UPPER,Nabil Stock Dealer Ltd.,Siprabi Securities Pvt. Ltd.,90,195.8,17622.0,2025-07-09 11:36:00.613510
2025-07-09,55511,2025070904003535,UPPER,Naasa Securities Co. Ltd.,Siprabi Securities Pvt. Ltd.,10,195.8,1958.0,2025-07-09 11:36:40.470087
2025-07-09,55184,2025070904003680,UPPER,Naasa Securities Co. Ltd.,Siprabi Securities Pvt. Ltd.,38,195.8,7440.4,2025-07-09 11:37:56.686746
2025-07-09,55030,2025070904003730,UPPER,Dipshikha Dhitopatra Karobar Co. Pvt Ltd.,Nepal Stock House (PVT) Ltd.,31,195.5,6060.5,2025-07-09 11:38:45.476467
2025-07-09,55029,2025070904003731,UPPER,Primo Securities (PVT) Ltd.,Nepal Stock House (PVT) Ltd.,329,195.3,64253.7,2025-07-09 11:38:45.476844
2025-07-09,54993,2025070904003740,UPPER,Primo Securities (PVT) Ltd.,Primo Securities (PVT) Ltd.,40,195.3,7812.0,2025-07-09 11:38:53.338685
2025-07-09,54467,2025070904003933,UPPER,Aryatara Investment & Securities,Vision Securities Pvt. Ltd,30,195.5,5865.0,2025-07-09 11:40:54.191241
2025-07-09,54466,2025070904003934,UPPER,Primo Securities (PVT) Ltd.,Vision Securities Pvt. Ltd,30,195.3,5859.0,2025-07-09 11:40:54.191625
2025-07-09,54384,2025070904003953,UPPER,Kohinoor Investment & Securities Pvt. Ltd.,Naasa Securities Co. Ltd.,100,195.9,19590.0,2025-07-09 11:41:14.911693
2025-07-09,53583,2025070904004247,UPPER,ABC Securities Private Limited,Creative Securities Pvt Ltd,504,195.8,98683.2,2025-07-09 11:44:49.278526
2025-07-09,53417,2025070904004290,UPPER,Sani Securities Company Ltd.,Naasa Securities Co. Ltd.,10,195.9,1959.0,2025-07-09 11:45:33.045363
2025-07-09,53269,2025070904004350,UPPER,Trisul Securities & Invt. Ltd.,Nepal Stock House (PVT) Ltd.,50,195.5,9775.0,2025-07-09 11:46:08.504200
2025-07-09,52875,2025070904004482,UPPER,Online Securities Pvt. Ltd.,Capital Max Securities Ltd,40,195.5,7820.0,2025-07-09 11:47:46.785038
2025-07-09,52818,2025070904004498,UPPER,Online Securities Pvt. Ltd.,Imperial Securities Company Pvt. Ltd.,60,195.5,11730.0,2025-07-09 11:47:55.595448
2025-07-09,52817,2025070904004499,UPPER,Primo Securities (PVT) Ltd.,Imperial Securities Company Pvt. Ltd.,40,195.3,7812.0,2025-07-09 11:47:55.595855
2025-07-09,52646,2025070904004557,UPPER,Aryatara Investment & Securities,Imperial Securities Company Pvt. Ltd.,115,195.8,22517.0,2025-07-09 11:48:36.317241
2025-07-09,52558,2025070904004596,UPPER,Primo Securities (PVT) Ltd.,APPLE SECURITIES PRIVATE LIMITED,100,195.3,19530.0,2025-07-09 11:48:56.884770
2025-07-09,52453,2025070904004624,UPPER,Sri Hari Securities Pvt. Ltd.,Imperial Securities Company Pvt. Ltd.,100,195.8,19580.0,2025-07-09 11:49:20.692174
2025-07-09,52428,2025070904004645,UPPER,Creative Securities Pvt Ltd,ABC Securities Private Limited,45,195.4,8793.0,2025-07-09 11:49:24.973138
2025-07-09,52427,2025070904004646,UPPER,Primo Securities (PVT) Ltd.,ABC Securities Private Limited,461,195.3,90033.3,2025-07-09 11:49:24.973547
2025-07-09,52426,2025070904004647,UPPER,Pragyan Securities (PVT) Ltd.,ABC Securities Private Limited,200,195.2,39040.0,2025-07-09 11:49:24.973787
2025-07-09,52425,2025070904004648,UPPER,South Asian Bulls Pvt. Ltd.,ABC Securities Private Limited,200,195.2,39040.0,2025-07-09 11:49:24.973968
2025-07-09,52424,2025070904004649,UPPER,Malla & Malla Stock Broking Company Pvt. Limited,ABC Securities Private Limited,400,195.1,78040.0,2025-07-09 11:49:24.974225
2025-07-09,52423,2025070904004650,UPPER,Malla & Malla Stock Broking Company Pvt. Limited,ABC Securities Private Limited,3000,195.1,585300.0,2025-07-09 11:49:24.974551
2025-07-09,52422,2025070904004651,UPPER,Kohinoor Investment & Securities Pvt. Ltd.,ABC Securities Private Limited,2000,195.1,390200.0,2025-07-09 11:49:24.974861
2025-07-09,52421,2025070904004652,UPPER,Premier Securities Company Ltd.,ABC Securities Private Limited,406,195.0,79170.0,2025-07-09 11:49:24.975164
2025-07-09,52420,2025070904004653,UPPER,Online Securities Pvt. Ltd.,ABC Securities Private Limited,100,195.0,19500.0,2025-07-09 11:49:24.975402
2025-07-09,52419,2025070904004654,UPPER,Naasa Securities Co. Ltd.,ABC Securities Private Limited,227,195.0,44265.0,2025-07-09 11:49:24.975614
2025-07-09,52418,2025070904004655,UPPER,Opal Securities Investment (PVT) Ltd.,ABC Securities Private Limited,307,195.0,59865.0,2025-07-09 11:49:24.975890
2025-07-09,52417,2025070904004656,UPPER,Kohinoor Investment & Securities Pvt. Ltd.,ABC Securities Private Limited,20,195.0,3900.0,2025-07-09 11:49:24.976142
2025-07-09,52416,2025070904004657,UPPER,Premier Securities Company Ltd.,ABC Securities Private Limited,100,195.0,19500.0,2025-07-09 11:49:24.976414
2025-07-09,52415,2025070904004658,UPPER,Bhrikuti Stock Broking Co. Pvt. Ltd.,ABC Securities Private Limited,158,195.0,30810.0,2025-07-09 11:49:24.976643
2025-07-09,52414,2025070904004659,UPPER,Linch Stock Market Ltd.,ABC Securities Private Limited,201,195.0,39195.0,2025-07-09 11:49:24.976851
2025-07-09,52413,2025070904004660,UPPER,Nabil Stock Dealer Ltd.,ABC Securities Private Limited,295,195.0,57525.0,2025-07-09 11:49:24.977068
2025-07-09,52412,2025070904004661,UPPER,Midas Stock Broking Company Private Limited,ABC Securities Private Limited,220,195.0,42900.0,2025-07-09 11:49:24.977329
2025-07-09,52411,2025070904004662,UPPER,Online Securities Pvt. Ltd.,ABC Securities Private Limited,100,195.0,19500.0,2025-07-09 11:49:24.977610
2025-07-09,52410,2025070904004663,UPPER,Sundhara Securities Limited,ABC Securities Private Limited,1538,195.0,299910.0,2025-07-09 11:49:24.977804
2025-07-09,52409,2025070904004664,UPPER,Premier Securities Company Ltd.,ABC Securities Private Limited,22,195.0,4290.0,2025-07-09 11:49:24.978027
2025-07-09,52125,2025070904004771,UPPER,Online Securities Pvt. Ltd.,ABC Securities Private Limited,100,195.4,19540.0,2025-07-09 11:50:34.647306
2025-07-09,52124,2025070904004772,UPPER,Sani Securities Company Ltd.,ABC Securities Private Limited,1000,195.4,195400.0,2025-07-09 11:50:34.647701
2025-07-09,51965,2025070904004852,UPPER,Online Securities Pvt. Ltd.,ABC Securities Private Limited,516,195.3,100774.8,2025-07-09 11:51:07.985775
2025-07-09,51665,2025070904004966,UPPER,Sani Securities Company Ltd.,Cristal Kanchanjanga Securites Pvt. Ltd.,107,195.4,20907.8,2025-07-09 11:52:21.608626
2025-07-09,51664,2025070904004967,UPPER,Online Securities Pvt. Ltd.,Cristal Kanchanjanga Securites Pvt. Ltd.,185,195.3,36130.5,2025-07-09 11:52:21.609008
2025-07-09,51498,2025070904005053,UPPER,Kohinoor Investment & Securities Pvt. Ltd.,Naasa Securities Co. Ltd.,20,195.7,3914.0,2025-07-09 11:53:10.032500
2025-07-09,51329,2025070904005100,UPPER,Online Securities Pvt. Ltd.,ABC Securities Private Limited,299,195.3,58394.7,2025-07-09 11:53:56.233304
2025-07-09,51328,2025070904005101,UPPER,Premier Securities Company Ltd.,ABC Securities Private Limited,139,195.0,27105.0,2025-07-09 11:53:56.234139
2025-07-09,51327,2025070904005102,UPPER,Sagarmatha Securities Private Limited,ABC Securities Private Limited,200,195.0,39000.0,2025-07-09 11:53:56.234986
2025-07-09,51326,2025070904005103,UPPER,Online Securities Pvt. Ltd.,ABC Securities Private Limited,362,195.0,70590.0,2025-07-09 11:53:56.235759
2025-07-09,51278,2025070904005120,UPPER,Naasa Securities Co. Ltd.,Naasa Securities Co. Ltd.,10,195.7,1957.0,2025-07-09 11:54:11.494801
2025-07-09,51221,2025070904005134,UPPER,Online Securities Pvt. Ltd.,Imperial Securities Company Pvt. Ltd.,38,195.0,7410.0,2025-07-09 11:54:27.250611
2025-07-09,51093,2025070904005177,UPPER,Vision Securities Pvt. Ltd,Imperial Securities Company Pvt. Ltd.,10,195.0,1950.0,2025-07-09 11:54:52.557887
2025-07-09,50939,2025070904005206,UPPER,Vision Securities Pvt. Ltd,Imperial Securities Company Pvt. Ltd.,10,195.0,1950.0,2025-07-09 11:55:34.835255
2025-07-09,50824,2025070904005256,UPPER,Premier Securities Company Ltd.,Imperial Securities Company Pvt. Ltd.,20,194.9,3898.0,2025-07-09 11:56:03.305559
2025-07-09,50823,2025070904005257,UPPER,Sri Hari Securities Pvt. Ltd.,Imperial Securities Company Pvt. Ltd.,20,194.9,3898.0,2025-07-09 11:56:03.306004
2025-07-09,50822,2025070904005258,UPPER,Nepal Stock House (PVT) Ltd.,Imperial Securities Company Pvt. Ltd.,40,194.5,7780.0,2025-07-09 11:56:03.306341
2025-07-09,50714,2025070904005310,UPPER,Nepal Investment And Securities Trading Private Limited,Imperial Securities Company Pvt. Ltd.,22,195.0,4290.0,2025-07-09 11:56:26.417414
2025-07-09,50713,2025070904005311,UPPER,Nepal Investment And Securities Trading Private Limited,Online Securities Pvt. Ltd.,92,195.0,17940.0,2025-07-09 11:56:26.417847
2025-07-09,50712,2025070904005312,UPPER,Nepal Investment And Securities Trading Private Limited,Bhrikuti Stock Broking Co. Pvt. Ltd.,386,195.0,75270.0,2025-07-09 11:56:26.418117
2025-07-09,50313,2025070904005483,UPPER,Nepal Stock House (PVT) Ltd.,ABC Securities Private Limited,160,194.5,31120.0,2025-07-09 11:58:08.185040
2025-07-09,50312,2025070904005484,UPPER,Sani Securities Company Ltd.,ABC Securities Private Limited,10,194.5,1945.0,2025-07-09 11:58:08.185997
2025-07-09,50311,2025070904005485,UPPER,KALASH STOCK MARKET PVT. LTD.,ABC Securities Private Limited,100,194.5,19450.0,2025-07-09 11:58:08.186709
2025-07-09,50310,2025070904005486,UPPER,Trishakti Securities Public Limited,ABC Securities Private Limited,100,194.5,19450.0,2025-07-09 11:58:08.187345
2025-07-09,50309,2025070904005487,UPPER,Sewa Securities Pvt. Ltd.,ABC Securities Private Limited,100,194.3,19430.0,2025-07-09 11:58:08.188097
2025-07-09,50308,2025070904005488,UPPER,Asian Securities Private Ltd.,ABC Securities Private Limited,200,194.3,38860.0,2025-07-09 11:58:08.188811
2025-07-09,50307,2025070904005489,UPPER,Nepal Stock House (PVT) Ltd.,ABC Securities Private Limited,500,194.3,97150.0,2025-07-09 11:58:08.189421
2025-07-09,50306,2025070904005490,UPPER,Oxford Securities Pvt. Ltd.,ABC Securities Private Limited,20,194.2,3884.0,2025-07-09 11:58:08.190089
2025-07-09,50305,2025070904005491,UPPER,Premier Securities Company Ltd.,ABC Securities Private Limited,300,194.2,58260.0,2025-07-09 11:58:08.190769
2025-07-09,50304,2025070904005492,UPPER,R.B.B. Securities Company Ltd,ABC Securities Private Limited,1000,194.2,194200.0,2025-07-09 11:58:08.191428
2025-07-09,50303,2025070904005493,UPPER,Sumeru Securities Pvt. Ltd.,ABC Securities Private Limited,100,194.1,19410.0,2025-07-09 11:58:08.191816
2025-07-09,50302,2025070904005494,UPPER,Sweta Securities Private Limited,ABC Securities Private Limited,500,194.1,97050.0,2025-07-09 11:58:08.192006
2025-07-09,50301,2025070904005495,UPPER,J.F. Securites (PVT) Ltd.,ABC Securities Private Limited,50,194.1,9705.0,2025-07-09 11:58:08.192195
2025-07-09,50300,2025070904005496,UPPER,Dipshikha Dhitopatra Karobar Co. Pvt Ltd.,ABC Securities Private Limited,123,194.0,23862.0,2025-07-09 11:58:08.192393
2025-07-09,50299,2025070904005497,UPPER,Kumari Securities Private Limited,ABC Securities Private Limited,100,194.0,19400.0,2025-07-09 11:58:08.192601
2025-07-09,50298,2025070904005498,UPPER,J.F. Securites (PVT) Ltd.,ABC Securities Private Limited,50,194.0,9700.0,2025-07-09 11:58:08.192790
2025-07-09,50297,2025070904005499,UPPER,Vision Securities Pvt. Ltd,ABC Securities Private Limited,10,194.0,1940.0,2025-07-09 11:58:08.192983
2025-07-09,50296,2025070904005500,UPPER,Online Securities Pvt. Ltd.,ABC Securities Private Limited,50,194.0,9700.0,2025-07-09 11:58:08.193158
2025-07-09,50295,2025070904005501,UPPER,Naasa Securities Co. Ltd.,ABC Securities Private Limited,200,194.0,38800.0,2025-07-09 11:58:08.193359
2025-07-09,50294,2025070904005502,UPPER,Nabil Stock Dealer Ltd.,ABC Securities Private Limited,30,194.0,5820.0,2025-07-09 11:58:08.193540
2025-07-09,50293,2025070904005503,UPPER,Imperial Securities Company Pvt. Ltd.,ABC Securities Private Limited,2000,194.0,388000.0,2025-07-09 11:58:08.193727
2025-07-09,50292,2025070904005504,UPPER,Sani Securities Company Ltd.,ABC Securities Private Limited,20,194.0,3880.0,2025-07-09 11:58:08.193909
2025-07-09,50291,2025070904005505,UPPER,Premier Securities Company Ltd.,ABC Securities Private Limited,1000,194.0,194000.0,2025-07-09 11:58:08.194094
2025-07-09,50290,2025070904005506,UPPER,Primo Securities (PVT) Ltd.,ABC Securities Private Limited,100,194.0,19400.0,2025-07-09 11:58:08.194298
2025-07-09,50289,2025070904005507,UPPER,Sani Securities Company Ltd.,ABC Securities Private Limited,100,194.0,19400.0,2025-07-09 11:58:08.194482
2025-07-09,50288,2025070904005508,UPPER,Vision Securities Pvt. Ltd,ABC Securities Private Limited,300,194.0,58200.0,2025-07-09 11:58:08.194667
2025-07-09,50287,2025070904005509,UPPER,Deevyaa Securities & Stock House Pvt. Ltd,ABC Securities Private Limited,500,194.0,97000.0,2025-07-09 11:58:08.194855
2025-07-09,50286,2025070904005510,UPPER,Aryatara Investment & Securities,ABC Securities Private Limited,30,194.0,5820.0,2025-07-09 11:58:08.195026
2025-07-09,50285,2025070904005511,UPPER,Sewa Securities Pvt. Ltd.,ABC Securities Private Limited,43,194.0,8342.0,2025-07-09 11:58:08.195216
2025-07-09,50284,2025070904005512,UPPER,Naasa Securities Co. Ltd.,ABC Securities Private Limited,20,194.0,3880.0,2025-07-09 11:58:08.195416
2025-07-09,50283,2025070904005513,UPPER,Sri Hari Securities Pvt. Ltd.,ABC Securities Private Limited,84,194.0,16296.0,2025-07-09 11:58:08.195607
2025-07-09,50231,2025070904005530,UPPER,Online Securities Pvt. Ltd.,Bhrikuti Stock Broking Co. Pvt. Ltd.,510,195.0,99450.0,2025-07-09 11:58:20.645276
2025-07-09,49306,2025070904005887,UPPER,Online Securities Pvt. Ltd.,Bhrikuti Stock Broking Co. Pvt. Ltd.,104,195.0,20280.0,2025-07-09 12:01:29.822142
2025-07-09,49305,2025070904005888,UPPER,Online Securities Pvt. Ltd.,Miyo Securities Pvt Ltd,396,195.0,77220.0,2025-07-09 12:01:29.822563
2025-07-09,48969,2025070904006019,UPPER,Online Securities Pvt. Ltd.,Dipshikha Dhitopatra Karobar Co. Pvt Ltd.,100,194.2,19420.0,2025-07-09 12:02:37.903813
2025-07-09,48968,2025070904006020,UPPER,Sri Hari Securities Pvt. Ltd.,Dipshikha Dhitopatra Karobar Co. Pvt Ltd.,116,194.0,22504.0,2025-07-09 12:02:37.904603
2025-07-09,48967,2025070904006021,UPPER,Ashutosh Brokerage & Securities (PVT) Ltd.,Dipshikha Dhitopatra Karobar Co. Pvt Ltd.,20,194.0,3880.0,2025-07-09 12:02:37.905131
2025-07-09,48966,2025070904006022,UPPER,Sweta Securities Private Limited,Dipshikha Dhitopatra Karobar Co. Pvt Ltd.,200,194.0,38800.0,2025-07-09 12:02:37.905672
2025-07-09,48965,2025070904006023,UPPER,Oxford Securities Pvt. Ltd.,Dipshikha Dhitopatra Karobar Co. Pvt Ltd.,60,194.0,11640.0,2025-07-09 12:02:37.906216
2025-07-09,48623,2025070904006144,UPPER,Linch Stock Market Ltd.,Miyo Securities Pvt Ltd,100,195.0,19500.0,2025-07-09 12:04:02.151916
2025-07-09,48588,2025070904006153,UPPER,Nepal Investment And Securities Trading Private Limited,Miyo Securities Pvt Ltd,700,195.0,136500.0,2025-07-09 12:04:12.718631
2025-07-09,48587,2025070904006154,UPPER,Nepal Investment And Securities Trading Private Limited,J.F. Securites (PVT) Ltd.,110,195.0,21450.0,2025-07-09 12:04:12.718990
2025-07-09,48586,2025070904006155,UPPER,Nepal Investment And Securities Trading Private Limited,Naasa Securities Co. Ltd.,70,195.0,13650.0,2025-07-09 12:04:12.719180
2025-07-09,48525,2025070904006170,UPPER,Nepal Investment And Securities Trading Private Limited,Arun Securities (PVT) Ltd.,100,195.0,19500.0,2025-07-09 12:04:23.797345
2025-07-09,48212,2025070904006285,UPPER,Naasa Securities Co. Ltd.,SUN SECURITIES PVT LTD,50,195.0,9750.0,2025-07-09 12:05:47.955456
2025-07-09,48164,2025070904006302,UPPER,Naasa Securities Co. Ltd.,Imperial Securities Company Pvt. Ltd.,125,195.0,24375.0,2025-07-09 12:05:56.752716
2025-07-09,47771,2025070904006437,UPPER,Naasa Securities Co. Ltd.,Siprabi Securities Pvt. Ltd.,30,195.0,5850.0,2025-07-09 12:07:39.215614
2025-07-09,47605,2025070904006503,UPPER,Naasa Securities Co. Ltd.,Nepal Investment And Securities Trading Private Limited,273,195.0,53235.0,2025-07-09 12:08:22.992461
2025-07-09,47140,2025070904006642,UPPER,Naasa Securities Co. Ltd.,Thrive Brokerage House Pvt. Ltd,20,195.5,3910.0,2025-07-09 12:10:43.195163
2025-07-09,47139,2025070904006643,UPPER,Naasa Securities Co. Ltd.,Thrive Brokerage House Pvt. Ltd,515,195.0,100425.0,2025-07-09 12:10:43.195646
2025-07-09,47088,2025070904006663,UPPER,Naasa Securities Co. Ltd.,Sani Securities Company Ltd.,22,195.0,4290.0,2025-07-09 12:10:59.881880
2025-07-09,47087,2025070904006664,UPPER,Naasa Securities Co. Ltd.,Sani Securities Company Ltd.,18,195.0,3510.0,2025-07-09 12:10:59.882385
2025-07-09,47072,2025070904006669,UPPER,Naasa Securities Co. Ltd.,Naasa Securities Co. Ltd.,10,195.0,1950.0,2025-07-09 12:11:06.271942
2025-07-09,47066,2025070904006674,UPPER,Naasa Securities Co. Ltd.,Siprabi Securities Pvt. Ltd.,22,195.0,4290.0,2025-07-09 12:11:07.782835
2025-07-09,47065,2025070904006675,UPPER,Oxford Securities Pvt. Ltd.,Siprabi Securities Pvt. Ltd.,180,195.0,35100.0,2025-07-09 12:11:07.783259
2025-07-09,47036,2025070904006683,UPPER,Vision Securities Pvt. Ltd,Siprabi Securities Pvt. Ltd.,25,195.0,4875.0,2025-07-09 12:11:15.145373
2025-07-09,46515,2025070904006839,UPPER,Kalika Securities Pvt. Ltd.,Hatemalo Financial Services Private Limited,350,194.4,68040.0,2025-07-09 12:13:39.634896
2025-07-09,46209,2025070904006973,UPPER,Naasa Securities Co. Ltd.,Siprabi Securities Pvt. Ltd.,100,195.0,19500.0,2025-07-09 12:15:17.009346
2025-07-09,46118,2025070904007001,UPPER,Vision Securities Pvt. Ltd,Siprabi Securities Pvt. Ltd.,512,195.0,99840.0,2025-07-09 12:15:42.892481
2025-07-09,45840,2025070904007105,UPPER,Bhrikuti Stock Broking Co. Pvt. Ltd.,Siprabi Securities Pvt. Ltd.,17,195.0,3315.0,2025-07-09 12:17:12.031151
2025-07-09,45510,2025070904007242,UPPER,Naasa Securities Co. Ltd.,Siprabi Securities Pvt. Ltd.,144,195.0,28080.0,2025-07-09 12:18:42.339740
2025-07-09,45509,2025070904007243,UPPER,Naasa Securities Co. Ltd.,Imperial Securities Company Pvt. Ltd.,106,195.0,20670.0,2025-07-09 12:18:42.340646
2025-07-09,45166,2025070904007336,UPPER,J.F. Securites (PVT) Ltd.,Imperial Securities Company Pvt. Ltd.,94,195.0,18330.0,2025-07-09 12:20:18.042821
2025-07-09,44886,2025070904007440,UPPER,Aryatara Investment & Securities,Midas Stock Broking Company Private Limited,500,195.0,97500.0,2025-07-09 12:22:12.133026
2025-07-09,44773,2025070904007468,UPPER,J.F. Securites (PVT) Ltd.,Aryatara Investment & Securities,30,195.0,5850.0,2025-07-09 12:22:50.006613
2025-07-09,44567,2025070904007550,UPPER,Creative Securities Pvt Ltd,Premier Securities Company Ltd.,10,195.6,1956.0,2025-07-09 12:24:02.168737
2025-07-09,44016,2025070904007740,UPPER,Premier Securities Company Ltd.,Vision Securities Pvt. Ltd,100,195.1,19510.0,2025-07-09 12:26:15.568870
2025-07-09,43965,2025070904007763,UPPER,Naasa Securities Co. Ltd.,Oxford Securities Pvt. Ltd.,50,195.0,9750.0,2025-07-09 12:26:26.075586
2025-07-09,43925,2025070904007776,UPPER,Naasa Securities Co. Ltd.,Sumeru Securities Pvt. Ltd.,260,195.0,50700.0,2025-07-09 12:26:44.822513
2025-07-09,43924,2025070904007777,UPPER,Sani Securities Company Ltd.,Sumeru Securities Pvt. Ltd.,100,195.0,19500.0,2025-07-09 12:26:44.822973
2025-07-09,43923,2025070904007778,UPPER,ABC Securities Private Limited,Sumeru Securities Pvt. Ltd.,11,194.9,2143.9,2025-07-09 12:26:44.823218
2025-07-09,43922,2025070904007779,UPPER,Ashutosh Brokerage & Securities (PVT) Ltd.,Sumeru Securities Pvt. Ltd.,79,194.8,15389.2,2025-07-09 12:26:44.823456
2025-07-09,43878,2025070904007801,UPPER,Premier Securities Company Ltd.,Premier Securities Company Ltd.,10,195.6,1956.0,2025-07-09 12:27:00.970064
2025-07-09,43275,2025070904007984,UPPER,Indira securities pvt. ltd,Premier Securities Company Ltd.,500,195.6,97800.0,2025-07-09 12:30:49.395022
2025-07-09,42953,2025070904008100,UPPER,Sri Hari Securities Pvt. Ltd.,Premier Securities Company Ltd.,115,195.6,22494.0,2025-07-09 12:32:39.147388
2025-07-09,42818,2025070904008152,UPPER,Sani Securities Company Ltd.,Naasa Securities Co. Ltd.,20,195.0,3900.0,2025-07-09 12:33:20.156884
2025-07-09,42691,2025070904008209,UPPER,Sani Securities Company Ltd.,Naasa Securities Co. Ltd.,10,195.0,1950.0,2025-07-09 12:34:01.533746
2025-07-09,42654,2025070904008221,UPPER,Capital Max Securities Ltd,Premier Securities Company Ltd.,365,195.6,71394.0,2025-07-09 12:34:23.014547
2025-07-09,42653,2025070904008222,UPPER,Capital Max Securities Ltd,Premier Securities Company Ltd.,10,195.6,1956.0,2025-07-09 12:34:23.014613
2025-07-09,42652,2025070904008223,UPPER,Capital Max Securities Ltd,Naasa Securities Co. Ltd.,70,195.7,13699.0,2025-07-09 12:34:23.014643
2025-07-09,42651,2025070904008224,UPPER,Capital Max Securities Ltd,Citizens Share Broker Limited,555,195.7,108613.5,2025-07-09 12:34:23.014666
2025-07-09,42564,2025070904008262,UPPER,Sani Securities Company Ltd.,Capital Max Securities Ltd,970,195.0,189150.0,2025-07-09 12:34:50.107360
2025-07-09,42563,2025070904008263,UPPER,Kumari Securities Private Limited,Capital Max Securities Ltd,150,195.0,29250.0,2025-07-09 12:34:50.107400
2025-07-09,42478,2025070904008295,UPPER,Dipshikha Dhitopatra Karobar Co. Pvt Ltd.,Citizens Share Broker Limited,200,195.7,39140.0,2025-07-09 12:35:16.755536
2025-07-09,42105,2025070904008444,UPPER,Himalayan Brokerage Company Limited,Citizens Share Broker Limited,10,195.7,1957.0,2025-07-09 12:36:38.361049
2025-07-09,41981,2025070904008486,UPPER,Linch Stock Market Ltd.,Cristal Kanchanjanga Securites Pvt. Ltd.,500,195.1,97550.0,2025-07-09 12:37:01.638329
2025-07-09,41710,2025070904008592,UPPER,Sani Securities Company Ltd.,Citizens Share Broker Limited,10,195.7,1957.0,2025-07-09 12:38:12.854922
2025-07-09,41677,2025070904008610,UPPER,Linch Stock Market Ltd.,Online Securities Pvt. Ltd.,150,195.1,29265.0,2025-07-09 12:38:22.171740
2025-07-09,41592,2025070904008647,UPPER,Linch Stock Market Ltd.,Bhrikuti Stock Broking Co. Pvt. Ltd.,80,195.1,15608.0,2025-07-09 12:38:50.780896
2025-07-09,41373,2025070904008724,UPPER,Vision Securities Pvt. Ltd,Citizens Share Broker Limited,20,195.7,3914.0,2025-07-09 12:39:50.124511
2025-07-09,41346,2025070904008732,UPPER,Linch Stock Market Ltd.,Citizens Share Broker Limited,70,195.7,13699.0,2025-07-09 12:39:57.727583
2025-07-09,40413,2025070904009110,UPPER,Imperial Securities Company Pvt. Ltd.,Trishakti Securities Public Limited,30,195.5,5865.0,2025-07-09 12:44:05.301971
2025-07-09,40345,2025070904009139,UPPER,Trisul Securities & Invt. Ltd.,Citizens Share Broker Limited,35,195.7,6849.5,2025-07-09 12:44:27.731083
2025-07-09,40344,2025070904009140,UPPER,Trisul Securities & Invt. Ltd.,Naasa Securities Co. Ltd.,65,195.9,12733.5,2025-07-09 12:44:27.732113
2025-07-09,40201,2025070904009178,UPPER,Imperial Securities Company Pvt. Ltd.,Naasa Securities Co. Ltd.,50,195.2,9760.0,2025-07-09 12:45:07.090172
2025-07-09,40192,2025070904009181,UPPER,Trishakti Securities Public Limited,Cristal Kanchanjanga Securites Pvt. Ltd.,100,195.1,19510.0,2025-07-09 12:45:11.664370
2025-07-09,40191,2025070904009182,UPPER,Online Securities Pvt. Ltd.,Cristal Kanchanjanga Securites Pvt. Ltd.,400,195.0,78000.0,2025-07-09 12:45:11.664908
2025-07-09,40102,2025070904009219,UPPER,Online Securities Pvt. Ltd.,Nepal Stock House (PVT) Ltd.,100,195.0,19500.0,2025-07-09 12:45:38.271262
2025-07-09,40101,2025070904009220,UPPER,Naasa Securities Co. Ltd.,Nepal Stock House (PVT) Ltd.,160,195.0,31200.0,2025-07-09 12:45:38.271795
2025-07-09,40100,2025070904009221,UPPER,Imperial Securities Company Pvt. Ltd.,Nepal Stock House (PVT) Ltd.,20,195.0,3900.0,2025-07-09 12:45:38.272048
2025-07-09,39828,2025070904009354,UPPER,Imperial Securities Company Pvt. Ltd.,Online Securities Pvt. Ltd.,50,195.0,9750.0,2025-07-09 12:47:06.881814
2025-07-09,39530,2025070904009473,UPPER,Imperial Securities Company Pvt. Ltd.,Naasa Securities Co. Ltd.,10,195.0,1950.0,2025-07-09 12:48:51.589826
2025-07-09,39511,2025070904009480,UPPER,Imperial Securities Company Pvt. Ltd.,Online Securities Pvt. Ltd.,20,195.0,3900.0,2025-07-09 12:48:55.749062
2025-07-09,39510,2025070904009481,UPPER,Trisul Securities & Invt. Ltd.,Online Securities Pvt. Ltd.,25,195.0,4875.0,2025-07-09 12:48:55.750099
2025-07-09,39247,2025070904009576,UPPER,Trisul Securities & Invt. Ltd.,Kohinoor Investment & Securities Pvt. Ltd.,15,195.0,2925.0,2025-07-09 12:50:08.137221
2025-07-09,39246,2025070904009577,UPPER,Online Securities Pvt. Ltd.,Kohinoor Investment & Securities Pvt. Ltd.,85,195.0,16575.0,2025-07-09 12:50:08.138400
2025-07-09,38947,2025070904009662,UPPER,Online Securities Pvt. Ltd.,Naasa Securities Co. Ltd.,15,195.9,2938.5,2025-07-09 12:51:56.979851
2025-07-09,38888,2025070904009676,UPPER,Dipshikha Dhitopatra Karobar Co. Pvt Ltd.,Online Securities Pvt. Ltd.,20,195.1,3902.0,2025-07-09 12:52:12.106060
2025-07-09,38573,2025070904009818,UPPER,Kumari Securities Private Limited,Agrawal Securities (PVT) Ltd.,20,195.1,3902.0,2025-07-09 12:53:50.645646
2025-07-09,38427,2025070904009877,UPPER,Kumari Securities Private Limited,Online Securities Pvt. Ltd.,50,195.1,9755.0,2025-07-09 12:54:38.072083
2025-07-09,37946,2025070904010011,UPPER,ABC Securities Private Limited,Oxford Securities Pvt. Ltd.,12,195.8,2349.6,2025-07-09 12:57:01.169064
2025-07-09,37932,2025070904010012,UPPER,Global IME Securities Limited,Oxford Securities Pvt. Ltd.,60,195.8,11748.0,2025-07-09 12:57:08.748043
2025-07-09,37097,2025070904010297,UPPER,Naasa Securities Co. Ltd.,Oxford Securities Pvt. Ltd.,100,195.8,19580.0,2025-07-09 13:00:36.094183
2025-07-09,37062,2025070904010309,UPPER,Naasa Securities Co. Ltd.,Nepal Investment And Securities Trading Private Limited,30,195.2,5856.0,2025-07-09 13:00:50.908179
2025-07-09,37061,2025070904010310,UPPER,Imperial Securities Company Pvt. Ltd.,Nepal Investment And Securities Trading Private Limited,600,195.2,117120.0,2025-07-09 13:00:50.909303
2025-07-09,37060,2025070904010311,UPPER,Kumari Securities Private Limited,Nepal Investment And Securities Trading Private Limited,1930,195.1,376543.0,2025-07-09 13:00:50.910218
2025-07-09,37059,2025070904010312,UPPER,Online Securities Pvt. Ltd.,Nepal Investment And Securities Trading Private Limited,415,195.0,80925.0,2025-07-09 13:00:50.911138
2025-07-09,37058,2025070904010313,UPPER,Siprabi Securities Pvt. Ltd.,Nepal Investment And Securities Trading Private Limited,22,195.0,4290.0,2025-07-09 13:00:50.912024
2025-07-09,37057,2025070904010314,UPPER,KALASH STOCK MARKET PVT. LTD.,Nepal Investment And Securities Trading Private Limited,15,195.0,2925.0,2025-07-09 13:00:50.912915
2025-07-09,37056,2025070904010315,UPPER,Sani Securities Company Ltd.,Nepal Investment And Securities Trading Private Limited,500,195.0,97500.0,2025-07-09 13:00:50.913824
2025-07-09,37055,2025070904010316,UPPER,Kohinoor Investment & Securities Pvt. Ltd.,Nepal Investment And Securities Trading Private Limited,100,195.0,19500.0,2025-07-09 13:00:50.914705
2025-07-09,37054,2025070904010317,UPPER,Sundhara Securities Limited,Nepal Investment And Securities Trading Private Limited,10,195.0,1950.0,2025-07-09 13:00:50.915608
2025-07-09,37053,2025070904010318,UPPER,Himalayan Brokerage Company Limited,Nepal Investment And Securities Trading Private Limited,100,195.0,19500.0,2025-07-09 13:00:50.916163
2025-07-09,37052,2025070904010319,UPPER,Imperial Securities Company Pvt. Ltd.,Nepal Investment And Securities Trading Private Limited,50,195.0,9750.0,2025-07-09 13:00:50.916455
2025-07-09,37051,2025070904010320,UPPER,Neev Securities Pvt. Ltd.,Nepal Investment And Securities Trading Private Limited,275,195.0,53625.0,2025-07-09 13:00:50.916731
2025-07-09,37050,2025070904010321,UPPER,Sundhara Securities Limited,Nepal Investment And Securities Trading Private Limited,953,195.0,185835.0,2025-07-09 13:00:50.916989
2025-07-09,36701,2025070904010438,UPPER,Sundhara Securities Limited,Naasa Securities Co. Ltd.,326,195.0,63570.0,2025-07-09 13:02:24.816375
2025-07-09,36452,2025070904010481,UPPER,Property Wiard Limited,Aryatara Investment & Securities,10,195.1,1951.0,2025-07-09 13:03:50.168983
2025-07-09,36313,2025070904010532,UPPER,Creative Securities Pvt Ltd,Online Securities Pvt. Ltd.,20,195.0,3900.0,2025-07-09 13:04:24.953112
2025-07-09,36312,2025070904010533,UPPER,Online Securities Pvt. Ltd.,Online Securities Pvt. Ltd.,450,195.0,87750.0,2025-07-09 13:04:24.953638
2025-07-09,36285,2025070904010540,UPPER,Kohinoor Investment & Securities Pvt. Ltd.,Online Securities Pvt. Ltd.,30,195.0,5850.0,2025-07-09 13:04:37.590441
2025-07-09,36144,2025070904010579,UPPER,Secured Securities Ltd.,Online Securities Pvt. Ltd.,630,195.2,122976.0,2025-07-09 13:05:33.712608
2025-07-09,35370,2025070904010820,UPPER,Kohinoor Investment & Securities Pvt. Ltd.,Trishakti Securities Public Limited,70,195.0,13650.0,2025-07-09 13:10:10.959587
2025-07-09,35369,2025070904010821,UPPER,Naasa Securities Co. Ltd.,Trishakti Securities Public Limited,14,195.0,2730.0,2025-07-09 13:10:10.960128
2025-07-09,35194,2025070904010882,UPPER,J.F. Securites (PVT) Ltd.,Linch Stock Market Ltd.,68,195.0,13260.0,2025-07-09 13:10:56.169220
2025-07-09,34872,2025070904010992,UPPER,Himalayan Securities Limited,Sagarmatha Securities Private Limited,160,195.0,31200.0,2025-07-09 13:12:28.307675
2025-07-09,34871,2025070904010993,UPPER,Himalayan Securities Limited,Kohinoor Investment & Securities Pvt. Ltd.,40,195.0,7800.0,2025-07-09 13:12:28.308218
2025-07-09,34833,2025070904011010,UPPER,Imperial Securities Company Pvt. Ltd.,Kohinoor Investment & Securities Pvt. Ltd.,10,195.0,1950.0,2025-07-09 13:12:35.753236
2025-07-09,34832,2025070904011011,UPPER,Imperial Securities Company Pvt. Ltd.,NIMB Stock Markets Limited,10,195.0,1950.0,2025-07-09 13:12:35.753811
2025-07-09,34787,2025070904011023,UPPER,Imperial Securities Company Pvt. Ltd.,NIMB Stock Markets Limited,40,195.0,7800.0,2025-07-09 13:12:50.920088
2025-07-09,34262,2025070904011181,UPPER,Naasa Securities Co. Ltd.,Dakshinkali Investment & Securities Pvt. Ltd.,100,195.0,19500.0,2025-07-09 13:15:56.158663
2025-07-09,34233,2025070904011189,UPPER,Dipshikha Dhitopatra Karobar Co. Pvt Ltd.,Agrawal Securities (PVT) Ltd.,12,195.0,2340.0,2025-07-09 13:16:08.075911
2025-07-09,34208,2025070904011197,UPPER,Trishakti Securities Public Limited,Agrawal Securities (PVT) Ltd.,388,195.0,75660.0,2025-07-09 13:16:15.054527
2025-07-09,33960,2025070904011240,UPPER,Trishakti Securities Public Limited,Siprabi Securities Pvt. Ltd.,76,195.0,14820.0,2025-07-09 13:17:25.718248
2025-07-09,33739,2025070904011299,UPPER,Trishakti Securities Public Limited,Vision Securities Pvt. Ltd,36,195.0,7020.0,2025-07-09 13:18:39.732220
2025-07-09,33738,2025070904011300,UPPER,Imperial Securities Company Pvt. Ltd.,Vision Securities Pvt. Ltd,20,195.0,3900.0,2025-07-09 13:18:39.732817
2025-07-09,33737,2025070904011301,UPPER,ABC Securities Private Limited,Vision Securities Pvt. Ltd,10,194.9,1949.0,2025-07-09 13:18:39.733182
2025-07-09,33736,2025070904011302,UPPER,Imperial Securities Company Pvt. Ltd.,Vision Securities Pvt. Ltd,20,194.9,3898.0,2025-07-09 13:18:39.733496
2025-07-09,33735,2025070904011303,UPPER,Imperial Securities Company Pvt. Ltd.,Vision Securities Pvt. Ltd,10,194.9,1949.0,2025-07-09 13:18:39.733800
2025-07-09,33647,2025070904011320,UPPER,Imperial Securities Company Pvt. Ltd.,Naasa Securities Co. Ltd.,10,194.9,1949.0,2025-07-09 13:19:10.536096
2025-07-09,33645,2025070904011321,UPPER,Ashutosh Brokerage & Securities (PVT) Ltd.,Opal Securities Investment (PVT) Ltd.,21,194.8,4090.8,2025-07-09 13:19:11.134145
2025-07-09,33644,2025070904011322,UPPER,South Asian Bulls Pvt. Ltd.,Opal Securities Investment (PVT) Ltd.,179,194.8,34869.2,2025-07-09 13:19:11.134716
2025-07-09,33447,2025070904011398,UPPER,South Asian Bulls Pvt. Ltd.,Nepal Stock House (PVT) Ltd.,80,194.8,15584.0,2025-07-09 13:20:19.173208
2025-07-09,33445,2025070904011400,UPPER,South Asian Bulls Pvt. Ltd.,Vision Securities Pvt. Ltd,96,194.8,18700.8,2025-07-09 13:20:19.481090
2025-07-09,33416,2025070904011420,UPPER,Aryatara Investment & Securities,Naasa Securities Co. Ltd.,10,194.9,1949.0,2025-07-09 13:20:26.255517
2025-07-09,33413,2025070904011421,UPPER,South Asian Bulls Pvt. Ltd.,Opal Securities Investment (PVT) Ltd.,145,194.8,28246.0,2025-07-09 13:20:28.509545
2025-07-09,33412,2025070904011422,UPPER,Kohinoor Investment & Securities Pvt. Ltd.,Opal Securities Investment (PVT) Ltd.,100,194.8,19480.0,2025-07-09 13:20:28.510115
2025-07-09,33411,2025070904011423,UPPER,Dipshikha Dhitopatra Karobar Co. Pvt Ltd.,Opal Securities Investment (PVT) Ltd.,50,194.8,9740.0,2025-07-09 13:20:28.510428
2025-07-09,33410,2025070904011424,UPPER,Sani Securities Company Ltd.,Opal Securities Investment (PVT) Ltd.,100,194.7,19470.0,2025-07-09 13:20:28.510720
2025-07-09,33409,2025070904011425,UPPER,Shree Krishna Securities Ltd.,Opal Securities Investment (PVT) Ltd.,405,194.7,78853.5,2025-07-09 13:20:28.511014
2025-07-09,33304,2025070904011468,UPPER,Kalika Securities Pvt. Ltd.,Naasa Securities Co. Ltd.,30,194.9,5847.0,2025-07-09 13:20:50.136009
2025-07-09,33169,2025070904011513,UPPER,Shree Krishna Securities Ltd.,Vision Securities Pvt. Ltd,96,194.7,18691.2,2025-07-09 13:21:36.078859
2025-07-09,33081,2025070904011539,UPPER,Shree Krishna Securities Ltd.,Vision Securities Pvt. Ltd,14,194.7,2725.8,2025-07-09 13:22:01.267070
2025-07-09,33080,2025070904011540,UPPER,MILKY WAY SHARE BROKER COMPANY LTD ,Vision Securities Pvt. Ltd,55,194.7,10708.5,2025-07-09 13:22:01.268487
2025-07-09,33079,2025070904011541,UPPER,Aryatara Investment & Securities,Vision Securities Pvt. Ltd,27,194.6,5254.2,2025-07-09 13:22:01.269893
2025-07-09,33032,2025070904011550,UPPER,Aryatara Investment & Securities,Opal Securities Investment (PVT) Ltd.,120,194.6,23352.0,2025-07-09 13:22:14.002955
2025-07-09,33031,2025070904011551,UPPER,Sri Hari Securities Pvt. Ltd.,Opal Securities Investment (PVT) Ltd.,880,194.6,171248.0,2025-07-09 13:22:14.003573
2025-07-09,33019,2025070904011554,UPPER,Sri Hari Securities Pvt. Ltd.,Dipshikha Dhitopatra Karobar Co. Pvt Ltd.,120,194.6,23352.0,2025-07-09 13:22:17.149461
2025-07-09,33013,2025070904011558,UPPER,Sani Securities Company Ltd.,Dipshikha Dhitopatra Karobar Co. Pvt Ltd.,10,194.6,1946.0,2025-07-09 13:22:20.633895
2025-07-09,33002,2025070904011560,UPPER,Agrawal Securities (PVT) Ltd.,Dipshikha Dhitopatra Karobar Co. Pvt Ltd.,956,194.5,185942.0,2025-07-09 13:22:27.205153
2025-07-09,32896,2025070904011591,UPPER,Secured Securities Ltd.,Dipshikha Dhitopatra Karobar Co. Pvt Ltd.,10,194.6,1946.0,2025-07-09 13:22:55.399190
2025-07-09,32693,2025070904011670,UPPER,Secured Securities Ltd.,Market Securities & Exchange (PVT) Ltd.,290,194.6,56434.0,2025-07-09 13:23:46.079479
2025-07-09,32692,2025070904011671,UPPER,Agrawal Securities (PVT) Ltd.,Market Securities & Exchange (PVT) Ltd.,44,194.5,8558.0,2025-07-09 13:23:46.080714
2025-07-09,32691,2025070904011672,UPPER,J.F. Securites (PVT) Ltd.,Market Securities & Exchange (PVT) Ltd.,50,194.5,9725.0,2025-07-09 13:23:46.081642
2025-07-09,32690,2025070904011673,UPPER,Agrawal Securities (PVT) Ltd.,Market Securities & Exchange (PVT) Ltd.,30,194.5,5835.0,2025-07-09 13:23:46.082649
2025-07-09,32689,2025070904011674,UPPER,Naasa Securities Co. Ltd.,Market Securities & Exchange (PVT) Ltd.,100,194.5,19450.0,2025-07-09 13:23:46.083647
2025-07-09,32688,2025070904011675,UPPER,Sri Hari Securities Pvt. Ltd.,Market Securities & Exchange (PVT) Ltd.,1000,194.5,194500.0,2025-07-09 13:23:46.084594
2025-07-09,32687,2025070904011676,UPPER,Linch Stock Market Ltd.,Market Securities & Exchange (PVT) Ltd.,301,194.5,58544.5,2025-07-09 13:23:46.085524
2025-07-09,32686,2025070904011677,UPPER,Premier Securities Company Ltd.,Market Securities & Exchange (PVT) Ltd.,317,194.5,61656.5,2025-07-09 13:23:46.086445
2025-07-09,32675,2025070904011679,UPPER,Naasa Securities Co. Ltd.,Kalika Securities Pvt. Ltd.,80,194.6,15568.0,2025-07-09 13:23:51.249035
2025-07-09,32154,2025070904011834,UPPER,Naasa Securities Co. Ltd.,Kumari Securities Private Limited,20,194.6,3892.0,2025-07-09 13:26:01.796653
2025-07-09,32153,2025070904011835,UPPER,Premier Securities Company Ltd.,Kumari Securities Private Limited,84,194.5,16338.0,2025-07-09 13:26:01.797250
2025-07-09,32029,2025070904011860,UPPER,Premier Securities Company Ltd.,Kumari Securities Private Limited,80,194.5,15560.0,2025-07-09 13:26:34.971874
2025-07-09,31840,2025070904011908,UPPER,Premier Securities Company Ltd.,Naasa Securities Co. Ltd.,20,194.5,3890.0,2025-07-09 13:27:33.880838
2025-07-09,31796,2025070904011923,UPPER,Naasa Securities Co. Ltd.,Naasa Securities Co. Ltd.,50,194.9,9745.0,2025-07-09 13:27:45.028030
2025-07-09,31786,2025070904011928,UPPER,Imperial Securities Company Pvt. Ltd.,Naasa Securities Co. Ltd.,16,194.9,3118.4,2025-07-09 13:27:48.631684
2025-07-09,31635,2025070904011968,UPPER,Naasa Securities Co. Ltd.,Agrawal Securities (PVT) Ltd.,50,195.0,9750.0,2025-07-09 13:28:08.443824
2025-07-09,31634,2025070904011969,UPPER,Naasa Securities Co. Ltd.,Vision Securities Pvt. Ltd,250,195.0,48750.0,2025-07-09 13:28:08.445160
2025-07-09,31633,2025070904011970,UPPER,Naasa Securities Co. Ltd.,Cristal Kanchanjanga Securites Pvt. Ltd.,900,195.0,175500.0,2025-07-09 13:28:08.446138
2025-07-09,31074,2025070904012085,UPPER,Naasa Securities Co. Ltd.,Sweta Securities Private Limited,35,195.7,6849.5,2025-07-09 13:30:31.051129
2025-07-09,30964,2025070904012110,UPPER,Naasa Securities Co. Ltd.,Cristal Kanchanjanga Securites Pvt. Ltd.,16,195.7,3131.2,2025-07-09 13:30:53.047104
2025-07-09,30963,2025070904012111,UPPER,Thrive Brokerage House Pvt. Ltd,Cristal Kanchanjanga Securites Pvt. Ltd.,20,195.7,3914.0,2025-07-09 13:30:53.047701
2025-07-09,30962,2025070904012112,UPPER,Naasa Securities Co. Ltd.,Cristal Kanchanjanga Securites Pvt. Ltd.,25,195.5,4887.5,2025-07-09 13:30:53.048021
2025-07-09,30961,2025070904012113,UPPER,Trisul Securities & Invt. Ltd.,Cristal Kanchanjanga Securites Pvt. Ltd.,239,195.0,46605.0,2025-07-09 13:30:53.048339
2025-07-09,30461,2025070904012269,UPPER,Sani Securities Company Ltd.,Dynamic Money Managers Securities Pvt. Ltd.,10,195.7,1957.0,2025-07-09 13:33:15.168603
2025-07-09,30132,2025070904012353,UPPER,Sani Securities Company Ltd.,Dynamic Money Managers Securities Pvt. Ltd.,10,195.7,1957.0,2025-07-09 13:34:58.937634
2025-07-09,29737,2025070904012470,UPPER,Bhrikuti Stock Broking Co. Pvt. Ltd.,ABC Securities Private Limited,20,195.5,3910.0,2025-07-09 13:36:48.543925
2025-07-09,29668,2025070904012490,UPPER,Deevyaa Securities & Stock House Pvt. Ltd,ABC Securities Private Limited,100,195.5,19550.0,2025-07-09 13:37:09.405900
2025-07-09,29567,2025070904012527,UPPER,Linch Stock Market Ltd.,Online Securities Pvt. Ltd.,501,195.1,97745.1,2025-07-09 13:37:42.890109
2025-07-09,29566,2025070904012528,UPPER,Trisul Securities & Invt. Ltd.,Online Securities Pvt. Ltd.,61,195.0,11895.0,2025-07-09 13:37:42.890771
2025-07-09,29565,2025070904012529,UPPER,ABC Securities Private Limited,Online Securities Pvt. Ltd.,238,195.0,46410.0,2025-07-09 13:37:42.891177
2025-07-09,29303,2025070904012586,UPPER,Thrive Brokerage House Pvt. Ltd,ABC Securities Private Limited,200,195.5,39100.0,2025-07-09 13:38:49.501308
2025-07-09,28434,2025070904012827,UPPER,Sri Hari Securities Pvt. Ltd.,ABC Securities Private Limited,100,195.5,19550.0,2025-07-09 13:42:56.912268
2025-07-09,28332,2025070904012848,UPPER,Agrawal Securities (PVT) Ltd.,ABC Securities Private Limited,100,195.5,19550.0,2025-07-09 13:43:30.331979
2025-07-09,27852,2025070904013007,UPPER,Sri Hari Securities Pvt. Ltd.,ABC Securities Private Limited,480,195.5,93840.0,2025-07-09 13:45:11.054361
2025-07-09,27851,2025070904013008,UPPER,Sri Hari Securities Pvt. Ltd.,Online Securities Pvt. Ltd.,20,195.5,3910.0,2025-07-09 13:45:11.055859
2025-07-09,27850,2025070904013009,UPPER,Sri Hari Securities Pvt. Ltd.,Dynamic Money Managers Securities Pvt. Ltd.,280,195.7,54796.0,2025-07-09 13:45:11.057121
2025-07-09,27849,2025070904013010,UPPER,Sri Hari Securities Pvt. Ltd.,Ashutosh Brokerage & Securities (PVT) Ltd.,545,195.7,106656.5,2025-07-09 13:45:11.058285
2025-07-09,27848,2025070904013011,UPPER,Sri Hari Securities Pvt. Ltd.,Oxford Securities Pvt. Ltd.,58,195.8,11356.4,2025-07-09 13:45:11.059354
2025-07-09,27847,2025070904013012,UPPER,Sri Hari Securities Pvt. Ltd.,Siprabi Securities Pvt. Ltd.,80,195.8,15664.0,2025-07-09 13:45:11.059713
2025-07-09,27846,2025070904013013,UPPER,Sri Hari Securities Pvt. Ltd.,Market Securities & Exchange (PVT) Ltd.,294,195.8,57565.2,2025-07-09 13:45:11.060088
2025-07-09,27845,2025070904013014,UPPER,Sri Hari Securities Pvt. Ltd.,Investment Management Nepal Pvt. Ltd.,96,195.8,18796.8,2025-07-09 13:45:11.060456
2025-07-09,27844,2025070904013015,UPPER,Sri Hari Securities Pvt. Ltd.,Naasa Securities Co. Ltd.,10,195.9,1959.0,2025-07-09 13:45:11.060808
2025-07-09,27843,2025070904013016,UPPER,Sri Hari Securities Pvt. Ltd.,Creative Securities Pvt Ltd,607,195.9,118911.3,2025-07-09 13:45:11.061170
2025-07-09,27842,2025070904013017,UPPER,Sri Hari Securities Pvt. Ltd.,Sri Hari Securities Pvt. Ltd.,222,195.9,43489.8,2025-07-09 13:45:11.061546
2025-07-09,27841,2025070904013018,UPPER,Sri Hari Securities Pvt. Ltd.,ABC Securities Private Limited,648,196.0,127008.0,2025-07-09 13:45:11.061932
2025-07-09,27840,2025070904013019,UPPER,Sri Hari Securities Pvt. Ltd.,Trademow Securities Private Limited,450,196.0,88200.0,2025-07-09 13:45:11.062306
2025-07-09,27839,2025070904013020,UPPER,Sri Hari Securities Pvt. Ltd.,Malla & Malla Stock Broking Company Pvt. Limited,80,196.0,15680.0,2025-07-09 13:45:11.062709
2025-07-09,27838,2025070904013021,UPPER,Sri Hari Securities Pvt. Ltd.,ABC Securities Private Limited,1000,196.0,196000.0,2025-07-09 13:45:11.063096
2025-07-09,27837,2025070904013022,UPPER,Sri Hari Securities Pvt. Ltd.,Dakshinkali Investment & Securities Pvt. Ltd.,150,196.0,29400.0,2025-07-09 13:45:11.063485
2025-07-09,27836,2025070904013023,UPPER,Sri Hari Securities Pvt. Ltd.,Naasa Securities Co. Ltd.,58,196.0,11368.0,2025-07-09 13:45:11.063851
2025-07-09,27835,2025070904013024,UPPER,Sri Hari Securities Pvt. Ltd.,Property Wiard Limited,200,196.0,39200.0,2025-07-09 13:45:11.064239
2025-07-09,27834,2025070904013025,UPPER,Sri Hari Securities Pvt. Ltd.,Dipshikha Dhitopatra Karobar Co. Pvt Ltd.,68,196.0,13328.0,2025-07-09 13:45:11.064623
2025-07-09,27833,2025070904013026,UPPER,Sri Hari Securities Pvt. Ltd.,Naasa Securities Co. Ltd.,20,196.0,3920.0,2025-07-09 13:45:11.064973
2025-07-09,27832,2025070904013027,UPPER,Sri Hari Securities Pvt. Ltd.,Aryatara Investment & Securities,1500,196.0,294000.0,2025-07-09 13:45:11.065386
2025-07-09,27831,2025070904013028,UPPER,Sri Hari Securities Pvt. Ltd.,Sani Securities Company Ltd.,350,196.0,68600.0,2025-07-09 13:45:11.065757
2025-07-09,27830,2025070904013029,UPPER,Sri Hari Securities Pvt. Ltd.,Sundhara Securities Limited,100,196.0,19600.0,2025-07-09 13:45:11.066095
2025-07-09,27829,2025070904013030,UPPER,Sri Hari Securities Pvt. Ltd.,Aryatara Investment & Securities,100,196.0,19600.0,2025-07-09 13:45:11.066485
2025-07-09,27828,2025070904013031,UPPER,Sri Hari Securities Pvt. Ltd.,Sani Securities Company Ltd.,200,196.0,39200.0,2025-07-09 13:45:11.066858
2025-07-09,27827,2025070904013032,UPPER,Sri Hari Securities Pvt. Ltd.,Online Securities Pvt. Ltd.,120,196.0,23520.0,2025-07-09 13:45:11.067227
2025-07-09,27826,2025070904013033,UPPER,Sri Hari Securities Pvt. Ltd.,Trishakti Securities Public Limited,1479,196.0,289884.0,2025-07-09 13:45:11.067601
2025-07-09,27825,2025070904013034,UPPER,Sri Hari Securities Pvt. Ltd.,J.F. Securites (PVT) Ltd.,100,196.0,19600.0,2025-07-09 13:45:11.067966
2025-07-09,27824,2025070904013035,UPPER,Sri Hari Securities Pvt. Ltd.,Secured Securities Ltd.,20,196.0,3920.0,2025-07-09 13:45:11.068348
2025-07-09,27823,2025070904013036,UPPER,Sri Hari Securities Pvt. Ltd.,Imperial Securities Company Pvt. Ltd.,68,196.0,13328.0,2025-07-09 13:45:11.068720
2025-07-09,27822,2025070904013037,UPPER,Sri Hari Securities Pvt. Ltd.,Sundhara Securities Limited,80,196.0,15680.0,2025-07-09 13:45:11.069088
2025-07-09,27821,2025070904013038,UPPER,Sri Hari Securities Pvt. Ltd.,Online Securities Pvt. Ltd.,517,196.0,101332.0,2025-07-09 13:45:11.069470
2025-07-09,27698,2025070904013057,UPPER,Nepal Investment And Securities Trading Private Limited,Online Securities Pvt. Ltd.,75,196.0,14700.0,2025-07-09 13:45:39.704323
2025-07-09,27261,2025070904013146,UPPER,Nepal Stock House (PVT) Ltd.,Trishakti Securities Public Limited,46,195.9,9011.4,2025-07-09 13:47:22.359254
2025-07-09,27260,2025070904013147,UPPER,Nepal Stock House (PVT) Ltd.,Online Securities Pvt. Ltd.,104,196.0,20384.0,2025-07-09 13:47:22.359862
2025-07-09,27247,2025070904013153,UPPER,Agrawal Securities (PVT) Ltd.,Investment Management Nepal Pvt. Ltd.,100,195.1,19510.0,2025-07-09 13:47:26.311306
2025-07-09,27246,2025070904013154,UPPER,Online Securities Pvt. Ltd.,Investment Management Nepal Pvt. Ltd.,500,195.1,97550.0,2025-07-09 13:47:26.311902
2025-07-09,27245,2025070904013155,UPPER,ABC Securities Private Limited,Investment Management Nepal Pvt. Ltd.,262,195.0,51090.0,2025-07-09 13:47:26.312227
2025-07-09,27244,2025070904013156,UPPER,Sani Securities Company Ltd.,Investment Management Nepal Pvt. Ltd.,25,195.0,4875.0,2025-07-09 13:47:26.312550
2025-07-09,27243,2025070904013157,UPPER,Kalika Securities Pvt. Ltd.,Investment Management Nepal Pvt. Ltd.,65,195.0,12675.0,2025-07-09 13:47:26.312866
2025-07-09,27242,2025070904013158,UPPER,Naasa Securities Co. Ltd.,Investment Management Nepal Pvt. Ltd.,10,195.0,1950.0,2025-07-09 13:47:26.313188
2025-07-09,27241,2025070904013159,UPPER,Malla & Malla Stock Broking Company Pvt. Limited,Investment Management Nepal Pvt. Ltd.,38,195.0,7410.0,2025-07-09 13:47:26.313536
2025-07-09,26733,2025070904013304,UPPER,Malla & Malla Stock Broking Company Pvt. Limited,Vision Securities Pvt. Ltd,80,195.0,15600.0,2025-07-09 13:49:57.162515
2025-07-09,26700,2025070904013308,UPPER,Linch Stock Market Ltd.,Trishakti Securities Public Limited,60,195.9,11754.0,2025-07-09 13:50:07.311548
2025-07-09,26699,2025070904013309,UPPER,Linch Stock Market Ltd.,Online Securities Pvt. Ltd.,40,196.0,7840.0,2025-07-09 13:50:07.312189
2025-07-09,26606,2025070904013329,UPPER,Sri Hari Securities Pvt. Ltd.,Online Securities Pvt. Ltd.,2439,196.0,478044.0,2025-07-09 13:50:23.248168
2025-07-09,26605,2025070904013330,UPPER,Sri Hari Securities Pvt. Ltd.,Siprabi Securities Pvt. Ltd.,50,196.0,9800.0,2025-07-09 13:50:23.248906
2025-07-09,26604,2025070904013331,UPPER,Sri Hari Securities Pvt. Ltd.,Imperial Securities Company Pvt. Ltd.,205,196.0,40180.0,2025-07-09 13:50:23.249443
2025-07-09,26603,2025070904013332,UPPER,Sri Hari Securities Pvt. Ltd.,Kumari Securities Private Limited,200,196.0,39200.0,2025-07-09 13:50:23.249866
2025-07-09,26602,2025070904013333,UPPER,Sri Hari Securities Pvt. Ltd.,J.F. Securites (PVT) Ltd.,106,196.0,20776.0,2025-07-09 13:50:23.250262
2025-07-09,26590,2025070904013336,UPPER,Malla & Malla Stock Broking Company Pvt. Limited,Nepal Investment And Securities Trading Private Limited,12,195.0,2340.0,2025-07-09 13:50:29.128755
2025-07-09,26051,2025070904013527,UPPER,Aryatara Investment & Securities,J.F. Securites (PVT) Ltd.,394,196.0,77224.0,2025-07-09 13:52:36.014534
2025-07-09,26050,2025070904013528,UPPER,Aryatara Investment & Securities,Linch Stock Market Ltd.,200,196.0,39200.0,2025-07-09 13:52:36.015285
2025-07-09,26049,2025070904013529,UPPER,Aryatara Investment & Securities,Linch Stock Market Ltd.,50,196.0,9800.0,2025-07-09 13:52:36.015743
2025-07-09,26048,2025070904013530,UPPER,Aryatara Investment & Securities,Imperial Securities Company Pvt. Ltd.,200,196.0,39200.0,2025-07-09 13:52:36.016127
2025-07-09,26047,2025070904013531,UPPER,Aryatara Investment & Securities,Nepal Stock House (PVT) Ltd.,45,196.0,8820.0,2025-07-09 13:52:36.016516
2025-07-09,26046,2025070904013532,UPPER,Aryatara Investment & Securities,Naasa Securities Co. Ltd.,20,196.0,3920.0,2025-07-09 13:52:36.016891
2025-07-09,26045,2025070904013533,UPPER,Aryatara Investment & Securities,Aryatara Investment & Securities,95,196.0,18620.0,2025-07-09 13:52:36.017254
2025-07-09,25984,2025070904013562,UPPER,R.B.B. Securities Company Ltd,Aryatara Investment & Securities,1385,196.0,271460.0,2025-07-09 13:52:55.019106
2025-07-09,25983,2025070904013563,UPPER,R.B.B. Securities Company Ltd,Hatemalo Financial Services Private Limited,170,196.0,33320.0,2025-07-09 13:52:55.019749
2025-07-09,24918,2025070904013830,UPPER,Sani Securities Company Ltd.,Malla & Malla Stock Broking Company Pvt. Limited,75,196.0,14700.0,2025-07-09 13:56:24.695715
2025-07-09,24808,2025070904013861,UPPER,Sewa Securities Pvt. Ltd.,Online Securities Pvt. Ltd.,100,195.1,19510.0,2025-07-09 13:56:46.172575
2025-07-09,24807,2025070904013862,UPPER,Naasa Securities Co. Ltd.,Online Securities Pvt. Ltd.,150,195.1,29265.0,2025-07-09 13:56:46.173882
2025-07-09,23913,2025070904014124,UPPER,Bhrikuti Stock Broking Co. Pvt. Ltd.,South Asian Bulls Pvt. Ltd.,100,195.1,19510.0,2025-07-09 14:00:54.793988
2025-07-09,23035,2025070904014406,UPPER,J.F. Securites (PVT) Ltd.,Malla & Malla Stock Broking Company Pvt. Limited,100,195.5,19550.0,2025-07-09 14:04:15.426552
2025-07-09,22355,2025070904014639,UPPER,Aryatara Investment & Securities,Malla & Malla Stock Broking Company Pvt. Limited,10,195.5,1955.0,2025-07-09 14:06:34.439855
2025-07-09,21915,2025070904014804,UPPER,Dynamic Money Managers Securities Pvt. Ltd.,Malla & Malla Stock Broking Company Pvt. Limited,500,195.5,97750.0,2025-07-09 14:08:18.742041
2025-07-09,21605,2025070904014897,UPPER,Sani Securities Company Ltd.,Malla & Malla Stock Broking Company Pvt. Limited,10,195.5,1955.0,2025-07-09 14:09:38.903668
2025-07-09,21569,2025070904014902,UPPER,Sunrise Securities Limited,Malla & Malla Stock Broking Company Pvt. Limited,150,195.2,29280.0,2025-07-09 14:09:46.017839
2025-07-09,21218,2025070904015017,UPPER,Sunrise Securities Limited,Nepal Stock House (PVT) Ltd.,100,195.2,19520.0,2025-07-09 14:11:18.835787
2025-07-09,20884,2025070904015128,UPPER,Naasa Securities Co. Ltd.,Malla & Malla Stock Broking Company Pvt. Limited,40,195.5,7820.0,2025-07-09 14:12:47.513172
2025-07-09,20812,2025070904015158,UPPER,Naasa Securities Co. Ltd.,Imperial Securities Company Pvt. Ltd.,200,195.3,39060.0,2025-07-09 14:13:03.974551
2025-07-09,20811,2025070904015159,UPPER,Sunrise Securities Limited,Imperial Securities Company Pvt. Ltd.,100,195.2,19520.0,2025-07-09 14:13:03.974632
2025-07-09,20448,2025070904015321,UPPER,Sunrise Securities Limited,Cristal Kanchanjanga Securites Pvt. Ltd.,150,195.2,29280.0,2025-07-09 14:14:29.741494
2025-07-09,20447,2025070904015322,UPPER,Vision Securities Pvt. Ltd,Cristal Kanchanjanga Securites Pvt. Ltd.,25,195.2,4880.0,2025-07-09 14:14:29.742926
2025-07-09,20446,2025070904015323,UPPER,Linch Stock Market Ltd.,Cristal Kanchanjanga Securites Pvt. Ltd.,113,195.2,22057.6,2025-07-09 14:14:29.744040
2025-07-09,20445,2025070904015324,UPPER,Bhrikuti Stock Broking Co. Pvt. Ltd.,Cristal Kanchanjanga Securites Pvt. Ltd.,400,195.1,78040.0,2025-07-09 14:14:29.745171
2025-07-09,20444,2025070904015325,UPPER,Cristal Kanchanjanga Securites Pvt. Ltd.,Cristal Kanchanjanga Securites Pvt. Ltd.,12,195.1,2341.2,2025-07-09 14:14:29.746310
2025-07-09,20210,2025070904015386,UPPER,Secured Securities Ltd.,Malla & Malla Stock Broking Company Pvt. Limited,40,195.5,7820.0,2025-07-09 14:15:33.590045
2025-07-09,20205,2025070904015387,UPPER,Cristal Kanchanjanga Securites Pvt. Ltd.,Vision Securities Pvt. Ltd,80,195.1,15608.0,2025-07-09 14:15:34.073016
2025-07-09,20023,2025070904015441,UPPER,Nepal Stock House (PVT) Ltd.,Malla & Malla Stock Broking Company Pvt. Limited,85,195.5,16617.5,2025-07-09 14:16:17.587225
2025-07-09,19856,2025070904015511,UPPER,ABC Securities Private Limited,Malla & Malla Stock Broking Company Pvt. Limited,100,195.5,19550.0,2025-07-09 14:16:54.190672
2025-07-09,19587,2025070904015588,UPPER,Cristal Kanchanjanga Securites Pvt. Ltd.,Vision Securities Pvt. Ltd,100,195.1,19510.0,2025-07-09 14:17:47.132039
2025-07-09,19468,2025070904015632,UPPER,Cristal Kanchanjanga Securites Pvt. Ltd.,Nepal Stock House (PVT) Ltd.,200,195.1,39020.0,2025-07-09 14:18:10.590917
2025-07-09,19182,2025070904015693,UPPER,Naasa Securities Co. Ltd.,Malla & Malla Stock Broking Company Pvt. Limited,11,195.5,2150.5,2025-07-09 14:19:08.421813
2025-07-09,18907,2025070904015774,UPPER,Sani Securities Company Ltd.,Malla & Malla Stock Broking Company Pvt. Limited,15,195.5,2932.5,2025-07-09 14:20:18.525528
2025-07-09,18891,2025070904015779,UPPER,Oxford Securities Pvt. Ltd.,Malla & Malla Stock Broking Company Pvt. Limited,14,195.5,2737.0,2025-07-09 14:20:20.734542
2025-07-09,18890,2025070904015780,UPPER,Oxford Securities Pvt. Ltd.,Sundhara Securities Limited,400,195.5,78200.0,2025-07-09 14:20:20.735233
2025-07-09,18889,2025070904015781,UPPER,Oxford Securities Pvt. Ltd.,South Asian Bulls Pvt. Ltd.,48,195.9,9403.2,2025-07-09 14:20:20.735723
2025-07-09,18888,2025070904015782,UPPER,Oxford Securities Pvt. Ltd.,Imperial Securities Company Pvt. Ltd.,200,196.0,39200.0,2025-07-09 14:20:20.736227
2025-07-09,18887,2025070904015783,UPPER,Oxford Securities Pvt. Ltd.,Dipshikha Dhitopatra Karobar Co. Pvt Ltd.,124,196.0,24304.0,2025-07-09 14:20:20.736773
2025-07-09,18886,2025070904015784,UPPER,Oxford Securities Pvt. Ltd.,Trishakti Securities Public Limited,214,196.0,41944.0,2025-07-09 14:20:20.737322
2025-07-09,18196,2025070904016016,UPPER,Cristal Kanchanjanga Securites Pvt. Ltd.,South Asian Bulls Pvt. Ltd.,100,195.1,19510.0,2025-07-09 14:23:20.016144
2025-07-09,17829,2025070904016126,UPPER,Oxford Securities Pvt. Ltd.,Linch Stock Market Ltd.,10,195.9,1959.0,2025-07-09 14:24:44.199864
2025-07-09,17642,2025070904016188,UPPER,Kumari Securities Private Limited,Kumari Securities Private Limited,10,195.6,1956.0,2025-07-09 14:25:33.733562
2025-07-09,17641,2025070904016189,UPPER,Aryatara Investment & Securities,Kumari Securities Private Limited,75,195.5,14662.5,2025-07-09 14:25:33.734302
2025-07-09,17640,2025070904016190,UPPER,Dynamic Money Managers Securities Pvt. Ltd.,Kumari Securities Private Limited,1000,195.2,195200.0,2025-07-09 14:25:33.734828
2025-07-09,17639,2025070904016191,UPPER,Cristal Kanchanjanga Securites Pvt. Ltd.,Kumari Securities Private Limited,415,195.1,80966.5,2025-07-09 14:25:33.735275
2025-07-09,17370,2025070904016284,UPPER,Cristal Kanchanjanga Securites Pvt. Ltd.,Deevyaa Securities & Stock House Pvt. Ltd,843,195.1,164469.3,2025-07-09 14:26:16.311855
2025-07-09,17369,2025070904016285,UPPER,Online Securities Pvt. Ltd.,Deevyaa Securities & Stock House Pvt. Ltd,330,195.1,64383.0,2025-07-09 14:26:16.312549
2025-07-09,17368,2025070904016286,UPPER,Deevyaa Securities & Stock House Pvt. Ltd,Deevyaa Securities & Stock House Pvt. Ltd,30,195.1,5853.0,2025-07-09 14:26:16.312934
2025-07-09,17367,2025070904016287,UPPER,Primo Securities (PVT) Ltd.,Deevyaa Securities & Stock House Pvt. Ltd,797,195.1,155494.7,2025-07-09 14:26:16.313320
2025-07-09,16940,2025070904016420,UPPER,Dakshinkali Investment & Securities Pvt. Ltd.,Sani Securities Company Ltd.,241,195.2,47043.2,2025-07-09 14:28:03.175904
2025-07-09,16930,2025070904016424,UPPER,Dakshinkali Investment & Securities Pvt. Ltd.,Imperial Securities Company Pvt. Ltd.,59,195.2,11516.8,2025-07-09 14:28:07.058444
2025-07-09,16929,2025070904016425,UPPER,Primo Securities (PVT) Ltd.,Imperial Securities Company Pvt. Ltd.,35,195.1,6828.5,2025-07-09 14:28:07.058514
2025-07-09,16714,2025070904016484,UPPER,Primo Securities (PVT) Ltd.,Magnet Securities and Investment Company Private Limited,104,195.1,20290.4,2025-07-09 14:28:50.001825
2025-07-09,16535,2025070904016541,UPPER,Primo Securities (PVT) Ltd.,Trishakti Securities Public Limited,64,195.1,12486.4,2025-07-09 14:29:42.008982
2025-07-09,16534,2025070904016542,UPPER,Malla & Malla Stock Broking Company Pvt. Limited,Trishakti Securities Public Limited,170,195.0,33150.0,2025-07-09 14:29:42.009993
2025-07-09,16533,2025070904016543,UPPER,Sagarmatha Securities Private Limited,Trishakti Securities Public Limited,117,195.0,22815.0,2025-07-09 14:29:42.011481
2025-07-09,16532,2025070904016544,UPPER,Nagarik Stock Dealer ,Trishakti Securities Public Limited,20,195.0,3900.0,2025-07-09 14:29:42.013077
2025-07-09,16531,2025070904016545,UPPER,Neev Securities Pvt. Ltd.,Trishakti Securities Public Limited,415,195.0,80925.0,2025-07-09 14:29:42.014663
2025-07-09,16257,2025070904016598,UPPER,Aryatara Investment & Securities,Trishakti Securities Public Limited,500,195.1,97550.0,2025-07-09 14:30:32.677028
2025-07-09,16256,2025070904016599,UPPER,Neev Securities Pvt. Ltd.,Trishakti Securities Public Limited,85,195.0,16575.0,2025-07-09 14:30:32.677097
2025-07-09,16255,2025070904016600,UPPER,Vision Securities Pvt. Ltd,Trishakti Securities Public Limited,30,195.0,5850.0,2025-07-09 14:30:32.677127
2025-07-09,16254,2025070904016601,UPPER,Investment Management Nepal Pvt. Ltd.,Trishakti Securities Public Limited,385,195.0,75075.0,2025-07-09 14:30:32.677154
2025-07-09,15808,2025070904016749,UPPER,Sani Securities Company Ltd.,Sani Securities Company Ltd.,10,195.3,1953.0,2025-07-09 14:31:48.238644
2025-07-09,15180,2025070904016908,UPPER,Linch Stock Market Ltd.,Sani Securities Company Ltd.,30,195.3,5859.0,2025-07-09 14:33:46.907341
2025-07-09,15179,2025070904016909,UPPER,Linch Stock Market Ltd.,Sani Securities Company Ltd.,97,195.3,18944.1,2025-07-09 14:33:46.908052
2025-07-09,14565,2025070904017079,UPPER,Kohinoor Investment & Securities Pvt. Ltd.,Sani Securities Company Ltd.,100,195.3,19530.0,2025-07-09 14:35:41.296628
2025-07-09,14564,2025070904017080,UPPER,Midas Stock Broking Company Private Limited,Sani Securities Company Ltd.,100,195.3,19530.0,2025-07-09 14:35:41.297397
2025-07-09,14563,2025070904017081,UPPER,Sani Securities Company Ltd.,Sani Securities Company Ltd.,49,195.2,9564.8,2025-07-09 14:35:41.297895
2025-07-09,14404,2025070904017118,UPPER,Sani Securities Company Ltd.,Dipshikha Dhitopatra Karobar Co. Pvt Ltd.,80,195.2,15616.0,2025-07-09 14:36:06.250952
2025-07-09,14184,2025070904017169,UPPER,Dynamic Money Managers Securities Pvt. Ltd.,Linch Stock Market Ltd.,100,195.3,19530.0,2025-07-09 14:36:58.913889
2025-07-09,14082,2025070904017183,UPPER,Dynamic Money Managers Securities Pvt. Ltd.,Sani Securities Company Ltd.,300,195.3,58590.0,2025-07-09 14:37:14.743448
2025-07-09,13848,2025070904017272,UPPER,South Asian Bulls Pvt. Ltd.,Linch Stock Market Ltd.,10,195.9,1959.0,2025-07-09 14:37:48.810924
2025-07-09,13826,2025070904017276,UPPER,Market Securities & Exchange (PVT) Ltd.,Linch Stock Market Ltd.,100,195.9,19590.0,2025-07-09 14:37:53.415246
2025-07-09,13697,2025070904017295,UPPER,Dynamic Money Managers Securities Pvt. Ltd.,Naasa Securities Co. Ltd.,600,195.3,117180.0,2025-07-09 14:38:19.079859
2025-07-09,13696,2025070904017296,UPPER,Sani Securities Company Ltd.,Naasa Securities Co. Ltd.,2871,195.2,560419.2,2025-07-09 14:38:19.080546
2025-07-09,13695,2025070904017297,UPPER,J.F. Securites (PVT) Ltd.,Naasa Securities Co. Ltd.,2558,195.1,499065.8,2025-07-09 14:38:19.080952
2025-07-09,13694,2025070904017298,UPPER,Trishakti Securities Public Limited,Naasa Securities Co. Ltd.,1000,195.1,195100.0,2025-07-09 14:38:19.081326
2025-07-09,13693,2025070904017299,UPPER,Investment Management Nepal Pvt. Ltd.,Naasa Securities Co. Ltd.,715,195.0,139425.0,2025-07-09 14:38:19.081698
2025-07-09,13692,2025070904017300,UPPER,Secured Securities Ltd.,Naasa Securities Co. Ltd.,428,195.0,83460.0,2025-07-09 14:38:19.082086
2025-07-09,13028,2025070904017461,UPPER,Ashutosh Brokerage & Securities (PVT) Ltd.,Investment Management Nepal Pvt. Ltd.,20,195.2,3904.0,2025-07-09 14:40:15.102269
2025-07-09,13027,2025070904017462,UPPER,NIMB Stock Markets Limited,Investment Management Nepal Pvt. Ltd.,25,195.2,4880.0,2025-07-09 14:40:15.103018
2025-07-09,13026,2025070904017463,UPPER,Sri Hari Securities Pvt. Ltd.,Investment Management Nepal Pvt. Ltd.,55,195.2,10736.0,2025-07-09 14:40:15.103771
2025-07-09,13000,2025070904017469,UPPER,Deevyaa Securities & Stock House Pvt. Ltd,Ashutosh Brokerage & Securities (PVT) Ltd.,100,195.8,19580.0,2025-07-09 14:40:17.483546
2025-07-09,12625,2025070904017563,UPPER,Deevyaa Securities & Stock House Pvt. Ltd,Linch Stock Market Ltd.,590,195.8,115522.0,2025-07-09 14:41:09.747333
2025-07-09,12248,2025070904017659,UPPER,Deevyaa Securities & Stock House Pvt. Ltd,Asian Securities Private Ltd.,100,195.8,19580.0,2025-07-09 14:42:06.300361
2025-07-09,12187,2025070904017664,UPPER,Deevyaa Securities & Stock House Pvt. Ltd,Trishakti Securities Public Limited,310,195.8,60698.0,2025-07-09 14:42:18.250340
2025-07-09,12090,2025070904017687,UPPER,Deevyaa Securities & Stock House Pvt. Ltd,Trishakti Securities Public Limited,3690,195.8,722502.0,2025-07-09 14:42:34.595085
2025-07-09,11890,2025070904017771,UPPER,Deevyaa Securities & Stock House Pvt. Ltd,Sunrise Securities Limited,1020,195.8,199716.0,2025-07-09 14:42:58.740494
2025-07-09,11793,2025070904017791,UPPER,South Asian Bulls Pvt. Ltd.,Aryatara Investment & Securities,150,195.9,29385.0,2025-07-09 14:43:07.289098
2025-07-09,11634,2025070904017827,UPPER,Market Securities & Exchange (PVT) Ltd.,Aryatara Investment & Securities,100,195.9,19590.0,2025-07-09 14:43:28.044827
2025-07-09,11132,2025070904017950,UPPER,Naasa Securities Co. Ltd.,Aryatara Investment & Securities,210,195.9,41139.0,2025-07-09 14:44:37.531948
2025-07-09,11131,2025070904017951,UPPER,Naasa Securities Co. Ltd.,South Asian Bulls Pvt. Ltd.,48,196.0,9408.0,2025-07-09 14:44:37.532636
2025-07-09,11130,2025070904017952,UPPER,Naasa Securities Co. Ltd.,Imperial Securities Company Pvt. Ltd.,92,196.0,18032.0,2025-07-09 14:44:37.533061
2025-07-09,11031,2025070904017986,UPPER,Deevyaa Securities & Stock House Pvt. Ltd,Trishakti Securities Public Limited,200,195.8,39160.0,2025-07-09 14:44:55.802941
2025-07-09,10627,2025070904018096,UPPER,Shree Krishna Securities Ltd.,Imperial Securities Company Pvt. Ltd.,80,196.0,15680.0,2025-07-09 14:45:53.427347
2025-07-09,10573,2025070904018110,UPPER,Malla & Malla Stock Broking Company Pvt. Limited,Imperial Securities Company Pvt. Ltd.,188,196.0,36848.0,2025-07-09 14:45:58.390003
2025-07-09,10572,2025070904018111,UPPER,Malla & Malla Stock Broking Company Pvt. Limited,Dynamic Money Managers Securities Pvt. Ltd.,167,196.0,32732.0,2025-07-09 14:45:58.390674
2025-07-09,9518,2025070904018411,UPPER,Deevyaa Securities & Stock House Pvt. Ltd,Kohinoor Investment & Securities Pvt. Ltd.,90,195.8,17622.0,2025-07-09 14:47:52.633198
2025-07-09,9517,2025070904018412,UPPER,Kohinoor Investment & Securities Pvt. Ltd.,Kohinoor Investment & Securities Pvt. Ltd.,50,195.5,9775.0,2025-07-09 14:47:52.633828
2025-07-09,9516,2025070904018413,UPPER,Vision Securities Pvt. Ltd,Kohinoor Investment & Securities Pvt. Ltd.,200,195.5,39100.0,2025-07-09 14:47:52.634189
2025-07-09,9515,2025070904018414,UPPER,Deevyaa Securities & Stock House Pvt. Ltd,Kohinoor Investment & Securities Pvt. Ltd.,660,195.5,129030.0,2025-07-09 14:47:52.634562
2025-07-09,9334,2025070904018474,UPPER,Kohinoor Investment & Securities Pvt. Ltd.,Arun Securities (PVT) Ltd.,60,195.9,11754.0,2025-07-09 14:48:13.769393
2025-07-09,8997,2025070904018574,UPPER,Deevyaa Securities & Stock House Pvt. Ltd,Nagarik Stock Dealer ,68,195.5,13294.0,2025-07-09 14:48:48.067167
2025-07-09,8974,2025070904018581,UPPER,Deevyaa Securities & Stock House Pvt. Ltd,Aryatara Investment & Securities,300,195.5,58650.0,2025-07-09 14:48:50.048031
2025-07-09,8936,2025070904018590,UPPER,Online Securities Pvt. Ltd.,Arun Securities (PVT) Ltd.,20,195.9,3918.0,2025-07-09 14:48:55.201861
2025-07-09,8826,2025070904018636,UPPER,R.B.B. Securities Company Ltd,Dynamic Money Managers Securities Pvt. Ltd.,833,196.0,163268.0,2025-07-09 14:49:06.546450
2025-07-09,8825,2025070904018637,UPPER,R.B.B. Securities Company Ltd,Kumari Securities Private Limited,167,196.0,32732.0,2025-07-09 14:49:06.548014
2025-07-09,8813,2025070904018646,UPPER,Online Securities Pvt. Ltd.,Sani Securities Company Ltd.,80,195.9,15672.0,2025-07-09 14:49:07.662222
2025-07-09,8682,2025070904018683,UPPER,R.B.B. Securities Company Ltd,Kumari Securities Private Limited,333,196.0,65268.0,2025-07-09 14:49:23.589592
2025-07-09,8681,2025070904018684,UPPER,R.B.B. Securities Company Ltd,Imperial Securities Company Pvt. Ltd.,167,196.0,32732.0,2025-07-09 14:49:23.590185
2025-07-09,8557,2025070904018732,UPPER,Naasa Securities Co. Ltd.,Imperial Securities Company Pvt. Ltd.,50,196.0,9800.0,2025-07-09 14:49:37.587640
2025-07-09,8450,2025070904018777,UPPER,Deevyaa Securities & Stock House Pvt. Ltd,Deevyaa Securities & Stock House Pvt. Ltd,100,195.5,19550.0,2025-07-09 14:49:53.674396
2025-07-09,8449,2025070904018778,UPPER,Deevyaa Securities & Stock House Pvt. Ltd,Trishakti Securities Public Limited,1000,195.5,195500.0,2025-07-09 14:49:54.707982
2025-07-09,8424,2025070904018784,UPPER,Trisul Securities & Invt. Ltd.,Imperial Securities Company Pvt. Ltd.,33,196.0,6468.0,2025-07-09 14:49:59.398603
2025-07-09,8423,2025070904018785,UPPER,Trisul Securities & Invt. Ltd.,Imperial Securities Company Pvt. Ltd.,200,196.0,39200.0,2025-07-09 14:49:59.399221
2025-07-09,8422,2025070904018786,UPPER,Trisul Securities & Invt. Ltd.,Naasa Securities Co. Ltd.,100,196.0,19600.0,2025-07-09 14:49:59.399607
2025-07-09,8421,2025070904018787,UPPER,Trisul Securities & Invt. Ltd.,Sani Securities Company Ltd.,167,196.0,32732.0,2025-07-09 14:49:59.399975
2025-07-09,8262,2025070904018839,UPPER,Sweta Securities Private Limited,Sani Securities Company Ltd.,215,196.0,42140.0,2025-07-09 14:50:17.682481
2025-07-09,7870,2025070904018921,UPPER,Sagarmatha Securities Private Limited,Trishakti Securities Public Limited,400,195.6,78240.0,2025-07-09 14:51:01.746893
2025-07-09,7869,2025070904018922,UPPER,Kohinoor Investment & Securities Pvt. Ltd.,Trishakti Securities Public Limited,500,195.6,97800.0,2025-07-09 14:51:01.748445
2025-07-09,7777,2025070904018954,UPPER,Deevyaa Securities & Stock House Pvt. Ltd,Trishakti Securities Public Limited,100,195.5,19550.0,2025-07-09 14:51:11.899058
2025-07-09,7379,2025070904019047,UPPER,Midas Stock Broking Company Private Limited,Agrawal Securities (PVT) Ltd.,10,195.6,1956.0,2025-07-09 14:51:50.678665
2025-07-09,7320,2025070904019064,UPPER,Midas Stock Broking Company Private Limited,Trishakti Securities Public Limited,490,195.6,95844.0,2025-07-09 14:51:58.300074
2025-07-09,7171,2025070904019105,UPPER,Naasa Securities Co. Ltd.,Trishakti Securities Public Limited,50,195.6,9780.0,2025-07-09 14:52:13.691930
2025-07-09,7082,2025070904019139,UPPER,Deevyaa Securities & Stock House Pvt. Ltd,Aryatara Investment & Securities,500,195.5,97750.0,2025-07-09 14:52:20.859337
2025-07-09,6848,2025070904019224,UPPER,Naasa Securities Co. Ltd.,Trishakti Securities Public Limited,20,195.6,3912.0,2025-07-09 14:52:46.131992
2025-07-09,6806,2025070904019237,UPPER,Sani Securities Company Ltd.,Trishakti Securities Public Limited,100,195.6,19560.0,2025-07-09 14:52:49.424939
2025-07-09,6710,2025070904019280,UPPER,Trishakti Securities Public Limited,Trishakti Securities Public Limited,25,195.6,4890.0,2025-07-09 14:53:01.975123
2025-07-09,6683,2025070904019283,UPPER,Nepal Stock House (PVT) Ltd.,Trishakti Securities Public Limited,200,195.6,39120.0,2025-07-09 14:53:05.789214
2025-07-09,6355,2025070904019378,UPPER,Naasa Securities Co. Ltd.,Trishakti Securities Public Limited,100,195.6,19560.0,2025-07-09 14:53:39.284991
2025-07-09,6213,2025070904019457,UPPER,Deevyaa Securities & Stock House Pvt. Ltd,Naasa Securities Co. Ltd.,148,195.5,28934.0,2025-07-09 14:53:51.979438
2025-07-09,6151,2025070904019479,UPPER,Naasa Securities Co. Ltd.,Trishakti Securities Public Limited,15,195.6,2934.0,2025-07-09 14:53:59.989623
2025-07-09,5922,2025070904019552,UPPER,Naasa Securities Co. Ltd.,Sani Securities Company Ltd.,20,196.0,3920.0,2025-07-09 14:54:25.395826
2025-07-09,5914,2025070904019553,UPPER,Naasa Securities Co. Ltd.,Imperial Securities Company Pvt. Ltd.,35,195.6,6846.0,2025-07-09 14:54:25.803229
2025-07-09,5913,2025070904019554,UPPER,Imperial Securities Company Pvt. Ltd.,Imperial Securities Company Pvt. Ltd.,50,195.6,9780.0,2025-07-09 14:54:25.803296
2025-07-09,5912,2025070904019555,UPPER,Deevyaa Securities & Stock House Pvt. Ltd,Imperial Securities Company Pvt. Ltd.,425,195.5,83087.5,2025-07-09 14:54:25.803336
2025-07-09,5396,2025070904019716,UPPER,Online Securities Pvt. Ltd.,Deevyaa Securities & Stock House Pvt. Ltd,50,195.6,9780.0,2025-07-09 14:55:01.068841
2025-07-09,5395,2025070904019717,UPPER,Deevyaa Securities & Stock House Pvt. Ltd,Deevyaa Securities & Stock House Pvt. Ltd,50,195.5,9775.0,2025-07-09 14:55:01.068925
2025-07-09,5008,2025070904019841,UPPER,Naasa Securities Co. Ltd.,Sani Securities Company Ltd.,10,196.0,1960.0,2025-07-09 14:55:32.271849
2025-07-09,4369,2025070904020029,UPPER,Kumari Securities Private Limited,Sani Securities Company Ltd.,200,196.0,39200.0,2025-07-09 14:56:20.052349
2025-07-09,4311,2025070904020049,UPPER,Midas Stock Broking Company Private Limited,Sani Securities Company Ltd.,100,196.0,19600.0,2025-07-09 14:56:24.047331
2025-07-09,4057,2025070904020107,UPPER,Thrive Brokerage House Pvt. Ltd,Sani Securities Company Ltd.,70,196.0,13720.0,2025-07-09 14:56:44.178522
2025-07-09,3820,2025070904020217,UPPER,Bhrikuti Stock Broking Co. Pvt. Ltd.,Sani Securities Company Ltd.,218,196.0,42728.0,2025-07-09 14:57:01.437336
2025-07-09,3819,2025070904020218,UPPER,Bhrikuti Stock Broking Co. Pvt. Ltd.,Oxford Securities Pvt. Ltd.,282,196.0,55272.0,2025-07-09 14:57:01.437902
2025-07-09,3647,2025070904020288,UPPER,Imperial Securities Company Pvt. Ltd.,SHUBHAKAMANA SECURITIES PVT. LTD,200,195.6,39120.0,2025-07-09 14:57:14.578553
2025-07-09,3646,2025070904020289,UPPER,Imperial Securities Company Pvt. Ltd.,SHUBHAKAMANA SECURITIES PVT. LTD,200,195.6,39120.0,2025-07-09 14:57:14.579905
2025-07-09,3645,2025070904020290,UPPER,K.B.L. Securities Limited ,SHUBHAKAMANA SECURITIES PVT. LTD,500,195.6,97800.0,2025-07-09 14:57:14.581002
2025-07-09,3644,2025070904020291,UPPER,Deevyaa Securities & Stock House Pvt. Ltd,SHUBHAKAMANA SECURITIES PVT. LTD,649,195.5,126879.5,2025-07-09 14:57:14.582101
2025-07-09,3643,2025070904020292,UPPER,Arun Securities (PVT) Ltd.,SHUBHAKAMANA SECURITIES PVT. LTD,30,195.5,5865.0,2025-07-09 14:57:14.583164
2025-07-09,3642,2025070904020293,UPPER,Capital Max Securities Ltd,SHUBHAKAMANA SECURITIES PVT. LTD,421,195.5,82305.5,2025-07-09 14:57:14.584203
2025-07-09,3138,2025070904020448,UPPER,Capital Max Securities Ltd,Linch Stock Market Ltd.,79,195.5,15444.5,2025-07-09 14:57:44.904200
2025-07-09,3137,2025070904020449,UPPER,Sewa Securities Pvt. Ltd.,Linch Stock Market Ltd.,1000,195.5,195500.0,2025-07-09 14:57:44.905789
2025-07-09,3136,2025070904020450,UPPER,ABC Securities Private Limited,Linch Stock Market Ltd.,10,195.4,1954.0,2025-07-09 14:57:44.906397
2025-07-09,3135,2025070904020451,UPPER,Naasa Securities Co. Ltd.,Linch Stock Market Ltd.,78,195.3,15233.4,2025-07-09 14:57:44.906904
2025-07-09,3134,2025070904020452,UPPER,Trishakti Securities Public Limited,Linch Stock Market Ltd.,833,195.3,162684.9,2025-07-09 14:57:44.907323
2025-07-09,2863,2025070904020555,UPPER,Trishakti Securities Public Limited,J.F. Securites (PVT) Ltd.,167,195.3,32615.1,2025-07-09 14:58:05.840561
2025-07-09,2862,2025070904020556,UPPER,Naasa Securities Co. Ltd.,J.F. Securites (PVT) Ltd.,26,195.3,5077.8,2025-07-09 14:58:05.841935
2025-07-09,2861,2025070904020557,UPPER,Sri Hari Securities Pvt. Ltd.,J.F. Securites (PVT) Ltd.,67,195.2,13078.4,2025-07-09 14:58:05.843058
2025-07-09,2428,2025070904020729,UPPER,Malla & Malla Stock Broking Company Pvt. Limited,Siprabi Securities Pvt. Ltd.,540,195.9,105786.0,2025-07-09 14:58:32.102367
2025-07-09,2187,2025070904020789,UPPER,K.B.L. Securities Limited ,Linch Stock Market Ltd.,100,195.5,19550.0,2025-07-09 14:58:44.805247
2025-07-09,1522,2025070904020974,UPPER,Sundhara Securities Limited,Oxford Securities Pvt. Ltd.,218,196.0,42728.0,2025-07-09 14:59:15.618276
2025-07-09,1521,2025070904020975,UPPER,Sundhara Securities Limited,Naasa Securities Co. Ltd.,100,196.0,19600.0,2025-07-09 14:59:15.618891
2025-07-09,1520,2025070904020976,UPPER,Sundhara Securities Limited,Online Securities Pvt. Ltd.,482,196.0,94472.0,2025-07-09 14:59:15.619257
2025-07-09,1496,2025070904020990,UPPER,Nepal Stock House (PVT) Ltd.,Sani Securities Company Ltd.,50,195.6,9780.0,2025-07-09 14:59:17.038837
2025-07-09,1495,2025070904020991,UPPER,K.B.L. Securities Limited ,Sani Securities Company Ltd.,950,195.6,185820.0,2025-07-09 14:59:17.039563
2025-07-09,1345,2025070904021037,UPPER,Secured Securities Ltd.,Online Securities Pvt. Ltd.,364,196.0,71344.0,2025-07-09 14:59:23.926535
2025-07-09,1344,2025070904021038,UPPER,Secured Securities Ltd.,Bhrikuti Stock Broking Co. Pvt. Ltd.,20,196.0,3920.0,2025-07-09 14:59:23.927263
2025-07-09,1343,2025070904021039,UPPER,Secured Securities Ltd.,Naasa Securities Co. Ltd.,45,196.0,8820.0,2025-07-09 14:59:23.927808
2025-07-09,1342,2025070904021040,UPPER,Secured Securities Ltd.,Shree Krishna Securities Ltd.,571,196.4,112144.4,2025-07-09 14:59:23.928331
2025-07-09,764,2025070904021216,UPPER,K.B.L. Securities Limited ,Linch Stock Market Ltd.,440,195.7,86108.0,2025-07-09 14:59:40.124520
2025-07-09,534,2025070904021272,UPPER,K.B.L. Securities Limited ,Aryatara Investment & Securities,60,195.7,11742.0,2025-07-09 14:59:46.958810
2025-07-09,533,2025070904021273,UPPER,South Asian Bulls Pvt. Ltd.,Aryatara Investment & Securities,100,195.7,19570.0,2025-07-09 14:59:46.960172
2025-07-09,126,2025070904021410,UPPER,Bhrikuti Stock Broking Co. Pvt. Ltd.,Miyo Securities Pvt Ltd,50,195.8,9790.0,2025-07-09 14:59:57.261625
