Date,S.N.,Contract ID,Symbol,Buyer Broker,Seller Broker,volume,rate,amount,transaction_time
2025-09-25,37440,2025092504000020,AHPC,Naasa Securities Co. Ltd.,Sharepro Securities Private Limited,10,293.9,2939.0,2025-09-25 11:01:03.586079
2025-09-25,37394,2025092504000023,AHPC,pahiinvestment,SHUBHAKAMANA SECURITIES PVT. LTD,10,290.0,2900.0,2025-09-25 11:01:34.546975
2025-09-25,37393,2025092504000024,AHPC,Arun Securities (PVT) Ltd.,SHUBHAKAMANA SECURITIES PVT. LTD,990,290.0,287100.0,2025-09-25 11:01:34.547068
2025-09-25,37370,2025092504000029,AHPC,Naasa Securities Co. Ltd.,Deevyaa Securities & Stock House Pvt. Ltd,10,293.0,2930.0,2025-09-25 11:01:49.870055
2025-09-25,37350,2025092504000034,AHPC,Midas Stock Broking Company Private Limited,Deevyaa Securities & Stock House Pvt. Ltd,100,293.0,29300.0,2025-09-25 11:02:04.375065
2025-09-25,37162,2025092504000075,AHPC,Arun Securities (PVT) Ltd.,Sharepro Securities Private Limited,10,290.0,2900.0,2025-09-25 11:03:46.012215
2025-09-25,36872,2025092504000142,AHPC,Sewa Securities Pvt. Ltd.,ABC Securities Private Limited,30,289.0,8670.0,2025-09-25 11:06:29.082787
2025-09-25,36868,2025092504000143,AHPC,Sharepro Securities Private Limited,Vision Securities Pvt. Ltd,100,288.3,28830.0,2025-09-25 11:06:32.956942
2025-09-25,36803,2025092504000153,AHPC,Sharepro Securities Private Limited,Sharepro Securities Private Limited,175,288.3,50452.5,2025-09-25 11:07:07.505617
2025-09-25,36656,2025092504000187,AHPC,Kumari Securities Private Limited,ABC Securities Private Limited,510,289.0,147390.0,2025-09-25 11:08:33.547163
2025-09-25,36598,2025092504000205,AHPC,Asian Securities Private Ltd.,SHUBHAKAMANA SECURITIES PVT. LTD,90,290.0,26100.0,2025-09-25 11:09:10.541475
2025-09-25,36524,2025092504000237,AHPC,Sumeru Securities Pvt. Ltd.,SHUBHAKAMANA SECURITIES PVT. LTD,500,290.0,145000.0,2025-09-25 11:09:54.705448
2025-09-25,36490,2025092504000252,AHPC,Trisul Securities & Invt. Ltd.,SHUBHAKAMANA SECURITIES PVT. LTD,410,290.0,118900.0,2025-09-25 11:10:14.750011
2025-09-25,36489,2025092504000253,AHPC,Trisul Securities & Invt. Ltd.,ABC Securities Private Limited,500,290.0,145000.0,2025-09-25 11:10:14.750229
2025-09-25,36342,2025092504000275,AHPC,Asian Securities Private Ltd.,Nepal Stock House (PVT) Ltd.,100,290.0,29000.0,2025-09-25 11:11:38.324912
2025-09-25,36341,2025092504000276,AHPC,Agrawal Securities (PVT) Ltd.,Nepal Stock House (PVT) Ltd.,10,290.0,2900.0,2025-09-25 11:11:38.325030
2025-09-25,36278,2025092504000286,AHPC,Dakshinkali Investment & Securities Pvt. Ltd.,BHOLE GANESH SECURITIES LTD,250,289.3,72325.0,2025-09-25 11:12:12.321845
2025-09-25,36277,2025092504000287,AHPC,Sharepro Securities Private Limited,BHOLE GANESH SECURITIES LTD,225,289.2,65070.0,2025-09-25 11:12:12.321973
2025-09-25,36276,2025092504000288,AHPC,Kalika Securities Pvt. Ltd.,BHOLE GANESH SECURITIES LTD,25,289.1,7227.5,2025-09-25 11:12:12.322024
2025-09-25,36202,2025092504000307,AHPC,Kalika Securities Pvt. Ltd.,BHOLE GANESH SECURITIES LTD,175,289.1,50592.5,2025-09-25 11:12:40.005452
2025-09-25,36201,2025092504000308,AHPC,Trishakti Securities Public Limited,BHOLE GANESH SECURITIES LTD,25,289.0,7225.0,2025-09-25 11:12:40.005654
2025-09-25,36158,2025092504000317,AHPC,Kohinoor Investment & Securities Pvt. Ltd.,Nepal Stock House (PVT) Ltd.,10,290.9,2909.0,2025-09-25 11:13:02.198479
2025-09-25,36090,2025092504000342,AHPC,Trisul Securities & Invt. Ltd.,Cristal Kanchanjanga Securites Pvt. Ltd.,18,290.0,5220.0,2025-09-25 11:13:33.003151
2025-09-25,35931,2025092504000387,AHPC,Agrawal Securities (PVT) Ltd.,Agrawal Securities (PVT) Ltd.,13,289.1,3758.3,2025-09-25 11:14:40.498782
2025-09-25,35669,2025092504000426,AHPC,Nepal Investment And Securities Trading Private Limited,Cristal Kanchanjanga Securites Pvt. Ltd.,100,290.0,29000.0,2025-09-25 11:16:17.660334
2025-09-25,35077,2025092504000573,AHPC,Agrawal Securities (PVT) Ltd.,Ashutosh Brokerage & Securities (PVT) Ltd.,200,289.1,57820.0,2025-09-25 11:21:19.225417
2025-09-25,34839,2025092504000630,AHPC,Naasa Securities Co. Ltd.,Cristal Kanchanjanga Securites Pvt. Ltd.,30,290.0,8700.0,2025-09-25 11:22:53.005627
2025-09-25,34666,2025092504000660,AHPC,Nabil Stock Dealer Ltd.,Cristal Kanchanjanga Securites Pvt. Ltd.,20,290.0,5800.0,2025-09-25 11:24:08.869459
2025-09-25,34656,2025092504000661,AHPC,Thrive Brokerage House Pvt. Ltd,Cristal Kanchanjanga Securites Pvt. Ltd.,500,290.0,145000.0,2025-09-25 11:24:15.031141
2025-09-25,34495,2025092504000698,AHPC,Asian Securities Private Ltd.,Cristal Kanchanjanga Securites Pvt. Ltd.,332,290.0,96280.0,2025-09-25 11:25:36.520422
2025-09-25,34494,2025092504000699,AHPC,Asian Securities Private Ltd.,Sani Securities Company Ltd.,1468,290.0,425720.0,2025-09-25 11:25:36.520569
2025-09-25,34294,2025092504000752,AHPC,Asian Securities Private Ltd.,Sani Securities Company Ltd.,32,290.0,9280.0,2025-09-25 11:27:03.506682
2025-09-25,34293,2025092504000753,AHPC,Asian Securities Private Ltd.,South Asian Bulls Pvt. Ltd.,468,290.0,135720.0,2025-09-25 11:27:03.506853
2025-09-25,34287,2025092504000755,AHPC,Arun Securities (PVT) Ltd.,South Asian Bulls Pvt. Ltd.,32,290.0,9280.0,2025-09-25 11:27:06.957526
2025-09-25,34286,2025092504000756,AHPC,Arun Securities (PVT) Ltd.,Dipshikha Dhitopatra Karobar Co. Pvt Ltd.,468,290.0,135720.0,2025-09-25 11:27:06.957691
2025-09-25,34201,2025092504000781,AHPC,Shree Krishna Securities Ltd.,Dipshikha Dhitopatra Karobar Co. Pvt Ltd.,532,290.0,154280.0,2025-09-25 11:27:43.936863
2025-09-25,34200,2025092504000782,AHPC,Shree Krishna Securities Ltd.,Dipshikha Dhitopatra Karobar Co. Pvt Ltd.,868,290.0,251720.0,2025-09-25 11:27:43.937001
2025-09-25,34196,2025092504000786,AHPC,Dipshikha Dhitopatra Karobar Co. Pvt Ltd.,Dipshikha Dhitopatra Karobar Co. Pvt Ltd.,32,290.0,9280.0,2025-09-25 11:27:47.004850
2025-09-25,34153,2025092504000804,AHPC,Trishakti Securities Public Limited,Nepal Stock House (PVT) Ltd.,23,290.9,6690.7,2025-09-25 11:28:12.553872
2025-09-25,33867,2025092504000878,AHPC,Elite Stock House Limited,Nepal Stock House (PVT) Ltd.,357,290.9,103851.3,2025-09-25 11:30:22.801832
2025-09-25,33866,2025092504000879,AHPC,Elite Stock House Limited,ABC Securities Private Limited,244,291.0,71004.0,2025-09-25 11:30:22.802006
2025-09-25,33865,2025092504000880,AHPC,Elite Stock House Limited,Sagarmatha Securities Private Limited,100,291.0,29100.0,2025-09-25 11:30:22.802063
2025-09-25,33706,2025092504000911,AHPC,Online Securities Pvt. Ltd.,Dipshikha Dhitopatra Karobar Co. Pvt Ltd.,100,291.9,29190.0,2025-09-25 11:31:34.540542
2025-09-25,33705,2025092504000912,AHPC,Online Securities Pvt. Ltd.,Sewa Securities Pvt. Ltd.,100,292.0,29200.0,2025-09-25 11:31:34.540925
2025-09-25,33704,2025092504000913,AHPC,Online Securities Pvt. Ltd.,Vision Securities Pvt. Ltd,10,292.0,2920.0,2025-09-25 11:31:34.540987
2025-09-25,33703,2025092504000914,AHPC,Online Securities Pvt. Ltd.,ABC Securities Private Limited,500,292.0,146000.0,2025-09-25 11:31:34.541046
2025-09-25,33702,2025092504000915,AHPC,Online Securities Pvt. Ltd.,South Asian Bulls Pvt. Ltd.,50,292.4,14620.0,2025-09-25 11:31:34.541112
2025-09-25,33701,2025092504000916,AHPC,Online Securities Pvt. Ltd.,Creative Securities Pvt Ltd,240,292.5,70200.0,2025-09-25 11:31:34.541167
2025-09-25,33165,2025092504001063,AHPC,Agrawal Securities (PVT) Ltd.,SHUBHAKAMANA SECURITIES PVT. LTD,300,292.1,87630.0,2025-09-25 11:35:05.806689
2025-09-25,32903,2025092504001115,AHPC,Himalayan Brokerage Company Limited,Creative Securities Pvt Ltd,100,291.1,29110.0,2025-09-25 11:36:47.913783
2025-09-25,32902,2025092504001116,AHPC,Nabil Stock Dealer Ltd.,Creative Securities Pvt Ltd,200,291.1,58220.0,2025-09-25 11:36:47.913943
2025-09-25,32750,2025092504001146,AHPC,Nabil Stock Dealer Ltd.,Naasa Securities Co. Ltd.,730,291.1,212503.0,2025-09-25 11:38:11.128224
2025-09-25,32749,2025092504001147,AHPC,Elite Stock House Limited,Naasa Securities Co. Ltd.,270,291.0,78570.0,2025-09-25 11:38:11.128574
2025-09-25,32589,2025092504001192,AHPC,Elite Stock House Limited,SHUBHAKAMANA SECURITIES PVT. LTD,500,291.0,145500.0,2025-09-25 11:39:33.032740
2025-09-25,32585,2025092504001194,AHPC,Naasa Securities Co. Ltd.,K.B.L. Securities Limited ,10,292.0,2920.0,2025-09-25 11:39:37.576173
2025-09-25,32539,2025092504001202,AHPC,Elite Stock House Limited,SHUBHAKAMANA SECURITIES PVT. LTD,529,291.0,153939.0,2025-09-25 11:40:03.423396
2025-09-25,32538,2025092504001203,AHPC,Linch Stock Market Ltd.,SHUBHAKAMANA SECURITIES PVT. LTD,125,291.0,36375.0,2025-09-25 11:40:03.423680
2025-09-25,32537,2025092504001204,AHPC,Malla & Malla Stock Broking Company Pvt. Limited,SHUBHAKAMANA SECURITIES PVT. LTD,46,291.0,13386.0,2025-09-25 11:40:03.423865
2025-09-25,32501,2025092504001212,AHPC,Malla & Malla Stock Broking Company Pvt. Limited,SHUBHAKAMANA SECURITIES PVT. LTD,54,291.0,15714.0,2025-09-25 11:40:21.229172
2025-09-25,32500,2025092504001213,AHPC,Trisul Securities & Invt. Ltd.,SHUBHAKAMANA SECURITIES PVT. LTD,100,291.0,29100.0,2025-09-25 11:40:21.229480
2025-09-25,32499,2025092504001214,AHPC,Dynamic Money Managers Securities Pvt. Ltd.,SHUBHAKAMANA SECURITIES PVT. LTD,1000,290.2,290200.0,2025-09-25 11:40:21.229739
2025-09-25,32498,2025092504001215,AHPC,Imperial Securities Company Pvt. Ltd.,SHUBHAKAMANA SECURITIES PVT. LTD,103,290.2,29890.6,2025-09-25 11:40:21.229917
2025-09-25,32497,2025092504001216,AHPC,Sumeru Securities Pvt. Ltd.,SHUBHAKAMANA SECURITIES PVT. LTD,50,290.1,14505.0,2025-09-25 11:40:21.230102
2025-09-25,32496,2025092504001217,AHPC,Siprabi Securities Pvt. Ltd.,SHUBHAKAMANA SECURITIES PVT. LTD,693,290.1,201039.3,2025-09-25 11:40:21.230333
2025-09-25,32391,2025092504001239,AHPC,Naasa Securities Co. Ltd.,K.B.L. Securities Limited ,10,292.0,2920.0,2025-09-25 11:41:17.376209
2025-09-25,32310,2025092504001261,AHPC,Siprabi Securities Pvt. Ltd.,Nepal Investment And Securities Trading Private Limited,307,290.1,89060.7,2025-09-25 11:41:53.380713
2025-09-25,31988,2025092504001350,AHPC,Dipshikha Dhitopatra Karobar Co. Pvt Ltd.,Sani Securities Company Ltd.,468,290.0,135720.0,2025-09-25 11:44:38.309912
2025-09-25,31987,2025092504001351,AHPC,Trishakti Securities Public Limited,Sani Securities Company Ltd.,20,290.0,5800.0,2025-09-25 11:44:38.310090
2025-09-25,31986,2025092504001352,AHPC,Malla & Malla Stock Broking Company Pvt. Limited,Sani Securities Company Ltd.,100,290.0,29000.0,2025-09-25 11:44:38.310162
2025-09-25,31985,2025092504001353,AHPC,Premier Securities Company Ltd.,Sani Securities Company Ltd.,100,290.0,29000.0,2025-09-25 11:44:38.310226
2025-09-25,31984,2025092504001354,AHPC,Secured Securities Ltd.,Sani Securities Company Ltd.,422,290.0,122380.0,2025-09-25 11:44:38.310282
2025-09-25,31908,2025092504001373,AHPC,Secured Securities Ltd.,Sewa Securities Pvt. Ltd.,200,290.0,58000.0,2025-09-25 11:45:09.596350
2025-09-25,31830,2025092504001380,AHPC,Naasa Securities Co. Ltd.,Nepal Investment And Securities Trading Private Limited,14,290.1,4061.4,2025-09-25 11:45:58.920225
2025-09-25,31812,2025092504001388,AHPC,Secured Securities Ltd.,KALASH STOCK MARKET PVT. LTD.,28,290.0,8120.0,2025-09-25 11:46:17.545555
2025-09-25,31811,2025092504001389,AHPC,Investment Management Nepal Pvt. Ltd.,KALASH STOCK MARKET PVT. LTD.,10,290.0,2900.0,2025-09-25 11:46:17.545754
2025-09-25,31810,2025092504001390,AHPC,Imperial Securities Company Pvt. Ltd.,KALASH STOCK MARKET PVT. LTD.,70,290.0,20300.0,2025-09-25 11:46:17.545818
2025-09-25,31809,2025092504001391,AHPC,Cristal Kanchanjanga Securites Pvt. Ltd.,KALASH STOCK MARKET PVT. LTD.,100,290.0,29000.0,2025-09-25 11:46:17.545878
2025-09-25,31808,2025092504001392,AHPC,Online Securities Pvt. Ltd.,KALASH STOCK MARKET PVT. LTD.,25,290.0,7250.0,2025-09-25 11:46:17.545960
2025-09-25,31807,2025092504001393,AHPC,Trisul Securities & Invt. Ltd.,KALASH STOCK MARKET PVT. LTD.,100,290.0,29000.0,2025-09-25 11:46:17.546026
2025-09-25,31184,2025092504001544,AHPC,Cristal Kanchanjanga Securites Pvt. Ltd.,KALASH STOCK MARKET PVT. LTD.,100,289.5,28950.0,2025-09-25 11:51:30.591775
2025-09-25,31183,2025092504001545,AHPC,Shree Krishna Securities Ltd.,KALASH STOCK MARKET PVT. LTD.,567,289.4,164089.8,2025-09-25 11:51:30.592086
2025-09-25,31076,2025092504001561,AHPC,Premier Securities Company Ltd.,Hatemalo Financial Services Private Limited,100,290.0,29000.0,2025-09-25 11:52:21.960645
2025-09-25,31007,2025092504001573,AHPC,Sharepro Securities Private Limited,Premier Securities Company Ltd.,20,290.0,5800.0,2025-09-25 11:52:58.154551
2025-09-25,30918,2025092504001581,AHPC,Sani Securities Company Ltd.,Nepal Investment And Securities Trading Private Limited,179,290.1,51927.9,2025-09-25 11:53:52.941252
2025-09-25,30875,2025092504001589,AHPC,K.B.L. Securities Limited ,Dipshikha Dhitopatra Karobar Co. Pvt Ltd.,100,291.9,29190.0,2025-09-25 11:54:24.570881
2025-09-25,30839,2025092504001595,AHPC,Naasa Securities Co. Ltd.,K.B.L. Securities Limited ,10,292.0,2920.0,2025-09-25 11:54:38.865325
2025-09-25,30769,2025092504001606,AHPC,Sharepro Securities Private Limited,Sajilo Broker Limited,80,290.0,23200.0,2025-09-25 11:55:16.727239
2025-09-25,30692,2025092504001616,AHPC,Sharepro Securities Private Limited,Deevyaa Securities & Stock House Pvt. Ltd,417,290.0,120930.0,2025-09-25 11:55:51.236212
2025-09-25,30691,2025092504001617,AHPC,Linch Stock Market Ltd.,Deevyaa Securities & Stock House Pvt. Ltd,620,290.0,179800.0,2025-09-25 11:55:51.236406
2025-09-25,30678,2025092504001619,AHPC,Sani Securities Company Ltd.,Deevyaa Securities & Stock House Pvt. Ltd,700,290.0,203000.0,2025-09-25 11:56:01.430105
2025-09-25,30652,2025092504001623,AHPC,Naasa Securities Co. Ltd.,Deevyaa Securities & Stock House Pvt. Ltd,10,290.0,2900.0,2025-09-25 11:56:21.442780
2025-09-25,30514,2025092504001635,AHPC,Siprabi Securities Pvt. Ltd.,Deevyaa Securities & Stock House Pvt. Ltd,5000,290.0,1450000.0,2025-09-25 11:57:51.251290
2025-09-25,30454,2025092504001646,AHPC,Sani Securities Company Ltd.,Deevyaa Securities & Stock House Pvt. Ltd,143,290.0,41470.0,2025-09-25 11:58:33.322445
2025-09-25,30448,2025092504001649,AHPC,Naasa Securities Co. Ltd.,Capital Max Securities Ltd,10,291.9,2919.0,2025-09-25 11:58:38.358426
2025-09-25,29722,2025092504001830,AHPC,Siprabi Securities Pvt. Ltd.,Investment Management Nepal Pvt. Ltd.,11,290.0,3190.0,2025-09-25 12:05:52.719243
2025-09-25,29478,2025092504001922,AHPC,Naasa Securities Co. Ltd.,Dynamic Money Managers Securities Pvt. Ltd.,10,291.9,2919.0,2025-09-25 12:07:55.751545
2025-09-25,28657,2025092504002179,AHPC,Agrawal Securities (PVT) Ltd.,Imperial Securities Company Pvt. Ltd.,1000,291.8,291800.0,2025-09-25 12:14:04.675791
2025-09-25,28656,2025092504002180,AHPC,Agrawal Securities (PVT) Ltd.,Dynamic Money Managers Securities Pvt. Ltd.,490,291.9,143031.0,2025-09-25 12:14:04.676137
2025-09-25,28655,2025092504002181,AHPC,Agrawal Securities (PVT) Ltd.,Ashutosh Brokerage & Securities (PVT) Ltd.,10,291.9,2919.0,2025-09-25 12:14:04.676378
2025-09-25,28516,2025092504002231,AHPC,Dynamic Money Managers Securities Pvt. Ltd.,Ashutosh Brokerage & Securities (PVT) Ltd.,10,291.9,2919.0,2025-09-25 12:15:13.424893
2025-09-25,28228,2025092504002339,AHPC,Naasa Securities Co. Ltd.,Opal Securities Investment (PVT) Ltd.,10,291.0,2910.0,2025-09-25 12:17:08.017466
2025-09-25,27842,2025092504002421,AHPC,Kumari Securities Private Limited,Ashutosh Brokerage & Securities (PVT) Ltd.,490,291.9,143031.0,2025-09-25 12:18:36.822807
2025-09-25,27827,2025092504002423,AHPC,Deevyaa Securities & Stock House Pvt. Ltd,Midas Stock Broking Company Private Limited,200,291.0,58200.0,2025-09-25 12:18:42.907250
2025-09-25,27679,2025092504002457,AHPC,Midas Stock Broking Company Private Limited,Naasa Securities Co. Ltd.,24,291.1,6986.4,2025-09-25 12:19:45.566491
2025-09-25,27676,2025092504002459,AHPC,Premier Securities Company Ltd.,Ashutosh Brokerage & Securities (PVT) Ltd.,100,291.9,29190.0,2025-09-25 12:19:47.992138
2025-09-25,27405,2025092504002528,AHPC,Sweta Securities Private Limited,Investment Management Nepal Pvt. Ltd.,200,291.8,58360.0,2025-09-25 12:21:40.119473
2025-09-25,27284,2025092504002551,AHPC,Sani Securities Company Ltd.,Investment Management Nepal Pvt. Ltd.,300,291.8,87540.0,2025-09-25 12:22:28.026255
2025-09-25,27052,2025092504002606,AHPC,Sani Securities Company Ltd.,Naasa Securities Co. Ltd.,10,291.8,2918.0,2025-09-25 12:24:04.129002
2025-09-25,26823,2025092504002659,AHPC,Naasa Securities Co. Ltd.,Ashutosh Brokerage & Securities (PVT) Ltd.,30,291.9,8757.0,2025-09-25 12:25:56.115498
2025-09-25,26221,2025092504002806,AHPC,Market Securities & Exchange (PVT) Ltd.,Ashutosh Brokerage & Securities (PVT) Ltd.,100,291.9,29190.0,2025-09-25 12:30:51.630086
2025-09-25,26176,2025092504002819,AHPC,South Asian Bulls Pvt. Ltd.,Ashutosh Brokerage & Securities (PVT) Ltd.,260,291.9,75894.0,2025-09-25 12:31:15.763703
2025-09-25,26175,2025092504002820,AHPC,South Asian Bulls Pvt. Ltd.,Garima Securities Limited,200,291.9,58380.0,2025-09-25 12:31:15.763920
2025-09-25,26092,2025092504002842,AHPC,Citizens Share Broker Limited,N.M.B. SECURITIES LIMITED,97,292.0,28324.0,2025-09-25 12:31:51.893278
2025-09-25,26091,2025092504002843,AHPC,Citizens Share Broker Limited,N.M.B. SECURITIES LIMITED,903,292.0,263676.0,2025-09-25 12:31:51.893668
2025-09-25,25698,2025092504002910,AHPC,Online Securities Pvt. Ltd.,Hatemalo Financial Services Private Limited,4,290.0,1160.0,2025-09-25 12:34:27.933913
2025-09-25,25601,2025092504002936,AHPC,Deevyaa Securities & Stock House Pvt. Ltd,N.M.B. SECURITIES LIMITED,30,292.0,8760.0,2025-09-25 12:35:16.542805
2025-09-25,25048,2025092504003083,AHPC,South Asian Bulls Pvt. Ltd.,Sundhara Securities Limited,40,291.9,11676.0,2025-09-25 12:38:34.439773
2025-09-25,25047,2025092504003084,AHPC,Oxford Securities Pvt. Ltd.,Sundhara Securities Limited,500,291.5,145750.0,2025-09-25 12:38:34.440042
2025-09-25,25046,2025092504003085,AHPC,Dakshinkali Investment & Securities Pvt. Ltd.,Sundhara Securities Limited,50,291.5,14575.0,2025-09-25 12:38:34.440131
2025-09-25,25045,2025092504003086,AHPC,Sani Securities Company Ltd.,Sundhara Securities Limited,30,291.5,8745.0,2025-09-25 12:38:34.440210
2025-09-25,25044,2025092504003087,AHPC,Midas Stock Broking Company Private Limited,Sundhara Securities Limited,100,291.3,29130.0,2025-09-25 12:38:34.440355
2025-09-25,25043,2025092504003088,AHPC,Midas Stock Broking Company Private Limited,Sundhara Securities Limited,76,291.1,22123.6,2025-09-25 12:38:34.440436
2025-09-25,25042,2025092504003089,AHPC,Imperial Securities Company Pvt. Ltd.,Sundhara Securities Limited,100,291.1,29110.0,2025-09-25 12:38:34.440514
2025-09-25,25041,2025092504003090,AHPC,Nepal Stock House (PVT) Ltd.,Sundhara Securities Limited,38,291.1,11061.8,2025-09-25 12:38:34.440599
2025-09-25,25040,2025092504003091,AHPC,Shree Krishna Securities Ltd.,Sundhara Securities Limited,656,291.0,190896.0,2025-09-25 12:38:34.440671
2025-09-25,24967,2025092504003117,AHPC,Agrawal Securities (PVT) Ltd.,N.M.B. SECURITIES LIMITED,20,292.0,5840.0,2025-09-25 12:38:54.491744
2025-09-25,24950,2025092504003118,AHPC,Siprabi Securities Pvt. Ltd.,N.M.B. SECURITIES LIMITED,147,292.0,42924.0,2025-09-25 12:38:55.598563
2025-09-25,24949,2025092504003119,AHPC,Siprabi Securities Pvt. Ltd.,Naasa Securities Co. Ltd.,43,292.0,12556.0,2025-09-25 12:38:55.598815
2025-09-25,24830,2025092504003141,AHPC,Kumari Securities Private Limited,Naasa Securities Co. Ltd.,105,292.0,30660.0,2025-09-25 12:39:48.059494
2025-09-25,24703,2025092504003175,AHPC,Shree Krishna Securities Ltd.,Naasa Securities Co. Ltd.,52,292.0,15184.0,2025-09-25 12:40:26.784011
2025-09-25,24702,2025092504003176,AHPC,Shree Krishna Securities Ltd.,Midas Stock Broking Company Private Limited,50,292.0,14600.0,2025-09-25 12:40:26.784229
2025-09-25,24701,2025092504003177,AHPC,Shree Krishna Securities Ltd.,Asian Securities Private Ltd.,1000,292.0,292000.0,2025-09-25 12:40:26.784307
2025-09-25,24131,2025092504003323,AHPC,Sani Securities Company Ltd.,K.B.L. Securities Limited ,878,292.1,256463.8,2025-09-25 12:44:00.481700
2025-09-25,24130,2025092504003324,AHPC,Shree Krishna Securities Ltd.,K.B.L. Securities Limited ,1122,292.0,327624.0,2025-09-25 12:44:00.482069
2025-09-25,24099,2025092504003334,AHPC,ABC Securities Private Limited,Creative Securities Pvt Ltd,10,292.5,2925.0,2025-09-25 12:44:19.795967
2025-09-25,24066,2025092504003354,AHPC,Shree Krishna Securities Ltd.,Asian Securities Private Ltd.,1550,292.0,452600.0,2025-09-25 12:44:34.172393
2025-09-25,23155,2025092504003669,AHPC,Shree Krishna Securities Ltd.,K.B.L. Securities Limited ,2000,292.0,584000.0,2025-09-25 12:49:59.273465
2025-09-25,23154,2025092504003670,AHPC,Shree Krishna Securities Ltd.,Asian Securities Private Ltd.,1000,292.0,292000.0,2025-09-25 12:49:59.273869
2025-09-25,22751,2025092504003785,AHPC,pahiinvestment,Linch Stock Market Ltd.,30,291.3,8739.0,2025-09-25 12:52:09.756552
2025-09-25,22750,2025092504003786,AHPC,Sani Securities Company Ltd.,Linch Stock Market Ltd.,500,291.2,145600.0,2025-09-25 12:52:09.756756
2025-09-25,22749,2025092504003787,AHPC,K.B.L. Securities Limited ,Linch Stock Market Ltd.,344,291.0,100104.0,2025-09-25 12:52:09.756840
2025-09-25,22748,2025092504003788,AHPC,Linch Stock Market Ltd.,Linch Stock Market Ltd.,33,291.0,9603.0,2025-09-25 12:52:09.756921
2025-09-25,22659,2025092504003816,AHPC,Linch Stock Market Ltd.,Neev Securities Pvt. Ltd.,242,291.0,70422.0,2025-09-25 12:52:35.050213
2025-09-25,22302,2025092504003919,AHPC,Linch Stock Market Ltd.,Himalayan Brokerage Company Limited,225,291.0,65475.0,2025-09-25 12:54:34.114079
2025-09-25,22301,2025092504003920,AHPC,SUN SECURITIES PVT LTD,Himalayan Brokerage Company Limited,20,291.0,5820.0,2025-09-25 12:54:34.114478
2025-09-25,22276,2025092504003929,AHPC,J.F. Securites (PVT) Ltd.,Himalayan Brokerage Company Limited,50,290.7,14535.0,2025-09-25 12:54:52.285059
2025-09-25,22275,2025092504003930,AHPC,Oxford Securities Pvt. Ltd.,Himalayan Brokerage Company Limited,300,290.5,87150.0,2025-09-25 12:54:52.285466
2025-09-25,22274,2025092504003931,AHPC,Sweta Securities Private Limited,Himalayan Brokerage Company Limited,480,290.3,139344.0,2025-09-25 12:54:52.285713
2025-09-25,22273,2025092504003932,AHPC,Vision Securities Pvt. Ltd,Himalayan Brokerage Company Limited,25,290.1,7252.5,2025-09-25 12:54:52.285943
2025-09-25,21829,2025092504004060,AHPC,Vision Securities Pvt. Ltd,Siprabi Securities Pvt. Ltd.,43,290.1,12474.3,2025-09-25 12:58:02.052381
2025-09-25,21277,2025092504004216,AHPC,Ashutosh Brokerage & Securities (PVT) Ltd.,Dynamic Money Managers Securities Pvt. Ltd.,791,292.0,230972.0,2025-09-25 13:02:48.426367
2025-09-25,20490,2025092504004426,AHPC,Imperial Securities Company Pvt. Ltd.,Midas Stock Broking Company Private Limited,110,291.9,32109.0,2025-09-25 13:09:04.099697
2025-09-25,20215,2025092504004485,AHPC,K.B.L. Securities Limited ,Sundhara Securities Limited,50,290.5,14525.0,2025-09-25 13:11:23.122987
2025-09-25,20214,2025092504004486,AHPC,Sani Securities Company Ltd.,Sundhara Securities Limited,105,290.4,30492.0,2025-09-25 13:11:23.123226
2025-09-25,20213,2025092504004487,AHPC,Ashutosh Brokerage & Securities (PVT) Ltd.,Sundhara Securities Limited,145,290.3,42093.5,2025-09-25 13:11:23.123322
2025-09-25,20164,2025092504004499,AHPC,Agrawal Securities (PVT) Ltd.,Imperial Securities Company Pvt. Ltd.,50,291.5,14575.0,2025-09-25 13:11:44.968818
2025-09-25,20163,2025092504004500,AHPC,Agrawal Securities (PVT) Ltd.,Midas Stock Broking Company Private Limited,390,291.9,113841.0,2025-09-25 13:11:44.969092
2025-09-25,20117,2025092504004510,AHPC,Agrawal Securities (PVT) Ltd.,Dynamic Money Managers Securities Pvt. Ltd.,209,292.0,61028.0,2025-09-25 13:12:02.272531
2025-09-25,20116,2025092504004511,AHPC,Agrawal Securities (PVT) Ltd.,Vision Securities Pvt. Ltd,20,292.0,5840.0,2025-09-25 13:12:02.272944
2025-09-25,20115,2025092504004512,AHPC,Agrawal Securities (PVT) Ltd.,Trishakti Securities Public Limited,150,292.0,43800.0,2025-09-25 13:12:02.273198
2025-09-25,20114,2025092504004513,AHPC,Agrawal Securities (PVT) Ltd.,Online Securities Pvt. Ltd.,181,292.0,52852.0,2025-09-25 13:12:02.273496
2025-09-25,19819,2025092504004631,AHPC,Aryatara Investment & Securities,SUN SECURITIES PVT LTD,94,290.5,27307.0,2025-09-25 13:14:07.612733
2025-09-25,19038,2025092504004827,AHPC,Sundhara Securities Limited,Capital Max Securities Ltd,250,290.6,72650.0,2025-09-25 13:21:44.709846
2025-09-25,19037,2025092504004828,AHPC,Aryatara Investment & Securities,Capital Max Securities Ltd,250,290.5,72625.0,2025-09-25 13:21:44.709928
2025-09-25,18880,2025092504004870,AHPC,Shree Krishna Securities Ltd.,Imperial Securities Company Pvt. Ltd.,1000,291.9,291900.0,2025-09-25 13:23:43.627144
2025-09-25,18879,2025092504004871,AHPC,Shree Krishna Securities Ltd.,Online Securities Pvt. Ltd.,319,292.0,93148.0,2025-09-25 13:23:43.627625
2025-09-25,18878,2025092504004872,AHPC,Shree Krishna Securities Ltd.,Deevyaa Securities & Stock House Pvt. Ltd,2000,292.0,584000.0,2025-09-25 13:23:43.627891
2025-09-25,18877,2025092504004873,AHPC,Shree Krishna Securities Ltd.,Asian Securities Private Ltd.,2000,292.0,584000.0,2025-09-25 13:23:43.628146
2025-09-25,18876,2025092504004874,AHPC,Shree Krishna Securities Ltd.,Aryatara Investment & Securities,46,292.0,13432.0,2025-09-25 13:23:43.628424
2025-09-25,18875,2025092504004875,AHPC,Shree Krishna Securities Ltd.,Aryatara Investment & Securities,35,292.0,10220.0,2025-09-25 13:23:43.628680
2025-09-25,17268,2025092504005258,AHPC,Online Securities Pvt. Ltd.,Vision Securities Pvt. Ltd,20,291.0,5820.0,2025-09-25 13:38:24.252381
2025-09-25,17105,2025092504005289,AHPC,Online Securities Pvt. Ltd.,Nepal Investment And Securities Trading Private Limited,19,291.0,5529.0,2025-09-25 13:40:28.652898
2025-09-25,16598,2025092504005394,AHPC,Malla & Malla Stock Broking Company Pvt. Limited,Sewa Securities Pvt. Ltd.,22,291.5,6413.0,2025-09-25 13:45:58.176918
2025-09-25,16221,2025092504005485,AHPC,Malla & Malla Stock Broking Company Pvt. Limited,Trishakti Securities Public Limited,33,291.5,9619.5,2025-09-25 13:50:46.476408
2025-09-25,16220,2025092504005486,AHPC,Online Securities Pvt. Ltd.,Trishakti Securities Public Limited,461,291.0,134151.0,2025-09-25 13:50:46.476705
2025-09-25,16219,2025092504005487,AHPC,Capital Max Securities Ltd,Trishakti Securities Public Limited,100,291.0,29100.0,2025-09-25 13:50:46.476801
2025-09-25,15864,2025092504005565,AHPC,Sumeru Securities Pvt. Ltd.,Malla & Malla Stock Broking Company Pvt. Limited,100,291.2,29120.0,2025-09-25 13:54:04.698342
2025-09-25,15863,2025092504005566,AHPC,SUN SECURITIES PVT LTD,Malla & Malla Stock Broking Company Pvt. Limited,30,291.0,8730.0,2025-09-25 13:54:04.698742
2025-09-25,15862,2025092504005567,AHPC,Arun Securities (PVT) Ltd.,Malla & Malla Stock Broking Company Pvt. Limited,500,291.0,145500.0,2025-09-25 13:54:04.698860
2025-09-25,15741,2025092504005621,AHPC,Sani Securities Company Ltd.,Malla & Malla Stock Broking Company Pvt. Limited,300,290.8,87240.0,2025-09-25 13:55:03.858128
2025-09-25,15740,2025092504005622,AHPC,Secured Securities Ltd.,Malla & Malla Stock Broking Company Pvt. Limited,330,290.7,95931.0,2025-09-25 13:55:03.858402
2025-09-25,15419,2025092504005722,AHPC,Sani Securities Company Ltd.,Aryatara Investment & Securities,100,291.0,29100.0,2025-09-25 13:57:27.500349
2025-09-25,15081,2025092504005828,AHPC,Sweta Securities Private Limited,Asian Securities Private Ltd.,75,291.5,21862.5,2025-09-25 14:01:02.270717
2025-09-25,14617,2025092504005928,AHPC,Nepal Investment And Securities Trading Private Limited,Asian Securities Private Ltd.,1500,291.0,436500.0,2025-09-25 14:05:59.022075
2025-09-25,14373,2025092504005992,AHPC,Aryatara Investment & Securities,Asian Securities Private Ltd.,156,291.5,45474.0,2025-09-25 14:07:57.456144
2025-09-25,12909,2025092504006338,AHPC,Agrawal Securities (PVT) Ltd.,Asian Securities Private Ltd.,1100,291.5,320650.0,2025-09-25 14:20:01.919784
2025-09-25,12908,2025092504006339,AHPC,Agrawal Securities (PVT) Ltd.,Agrawal Securities (PVT) Ltd.,84,291.8,24511.2,2025-09-25 14:20:01.920108
2025-09-25,12907,2025092504006340,AHPC,Agrawal Securities (PVT) Ltd.,Trishakti Securities Public Limited,500,291.8,145900.0,2025-09-25 14:20:01.920212
2025-09-25,12906,2025092504006341,AHPC,Agrawal Securities (PVT) Ltd.,Imperial Securities Company Pvt. Ltd.,1000,291.9,291900.0,2025-09-25 14:20:01.920318
2025-09-25,12905,2025092504006342,AHPC,Agrawal Securities (PVT) Ltd.,Agrawal Securities (PVT) Ltd.,600,291.9,175140.0,2025-09-25 14:20:01.920414
2025-09-25,12904,2025092504006343,AHPC,Agrawal Securities (PVT) Ltd.,Aryatara Investment & Securities,65,292.0,18980.0,2025-09-25 14:20:01.920533
2025-09-25,12903,2025092504006344,AHPC,Agrawal Securities (PVT) Ltd.,Linch Stock Market Ltd.,10,292.0,2920.0,2025-09-25 14:20:01.920694
2025-09-25,12902,2025092504006345,AHPC,Agrawal Securities (PVT) Ltd.,Asian Securities Private Ltd.,1641,292.0,479172.0,2025-09-25 14:20:01.920804
2025-09-25,12493,2025092504006445,AHPC,Aryatara Investment & Securities,Asian Securities Private Ltd.,29,291.1,8441.9,2025-09-25 14:22:46.033243
2025-09-25,12296,2025092504006488,AHPC,Aryatara Investment & Securities,K.B.L. Securities Limited ,321,291.1,93443.1,2025-09-25 14:23:57.942484
2025-09-25,12295,2025092504006489,AHPC,Nepal Stock House (PVT) Ltd.,K.B.L. Securities Limited ,20,291.0,5820.0,2025-09-25 14:23:57.942942
2025-09-25,12294,2025092504006490,AHPC,Secured Securities Ltd.,K.B.L. Securities Limited ,380,291.0,110580.0,2025-09-25 14:23:57.943224
2025-09-25,12293,2025092504006491,AHPC,Arun Securities (PVT) Ltd.,K.B.L. Securities Limited ,500,291.0,145500.0,2025-09-25 14:23:57.943518
2025-09-25,12292,2025092504006492,AHPC,Sundhara Securities Limited,K.B.L. Securities Limited ,200,290.8,58160.0,2025-09-25 14:23:57.943798
2025-09-25,12291,2025092504006493,AHPC,Secured Securities Ltd.,K.B.L. Securities Limited ,479,290.8,139293.2,2025-09-25 14:23:57.944067
2025-09-25,12154,2025092504006516,AHPC,Miyo Securities Pvt Ltd,Deevyaa Securities & Stock House Pvt. Ltd,10,291.9,2919.0,2025-09-25 14:24:40.875969
2025-09-25,11486,2025092504006728,AHPC,Naasa Securities Co. Ltd.,Online Securities Pvt. Ltd.,100,291.8,29180.0,2025-09-25 14:28:40.809995
2025-09-25,11304,2025092504006783,AHPC,Naasa Securities Co. Ltd.,Online Securities Pvt. Ltd.,80,291.9,23352.0,2025-09-25 14:29:54.693391
2025-09-25,11214,2025092504006825,AHPC,Imperial Securities Company Pvt. Ltd.,Online Securities Pvt. Ltd.,400,291.9,116760.0,2025-09-25 14:30:26.237400
2025-09-25,11099,2025092504006868,AHPC,Imperial Securities Company Pvt. Ltd.,Online Securities Pvt. Ltd.,164,291.9,47871.6,2025-09-25 14:31:02.496813
2025-09-25,11015,2025092504006890,AHPC,Imperial Securities Company Pvt. Ltd.,Market Securities & Exchange (PVT) Ltd.,136,291.9,39698.4,2025-09-25 14:31:39.060743
2025-09-25,10850,2025092504006929,AHPC,Cristal Kanchanjanga Securites Pvt. Ltd.,Market Securities & Exchange (PVT) Ltd.,300,291.9,87570.0,2025-09-25 14:32:35.449346
2025-09-25,10650,2025092504006977,AHPC,Premier Securities Company Ltd.,Market Securities & Exchange (PVT) Ltd.,500,291.9,145950.0,2025-09-25 14:33:50.835567
2025-09-25,10495,2025092504007021,AHPC,Naasa Securities Co. Ltd.,Market Securities & Exchange (PVT) Ltd.,64,291.9,18681.6,2025-09-25 14:34:40.930400
2025-09-25,10494,2025092504007022,AHPC,Naasa Securities Co. Ltd.,Asian Securities Private Ltd.,36,292.0,10512.0,2025-09-25 14:34:40.930859
2025-09-25,10339,2025092504007057,AHPC,Capital Max Securities Ltd,Asian Securities Private Ltd.,250,291.0,72750.0,2025-09-25 14:35:21.446142
2025-09-25,10338,2025092504007058,AHPC,Secured Securities Ltd.,Asian Securities Private Ltd.,73,291.0,21243.0,2025-09-25 14:35:21.446617
2025-09-25,10316,2025092504007063,AHPC,Secured Securities Ltd.,Dipshikha Dhitopatra Karobar Co. Pvt Ltd.,300,291.0,87300.0,2025-09-25 14:35:29.642567
2025-09-25,10173,2025092504007100,AHPC,Secured Securities Ltd.,Vision Securities Pvt. Ltd,37,291.0,10767.0,2025-09-25 14:36:11.095625
2025-09-25,10172,2025092504007101,AHPC,Deevyaa Securities & Stock House Pvt. Ltd,Vision Securities Pvt. Ltd,40,291.0,11640.0,2025-09-25 14:36:11.096068
2025-09-25,10149,2025092504007109,AHPC,Shree Krishna Securities Ltd.,Vision Securities Pvt. Ltd,423,291.0,123093.0,2025-09-25 14:36:17.062209
2025-09-25,9372,2025092504007266,AHPC,Naasa Securities Co. Ltd.,Siprabi Securities Pvt. Ltd.,10,291.8,2918.0,2025-09-25 14:39:45.400717
2025-09-25,9333,2025092504007276,AHPC,Sweta Securities Private Limited,Siprabi Securities Pvt. Ltd.,50,291.8,14590.0,2025-09-25 14:39:52.033652
2025-09-25,8626,2025092504007461,AHPC,Sajilo Broker Limited,Siprabi Securities Pvt. Ltd.,400,291.8,116720.0,2025-09-25 14:42:58.048039
2025-09-25,8506,2025092504007494,AHPC,Dakshinkali Investment & Securities Pvt. Ltd.,Agrawal Securities (PVT) Ltd.,250,291.4,72850.0,2025-09-25 14:43:24.517546
2025-09-25,8505,2025092504007495,AHPC,Sumeru Securities Pvt. Ltd.,Agrawal Securities (PVT) Ltd.,200,291.3,58260.0,2025-09-25 14:43:24.518005
2025-09-25,8504,2025092504007496,AHPC,Neev Securities Pvt. Ltd.,Agrawal Securities (PVT) Ltd.,20,291.3,5826.0,2025-09-25 14:43:24.518304
2025-09-25,8503,2025092504007497,AHPC,Kalika Securities Pvt. Ltd.,Agrawal Securities (PVT) Ltd.,100,291.2,29120.0,2025-09-25 14:43:24.518624
2025-09-25,8502,2025092504007498,AHPC,Secured Securities Ltd.,Agrawal Securities (PVT) Ltd.,191,291.1,55600.1,2025-09-25 14:43:24.518907
2025-09-25,8501,2025092504007499,AHPC,Shree Krishna Securities Ltd.,Agrawal Securities (PVT) Ltd.,339,291.0,98649.0,2025-09-25 14:43:24.519219
2025-09-25,8371,2025092504007536,AHPC,Shree Krishna Securities Ltd.,Asian Securities Private Ltd.,4238,291.0,1233258.0,2025-09-25 14:43:50.503063
2025-09-25,8370,2025092504007537,AHPC,Sumeru Securities Pvt. Ltd.,Asian Securities Private Ltd.,231,291.0,67221.0,2025-09-25 14:43:50.503306
2025-09-25,8369,2025092504007538,AHPC,Sri Hari Securities Pvt. Ltd.,Asian Securities Private Ltd.,30,291.0,8730.0,2025-09-25 14:43:50.503413
2025-09-25,8232,2025092504007572,AHPC,Sri Hari Securities Pvt. Ltd.,Asian Securities Private Ltd.,101,291.0,29391.0,2025-09-25 14:44:17.947429
2025-09-25,8150,2025092504007584,AHPC,Sri Hari Securities Pvt. Ltd.,Thrive Brokerage House Pvt. Ltd,15,291.0,4365.0,2025-09-25 14:44:43.210818
2025-09-25,8149,2025092504007585,AHPC,Sani Securities Company Ltd.,Thrive Brokerage House Pvt. Ltd,100,291.0,29100.0,2025-09-25 14:44:43.211060
2025-09-25,8148,2025092504007586,AHPC,Sumeru Securities Pvt. Ltd.,Thrive Brokerage House Pvt. Ltd,1000,290.8,290800.0,2025-09-25 14:44:43.211158
2025-09-25,8147,2025092504007587,AHPC,Neev Securities Pvt. Ltd.,Thrive Brokerage House Pvt. Ltd,385,290.8,111958.0,2025-09-25 14:44:43.211250
2025-09-25,7806,2025092504007665,AHPC,Miyo Securities Pvt Ltd,Prabhu Stock Market Limited,10,291.7,2917.0,2025-09-25 14:45:58.861887
2025-09-25,7695,2025092504007691,AHPC,Kohinoor Investment & Securities Pvt. Ltd.,Deevyaa Securities & Stock House Pvt. Ltd,126,291.0,36666.0,2025-09-25 14:46:23.361966
2025-09-25,7681,2025092504007692,AHPC,J.F. Securites (PVT) Ltd.,Prabhu Stock Market Limited,10,291.7,2917.0,2025-09-25 14:46:24.633420
2025-09-25,7502,2025092504007736,AHPC,Kohinoor Investment & Securities Pvt. Ltd.,Dipshikha Dhitopatra Karobar Co. Pvt Ltd.,51,291.0,14841.0,2025-09-25 14:47:07.082080
2025-09-25,7371,2025092504007773,AHPC,Ashutosh Brokerage & Securities (PVT) Ltd.,Prabhu Stock Market Limited,855,291.7,249403.5,2025-09-25 14:47:30.218344
2025-09-25,7349,2025092504007774,AHPC,Kohinoor Investment & Securities Pvt. Ltd.,Siprabi Securities Pvt. Ltd.,40,291.0,11640.0,2025-09-25 14:47:34.968824
2025-09-25,6781,2025092504007892,AHPC,Kohinoor Investment & Securities Pvt. Ltd.,Kohinoor Investment & Securities Pvt. Ltd.,783,291.0,227853.0,2025-09-25 14:49:12.892621
2025-09-25,6780,2025092504007893,AHPC,Opal Securities Investment (PVT) Ltd.,Kohinoor Investment & Securities Pvt. Ltd.,217,291.0,63147.0,2025-09-25 14:49:12.892873
2025-09-25,6723,2025092504007906,AHPC,Shree Krishna Securities Ltd.,Prabhu Stock Market Limited,125,291.7,36462.5,2025-09-25 14:49:22.640634
2025-09-25,6722,2025092504007907,AHPC,Shree Krishna Securities Ltd.,Trisul Securities & Invt. Ltd.,500,291.8,145900.0,2025-09-25 14:49:22.640867
2025-09-25,6721,2025092504007908,AHPC,Shree Krishna Securities Ltd.,Imperial Securities Company Pvt. Ltd.,1000,291.9,291900.0,2025-09-25 14:49:22.640956
2025-09-25,6720,2025092504007909,AHPC,Shree Krishna Securities Ltd.,Thrive Brokerage House Pvt. Ltd,100,292.0,29200.0,2025-09-25 14:49:22.641047
2025-09-25,6719,2025092504007910,AHPC,Shree Krishna Securities Ltd.,Thrive Brokerage House Pvt. Ltd,109,292.0,31828.0,2025-09-25 14:49:22.641142
2025-09-25,6718,2025092504007911,AHPC,Shree Krishna Securities Ltd.,Siprabi Securities Pvt. Ltd.,348,292.0,101616.0,2025-09-25 14:49:22.641231
2025-09-25,6717,2025092504007912,AHPC,Shree Krishna Securities Ltd.,Aryatara Investment & Securities,200,292.0,58400.0,2025-09-25 14:49:22.641343
2025-09-25,6716,2025092504007913,AHPC,Shree Krishna Securities Ltd.,N.I.M.B. Stock Markets Limited,62,292.0,18104.0,2025-09-25 14:49:22.641432
2025-09-25,6541,2025092504007971,AHPC,Shree Krishna Securities Ltd.,Asian Securities Private Ltd.,1400,292.4,409360.0,2025-09-25 14:49:51.406145
2025-09-25,6540,2025092504007972,AHPC,Shree Krishna Securities Ltd.,Creative Securities Pvt Ltd,250,292.5,73125.0,2025-09-25 14:49:51.406398
2025-09-25,6539,2025092504007973,AHPC,Shree Krishna Securities Ltd.,INDEX SECURITIES LIMITED,1000,292.9,292900.0,2025-09-25 14:49:51.406513
2025-09-25,6538,2025092504007974,AHPC,Shree Krishna Securities Ltd.,Dipshikha Dhitopatra Karobar Co. Pvt Ltd.,100,292.9,29290.0,2025-09-25 14:49:51.406607
2025-09-25,6537,2025092504007975,AHPC,Shree Krishna Securities Ltd.,Property Wiard Limited,100,293.0,29300.0,2025-09-25 14:49:51.406709
2025-09-25,6536,2025092504007976,AHPC,Shree Krishna Securities Ltd.,K.B.L. Securities Limited ,2000,293.0,586000.0,2025-09-25 14:49:51.406805
2025-09-25,6535,2025092504007977,AHPC,Shree Krishna Securities Ltd.,Imperial Securities Company Pvt. Ltd.,150,293.0,43950.0,2025-09-25 14:49:51.406893
2025-09-25,6491,2025092504007990,AHPC,Shree Krishna Securities Ltd.,Asian Securities Private Ltd.,2500,292.0,730000.0,2025-09-25 14:49:58.521106
2025-09-25,6329,2025092504008048,AHPC,Shree Krishna Securities Ltd.,Online Securities Pvt. Ltd.,56,292.0,16352.0,2025-09-25 14:50:20.658921
2025-09-25,6109,2025092504008116,AHPC,South Asian Bulls Pvt. Ltd.,Deevyaa Securities & Stock House Pvt. Ltd,1000,291.1,291100.0,2025-09-25 14:50:56.348667
2025-09-25,5648,2025092504008237,AHPC,South Asian Bulls Pvt. Ltd.,Kohinoor Investment & Securities Pvt. Ltd.,500,291.1,145550.0,2025-09-25 14:52:05.506787
2025-09-25,5416,2025092504008321,AHPC,Miyo Securities Pvt Ltd,Online Securities Pvt. Ltd.,10,292.0,2920.0,2025-09-25 14:52:42.226281
2025-09-25,5243,2025092504008383,AHPC,Sweta Securities Private Limited,Online Securities Pvt. Ltd.,95,292.0,27740.0,2025-09-25 14:53:04.421718
2025-09-25,5182,2025092504008398,AHPC,Shree Krishna Securities Ltd.,Online Securities Pvt. Ltd.,39,292.0,11388.0,2025-09-25 14:53:12.316576
2025-09-25,5181,2025092504008399,AHPC,Shree Krishna Securities Ltd.,Asian Securities Private Ltd.,3961,292.0,1156612.0,2025-09-25 14:53:12.316896
2025-09-25,4278,2025092504008657,AHPC,Shree Krishna Securities Ltd.,Asian Securities Private Ltd.,39,291.5,11368.5,2025-09-25 14:55:15.769871
2025-09-25,4157,2025092504008681,AHPC,Naasa Securities Co. Ltd.,Trademow Securities Private Limited,10,292.0,2920.0,2025-09-25 14:55:25.308860
2025-09-25,4153,2025092504008682,AHPC,South Asian Bulls Pvt. Ltd.,Trademow Securities Private Limited,60,292.0,17520.0,2025-09-25 14:55:26.238626
2025-09-25,3583,2025092504008910,AHPC,South Asian Bulls Pvt. Ltd.,Trademow Securities Private Limited,30,292.0,8760.0,2025-09-25 14:56:25.254256
2025-09-25,3582,2025092504008911,AHPC,South Asian Bulls Pvt. Ltd.,Sagarmatha Securities Private Limited,76,292.0,22192.0,2025-09-25 14:56:25.254495
2025-09-25,3581,2025092504008912,AHPC,South Asian Bulls Pvt. Ltd.,Asian Securities Private Ltd.,100,292.0,29200.0,2025-09-25 14:56:25.254594
2025-09-25,3580,2025092504008913,AHPC,South Asian Bulls Pvt. Ltd.,Agrawal Securities (PVT) Ltd.,295,292.0,86140.0,2025-09-25 14:56:25.254686
2025-09-25,3579,2025092504008914,AHPC,South Asian Bulls Pvt. Ltd.,Asian Securities Private Ltd.,250,292.8,73200.0,2025-09-25 14:56:25.254787
2025-09-25,3578,2025092504008915,AHPC,South Asian Bulls Pvt. Ltd.,Trisul Securities & Invt. Ltd.,500,292.9,146450.0,2025-09-25 14:56:25.254890
2025-09-25,3577,2025092504008916,AHPC,South Asian Bulls Pvt. Ltd.,INDEX SECURITIES LIMITED,229,292.9,67074.1,2025-09-25 14:56:25.254996
2025-09-25,3450,2025092504008931,AHPC,South Asian Bulls Pvt. Ltd.,INDEX SECURITIES LIMITED,521,292.9,152600.9,2025-09-25 14:56:37.208204
2025-09-25,3449,2025092504008932,AHPC,South Asian Bulls Pvt. Ltd.,Imperial Securities Company Pvt. Ltd.,279,293.0,81747.0,2025-09-25 14:56:37.208693
2025-09-25,3249,2025092504009006,AHPC,Oxford Securities Pvt. Ltd.,Imperial Securities Company Pvt. Ltd.,100,292.0,29200.0,2025-09-25 14:56:52.528581
2025-09-25,2681,2025092504009185,AHPC,Sundhara Securities Limited,Imperial Securities Company Pvt. Ltd.,400,292.0,116800.0,2025-09-25 14:57:34.133162
2025-09-25,2213,2025092504009290,AHPC,Dynamic Money Managers Securities Pvt. Ltd.,Imperial Securities Company Pvt. Ltd.,50,292.0,14600.0,2025-09-25 14:58:16.314845
2025-09-25,2144,2025092504009311,AHPC,Malla & Malla Stock Broking Company Pvt. Limited,Imperial Securities Company Pvt. Ltd.,50,292.0,14600.0,2025-09-25 14:58:23.262784
2025-09-25,2095,2025092504009320,AHPC,Secured Securities Ltd.,Arun Securities (PVT) Ltd.,1000,291.7,291700.0,2025-09-25 14:58:26.373071
2025-09-25,2033,2025092504009336,AHPC,South Asian Bulls Pvt. Ltd.,Arun Securities (PVT) Ltd.,1661,291.7,484513.7,2025-09-25 14:58:31.857518
2025-09-25,2032,2025092504009337,AHPC,South Asian Bulls Pvt. Ltd.,Imperial Securities Company Pvt. Ltd.,400,292.0,116800.0,2025-09-25 14:58:31.857799
2025-09-25,2031,2025092504009338,AHPC,South Asian Bulls Pvt. Ltd.,Dipshikha Dhitopatra Karobar Co. Pvt Ltd.,100,292.0,29200.0,2025-09-25 14:58:31.857900
2025-09-25,2030,2025092504009339,AHPC,South Asian Bulls Pvt. Ltd.,Linch Stock Market Ltd.,20,292.0,5840.0,2025-09-25 14:58:31.857991
2025-09-25,2029,2025092504009340,AHPC,South Asian Bulls Pvt. Ltd.,Aryatara Investment & Securities,200,292.7,58540.0,2025-09-25 14:58:31.858080
2025-09-25,2028,2025092504009341,AHPC,South Asian Bulls Pvt. Ltd.,Aryatara Investment & Securities,1200,292.8,351360.0,2025-09-25 14:58:31.858174
2025-09-25,2027,2025092504009342,AHPC,South Asian Bulls Pvt. Ltd.,Trisul Securities & Invt. Ltd.,500,292.9,146450.0,2025-09-25 14:58:31.858263
2025-09-25,2026,2025092504009343,AHPC,South Asian Bulls Pvt. Ltd.,Imperial Securities Company Pvt. Ltd.,571,293.0,167303.0,2025-09-25 14:58:31.858363
2025-09-25,2025,2025092504009344,AHPC,South Asian Bulls Pvt. Ltd.,Prabhu Stock Market Limited,35,293.0,10255.0,2025-09-25 14:58:31.858458
2025-09-25,2024,2025092504009345,AHPC,South Asian Bulls Pvt. Ltd.,Sweta Securities Private Limited,200,293.0,58600.0,2025-09-25 14:58:31.858575
2025-09-25,2023,2025092504009346,AHPC,South Asian Bulls Pvt. Ltd.,J.F. Securites (PVT) Ltd.,100,293.0,29300.0,2025-09-25 14:58:31.858675
2025-09-25,2022,2025092504009347,AHPC,South Asian Bulls Pvt. Ltd.,Aryatara Investment & Securities,13,293.0,3809.0,2025-09-25 14:58:31.858764
2025-09-25,1316,2025092504009515,AHPC,Vision Securities Pvt. Ltd,Property Wiard Limited,175,293.0,51275.0,2025-09-25 14:59:22.178729
2025-09-25,1315,2025092504009516,AHPC,Siprabi Securities Pvt. Ltd.,Deevyaa Securities & Stock House Pvt. Ltd,165,291.7,48130.5,2025-09-25 14:59:22.384910
2025-09-25,857,2025092504009635,AHPC,Shree Krishna Securities Ltd.,Creative Securities Pvt Ltd,200,291.8,58360.0,2025-09-25 14:59:40.896273
2025-09-25,856,2025092504009636,AHPC,Siprabi Securities Pvt. Ltd.,Creative Securities Pvt Ltd,30,291.7,8751.0,2025-09-25 14:59:40.896526
2025-09-25,854,2025092504009637,AHPC,Siprabi Securities Pvt. Ltd.,Aryatara Investment & Securities,305,291.7,88968.5,2025-09-25 14:59:40.944081
2025-09-25,853,2025092504009638,AHPC,Secured Securities Ltd.,Aryatara Investment & Securities,306,291.7,89260.2,2025-09-25 14:59:40.944301
2025-09-25,558,2025092504009732,AHPC,Sani Securities Company Ltd.,Property Wiard Limited,25,293.0,7325.0,2025-09-25 14:59:52.984081
2025-09-25,557,2025092504009733,AHPC,Sani Securities Company Ltd.,Dipshikha Dhitopatra Karobar Co. Pvt Ltd.,90,293.0,26370.0,2025-09-25 14:59:52.984295
2025-09-25,19,2025092504009990,AHPC,Capital Max Securities Ltd,Dipshikha Dhitopatra Karobar Co. Pvt Ltd.,100,292.0,29200.0,2025-09-25 14:59:59.546532
