Date,S.N.,Contract ID,Symbol,Buyer Broker,Seller Broker,quantity,rate,amount,transaction_time
2025-09-25,37367,2025092504000031,JOSHI,Sani Securities Company Ltd.,Bhrikuti Stock Broking Co. Pvt. Ltd.,20,318.0,6360.0,2025-09-25 11:01:51.105475
2025-09-25,37366,2025092504000032,JOSHI,Kohinoor Investment & Securities Pvt. Ltd.,Bhrikuti Stock Broking Co. Pvt. Ltd.,980,313.0,306740.0,2025-09-25 11:01:51.105551
2025-09-25,37029,2025092504000107,JOSHI,Kohinoor Investment & Securities Pvt. Ltd.,Dynamic Money Managers Securities Pvt. Ltd.,16,319.0,5104.0,2025-09-25 11:04:50.685073
2025-09-25,36669,2025092504000183,JOSHI,Naasa Securities Co. Ltd.,Agrawal Securities (PVT) Ltd.,90,312.8,28152.0,2025-09-25 11:08:25.195008
2025-09-25,36668,2025092504000184,JOSHI,Online Securities Pvt. Ltd.,Agrawal Securities (PVT) Ltd.,10,312.7,3127.0,2025-09-25 11:08:25.195075
2025-09-25,36287,2025092504000285,JOSHI,Dakshinkali Investment & Securities Pvt. Ltd.,Siprabi Securities Pvt. Ltd.,100,313.0,31300.0,2025-09-25 11:12:04.336355
2025-09-25,35772,2025092504000410,JOSHI,Dakshinkali Investment & Securities Pvt. Ltd.,South Asian Bulls Pvt. Ltd.,10,313.0,3130.0,2025-09-25 11:15:37.256698
2025-09-25,35718,2025092504000419,JOSHI,Dakshinkali Investment & Securities Pvt. Ltd.,Investment Management Nepal Pvt. Ltd.,90,313.0,28170.0,2025-09-25 11:15:55.774237
2025-09-25,35610,2025092504000439,JOSHI,Linch Stock Market Ltd.,South Asian Bulls Pvt. Ltd.,10,312.7,3127.0,2025-09-25 11:16:49.807286
2025-09-25,35442,2025092504000484,JOSHI,Linch Stock Market Ltd.,South Asian Bulls Pvt. Ltd.,20,310.0,6200.0,2025-09-25 11:18:18.544362
2025-09-25,35067,2025092504000575,JOSHI,Linch Stock Market Ltd.,Linch Stock Market Ltd.,15,310.0,4650.0,2025-09-25 11:21:26.099210
2025-09-25,34830,2025092504000633,JOSHI,Linch Stock Market Ltd.,Online Securities Pvt. Ltd.,15,310.0,4650.0,2025-09-25 11:22:59.711565
2025-09-25,34829,2025092504000634,JOSHI,Kohinoor Investment & Securities Pvt. Ltd.,Online Securities Pvt. Ltd.,85,310.0,26350.0,2025-09-25 11:22:59.711728
2025-09-25,34791,2025092504000637,JOSHI,Kohinoor Investment & Securities Pvt. Ltd.,Citizens Share Broker Limited,25,310.0,7750.0,2025-09-25 11:23:17.332005
2025-09-25,34786,2025092504000639,JOSHI,Kohinoor Investment & Securities Pvt. Ltd.,Naasa Securities Co. Ltd.,200,310.0,62000.0,2025-09-25 11:23:22.466979
2025-09-25,34487,2025092504000702,JOSHI,Kohinoor Investment & Securities Pvt. Ltd.,Sani Securities Company Ltd.,190,310.0,58900.0,2025-09-25 11:25:41.582950
2025-09-25,34486,2025092504000703,JOSHI,Online Securities Pvt. Ltd.,Sani Securities Company Ltd.,10,310.0,3100.0,2025-09-25 11:25:41.583117
2025-09-25,34485,2025092504000704,JOSHI,Online Securities Pvt. Ltd.,Sani Securities Company Ltd.,10,310.0,3100.0,2025-09-25 11:25:41.583231
2025-09-25,33428,2025092504001001,JOSHI,Linch Stock Market Ltd.,Dynamic Money Managers Securities Pvt. Ltd.,150,312.0,46800.0,2025-09-25 11:33:13.851702
2025-09-25,33347,2025092504001014,JOSHI,Naasa Securities Co. Ltd.,Investment Management Nepal Pvt. Ltd.,69,313.0,21597.0,2025-09-25 11:33:41.736232
2025-09-25,33257,2025092504001025,JOSHI,Linch Stock Market Ltd.,Investment Management Nepal Pvt. Ltd.,841,313.0,263233.0,2025-09-25 11:34:13.458377
2025-09-25,33256,2025092504001026,JOSHI,Linch Stock Market Ltd.,Kumari Securities Private Limited,34,313.0,10642.0,2025-09-25 11:34:13.458543
2025-09-25,33192,2025092504001049,JOSHI,Kohinoor Investment & Securities Pvt. Ltd.,South Asian Bulls Pvt. Ltd.,50,313.9,15695.0,2025-09-25 11:34:52.553559
2025-09-25,33191,2025092504001050,JOSHI,Kohinoor Investment & Securities Pvt. Ltd.,Aryatara Investment & Securities,450,314.0,141300.0,2025-09-25 11:34:52.553727
2025-09-25,33034,2025092504001095,JOSHI,Imperial Securities Company Pvt. Ltd.,Aryatara Investment & Securities,35,314.0,10990.0,2025-09-25 11:36:10.620821
2025-09-25,33033,2025092504001096,JOSHI,Imperial Securities Company Pvt. Ltd.,Imperial Securities Company Pvt. Ltd.,15,314.0,4710.0,2025-09-25 11:36:10.620987
2025-09-25,32566,2025092504001199,JOSHI,Capital Max Securities Ltd,Imperial Securities Company Pvt. Ltd.,11,314.0,3454.0,2025-09-25 11:39:49.456347
2025-09-25,32134,2025092504001318,JOSHI,Investment Management Nepal Pvt. Ltd.,Imperial Securities Company Pvt. Ltd.,14,314.0,4396.0,2025-09-25 11:43:25.998433
2025-09-25,32133,2025092504001319,JOSHI,Investment Management Nepal Pvt. Ltd.,Sani Securities Company Ltd.,170,314.0,53380.0,2025-09-25 11:43:25.998534
2025-09-25,31374,2025092504001504,JOSHI,Trisul Securities & Invt. Ltd.,South Asian Bulls Pvt. Ltd.,10,315.9,3159.0,2025-09-25 11:50:18.190257
2025-09-25,29644,2025092504001855,JOSHI,Market Securities & Exchange (PVT) Ltd.,Hatemalo Financial Services Private Limited,10,311.1,3111.0,2025-09-25 12:06:36.180913
2025-09-25,29077,2025092504002037,JOSHI,Market Securities & Exchange (PVT) Ltd.,Dynamic Money Managers Securities Pvt. Ltd.,23,311.1,7155.3,2025-09-25 12:11:18.520597
2025-09-25,28928,2025092504002096,JOSHI,Market Securities & Exchange (PVT) Ltd.,Premier Securities Company Ltd.,67,311.1,20843.7,2025-09-25 12:12:18.874667
2025-09-25,28927,2025092504002097,JOSHI,Asian Securities Private Ltd.,Premier Securities Company Ltd.,233,311.1,72486.3,2025-09-25 12:12:18.874779
2025-09-25,28146,2025092504002367,JOSHI,Sani Securities Company Ltd.,Kumari Securities Private Limited,50,312.2,15610.0,2025-09-25 12:17:32.586496
2025-09-25,27824,2025092504002426,JOSHI,Asian Securities Private Ltd.,Investment Management Nepal Pvt. Ltd.,549,312.3,171452.7,2025-09-25 12:18:44.210402
2025-09-25,27678,2025092504002458,JOSHI,Asian Securities Private Ltd.,Nagarik Stock Dealer ,220,312.3,68706.0,2025-09-25 12:19:45.639862
2025-09-25,26295,2025092504002778,JOSHI,Naasa Securities Co. Ltd.,Sumeru Securities Pvt. Ltd.,10,314.7,3147.0,2025-09-25 12:30:14.819975
2025-09-25,26288,2025092504002780,JOSHI,Aryatara Investment & Securities,Naasa Securities Co. Ltd.,70,314.0,21980.0,2025-09-25 12:30:18.634544
2025-09-25,26259,2025092504002788,JOSHI,Aryatara Investment & Securities,Sumeru Securities Pvt. Ltd.,30,314.7,9441.0,2025-09-25 12:30:35.202259
2025-09-25,26246,2025092504002794,JOSHI,Sani Securities Company Ltd.,Sumeru Securities Pvt. Ltd.,120,314.7,37764.0,2025-09-25 12:30:43.211174
2025-09-25,25891,2025092504002885,JOSHI,Kumari Securities Private Limited,Sumeru Securities Pvt. Ltd.,80,314.7,25176.0,2025-09-25 12:33:09.664965
2025-09-25,25588,2025092504002938,JOSHI,Sweta Securities Private Limited,Sumeru Securities Pvt. Ltd.,360,314.7,113292.0,2025-09-25 12:35:23.090676
2025-09-25,25587,2025092504002939,JOSHI,Sweta Securities Private Limited,Kumari Securities Private Limited,50,314.7,15735.0,2025-09-25 12:35:23.090772
2025-09-25,25586,2025092504002940,JOSHI,Sweta Securities Private Limited,Kohinoor Investment & Securities Pvt. Ltd.,100,314.8,31480.0,2025-09-25 12:35:23.090852
2025-09-25,25585,2025092504002941,JOSHI,Sweta Securities Private Limited,South Asian Bulls Pvt. Ltd.,40,315.9,12636.0,2025-09-25 12:35:23.090931
2025-09-25,25584,2025092504002942,JOSHI,Sweta Securities Private Limited,Secured Securities Ltd.,175,315.9,55282.5,2025-09-25 12:35:23.091003
2025-09-25,25583,2025092504002943,JOSHI,Sweta Securities Private Limited,Naasa Securities Co. Ltd.,30,315.9,9477.0,2025-09-25 12:35:23.091089
2025-09-25,25582,2025092504002944,JOSHI,Sweta Securities Private Limited,J.F. Securites (PVT) Ltd.,245,315.9,77395.5,2025-09-25 12:35:23.091161
2025-09-25,25128,2025092504003071,JOSHI,Kohinoor Investment & Securities Pvt. Ltd.,J.F. Securites (PVT) Ltd.,255,315.9,80554.5,2025-09-25 12:38:11.551242
2025-09-25,25127,2025092504003072,JOSHI,Kohinoor Investment & Securities Pvt. Ltd.,Naasa Securities Co. Ltd.,200,316.0,63200.0,2025-09-25 12:38:11.551498
2025-09-25,25126,2025092504003073,JOSHI,Kohinoor Investment & Securities Pvt. Ltd.,Aryatara Investment & Securities,45,316.0,14220.0,2025-09-25 12:38:11.551625
2025-09-25,24901,2025092504003127,JOSHI,Stoxkarts Securities Limited,Aryatara Investment & Securities,100,316.0,31600.0,2025-09-25 12:39:21.351776
2025-09-25,24637,2025092504003197,JOSHI,Neev Securities Pvt. Ltd.,Imperial Securities Company Pvt. Ltd.,500,315.0,157500.0,2025-09-25 12:40:53.120741
2025-09-25,24192,2025092504003303,JOSHI,Sani Securities Company Ltd.,Aryatara Investment & Securities,28,316.0,8848.0,2025-09-25 12:43:45.998419
2025-09-25,23675,2025092504003471,JOSHI,Sri Hari Securities Pvt. Ltd.,Aryatara Investment & Securities,300,316.0,94800.0,2025-09-25 12:47:09.984337
2025-09-25,23168,2025092504003656,JOSHI,Neev Securities Pvt. Ltd.,Investment Management Nepal Pvt. Ltd.,500,315.0,157500.0,2025-09-25 12:49:56.857109
2025-09-25,23167,2025092504003657,JOSHI,Arun Securities (PVT) Ltd.,Investment Management Nepal Pvt. Ltd.,50,315.0,15750.0,2025-09-25 12:49:56.857240
2025-09-25,23070,2025092504003693,JOSHI,Trishakti Securities Public Limited,Kohinoor Investment & Securities Pvt. Ltd.,300,314.6,94380.0,2025-09-25 12:50:30.003459
2025-09-25,22872,2025092504003751,JOSHI,Trishakti Securities Public Limited,Investment Management Nepal Pvt. Ltd.,200,314.6,62920.0,2025-09-25 12:51:27.291532
2025-09-25,22871,2025092504003752,JOSHI,Sani Securities Company Ltd.,Investment Management Nepal Pvt. Ltd.,30,314.6,9438.0,2025-09-25 12:51:27.291772
2025-09-25,22870,2025092504003753,JOSHI,MILKY WAY SHARE BROKER COMPANY LTD ,Investment Management Nepal Pvt. Ltd.,100,314.5,31450.0,2025-09-25 12:51:27.291911
2025-09-25,22869,2025092504003754,JOSHI,Arun Securities (PVT) Ltd.,Investment Management Nepal Pvt. Ltd.,30,314.5,9435.0,2025-09-25 12:51:27.292061
2025-09-25,22868,2025092504003755,JOSHI,Kohinoor Investment & Securities Pvt. Ltd.,Investment Management Nepal Pvt. Ltd.,10,314.1,3141.0,2025-09-25 12:51:27.292192
2025-09-25,22770,2025092504003778,JOSHI,Indira securities pvt. ltd,Investment Management Nepal Pvt. Ltd.,80,312.6,25008.0,2025-09-25 12:52:01.525650
2025-09-25,21855,2025092504004055,JOSHI,Secured Securities Ltd.,Deevyaa Securities & Stock House Pvt. Ltd,55,312.7,17198.5,2025-09-25 12:57:50.070773
2025-09-25,21254,2025092504004222,JOSHI,Naasa Securities Co. Ltd.,Linch Stock Market Ltd.,10,314.6,3146.0,2025-09-25 13:03:10.051283
2025-09-25,20890,2025092504004316,JOSHI,Kumari Securities Private Limited,Linch Stock Market Ltd.,40,314.6,12584.0,2025-09-25 13:05:53.941246
2025-09-25,20719,2025092504004362,JOSHI,Shree Krishna Securities Ltd.,Sipla Securities Private Limited,135,314.5,42457.5,2025-09-25 13:07:16.885334
2025-09-25,20693,2025092504004376,JOSHI,Dakshinkali Investment & Securities Pvt. Ltd.,Aryatara Investment & Securities,27,316.0,8532.0,2025-09-25 13:07:23.750944
2025-09-25,20692,2025092504004377,JOSHI,Dakshinkali Investment & Securities Pvt. Ltd.,K.B.L. Securities Limited ,20,316.0,6320.0,2025-09-25 13:07:23.751177
2025-09-25,20659,2025092504004385,JOSHI,Shree Krishna Securities Ltd.,Aryatara Investment & Securities,10,317.9,3179.0,2025-09-25 13:07:32.851660
2025-09-25,20555,2025092504004413,JOSHI,Naasa Securities Co. Ltd.,Aryatara Investment & Securities,10,317.9,3179.0,2025-09-25 13:08:20.005125
2025-09-25,20393,2025092504004443,JOSHI,Shree Krishna Securities Ltd.,Sani Securities Company Ltd.,280,317.1,88788.0,2025-09-25 13:09:55.813293
2025-09-25,20325,2025092504004461,JOSHI,Shree Krishna Securities Ltd.,Aryatara Investment & Securities,10,317.9,3179.0,2025-09-25 13:10:25.566094
2025-09-25,20306,2025092504004462,JOSHI,Shree Krishna Securities Ltd.,South Asian Bulls Pvt. Ltd.,10,318.7,3187.0,2025-09-25 13:10:32.182290
2025-09-25,20243,2025092504004477,JOSHI,Kohinoor Investment & Securities Pvt. Ltd.,South Asian Bulls Pvt. Ltd.,40,318.7,12748.0,2025-09-25 13:11:10.795735
2025-09-25,20242,2025092504004478,JOSHI,Kohinoor Investment & Securities Pvt. Ltd.,Sundhara Securities Limited,100,318.8,31880.0,2025-09-25 13:11:10.795898
2025-09-25,20241,2025092504004479,JOSHI,Kohinoor Investment & Securities Pvt. Ltd.,Premier Securities Company Ltd.,15,318.8,4782.0,2025-09-25 13:11:10.795947
2025-09-25,20240,2025092504004480,JOSHI,Kohinoor Investment & Securities Pvt. Ltd.,Deevyaa Securities & Stock House Pvt. Ltd,345,318.8,109986.0,2025-09-25 13:11:10.795995
2025-09-25,19971,2025092504004571,JOSHI,Shree Krishna Securities Ltd.,Bhrikuti Stock Broking Co. Pvt. Ltd.,400,318.7,127480.0,2025-09-25 13:12:47.554941
2025-09-25,19945,2025092504004583,JOSHI,Oxford Securities Pvt. Ltd.,Deevyaa Securities & Stock House Pvt. Ltd,965,318.8,307642.0,2025-09-25 13:13:04.329294
2025-09-25,19944,2025092504004584,JOSHI,Oxford Securities Pvt. Ltd.,South Asian Bulls Pvt. Ltd.,35,319.0,11165.0,2025-09-25 13:13:04.329401
2025-09-25,19803,2025092504004634,JOSHI,Naasa Securities Co. Ltd.,South Asian Bulls Pvt. Ltd.,65,319.0,20735.0,2025-09-25 13:14:16.596492
2025-09-25,19802,2025092504004635,JOSHI,Naasa Securities Co. Ltd.,Sumeru Securities Pvt. Ltd.,35,319.0,11165.0,2025-09-25 13:14:16.596701
2025-09-25,19765,2025092504004647,JOSHI,Aryatara Investment & Securities,Sumeru Securities Pvt. Ltd.,65,319.0,20735.0,2025-09-25 13:14:30.604439
2025-09-25,19702,2025092504004663,JOSHI,Aryatara Investment & Securities,Investment Management Nepal Pvt. Ltd.,20,319.1,6382.0,2025-09-25 13:15:03.225911
2025-09-25,19701,2025092504004664,JOSHI,Aryatara Investment & Securities,Online Securities Pvt. Ltd.,45,319.1,14359.5,2025-09-25 13:15:03.226122
2025-09-25,19644,2025092504004673,JOSHI,Oxford Securities Pvt. Ltd.,Sewa Securities Pvt. Ltd.,100,319.0,31900.0,2025-09-25 13:15:30.333957
2025-09-25,19535,2025092504004697,JOSHI,Oxford Securities Pvt. Ltd.,Aryatara Investment & Securities,17,319.0,5423.0,2025-09-25 13:16:38.899859
2025-09-25,19497,2025092504004702,JOSHI,Oxford Securities Pvt. Ltd.,Sani Securities Company Ltd.,300,319.0,95700.0,2025-09-25 13:16:53.272611
2025-09-25,19199,2025092504004788,JOSHI,Asian Securities Private Ltd.,Online Securities Pvt. Ltd.,160,319.1,51056.0,2025-09-25 13:19:51.541389
2025-09-25,18956,2025092504004848,JOSHI,Dipshikha Dhitopatra Karobar Co. Pvt Ltd.,South Asian Bulls Pvt. Ltd.,40,319.9,12796.0,2025-09-25 13:22:42.640932
2025-09-25,18955,2025092504004849,JOSHI,Dipshikha Dhitopatra Karobar Co. Pvt Ltd.,South Asian Bulls Pvt. Ltd.,50,320.0,16000.0,2025-09-25 13:22:42.641190
2025-09-25,18954,2025092504004850,JOSHI,Dipshikha Dhitopatra Karobar Co. Pvt Ltd.,Naasa Securities Co. Ltd.,11,320.0,3520.0,2025-09-25 13:22:42.641395
2025-09-25,18917,2025092504004863,JOSHI,Primo Securities (PVT) Ltd.,Naasa Securities Co. Ltd.,500,320.0,160000.0,2025-09-25 13:23:12.076434
2025-09-25,18884,2025092504004869,JOSHI,Naasa Securities Co. Ltd.,Naasa Securities Co. Ltd.,50,320.0,16000.0,2025-09-25 13:23:36.173163
2025-09-25,18608,2025092504004922,JOSHI,Imperial Securities Company Pvt. Ltd.,Naasa Securities Co. Ltd.,27,320.0,8640.0,2025-09-25 13:26:02.577119
2025-09-25,18404,2025092504004955,JOSHI,Oxford Securities Pvt. Ltd.,Naasa Securities Co. Ltd.,12,320.0,3840.0,2025-09-25 13:27:47.355174
2025-09-25,18403,2025092504004956,JOSHI,Oxford Securities Pvt. Ltd.,Dipshikha Dhitopatra Karobar Co. Pvt Ltd.,50,320.0,16000.0,2025-09-25 13:27:47.355341
2025-09-25,18319,2025092504004980,JOSHI,Nepal Stock House (PVT) Ltd.,Shree Krishna Securities Ltd.,100,320.2,32020.0,2025-09-25 13:28:48.521026
2025-09-25,18304,2025092504004984,JOSHI,Shree Krishna Securities Ltd.,Sweta Securities Private Limited,10,322.0,3220.0,2025-09-25 13:29:00.219889
2025-09-25,18216,2025092504005013,JOSHI,Agrawal Securities (PVT) Ltd.,Sweta Securities Private Limited,82,322.0,26404.0,2025-09-25 13:29:45.040386
2025-09-25,18118,2025092504005049,JOSHI,Nepal Stock House (PVT) Ltd.,Sweta Securities Private Limited,102,322.0,32844.0,2025-09-25 13:30:40.838222
2025-09-25,18117,2025092504005050,JOSHI,Nepal Stock House (PVT) Ltd.,South Asian Bulls Pvt. Ltd.,50,322.0,16100.0,2025-09-25 13:30:40.838384
2025-09-25,18116,2025092504005051,JOSHI,Nepal Stock House (PVT) Ltd.,Sundhara Securities Limited,30,322.0,9660.0,2025-09-25 13:30:40.838433
2025-09-25,18115,2025092504005052,JOSHI,Nepal Stock House (PVT) Ltd.,ABC Securities Private Limited,300,322.0,96600.0,2025-09-25 13:30:40.838479
2025-09-25,18114,2025092504005053,JOSHI,Nepal Stock House (PVT) Ltd.,Dipshikha Dhitopatra Karobar Co. Pvt Ltd.,50,322.0,16100.0,2025-09-25 13:30:40.838519
2025-09-25,18073,2025092504005062,JOSHI,South Asian Bulls Pvt. Ltd.,Investment Management Nepal Pvt. Ltd.,100,322.2,32220.0,2025-09-25 13:30:56.873575
2025-09-25,18009,2025092504005081,JOSHI,Naasa Securities Co. Ltd.,Investment Management Nepal Pvt. Ltd.,200,322.2,64440.0,2025-09-25 13:31:39.143481
2025-09-25,17990,2025092504005088,JOSHI,Aryatara Investment & Securities,Investment Management Nepal Pvt. Ltd.,60,322.2,19332.0,2025-09-25 13:31:52.300534
2025-09-25,17988,2025092504005089,JOSHI,Oxford Securities Pvt. Ltd.,Investment Management Nepal Pvt. Ltd.,140,322.2,45108.0,2025-09-25 13:31:57.568268
2025-09-25,17987,2025092504005090,JOSHI,Oxford Securities Pvt. Ltd.,Linch Stock Market Ltd.,70,324.0,22680.0,2025-09-25 13:31:57.568419
2025-09-25,17986,2025092504005091,JOSHI,Oxford Securities Pvt. Ltd.,Kumari Securities Private Limited,290,324.1,93989.0,2025-09-25 13:31:57.568542
2025-09-25,17976,2025092504005092,JOSHI,Naasa Securities Co. Ltd.,Kumari Securities Private Limited,1210,324.1,392161.0,2025-09-25 13:32:05.242651
2025-09-25,17975,2025092504005093,JOSHI,Naasa Securities Co. Ltd.,SHUBHAKAMANA SECURITIES PVT. LTD,500,324.2,162100.0,2025-09-25 13:32:05.242753
2025-09-25,17974,2025092504005094,JOSHI,Naasa Securities Co. Ltd.,Sharepro Securities Private Limited,120,324.9,38988.0,2025-09-25 13:32:05.242801
2025-09-25,17973,2025092504005095,JOSHI,Naasa Securities Co. Ltd.,Secured Securities Ltd.,300,325.0,97500.0,2025-09-25 13:32:05.242845
2025-09-25,17972,2025092504005096,JOSHI,Naasa Securities Co. Ltd.,Dipshikha Dhitopatra Karobar Co. Pvt Ltd.,40,325.0,13000.0,2025-09-25 13:32:05.242898
2025-09-25,17971,2025092504005097,JOSHI,Naasa Securities Co. Ltd.,South Asian Bulls Pvt. Ltd.,50,325.0,16250.0,2025-09-25 13:32:05.242941
2025-09-25,17970,2025092504005098,JOSHI,Naasa Securities Co. Ltd.,Capital Max Securities Ltd,500,325.0,162500.0,2025-09-25 13:32:05.243029
2025-09-25,17969,2025092504005099,JOSHI,Naasa Securities Co. Ltd.,Vision Securities Pvt. Ltd,50,325.0,16250.0,2025-09-25 13:32:05.243091
2025-09-25,17968,2025092504005100,JOSHI,Naasa Securities Co. Ltd.,Naasa Securities Co. Ltd.,50,325.0,16250.0,2025-09-25 13:32:05.243128
2025-09-25,17967,2025092504005101,JOSHI,Naasa Securities Co. Ltd.,ABC Securities Private Limited,300,325.0,97500.0,2025-09-25 13:32:05.243168
2025-09-25,17966,2025092504005102,JOSHI,Naasa Securities Co. Ltd.,South Asian Bulls Pvt. Ltd.,100,325.0,32500.0,2025-09-25 13:32:05.243204
2025-09-25,17965,2025092504005103,JOSHI,Naasa Securities Co. Ltd.,J.F. Securites (PVT) Ltd.,500,325.0,162500.0,2025-09-25 13:32:05.243243
2025-09-25,17964,2025092504005104,JOSHI,Naasa Securities Co. Ltd.,J.F. Securites (PVT) Ltd.,500,325.0,162500.0,2025-09-25 13:32:05.243278
2025-09-25,17963,2025092504005105,JOSHI,Naasa Securities Co. Ltd.,Midas Stock Broking Company Private Limited,30,325.0,9750.0,2025-09-25 13:32:05.243325
2025-09-25,17909,2025092504005120,JOSHI,Naasa Securities Co. Ltd.,Midas Stock Broking Company Private Limited,10,325.0,3250.0,2025-09-25 13:32:33.821588
2025-09-25,17893,2025092504005125,JOSHI,Aryatara Investment & Securities,Midas Stock Broking Company Private Limited,10,325.0,3250.0,2025-09-25 13:32:39.610598
2025-09-25,17891,2025092504005127,JOSHI,Nepal Stock House (PVT) Ltd.,Midas Stock Broking Company Private Limited,235,325.0,76375.0,2025-09-25 13:32:39.911105
2025-09-25,17867,2025092504005132,JOSHI,Naasa Securities Co. Ltd.,Sumeru Securities Pvt. Ltd.,30,325.3,9759.0,2025-09-25 13:32:58.214280
2025-09-25,17836,2025092504005136,JOSHI,Oxford Securities Pvt. Ltd.,Sumeru Securities Pvt. Ltd.,20,325.3,6506.0,2025-09-25 13:33:03.422781
2025-09-25,17835,2025092504005137,JOSHI,Oxford Securities Pvt. Ltd.,Kohinoor Investment & Securities Pvt. Ltd.,50,325.3,16265.0,2025-09-25 13:33:03.422876
2025-09-25,17834,2025092504005138,JOSHI,Oxford Securities Pvt. Ltd.,Kalika Securities Pvt. Ltd.,15,325.3,4879.5,2025-09-25 13:33:03.422951
2025-09-25,17833,2025092504005139,JOSHI,Oxford Securities Pvt. Ltd.,Linch Stock Market Ltd.,30,326.4,9792.0,2025-09-25 13:33:03.423028
2025-09-25,17832,2025092504005140,JOSHI,Oxford Securities Pvt. Ltd.,Dakshinkali Investment & Securities Pvt. Ltd.,85,328.0,27880.0,2025-09-25 13:33:03.423103
2025-09-25,17807,2025092504005145,JOSHI,Shree Krishna Securities Ltd.,South Asian Bulls Pvt. Ltd.,10,327.0,3270.0,2025-09-25 13:33:15.775621
2025-09-25,17806,2025092504005146,JOSHI,Infinity Securities Limited,Dakshinkali Investment & Securities Pvt. Ltd.,300,328.0,98400.0,2025-09-25 13:33:15.834366
2025-09-25,17801,2025092504005147,JOSHI,Naasa Securities Co. Ltd.,Dakshinkali Investment & Securities Pvt. Ltd.,10,328.0,3280.0,2025-09-25 13:33:21.817007
2025-09-25,17730,2025092504005162,JOSHI,Shree Krishna Securities Ltd.,J.F. Securites (PVT) Ltd.,10,330.0,3300.0,2025-09-25 13:34:01.180401
2025-09-25,17720,2025092504005164,JOSHI,Naasa Securities Co. Ltd.,J.F. Securites (PVT) Ltd.,10,330.0,3300.0,2025-09-25 13:34:08.143795
2025-09-25,17680,2025092504005169,JOSHI,Sumeru Securities Pvt. Ltd.,J.F. Securites (PVT) Ltd.,100,330.0,33000.0,2025-09-25 13:34:35.808737
2025-09-25,17677,2025092504005170,JOSHI,Trishakti Securities Public Limited,J.F. Securites (PVT) Ltd.,14,330.0,4620.0,2025-09-25 13:34:40.455625
2025-09-25,17651,2025092504005181,JOSHI,Nepal Stock House (PVT) Ltd.,J.F. Securites (PVT) Ltd.,366,330.0,120780.0,2025-09-25 13:34:58.531068
2025-09-25,17650,2025092504005182,JOSHI,Nepal Stock House (PVT) Ltd.,Dakshinkali Investment & Securities Pvt. Ltd.,105,330.0,34650.0,2025-09-25 13:34:58.531208
2025-09-25,17649,2025092504005183,JOSHI,Nepal Stock House (PVT) Ltd.,Naasa Securities Co. Ltd.,29,330.0,9570.0,2025-09-25 13:34:58.531253
2025-09-25,17588,2025092504005187,JOSHI,Shree Krishna Securities Ltd.,Neev Securities Pvt. Ltd.,10,331.0,3310.0,2025-09-25 13:35:14.270763
2025-09-25,17579,2025092504005189,JOSHI,Sri Hari Securities Pvt. Ltd.,Neev Securities Pvt. Ltd.,15,331.0,4965.0,2025-09-25 13:35:20.873639
2025-09-25,17572,2025092504005194,JOSHI,Midas Stock Broking Company Private Limited,Neev Securities Pvt. Ltd.,500,331.0,165500.0,2025-09-25 13:35:25.915172
2025-09-25,17551,2025092504005196,JOSHI,Shree Krishna Securities Ltd.,J.F. Securites (PVT) Ltd.,10,334.0,3340.0,2025-09-25 13:35:41.710391
2025-09-25,17414,2025092504005228,JOSHI,Deevyaa Securities & Stock House Pvt. Ltd,Hatemalo Financial Services Private Limited,500,331.0,165500.0,2025-09-25 13:37:13.304810
2025-09-25,17413,2025092504005229,JOSHI,Naasa Securities Co. Ltd.,Hatemalo Financial Services Private Limited,115,330.0,37950.0,2025-09-25 13:37:13.304927
2025-09-25,17412,2025092504005230,JOSHI,Linch Stock Market Ltd.,Hatemalo Financial Services Private Limited,10,328.1,3281.0,2025-09-25 13:37:13.305007
2025-09-25,17295,2025092504005247,JOSHI,Imperial Securities Company Pvt. Ltd.,Deevyaa Securities & Stock House Pvt. Ltd,115,325.3,37409.5,2025-09-25 13:38:09.985085
2025-09-25,17294,2025092504005248,JOSHI,Nepal Stock House (PVT) Ltd.,Deevyaa Securities & Stock House Pvt. Ltd,20,325.0,6500.0,2025-09-25 13:38:09.985294
2025-09-25,17293,2025092504005249,JOSHI,Aryatara Investment & Securities,Deevyaa Securities & Stock House Pvt. Ltd,10,325.0,3250.0,2025-09-25 13:38:09.985448
2025-09-25,17248,2025092504005263,JOSHI,Naasa Securities Co. Ltd.,Imperial Securities Company Pvt. Ltd.,10,323.0,3230.0,2025-09-25 13:38:42.336799
2025-09-25,17247,2025092504005264,JOSHI,Sweta Securities Private Limited,Imperial Securities Company Pvt. Ltd.,95,322.2,30609.0,2025-09-25 13:38:42.337066
2025-09-25,17196,2025092504005267,JOSHI,Naasa Securities Co. Ltd.,Imperial Securities Company Pvt. Ltd.,20,319.1,6382.0,2025-09-25 13:39:16.614888
2025-09-25,17195,2025092504005268,JOSHI,Linch Stock Market Ltd.,Imperial Securities Company Pvt. Ltd.,184,319.0,58696.0,2025-09-25 13:39:16.615015
2025-09-25,17190,2025092504005269,JOSHI,Naasa Securities Co. Ltd.,Hatemalo Financial Services Private Limited,10,317.0,3170.0,2025-09-25 13:39:23.620535
2025-09-25,17166,2025092504005276,JOSHI,Nepal Stock House (PVT) Ltd.,Imperial Securities Company Pvt. Ltd.,42,319.0,13398.0,2025-09-25 13:39:40.738705
2025-09-25,17132,2025092504005284,JOSHI,Nepal Stock House (PVT) Ltd.,Nagarik Stock Dealer ,100,320.0,32000.0,2025-09-25 13:40:07.981033
2025-09-25,17085,2025092504005295,JOSHI,Nepal Stock House (PVT) Ltd.,Deevyaa Securities & Stock House Pvt. Ltd,47,325.0,15275.0,2025-09-25 13:40:38.247965
2025-09-25,17019,2025092504005311,JOSHI,Sri Hari Securities Pvt. Ltd.,Deevyaa Securities & Stock House Pvt. Ltd,108,325.0,35100.0,2025-09-25 13:41:23.463357
2025-09-25,16892,2025092504005333,JOSHI,Nepal Stock House (PVT) Ltd.,Hatemalo Financial Services Private Limited,10,320.0,3200.0,2025-09-25 13:42:46.636394
2025-09-25,15370,2025092504005733,JOSHI,Kohinoor Investment & Securities Pvt. Ltd.,Kohinoor Investment & Securities Pvt. Ltd.,100,325.6,32560.0,2025-09-25 13:58:05.313905
2025-09-25,14179,2025092504006036,JOSHI,Citizens Share Broker Limited,ABC Securities Private Limited,24,322.0,7728.0,2025-09-25 14:09:56.253511
2025-09-25,14133,2025092504006050,JOSHI,Kohinoor Investment & Securities Pvt. Ltd.,ABC Securities Private Limited,326,322.0,104972.0,2025-09-25 14:10:17.015007
2025-09-25,13734,2025092504006150,JOSHI,Kohinoor Investment & Securities Pvt. Ltd.,Naasa Securities Co. Ltd.,38,322.0,12236.0,2025-09-25 14:13:19.891155
2025-09-25,13637,2025092504006174,JOSHI,Imperial Securities Company Pvt. Ltd.,Kohinoor Investment & Securities Pvt. Ltd.,50,321.0,16050.0,2025-09-25 14:14:12.506164
2025-09-25,12638,2025092504006400,JOSHI,Thrive Brokerage House Pvt. Ltd,Investment Management Nepal Pvt. Ltd.,50,321.0,16050.0,2025-09-25 14:21:55.918239
2025-09-25,12205,2025092504006507,JOSHI,Shree Krishna Securities Ltd.,Oxford Securities Pvt. Ltd.,10,324.0,3240.0,2025-09-25 14:24:25.069724
2025-09-25,11975,2025092504006581,JOSHI,Thrive Brokerage House Pvt. Ltd,Oxford Securities Pvt. Ltd.,40,324.0,12960.0,2025-09-25 14:25:44.300683
2025-09-25,11974,2025092504006582,JOSHI,Thrive Brokerage House Pvt. Ltd,Naasa Securities Co. Ltd.,50,324.0,16200.0,2025-09-25 14:25:44.300825
2025-09-25,11973,2025092504006583,JOSHI,Thrive Brokerage House Pvt. Ltd,Agrawal Securities (PVT) Ltd.,30,324.0,9720.0,2025-09-25 14:25:44.300881
2025-09-25,11676,2025092504006678,JOSHI,Thrive Brokerage House Pvt. Ltd,Linch Stock Market Ltd.,10,324.0,3240.0,2025-09-25 14:27:27.865945
2025-09-25,11279,2025092504006794,JOSHI,Thrive Brokerage House Pvt. Ltd,Thrive Brokerage House Pvt. Ltd,17,324.0,5508.0,2025-09-25 14:30:05.042917
2025-09-25,10225,2025092504007085,JOSHI,Secured Securities Ltd.,Creative Securities Pvt Ltd,100,320.1,32010.0,2025-09-25 14:35:57.480121
2025-09-25,10224,2025092504007086,JOSHI,Nepal Stock House (PVT) Ltd.,Creative Securities Pvt Ltd,98,320.0,31360.0,2025-09-25 14:35:57.480329
2025-09-25,10223,2025092504007087,JOSHI,Naasa Securities Co. Ltd.,Creative Securities Pvt Ltd,13,320.0,4160.0,2025-09-25 14:35:57.480392
2025-09-25,10222,2025092504007088,JOSHI,Kohinoor Investment & Securities Pvt. Ltd.,Creative Securities Pvt Ltd,89,320.0,28480.0,2025-09-25 14:35:57.480458
2025-09-25,10212,2025092504007093,JOSHI,Naasa Securities Co. Ltd.,Imperial Securities Company Pvt. Ltd.,10,324.7,3247.0,2025-09-25 14:35:59.962155
2025-09-25,9165,2025092504007327,JOSHI,Dipshikha Dhitopatra Karobar Co. Pvt Ltd.,Kohinoor Investment & Securities Pvt. Ltd.,100,324.0,32400.0,2025-09-25 14:40:39.125671
2025-09-25,9012,2025092504007368,JOSHI,Dipshikha Dhitopatra Karobar Co. Pvt Ltd.,Aryatara Investment & Securities,200,324.0,64800.0,2025-09-25 14:41:13.551800
2025-09-25,8961,2025092504007374,JOSHI,Dipshikha Dhitopatra Karobar Co. Pvt Ltd.,Vision Securities Pvt. Ltd,300,324.0,97200.0,2025-09-25 14:41:30.871406
2025-09-25,8956,2025092504007375,JOSHI,Dipshikha Dhitopatra Karobar Co. Pvt Ltd.,Nagarik Stock Dealer ,100,324.0,32400.0,2025-09-25 14:41:34.185687
2025-09-25,8941,2025092504007384,JOSHI,Dipshikha Dhitopatra Karobar Co. Pvt Ltd.,Aryatara Investment & Securities,300,324.0,97200.0,2025-09-25 14:41:38.456007
2025-09-25,8891,2025092504007398,JOSHI,Dipshikha Dhitopatra Karobar Co. Pvt Ltd.,Nagarik Stock Dealer ,500,324.0,162000.0,2025-09-25 14:41:49.356880
2025-09-25,8816,2025092504007432,JOSHI,Dipshikha Dhitopatra Karobar Co. Pvt Ltd.,Kumari Securities Private Limited,500,324.0,162000.0,2025-09-25 14:42:08.936553
2025-09-25,8707,2025092504007451,JOSHI,Aryatara Investment & Securities,Kumari Securities Private Limited,300,324.0,97200.0,2025-09-25 14:42:38.944538
2025-09-25,6249,2025092504008068,JOSHI,Naasa Securities Co. Ltd.,Sweta Securities Private Limited,10,321.0,3210.0,2025-09-25 14:50:33.467046
2025-09-25,5110,2025092504008428,JOSHI,Midas Stock Broking Company Private Limited,N.I.M.B. Stock Markets Limited,132,320.0,42240.0,2025-09-25 14:53:27.659712
2025-09-25,5109,2025092504008429,JOSHI,Naasa Securities Co. Ltd.,N.I.M.B. Stock Markets Limited,66,320.0,21120.0,2025-09-25 14:53:27.659992
2025-09-25,5108,2025092504008430,JOSHI,Kohinoor Investment & Securities Pvt. Ltd.,N.I.M.B. Stock Markets Limited,112,320.0,35840.0,2025-09-25 14:53:27.660168
2025-09-25,5068,2025092504008447,JOSHI,Hatemalo Financial Services Private Limited,Nepal Stock House (PVT) Ltd.,15,322.0,4830.0,2025-09-25 14:53:34.637730
2025-09-25,3891,2025092504008788,JOSHI,Market Securities & Exchange (PVT) Ltd.,Premier Securities Company Ltd.,15,319.0,4785.0,2025-09-25 14:55:56.166458
2025-09-25,3145,2025092504009025,JOSHI,Market Securities & Exchange (PVT) Ltd.,Dynamic Money Managers Securities Pvt. Ltd.,35,319.0,11165.0,2025-09-25 14:56:58.560215
2025-09-25,3144,2025092504009026,JOSHI,Kumari Securities Private Limited,Dynamic Money Managers Securities Pvt. Ltd.,100,319.0,31900.0,2025-09-25 14:56:58.560383
2025-09-25,3143,2025092504009027,JOSHI,Sani Securities Company Ltd.,Dynamic Money Managers Securities Pvt. Ltd.,100,319.0,31900.0,2025-09-25 14:56:58.560462
2025-09-25,2731,2025092504009171,JOSHI,Sri Hari Securities Pvt. Ltd.,Vision Securities Pvt. Ltd,20,318.1,6362.0,2025-09-25 14:57:28.689904
2025-09-25,2730,2025092504009172,JOSHI,Dynamic Money Managers Securities Pvt. Ltd.,Vision Securities Pvt. Ltd,305,318.0,96990.0,2025-09-25 14:57:28.690049
2025-09-25,2689,2025092504009179,JOSHI,Dynamic Money Managers Securities Pvt. Ltd.,Ashutosh Brokerage & Securities (PVT) Ltd.,100,318.0,31800.0,2025-09-25 14:57:33.660264
2025-09-25,2396,2025092504009249,JOSHI,Dynamic Money Managers Securities Pvt. Ltd.,Dynamic Money Managers Securities Pvt. Ltd.,95,318.0,30210.0,2025-09-25 14:58:03.360130
2025-09-25,2395,2025092504009250,JOSHI,Nepal Investment And Securities Trading Private Limited,Dynamic Money Managers Securities Pvt. Ltd.,500,318.0,159000.0,2025-09-25 14:58:03.360425
2025-09-25,2394,2025092504009251,JOSHI,Premier Securities Company Ltd.,Dynamic Money Managers Securities Pvt. Ltd.,15,318.0,4770.0,2025-09-25 14:58:03.360610
2025-09-25,750,2025092504009662,JOSHI,Naasa Securities Co. Ltd.,Dynamic Money Managers Securities Pvt. Ltd.,10,317.0,3170.0,2025-09-25 14:59:45.734131
2025-09-25,749,2025092504009663,JOSHI,Kumari Securities Private Limited,Dynamic Money Managers Securities Pvt. Ltd.,60,317.0,19020.0,2025-09-25 14:59:45.734336
2025-09-25,745,2025092504009664,JOSHI,Naasa Securities Co. Ltd.,Dynamic Money Managers Securities Pvt. Ltd.,95,317.0,30115.0,2025-09-25 14:59:46.183349
2025-09-25,187,2025092504009926,JOSHI,Nagarik Stock Dealer ,Dynamic Money Managers Securities Pvt. Ltd.,10,317.0,3170.0,2025-09-25 14:59:57.919187
