Date,S.N.,Contract ID,Symbol,Buyer Broker,Seller Broker,quantity,rate,amount,transaction_time
2025-09-04,67987,2025090405000179,TPC,Premier Securities Company Ltd.,Sani Securities Company Ltd.,40,339.0,13560.0,2025-09-04T11:06:27.49782
2025-09-04,67986,2025090405000180,TPC,Premier Securities Company Ltd.,Imperial Securities Company Pvt. Ltd.,170,339.0,57630.0,2025-09-04T11:06:27.497889
2025-09-04,67985,2025090405000181,TPC,Premier Securities Company Ltd.,Sumeru Securities Pvt. Ltd.,55,339.9,18694.5,2025-09-04T11:06:27.497917
2025-09-04,67984,2025090405000182,TPC,Premier Securities Company Ltd.,Sani Securities Company Ltd.,135,340.0,45900.0,2025-09-04T11:06:27.497946
2025-09-04,64646,2025090405001091,TPC,Dynamic Money Managers Securities Pvt. Ltd.,Neev Securities Pvt. Ltd.,90,335.0,30150.0,2025-09-04T11:19:15.4984
2025-09-04,63963,2025090405001286,TPC,Linch Stock Market Ltd.,Sri Hari Securities Pvt. Ltd.,85,335.0,28475.0,2025-09-04T11:21:51.251407
2025-09-04,62899,2025090405001608,TPC,Linch Stock Market Ltd.,Nepal Stock House (PVT) Ltd.,200,335.0,67000.0,2025-09-04T11:26:28.204538
2025-09-04,62488,2025090405001718,TPC,Linch Stock Market Ltd.,Midas Stock Broking Company Private Limited,90,335.0,30150.0,2025-09-04T11:28:21.886436
2025-09-04,60482,2025090405002279,TPC,Linch Stock Market Ltd.,BHOLE GANESH SECURITIES LTD,125,335.0,41875.0,2025-09-04T11:36:22.75391
2025-09-04,60481,2025090405002280,TPC,Asian Securities Private Ltd.,BHOLE GANESH SECURITIES LTD,50,335.0,16750.0,2025-09-04T11:36:22.753994
2025-09-04,55540,2025090405003873,TPC,Sumeru Securities Pvt. Ltd.,Trishakti Securities Public Limited,250,333.5,83375.0,2025-09-04T11:59:18.408169
2025-09-04,55539,2025090405003874,TPC,Imperial Securities Company Pvt. Ltd.,Trishakti Securities Public Limited,50,333.2,16660.0,2025-09-04T11:59:18.408258
2025-09-04,55538,2025090405003875,TPC,Imperial Securities Company Pvt. Ltd.,Trishakti Securities Public Limited,100,333.2,33320.0,2025-09-04T11:59:18.408349
2025-09-04,52463,2025090405004878,TPC,Imperial Securities Company Pvt. Ltd.,Neev Securities Pvt. Ltd.,40,333.2,13328.0,2025-09-04T12:11:21.311662
2025-09-04,49952,2025090405005629,TPC,Imperial Securities Company Pvt. Ltd.,R.B.B. Securities Company Ltd,10,333.2,3332.0,2025-09-04T12:22:25.331722
2025-09-04,49951,2025090405005630,TPC,Online Securities Pvt. Ltd.,R.B.B. Securities Company Ltd,63,333.0,20979.0,2025-09-04T12:22:25.331821
2025-09-04,49950,2025090405005631,TPC,Naasa Securities Co. Ltd.,R.B.B. Securities Company Ltd,15,332.0,4980.0,2025-09-04T12:22:25.331894
2025-09-04,49949,2025090405005632,TPC,Naasa Securities Co. Ltd.,R.B.B. Securities Company Ltd,30,332.0,9960.0,2025-09-04T12:22:25.331948
2025-09-04,49948,2025090405005633,TPC,Sani Securities Company Ltd.,R.B.B. Securities Company Ltd,182,331.0,60242.0,2025-09-04T12:22:25.332014
2025-09-04,43869,2025090405007348,TPC,Sani Securities Company Ltd.,R.B.B. Securities Company Ltd,118,331.0,39058.0,2025-09-04T12:45:37.967238
2025-09-04,43868,2025090405007349,TPC,Naasa Securities Co. Ltd.,R.B.B. Securities Company Ltd,40,331.0,13240.0,2025-09-04T12:45:37.967281
2025-09-04,43867,2025090405007350,TPC,Malla & Malla Stock Broking Company Pvt. Limited,R.B.B. Securities Company Ltd,20,330.3,6606.0,2025-09-04T12:45:37.967325
2025-09-04,43866,2025090405007351,TPC,SUN SECURITIES PVT LTD,R.B.B. Securities Company Ltd,18,330.0,5940.0,2025-09-04T12:45:37.967357
2025-09-04,43865,2025090405007352,TPC,Sumeru Securities Pvt. Ltd.,R.B.B. Securities Company Ltd,354,330.0,116820.0,2025-09-04T12:45:37.967388
2025-09-04,43748,2025090405007401,TPC,Sumeru Securities Pvt. Ltd.,R.B.B. Securities Company Ltd,146,330.0,48180.0,2025-09-04T12:45:59.025382
2025-09-04,43747,2025090405007402,TPC,Dynamic Money Managers Securities Pvt. Ltd.,R.B.B. Securities Company Ltd,410,329.0,134890.0,2025-09-04T12:45:59.025445
2025-09-04,43746,2025090405007403,TPC,Opal Securities Investment (PVT) Ltd.,R.B.B. Securities Company Ltd,200,329.0,65800.0,2025-09-04T12:45:59.025582
2025-09-04,43745,2025090405007404,TPC,Sundhara Securities Limited,R.B.B. Securities Company Ltd,50,327.0,16350.0,2025-09-04T12:45:59.025616
2025-09-04,43744,2025090405007405,TPC,Sundhara Securities Limited,R.B.B. Securities Company Ltd,100,327.0,32700.0,2025-09-04T12:45:59.025642
2025-09-04,43743,2025090405007406,TPC,Vision Securities Pvt. Ltd,R.B.B. Securities Company Ltd,10,327.0,3270.0,2025-09-04T12:45:59.025667
2025-09-04,43742,2025090405007407,TPC,Sumeru Securities Pvt. Ltd.,R.B.B. Securities Company Ltd,84,327.0,27468.0,2025-09-04T12:45:59.025696
2025-09-04,43610,2025090405007443,TPC,Sumeru Securities Pvt. Ltd.,R.B.B. Securities Company Ltd,416,327.0,136032.0,2025-09-04T12:46:26.110174
2025-09-04,43609,2025090405007444,TPC,Bhrikuti Stock Broking Co. Pvt. Ltd.,R.B.B. Securities Company Ltd,200,327.0,65400.0,2025-09-04T12:46:26.110213
2025-09-04,43608,2025090405007445,TPC,Primo Securities (PVT) Ltd.,R.B.B. Securities Company Ltd,98,327.0,32046.0,2025-09-04T12:46:26.110236
2025-09-04,43607,2025090405007446,TPC,J.F. Securites (PVT) Ltd.,R.B.B. Securities Company Ltd,170,326.6,55522.0,2025-09-04T12:46:26.110261
2025-09-04,43606,2025090405007447,TPC,Sumeru Securities Pvt. Ltd.,R.B.B. Securities Company Ltd,65,326.0,21190.0,2025-09-04T12:46:26.110285
2025-09-04,43605,2025090405007448,TPC,Kalika Securities Pvt. Ltd.,R.B.B. Securities Company Ltd,108,325.0,35100.0,2025-09-04T12:46:26.110309
2025-09-04,43287,2025090405007566,TPC,Kalika Securities Pvt. Ltd.,Arun Securities (PVT) Ltd.,10,325.0,3250.0,2025-09-04T12:47:31.44227
2025-09-04,40287,2025090405008504,TPC,Kalika Securities Pvt. Ltd.,Dipshikha Dhitopatra Karobar Co. Pvt Ltd.,10,325.0,3250.0,2025-09-04T12:57:51.885193
2025-09-04,39726,2025090405008710,TPC,Kalika Securities Pvt. Ltd.,R.B.B. Securities Company Ltd,72,325.0,23400.0,2025-09-04T13:00:10.54272
2025-09-04,39725,2025090405008711,TPC,Kalika Securities Pvt. Ltd.,R.B.B. Securities Company Ltd,428,325.0,139100.0,2025-09-04T13:00:10.542765
2025-09-04,37419,2025090405009442,TPC,Kalika Securities Pvt. Ltd.,R.B.B. Securities Company Ltd,72,325.0,23400.0,2025-09-04T13:08:38.975039
2025-09-04,37418,2025090405009443,TPC,Swarna Laxmi Securities Pvt. Ltd.,R.B.B. Securities Company Ltd,918,325.0,298350.0,2025-09-04T13:08:38.975107
2025-09-04,36734,2025090405009682,TPC,Sani Securities Company Ltd.,BHOLE GANESH SECURITIES LTD,150,325.1,48765.0,2025-09-04T13:11:27.51031
2025-09-04,36733,2025090405009683,TPC,Swarna Laxmi Securities Pvt. Ltd.,BHOLE GANESH SECURITIES LTD,82,325.0,26650.0,2025-09-04T13:11:27.510559
2025-09-04,36732,2025090405009684,TPC,Premier Securities Company Ltd.,BHOLE GANESH SECURITIES LTD,400,325.0,130000.0,2025-09-04T13:11:27.510668
2025-09-04,36731,2025090405009685,TPC,Ashutosh Brokerage & Securities (PVT) Ltd.,BHOLE GANESH SECURITIES LTD,193,325.0,62725.0,2025-09-04T13:11:27.510769
2025-09-04,35162,2025090405010158,TPC,Sani Securities Company Ltd.,Imperial Securities Company Pvt. Ltd.,150,325.1,48765.0,2025-09-04T13:18:35.484321
2025-09-04,35161,2025090405010159,TPC,Ashutosh Brokerage & Securities (PVT) Ltd.,Imperial Securities Company Pvt. Ltd.,307,325.0,99775.0,2025-09-04T13:18:35.484435
2025-09-04,35160,2025090405010160,TPC,Sumeru Securities Pvt. Ltd.,Imperial Securities Company Pvt. Ltd.,250,325.0,81250.0,2025-09-04T13:18:35.484474
2025-09-04,35159,2025090405010161,TPC,Naasa Securities Co. Ltd.,Imperial Securities Company Pvt. Ltd.,100,325.0,32500.0,2025-09-04T13:18:35.484505
2025-09-04,35158,2025090405010162,TPC,Cristal Kanchanjanga Securites Pvt. Ltd.,Imperial Securities Company Pvt. Ltd.,10,325.0,3250.0,2025-09-04T13:18:35.484535
2025-09-04,35157,2025090405010163,TPC,Online Securities Pvt. Ltd.,Imperial Securities Company Pvt. Ltd.,55,325.0,17875.0,2025-09-04T13:18:35.484582
2025-09-04,35156,2025090405010164,TPC,Cristal Kanchanjanga Securites Pvt. Ltd.,Imperial Securities Company Pvt. Ltd.,100,325.0,32500.0,2025-09-04T13:18:35.484614
2025-09-04,35155,2025090405010165,TPC,Online Securities Pvt. Ltd.,Imperial Securities Company Pvt. Ltd.,15,325.0,4875.0,2025-09-04T13:18:35.484652
2025-09-04,35154,2025090405010166,TPC,Linch Stock Market Ltd.,Imperial Securities Company Pvt. Ltd.,500,325.0,162500.0,2025-09-04T13:18:35.48468
2025-09-04,34857,2025090405010250,TPC,ABC Securities Private Limited,Asian Securities Private Ltd.,30,324.5,9735.0,2025-09-04T13:19:57.890621
2025-09-04,34856,2025090405010251,TPC,Sumeru Securities Pvt. Ltd.,Asian Securities Private Ltd.,300,324.0,97200.0,2025-09-04T13:19:57.890708
2025-09-04,34855,2025090405010252,TPC,Aryatara Investment & Securities,Asian Securities Private Ltd.,104,324.0,33696.0,2025-09-04T13:19:57.890745
2025-09-04,34854,2025090405010253,TPC,Linch Stock Market Ltd.,Asian Securities Private Ltd.,305,324.0,98820.0,2025-09-04T13:19:57.890779
2025-09-04,34853,2025090405010254,TPC,Sumeru Securities Pvt. Ltd.,Asian Securities Private Ltd.,200,324.0,64800.0,2025-09-04T13:19:57.890812
2025-09-04,34832,2025090405010262,TPC,ABC Securities Private Limited,Aakashbhairab Securities Ltd.,10,320.0,3200.0,2025-09-04T13:20:06.789963
2025-09-04,34735,2025090405010280,TPC,ABC Securities Private Limited,Asian Securities Private Ltd.,15,320.0,4800.0,2025-09-04T13:20:34.047352
2025-09-04,34734,2025090405010281,TPC,Naasa Securities Co. Ltd.,Asian Securities Private Ltd.,15,320.0,4800.0,2025-09-04T13:20:34.047423
2025-09-04,34733,2025090405010282,TPC,Bhrikuti Stock Broking Co. Pvt. Ltd.,Asian Securities Private Ltd.,31,320.0,9920.0,2025-09-04T13:20:34.047457
2025-09-04,32407,2025090405011033,TPC,Sani Securities Company Ltd.,ABC Securities Private Limited,10,322.0,3220.0,2025-09-04T13:30:45.776682
2025-09-04,31937,2025090405011163,TPC,Nepal Stock House (PVT) Ltd.,Cristal Kanchanjanga Securites Pvt. Ltd.,30,328.0,9840.0,2025-09-04T13:32:54.93725
2025-09-04,30253,2025090405011665,TPC,MILKY WAY SHARE BROKER COMPANY LTD ,Cristal Kanchanjanga Securites Pvt. Ltd.,200,326.0,65200.0,2025-09-04T13:39:52.653728
2025-09-04,26770,2025090405012630,TPC,Cristal Kanchanjanga Securites Pvt. Ltd.,ABC Securities Private Limited,100,323.6,32360.0,2025-09-04T13:52:46.172488
2025-09-04,26769,2025090405012631,TPC,Naasa Securities Co. Ltd.,ABC Securities Private Limited,100,323.5,32350.0,2025-09-04T13:52:46.172688
2025-09-04,26619,2025090405012680,TPC,Cristal Kanchanjanga Securites Pvt. Ltd.,Agrawal Securities (PVT) Ltd.,10,322.1,3221.0,2025-09-04T13:53:26.409882
2025-09-04,25671,2025090405012948,TPC,Nepal Stock House (PVT) Ltd.,Cristal Kanchanjanga Securites Pvt. Ltd.,210,326.0,68460.0,2025-09-04T13:57:19.032767
2025-09-04,24387,2025090405013316,TPC,Dipshikha Dhitopatra Karobar Co. Pvt Ltd.,Cristal Kanchanjanga Securites Pvt. Ltd.,100,326.0,32600.0,2025-09-04T14:02:20.734043
2025-09-04,21813,2025090405014088,TPC,Nabil Stock Dealer Ltd.,Cristal Kanchanjanga Securites Pvt. Ltd.,50,324.0,16200.0,2025-09-04T14:12:10.985859
2025-09-04,21035,2025090405014290,TPC,Sani Securities Company Ltd.,Nepal Stock House (PVT) Ltd.,100,324.0,32400.0,2025-09-04T14:15:08.568586
2025-09-04,19656,2025090405014768,TPC,Sani Securities Company Ltd.,ABC Securities Private Limited,10,325.0,3250.0,2025-09-04T14:19:49.057133
2025-09-04,19012,2025090405014963,TPC,Dakshinkali Investment & Securities Pvt. Ltd.,Sri Hari Securities Pvt. Ltd.,90,325.5,29295.0,2025-09-04T14:22:06.321008
2025-09-04,18895,2025090405015009,TPC,Vision Securities Pvt. Ltd,Dakshinkali Investment & Securities Pvt. Ltd.,200,325.9,65180.0,2025-09-04T14:22:30.267212
2025-09-04,17003,2025090405015532,TPC,Sani Securities Company Ltd.,Cristal Kanchanjanga Securites Pvt. Ltd.,200,324.0,64800.0,2025-09-04T14:28:57.582681
2025-09-04,15260,2025090405016081,TPC,Dakshinkali Investment & Securities Pvt. Ltd.,Investment Management Nepal Pvt. Ltd.,10,324.1,3241.0,2025-09-04T14:33:54.88541
2025-09-04,15259,2025090405016082,TPC,Sani Securities Company Ltd.,Investment Management Nepal Pvt. Ltd.,95,324.0,30780.0,2025-09-04T14:33:54.88567
2025-09-04,15125,2025090405016115,TPC,Sani Securities Company Ltd.,Creative Securities Pvt Ltd,100,326.0,32600.0,2025-09-04T14:34:16.866439
2025-09-04,15124,2025090405016116,TPC,Sani Securities Company Ltd.,Cristal Kanchanjanga Securites Pvt. Ltd.,60,326.0,19560.0,2025-09-04T14:34:16.866626
2025-09-04,14546,2025090405016284,TPC,Sani Securities Company Ltd.,Online Securities Pvt. Ltd.,10,327.0,3270.0,2025-09-04T14:35:41.996458
2025-09-04,6802,2025090405018628,TPC,Trishakti Securities Public Limited,Neev Securities Pvt. Ltd.,150,326.0,48900.0,2025-09-04T14:52:55.174696
2025-09-04,4045,2025090405019385,TPC,Sani Securities Company Ltd.,Vision Securities Pvt. Ltd,10,328.0,3280.0,2025-09-04T14:56:44.437163
2025-09-04,3867,2025090405019431,TPC,Kohinoor Investment & Securities Pvt. Ltd.,Vision Securities Pvt. Ltd,15,328.0,4920.0,2025-09-04T14:56:54.645738
2025-09-04,3866,2025090405019432,TPC,Kohinoor Investment & Securities Pvt. Ltd.,Trisul Securities & Invt. Ltd.,85,328.0,27880.0,2025-09-04T14:56:54.645925
2025-09-04,3362,2025090405019599,TPC,Kumari Securities Private Limited,Trisul Securities & Invt. Ltd.,15,328.0,4920.0,2025-09-04T14:57:29.259681
2025-09-04,3361,2025090405019600,TPC,Kumari Securities Private Limited,Sani Securities Company Ltd.,10,328.3,3283.0,2025-09-04T14:57:29.259811
2025-09-04,3360,2025090405019601,TPC,Kumari Securities Private Limited,Primo Securities (PVT) Ltd.,200,328.8,65760.0,2025-09-04T14:57:29.259877
2025-09-04,822,2025090405020369,TPC,Secured Securities Ltd.,Himalayan Brokerage Company Limited,200,331.0,66200.0,2025-09-04T14:59:33.212184
2025-09-04,821,2025090405020370,TPC,Secured Securities Ltd.,Secured Securities Ltd.,45,331.0,14895.0,2025-09-04T14:59:33.212243
2025-09-04,820,2025090405020371,TPC,Secured Securities Ltd.,Malla & Malla Stock Broking Company Pvt. Limited,267,331.5,88510.5,2025-09-04T14:59:33.212275
