Date,S.N.,Contract ID,Symbol,Buyer Broker,Seller Broker,quantity,rate,amount,transaction_time
2025-09-04,69008,2025090404000007,UMHL,Thrive Brokerage House Pvt. Ltd,Capital Max Securities Ltd,100,570.0,57000.0,2025-09-04T10:46:00.031048
2025-09-04,69007,2025090404000008,UMHL,Capital Max Securities Ltd,Capital Max Securities Ltd,1000,570.0,570000.0,2025-09-04T10:46:00.031089
2025-09-04,69006,2025090404000009,UMHL,Citizens Share Broker Limited,Capital Max Securities Ltd,1300,570.0,741000.0,2025-09-04T10:46:00.031124
2025-09-04,69005,2025090404000010,UMHL,Nagarik Stock Dealer ,Capital Max Securities Ltd,1000,570.0,570000.0,2025-09-04T10:46:00.03116
2025-09-04,69004,2025090404000011,UMHL,Nagarik Stock Dealer ,Capital Max Securities Ltd,1000,570.0,570000.0,2025-09-04T10:46:00.031216
2025-09-04,69003,2025090404000012,UMHL,J.F. Securites (PVT) Ltd.,Capital Max Securities Ltd,1000,570.0,570000.0,2025-09-04T10:46:00.031262
2025-09-04,69002,2025090404000013,UMHL,SHUBHAKAMANA SECURITIES PVT. LTD,Capital Max Securities Ltd,400,570.0,228000.0,2025-09-04T10:46:00.031323
2025-09-04,69001,2025090404000014,UMHL,Nepal Investment And Securities Trading Private Limited,Capital Max Securities Ltd,10,570.0,5700.0,2025-09-04T10:46:00.031355
2025-09-04,69000,2025090404000015,UMHL,Bhrikuti Stock Broking Co. Pvt. Ltd.,Capital Max Securities Ltd,100,570.0,57000.0,2025-09-04T10:46:00.031375
2025-09-04,68999,2025090404000016,UMHL,Capital Max Securities Ltd,Capital Max Securities Ltd,2000,570.0,1140000.0,2025-09-04T10:46:00.031393
2025-09-04,68998,2025090404000017,UMHL,Capital Max Securities Ltd,Capital Max Securities Ltd,4000,570.0,2280000.0,2025-09-04T10:46:00.031419
2025-09-04,68997,2025090404000018,UMHL,Capital Max Securities Ltd,Capital Max Securities Ltd,3000,570.0,1710000.0,2025-09-04T10:46:00.031451
2025-09-04,68996,2025090404000019,UMHL,Capital Max Securities Ltd,Capital Max Securities Ltd,2000,570.0,1140000.0,2025-09-04T10:46:00.031484
2025-09-04,68995,2025090404000020,UMHL,Capital Max Securities Ltd,Capital Max Securities Ltd,90,570.0,51300.0,2025-09-04T10:46:00.031515
2025-09-04,68930,2025090404000044,UMHL,Trishakti Securities Public Limited,Elite Stock House Limited,535,578.0,309230.0,2025-09-04T11:00:35.82127
2025-09-04,68892,2025090404000052,UMHL,Pragyan Securities (PVT) Ltd.,Capital Max Securities Ltd,30,570.2,17106.0,2025-09-04T11:01:03.284791
2025-09-04,68891,2025090404000053,UMHL,Property Wiard Limited,Capital Max Securities Ltd,200,570.2,114040.0,2025-09-04T11:01:03.28488
2025-09-04,68890,2025090404000054,UMHL,Trishakti Securities Public Limited,Capital Max Securities Ltd,1000,570.1,570100.0,2025-09-04T11:01:03.284911
2025-09-04,68889,2025090404000055,UMHL,Nabil Stock Dealer Ltd.,Capital Max Securities Ltd,100,570.1,57010.0,2025-09-04T11:01:03.284936
2025-09-04,68888,2025090404000056,UMHL,Capital Max Securities Ltd,Capital Max Securities Ltd,1910,570.0,1088700.0,2025-09-04T11:01:03.284964
2025-09-04,68887,2025090404000057,UMHL,Capital Max Securities Ltd,Capital Max Securities Ltd,2000,570.0,1140000.0,2025-09-04T11:01:03.285003
2025-09-04,68886,2025090404000058,UMHL,Capital Max Securities Ltd,Capital Max Securities Ltd,1760,570.0,1003200.0,2025-09-04T11:01:03.285027
2025-09-04,68850,2025090404000070,UMHL,Trishakti Securities Public Limited,Capital Max Securities Ltd,400,571.0,228400.0,2025-09-04T11:01:28.356851
2025-09-04,68829,2025090404000074,UMHL,Asian Securities Private Ltd.,Capital Max Securities Ltd,200,571.1,114220.0,2025-09-04T11:01:38.38649
2025-09-04,68828,2025090404000075,UMHL,Trishakti Securities Public Limited,Capital Max Securities Ltd,100,571.0,57100.0,2025-09-04T11:01:38.386589
2025-09-04,68827,2025090404000076,UMHL,Bhrikuti Stock Broking Co. Pvt. Ltd.,Capital Max Securities Ltd,1000,570.5,570500.0,2025-09-04T11:01:38.386665
2025-09-04,68826,2025090404000077,UMHL,Trishakti Securities Public Limited,Capital Max Securities Ltd,2700,570.4,1540080.0,2025-09-04T11:01:38.386738
2025-09-04,68455,2025090404000205,UMHL,Naasa Securities Co. Ltd.,Capital Max Securities Ltd,500,572.6,286300.0,2025-09-04T11:04:01.224694
2025-09-04,68454,2025090404000206,UMHL,Trisul Securities & Invt. Ltd.,Capital Max Securities Ltd,15,572.5,8587.5,2025-09-04T11:04:01.224804
2025-09-04,68453,2025090404000207,UMHL,Kohinoor Investment & Securities Pvt. Ltd.,Capital Max Securities Ltd,100,572.1,57210.0,2025-09-04T11:04:01.224847
2025-09-04,68452,2025090404000208,UMHL,Sumeru Securities Pvt. Ltd.,Capital Max Securities Ltd,490,572.0,280280.0,2025-09-04T11:04:01.224889
2025-09-04,68451,2025090404000209,UMHL,Roadshow securities limited,Capital Max Securities Ltd,200,572.0,114400.0,2025-09-04T11:04:01.224928
2025-09-04,68450,2025090404000210,UMHL,Kohinoor Investment & Securities Pvt. Ltd.,Capital Max Securities Ltd,300,572.0,171600.0,2025-09-04T11:04:01.224988
2025-09-04,68449,2025090404000211,UMHL,Sumeru Securities Pvt. Ltd.,Capital Max Securities Ltd,395,572.0,225940.0,2025-09-04T11:04:01.225099
2025-09-04,68429,2025090404000215,UMHL,Sumeru Securities Pvt. Ltd.,Capital Max Securities Ltd,1605,572.0,918060.0,2025-09-04T11:04:11.253015
2025-09-04,68428,2025090404000216,UMHL,Sani Securities Company Ltd.,Capital Max Securities Ltd,100,572.0,57200.0,2025-09-04T11:04:11.253056
2025-09-04,68427,2025090404000217,UMHL,Sri Hari Securities Pvt. Ltd.,Capital Max Securities Ltd,1000,571.4,571400.0,2025-09-04T11:04:11.253086
2025-09-04,68426,2025090404000218,UMHL,Trishakti Securities Public Limited,Capital Max Securities Ltd,800,571.3,457040.0,2025-09-04T11:04:11.25311
2025-09-04,68425,2025090404000219,UMHL,Bhrikuti Stock Broking Co. Pvt. Ltd.,Capital Max Securities Ltd,1495,571.3,854093.5,2025-09-04T11:04:11.253134
2025-09-04,68370,2025090404000228,UMHL,Bhrikuti Stock Broking Co. Pvt. Ltd.,Capital Max Securities Ltd,1505,571.3,859806.5,2025-09-04T11:04:18.776832
2025-09-04,68369,2025090404000229,UMHL,Bhrikuti Stock Broking Co. Pvt. Ltd.,Capital Max Securities Ltd,495,571.2,282744.0,2025-09-04T11:04:18.776916
2025-09-04,68333,2025090404000247,UMHL,Asian Securities Private Ltd.,Capital Max Securities Ltd,200,572.1,114420.0,2025-09-04T11:04:33.823983
2025-09-04,68279,2025090404000262,UMHL,Kohinoor Investment & Securities Pvt. Ltd.,Naasa Securities Co. Ltd.,300,572.2,171660.0,2025-09-04T11:04:55.295626
2025-09-04,68278,2025090404000263,UMHL,Capital Max Securities Ltd,Naasa Securities Co. Ltd.,150,572.2,85830.0,2025-09-04T11:04:55.295733
2025-09-04,68048,2025090404000342,UMHL,Nepal Stock House (PVT) Ltd.,Trisul Securities & Invt. Ltd.,50,578.8,28940.0,2025-09-04T11:06:06.245304
2025-09-04,67989,2025090404000359,UMHL,Capital Max Securities Ltd,Capital Max Securities Ltd,200,573.3,114660.0,2025-09-04T11:06:26.601486
2025-09-04,67926,2025090404000375,UMHL,Citizens Share Broker Limited,Capital Max Securities Ltd,10,575.0,5750.0,2025-09-04T11:06:49.157379
2025-09-04,67230,2025090404000506,UMHL,Sri Hari Securities Pvt. Ltd.,Online Securities Pvt. Ltd.,495,575.2,284724.0,2025-09-04T11:09:48.263525
2025-09-04,66729,2025090404000671,UMHL,Property Wiard Limited,Imperial Securities Company Pvt. Ltd.,100,575.3,57530.0,2025-09-04T11:11:45.196152
2025-09-04,65686,2025090404000944,UMHL,Property Wiard Limited,Stoxkarts Securities Limited,400,575.3,230120.0,2025-09-04T11:15:26.159968
2025-09-04,65685,2025090404000945,UMHL,Kohinoor Investment & Securities Pvt. Ltd.,Stoxkarts Securities Limited,100,575.1,57510.0,2025-09-04T11:15:26.160072
2025-09-04,65662,2025090404000950,UMHL,Thrive Brokerage House Pvt. Ltd,Capital Max Securities Ltd,10,576.9,5769.0,2025-09-04T11:15:30.345964
2025-09-04,65544,2025090404000971,UMHL,Sumeru Securities Pvt. Ltd.,Capital Max Securities Ltd,10,576.0,5760.0,2025-09-04T11:16:00.217855
2025-09-04,65468,2025090404000999,UMHL,Capital Max Securities Ltd,Siprabi Securities Pvt. Ltd.,45,575.3,25888.5,2025-09-04T11:16:15.441938
2025-09-04,65467,2025090404001000,UMHL,Capital Max Securities Ltd,Capital Max Securities Ltd,20,576.0,11520.0,2025-09-04T11:16:15.442095
2025-09-04,65325,2025090404001036,UMHL,Property Wiard Limited,Kohinoor Investment & Securities Pvt. Ltd.,50,577.0,28850.0,2025-09-04T11:16:47.564268
2025-09-04,65324,2025090404001037,UMHL,Property Wiard Limited,Aryatara Investment & Securities,950,577.0,548150.0,2025-09-04T11:16:47.564402
2025-09-04,64669,2025090404001173,UMHL,Capital Max Securities Ltd,Online Securities Pvt. Ltd.,10,575.4,5754.0,2025-09-04T11:19:08.567132
2025-09-04,64447,2025090404001229,UMHL,Capital Max Securities Ltd,SUN SECURITIES PVT LTD,200,575.4,115080.0,2025-09-04T11:20:05.812082
2025-09-04,64446,2025090404001230,UMHL,Kohinoor Investment & Securities Pvt. Ltd.,SUN SECURITIES PVT LTD,550,575.1,316305.0,2025-09-04T11:20:05.812345
2025-09-04,64022,2025090404001337,UMHL,Sharepro Securities Private Limited,Naasa Securities Co. Ltd.,16,577.0,9232.0,2025-09-04T11:21:36.017852
2025-09-04,64021,2025090404001338,UMHL,Sharepro Securities Private Limited,Aryatara Investment & Securities,84,577.0,48468.0,2025-09-04T11:21:36.018107
2025-09-04,63831,2025090404001353,UMHL,Trishakti Securities Public Limited,Aryatara Investment & Securities,200,577.0,115400.0,2025-09-04T11:22:26.201742
2025-09-04,63752,2025090404001370,UMHL,Citizens Share Broker Limited,Capital Max Securities Ltd,10,575.3,5753.0,2025-09-04T11:22:46.203014
2025-09-04,63526,2025090404001428,UMHL,Capital Max Securities Ltd,Online Securities Pvt. Ltd.,2100,576.9,1211490.0,2025-09-04T11:23:41.308327
2025-09-04,63382,2025090404001475,UMHL,Linch Stock Market Ltd.,Aryatara Investment & Securities,500,577.0,288500.0,2025-09-04T11:24:15.601504
2025-09-04,62665,2025090404001620,UMHL,Citizens Share Broker Limited,Aryatara Investment & Securities,82,575.3,47174.6,2025-09-04T11:27:37.392854
2025-09-04,62651,2025090404001627,UMHL,Capital Max Securities Ltd,Primo Securities (PVT) Ltd.,200,576.9,115380.0,2025-09-04T11:27:44.258738
2025-09-04,62386,2025090404001701,UMHL,Naasa Securities Co. Ltd.,Aryatara Investment & Securities,100,577.0,57700.0,2025-09-04T11:28:48.227193
2025-09-04,59079,2025090404002382,UMHL,Citizens Share Broker Limited,Trishakti Securities Public Limited,300,576.0,172800.0,2025-09-04T11:42:18.286855
2025-09-04,58923,2025090404002426,UMHL,Citizens Share Broker Limited,Citizens Share Broker Limited,98,576.0,56448.0,2025-09-04T11:43:18.684671
2025-09-04,58922,2025090404002427,UMHL,Midas Stock Broking Company Private Limited,Citizens Share Broker Limited,10,575.6,5756.0,2025-09-04T11:43:18.684746
2025-09-04,58921,2025090404002428,UMHL,Imperial Securities Company Pvt. Ltd.,Citizens Share Broker Limited,92,575.6,52955.2,2025-09-04T11:43:18.684796
2025-09-04,58488,2025090404002528,UMHL,Imperial Securities Company Pvt. Ltd.,Kohinoor Investment & Securities Pvt. Ltd.,408,575.6,234844.8,2025-09-04T11:45:38.113865
2025-09-04,58157,2025090404002615,UMHL,Bhrikuti Stock Broking Co. Pvt. Ltd.,Property Wiard Limited,10,575.5,5755.0,2025-09-04T11:47:14.110554
2025-09-04,58033,2025090404002637,UMHL,Bhrikuti Stock Broking Co. Pvt. Ltd.,Cristal Kanchanjanga Securites Pvt. Ltd.,230,575.5,132365.0,2025-09-04T11:47:51.808251
2025-09-04,58032,2025090404002638,UMHL,Dipshikha Dhitopatra Karobar Co. Pvt Ltd.,Cristal Kanchanjanga Securites Pvt. Ltd.,500,575.4,287700.0,2025-09-04T11:47:51.808407
2025-09-04,58031,2025090404002639,UMHL,Capital Max Securities Ltd,Cristal Kanchanjanga Securites Pvt. Ltd.,2000,575.3,1150600.0,2025-09-04T11:47:51.808473
2025-09-04,58030,2025090404002640,UMHL,Capital Max Securities Ltd,Cristal Kanchanjanga Securites Pvt. Ltd.,5000,575.2,2876000.0,2025-09-04T11:47:51.808539
2025-09-04,58029,2025090404002641,UMHL,Kohinoor Investment & Securities Pvt. Ltd.,Cristal Kanchanjanga Securites Pvt. Ltd.,350,575.1,201285.0,2025-09-04T11:47:51.808602
2025-09-04,58028,2025090404002642,UMHL,Capital Max Securities Ltd,Cristal Kanchanjanga Securites Pvt. Ltd.,2000,575.1,1150200.0,2025-09-04T11:47:51.808665
2025-09-04,58027,2025090404002643,UMHL,Capital Max Securities Ltd,Cristal Kanchanjanga Securites Pvt. Ltd.,4920,575.0,2829000.0,2025-09-04T11:47:51.808731
2025-09-04,57951,2025090404002654,UMHL,Capital Max Securities Ltd,Cristal Kanchanjanga Securites Pvt. Ltd.,5000,575.0,2875000.0,2025-09-04T11:48:09.350798
2025-09-04,57788,2025090404002682,UMHL,Capital Max Securities Ltd,Property Wiard Limited,10,575.0,5750.0,2025-09-04T11:48:56.72008
2025-09-04,57394,2025090404002767,UMHL,Capital Max Securities Ltd,Citizens Share Broker Limited,500,576.8,288400.0,2025-09-04T11:51:10.286299
2025-09-04,57393,2025090404002768,UMHL,Capital Max Securities Ltd,Dynamic Money Managers Securities Pvt. Ltd.,2287,576.8,1319141.6,2025-09-04T11:51:10.286489
2025-09-04,57392,2025090404002769,UMHL,Capital Max Securities Ltd,K.B.L. Securities Limited ,500,576.9,288450.0,2025-09-04T11:51:10.286559
2025-09-04,57072,2025090404002816,UMHL,Aakashbhairab Securities Ltd.,Shree Krishna Securities Ltd.,284,575.1,163328.4,2025-09-04T11:52:39.184228
2025-09-04,55628,2025090404003164,UMHL,Capital Max Securities Ltd,Sani Securities Company Ltd.,64,576.0,36864.0,2025-09-04T11:58:59.41139
2025-09-04,55627,2025090404003165,UMHL,Capital Max Securities Ltd,Kalika Securities Pvt. Ltd.,26,576.0,14976.0,2025-09-04T11:58:59.411493
2025-09-04,54777,2025090404003367,UMHL,Oxford Securities Pvt. Ltd.,Citizens Share Broker Limited,200,576.9,115380.0,2025-09-04T12:02:07.841212
2025-09-04,54776,2025090404003368,UMHL,Oxford Securities Pvt. Ltd.,Aryatara Investment & Securities,166,577.0,95782.0,2025-09-04T12:02:07.841253
2025-09-04,54775,2025090404003369,UMHL,Oxford Securities Pvt. Ltd.,Sri Hari Securities Pvt. Ltd.,634,577.0,365818.0,2025-09-04T12:02:07.841279
2025-09-04,54463,2025090404003479,UMHL,Oxford Securities Pvt. Ltd.,Sri Hari Securities Pvt. Ltd.,366,577.0,211182.0,2025-09-04T12:03:14.250026
2025-09-04,54462,2025090404003480,UMHL,Oxford Securities Pvt. Ltd.,Vision Securities Pvt. Ltd,400,577.0,230800.0,2025-09-04T12:03:14.25011
2025-09-04,54461,2025090404003481,UMHL,Oxford Securities Pvt. Ltd.,Dipshikha Dhitopatra Karobar Co. Pvt Ltd.,214,577.0,123478.0,2025-09-04T12:03:14.250155
2025-09-04,54460,2025090404003482,UMHL,Oxford Securities Pvt. Ltd.,Asian Securities Private Ltd.,20,577.0,11540.0,2025-09-04T12:03:14.250181
2025-09-04,54367,2025090404003489,UMHL,Oxford Securities Pvt. Ltd.,Asian Securities Private Ltd.,30,577.0,17310.0,2025-09-04T12:03:39.384173
2025-09-04,54353,2025090404003492,UMHL,Oxford Securities Pvt. Ltd.,Capital Max Securities Ltd,70,577.0,40390.0,2025-09-04T12:03:45.48946
2025-09-04,54352,2025090404003493,UMHL,Imperial Securities Company Pvt. Ltd.,Capital Max Securities Ltd,10,575.4,5754.0,2025-09-04T12:03:45.48957
2025-09-04,54250,2025090404003515,UMHL,Citizens Share Broker Limited,Midas Stock Broking Company Private Limited,10,577.5,5775.0,2025-09-04T12:04:06.91948
2025-09-04,54249,2025090404003516,UMHL,Citizens Share Broker Limited,Investment Management Nepal Pvt. Ltd.,10,578.0,5780.0,2025-09-04T12:04:06.919585
2025-09-04,54248,2025090404003517,UMHL,Citizens Share Broker Limited,South Asian Bulls Pvt. Ltd.,10,578.7,5787.0,2025-09-04T12:04:06.91967
2025-09-04,54216,2025090404003527,UMHL,Imperial Securities Company Pvt. Ltd.,Capital Max Securities Ltd,10,575.4,5754.0,2025-09-04T12:04:13.57851
2025-09-04,53864,2025090404003615,UMHL,Imperial Securities Company Pvt. Ltd.,Citizens Share Broker Limited,30,575.4,17262.0,2025-09-04T12:05:21.102149
2025-09-04,52375,2025090404004074,UMHL,Citizens Share Broker Limited,ABC Securities Private Limited,100,577.0,57700.0,2025-09-04T12:11:44.371648
2025-09-04,52019,2025090404004178,UMHL,Citizens Share Broker Limited,Sumeru Securities Pvt. Ltd.,200,576.0,115200.0,2025-09-04T12:13:01.794752
2025-09-04,51462,2025090404004335,UMHL,Citizens Share Broker Limited,Kohinoor Investment & Securities Pvt. Ltd.,300,576.0,172800.0,2025-09-04T12:15:29.719478
2025-09-04,50853,2025090404004487,UMHL,Citizens Share Broker Limited,Thrive Brokerage House Pvt. Ltd,100,575.8,57580.0,2025-09-04T12:18:20.624802
2025-09-04,49999,2025090404004661,UMHL,Asian Securities Private Ltd.,Trisul Securities & Invt. Ltd.,100,576.9,57690.0,2025-09-04T12:22:12.447589
2025-09-04,49134,2025090404004852,UMHL,Sumeru Securities Pvt. Ltd.,Sanima Securities Limited,500,575.8,287900.0,2025-09-04T12:26:10.351646
2025-09-04,48482,2025090404004993,UMHL,Capital Max Securities Ltd,Dynamic Money Managers Securities Pvt. Ltd.,500,576.8,288400.0,2025-09-04T12:29:08.956587
2025-09-04,48481,2025090404004994,UMHL,Capital Max Securities Ltd,Dynamic Money Managers Securities Pvt. Ltd.,500,576.8,288400.0,2025-09-04T12:29:08.956792
2025-09-04,48480,2025090404004995,UMHL,Capital Max Securities Ltd,Dynamic Money Managers Securities Pvt. Ltd.,100,576.8,57680.0,2025-09-04T12:29:08.956873
2025-09-04,48479,2025090404004996,UMHL,Capital Max Securities Ltd,Dynamic Money Managers Securities Pvt. Ltd.,200,576.8,115360.0,2025-09-04T12:29:08.956953
2025-09-04,48478,2025090404004997,UMHL,Capital Max Securities Ltd,Dynamic Money Managers Securities Pvt. Ltd.,200,576.8,115360.0,2025-09-04T12:29:08.957028
2025-09-04,48477,2025090404004998,UMHL,Capital Max Securities Ltd,Trisul Securities & Invt. Ltd.,850,576.9,490365.0,2025-09-04T12:29:08.957099
2025-09-04,48476,2025090404004999,UMHL,Capital Max Securities Ltd,Citizens Share Broker Limited,500,576.9,288450.0,2025-09-04T12:29:08.95719
2025-09-04,46658,2025090404005524,UMHL,Capital Max Securities Ltd,Kohinoor Investment & Securities Pvt. Ltd.,300,576.9,173070.0,2025-09-04T12:35:53.412518
2025-09-04,46088,2025090404005668,UMHL,Capital Max Securities Ltd,Asian Securities Private Ltd.,200,576.9,115380.0,2025-09-04T12:37:51.806374
2025-09-04,45266,2025090404005863,UMHL,Citizens Share Broker Limited,Sundhara Securities Limited,100,576.0,57600.0,2025-09-04T12:40:55.50964
2025-09-04,45265,2025090404005864,UMHL,Capital Max Securities Ltd,Sundhara Securities Limited,20,576.0,11520.0,2025-09-04T12:40:55.509852
2025-09-04,45200,2025090404005892,UMHL,Capital Max Securities Ltd,Sundhara Securities Limited,380,576.0,218880.0,2025-09-04T12:41:13.541066
2025-09-04,45199,2025090404005893,UMHL,Capital Max Securities Ltd,ABC Securities Private Limited,10,577.0,5770.0,2025-09-04T12:41:13.541187
2025-09-04,44772,2025090404005994,UMHL,Sumeru Securities Pvt. Ltd.,ABC Securities Private Limited,290,577.0,167330.0,2025-09-04T12:42:43.741738
2025-09-04,44771,2025090404005995,UMHL,Sumeru Securities Pvt. Ltd.,Opal Securities Investment (PVT) Ltd.,42,577.0,24234.0,2025-09-04T12:42:43.741969
2025-09-04,44770,2025090404005996,UMHL,Sumeru Securities Pvt. Ltd.,Asian Securities Private Ltd.,100,577.0,57700.0,2025-09-04T12:42:43.742057
2025-09-04,43963,2025090404006178,UMHL,Citizens Share Broker Limited,Vision Securities Pvt. Ltd,100,576.0,57600.0,2025-09-04T12:45:19.399378
2025-09-04,43962,2025090404006179,UMHL,Imperial Securities Company Pvt. Ltd.,Vision Securities Pvt. Ltd,318,575.9,183136.2,2025-09-04T12:45:19.399762
2025-09-04,43859,2025090404006202,UMHL,Aakashbhairab Securities Ltd.,Vision Securities Pvt. Ltd,82,575.8,47215.6,2025-09-04T12:45:38.527591
2025-09-04,42070,2025090404006578,UMHL,Naasa Securities Co. Ltd.,Cristal Kanchanjanga Securites Pvt. Ltd.,50,576.0,28800.0,2025-09-04T12:51:31.50375
2025-09-04,42057,2025090404006584,UMHL,Naasa Securities Co. Ltd.,Sundhara Securities Limited,45,576.0,25920.0,2025-09-04T12:51:33.839651
2025-09-04,42056,2025090404006585,UMHL,Aakashbhairab Securities Ltd.,Sundhara Securities Limited,134,575.8,77157.2,2025-09-04T12:51:33.839897
2025-09-04,42055,2025090404006586,UMHL,Sumeru Securities Pvt. Ltd.,Sundhara Securities Limited,461,575.8,265443.8,2025-09-04T12:51:33.839987
2025-09-04,41702,2025090404006652,UMHL,Sumeru Securities Pvt. Ltd.,Oxford Securities Pvt. Ltd.,39,575.8,22456.2,2025-09-04T12:52:50.059034
2025-09-04,41701,2025090404006653,UMHL,Citizens Share Broker Limited,Oxford Securities Pvt. Ltd.,50,575.7,28785.0,2025-09-04T12:52:50.059144
2025-09-04,41700,2025090404006654,UMHL,Citizens Share Broker Limited,Oxford Securities Pvt. Ltd.,100,575.7,57570.0,2025-09-04T12:52:50.05922
2025-09-04,41699,2025090404006655,UMHL,Citizens Share Broker Limited,Oxford Securities Pvt. Ltd.,11,575.7,6332.7,2025-09-04T12:52:50.059284
2025-09-04,39229,2025090404007293,UMHL,Capital Max Securities Ltd,Trishakti Securities Public Limited,334,576.0,192384.0,2025-09-04T13:02:02.099664
2025-09-04,39222,2025090404007294,UMHL,Capital Max Securities Ltd,Nagarik Stock Dealer ,1200,576.0,691200.0,2025-09-04T13:02:02.327856
2025-09-04,38084,2025090404007559,UMHL,Dipshikha Dhitopatra Karobar Co. Pvt Ltd.,Sundhara Securities Limited,20,577.0,11540.0,2025-09-04T13:06:17.17342
2025-09-04,38036,2025090404007588,UMHL,Online Securities Pvt. Ltd.,Sundhara Securities Limited,80,577.0,46160.0,2025-09-04T13:06:24.428176
2025-09-04,38035,2025090404007589,UMHL,Online Securities Pvt. Ltd.,Kohinoor Investment & Securities Pvt. Ltd.,20,577.0,11540.0,2025-09-04T13:06:24.428468
2025-09-04,37974,2025090404007607,UMHL,Dipshikha Dhitopatra Karobar Co. Pvt Ltd.,Kohinoor Investment & Securities Pvt. Ltd.,100,577.0,57700.0,2025-09-04T13:06:37.323683
2025-09-04,36952,2025090404007861,UMHL,Capital Max Securities Ltd,J.F. Securites (PVT) Ltd.,200,576.5,115300.0,2025-09-04T13:10:34.053161
2025-09-04,36951,2025090404007862,UMHL,Capital Max Securities Ltd,J.F. Securites (PVT) Ltd.,100,576.9,57690.0,2025-09-04T13:10:34.053205
2025-09-04,36950,2025090404007863,UMHL,Capital Max Securities Ltd,Kohinoor Investment & Securities Pvt. Ltd.,10,577.0,5770.0,2025-09-04T13:10:34.053237
2025-09-04,36117,2025090404008024,UMHL,Sewa Securities Pvt. Ltd.,Kohinoor Investment & Securities Pvt. Ltd.,50,577.0,28850.0,2025-09-04T13:14:18.906843
2025-09-04,35418,2025090404008145,UMHL,Capital Max Securities Ltd,Dipshikha Dhitopatra Karobar Co. Pvt Ltd.,200,576.9,115380.0,2025-09-04T13:17:22.708478
2025-09-04,35373,2025090404008159,UMHL,Capital Max Securities Ltd,Vision Securities Pvt. Ltd,200,576.8,115360.0,2025-09-04T13:17:37.765917
2025-09-04,35372,2025090404008160,UMHL,Capital Max Securities Ltd,Dipshikha Dhitopatra Karobar Co. Pvt Ltd.,1300,576.9,749970.0,2025-09-04T13:17:37.766203
2025-09-04,34556,2025090404008356,UMHL,Sumeru Securities Pvt. Ltd.,Pragyan Securities (PVT) Ltd.,100,575.8,57580.0,2025-09-04T13:21:17.304968
2025-09-04,34555,2025090404008357,UMHL,Citizens Share Broker Limited,Pragyan Securities (PVT) Ltd.,89,575.7,51237.3,2025-09-04T13:21:17.305448
2025-09-04,34554,2025090404008358,UMHL,Citizens Share Broker Limited,Pragyan Securities (PVT) Ltd.,61,575.7,35117.7,2025-09-04T13:21:17.305764
2025-09-04,34325,2025090404008407,UMHL,Capital Max Securities Ltd,Nepal Investment And Securities Trading Private Limited,1000,576.0,576000.0,2025-09-04T13:22:29.024841
2025-09-04,34324,2025090404008408,UMHL,Capital Max Securities Ltd,Kohinoor Investment & Securities Pvt. Ltd.,10,577.0,5770.0,2025-09-04T13:22:29.024946
2025-09-04,34172,2025090404008431,UMHL,Sumeru Securities Pvt. Ltd.,Kohinoor Investment & Securities Pvt. Ltd.,110,577.0,63470.0,2025-09-04T13:23:10.362968
2025-09-04,34171,2025090404008432,UMHL,Sumeru Securities Pvt. Ltd.,Dipshikha Dhitopatra Karobar Co. Pvt Ltd.,10,577.5,5775.0,2025-09-04T13:23:10.363229
2025-09-04,34031,2025090404008472,UMHL,Sumeru Securities Pvt. Ltd.,Dipshikha Dhitopatra Karobar Co. Pvt Ltd.,40,577.5,23100.0,2025-09-04T13:23:51.234786
2025-09-04,34030,2025090404008473,UMHL,Sumeru Securities Pvt. Ltd.,J.F. Securites (PVT) Ltd.,100,577.5,57750.0,2025-09-04T13:23:51.235048
2025-09-04,34029,2025090404008474,UMHL,Sumeru Securities Pvt. Ltd.,Sri Hari Securities Pvt. Ltd.,10,577.7,5777.0,2025-09-04T13:23:51.235137
2025-09-04,33843,2025090404008507,UMHL,Aryatara Investment & Securities,Capital Max Securities Ltd,400,576.0,230400.0,2025-09-04T13:24:30.780456
2025-09-04,33485,2025090404008561,UMHL,Aryatara Investment & Securities,Sani Securities Company Ltd.,37,576.0,21312.0,2025-09-04T13:25:39.88977
2025-09-04,32991,2025090404008678,UMHL,Aryatara Investment & Securities,Kohinoor Investment & Securities Pvt. Ltd.,63,576.0,36288.0,2025-09-04T13:27:56.009375
2025-09-04,32990,2025090404008679,UMHL,Aryatara Investment & Securities,Kohinoor Investment & Securities Pvt. Ltd.,600,576.0,345600.0,2025-09-04T13:27:56.009649
2025-09-04,32454,2025090404008804,UMHL,Sajilo Broker Limited,Sundhara Securities Limited,50,577.0,28850.0,2025-09-04T13:30:32.50566
2025-09-04,32425,2025090404008820,UMHL,Sajilo Broker Limited,Sundhara Securities Limited,50,577.0,28850.0,2025-09-04T13:30:41.533107
2025-09-04,32424,2025090404008821,UMHL,Sajilo Broker Limited,ABC Securities Private Limited,10,577.0,5770.0,2025-09-04T13:30:41.533682
2025-09-04,30925,2025090404009216,UMHL,Citizens Share Broker Limited,Sundhara Securities Limited,100,577.0,57700.0,2025-09-04T13:37:06.390116
2025-09-04,30924,2025090404009217,UMHL,Citizens Share Broker Limited,Sagarmatha Securities Private Limited,39,577.0,22503.0,2025-09-04T13:37:06.390587
2025-09-04,30170,2025090404009372,UMHL,Aryatara Investment & Securities,Sundhara Securities Limited,100,576.0,57600.0,2025-09-04T13:40:08.175801
2025-09-04,29840,2025090404009426,UMHL,Citizens Share Broker Limited,Sri Hari Securities Pvt. Ltd.,80,576.9,46152.0,2025-09-04T13:40:55.047833
2025-09-04,28899,2025090404009631,UMHL,Citizens Share Broker Limited,Sundhara Securities Limited,70,576.1,40327.0,2025-09-04T13:44:33.20203
2025-09-04,28898,2025090404009632,UMHL,South Asian Bulls Pvt. Ltd.,Sundhara Securities Limited,30,576.1,17283.0,2025-09-04T13:44:33.202302
2025-09-04,28768,2025090404009655,UMHL,Capital Max Securities Ltd,Citizens Share Broker Limited,25,576.7,14417.5,2025-09-04T13:45:07.788693
2025-09-04,28767,2025090404009656,UMHL,Capital Max Securities Ltd,Sri Hari Securities Pvt. Ltd.,410,576.9,236529.0,2025-09-04T13:45:07.789009
2025-09-04,28643,2025090404009671,UMHL,South Asian Bulls Pvt. Ltd.,Nagarik Stock Dealer ,100,576.1,57610.0,2025-09-04T13:45:32.060525
2025-09-04,28595,2025090404009680,UMHL,Neev Securities Pvt. Ltd.,Kohinoor Investment & Securities Pvt. Ltd.,500,576.2,288100.0,2025-09-04T13:45:45.104271
2025-09-04,28594,2025090404009681,UMHL,South Asian Bulls Pvt. Ltd.,Kohinoor Investment & Securities Pvt. Ltd.,20,576.1,11522.0,2025-09-04T13:45:45.104769
2025-09-04,28281,2025090404009753,UMHL,Arun Securities (PVT) Ltd.,Sagarmatha Securities Private Limited,331,577.0,190987.0,2025-09-04T13:47:10.526149
2025-09-04,28280,2025090404009754,UMHL,Arun Securities (PVT) Ltd.,Vision Securities Pvt. Ltd,100,577.0,57700.0,2025-09-04T13:47:10.526402
2025-09-04,28279,2025090404009755,UMHL,Arun Securities (PVT) Ltd.,Market Securities & Exchange (PVT) Ltd.,100,577.0,57700.0,2025-09-04T13:47:10.526501
2025-09-04,28096,2025090404009803,UMHL,Arun Securities (PVT) Ltd.,Ashutosh Brokerage & Securities (PVT) Ltd.,42,577.0,24234.0,2025-09-04T13:47:51.154363
2025-09-04,27655,2025090404009924,UMHL,Arun Securities (PVT) Ltd.,Thrive Brokerage House Pvt. Ltd,87,577.0,50199.0,2025-09-04T13:49:23.762175
2025-09-04,27545,2025090404009946,UMHL,South Asian Bulls Pvt. Ltd.,Capital Max Securities Ltd,300,576.1,172830.0,2025-09-04T13:49:50.879596
2025-09-04,27390,2025090404009988,UMHL,Sumeru Securities Pvt. Ltd.,Thrive Brokerage House Pvt. Ltd,10,577.0,5770.0,2025-09-04T13:50:25.876079
2025-09-04,27307,2025090404010008,UMHL,Sumeru Securities Pvt. Ltd.,Property Wiard Limited,100,577.2,57720.0,2025-09-04T13:50:52.971707
2025-09-04,27306,2025090404010009,UMHL,Sumeru Securities Pvt. Ltd.,Citizens Share Broker Limited,20,577.3,11546.0,2025-09-04T13:50:52.971995
2025-09-04,27305,2025090404010010,UMHL,Sumeru Securities Pvt. Ltd.,Citizens Share Broker Limited,10,577.4,5774.0,2025-09-04T13:50:52.972092
2025-09-04,27304,2025090404010011,UMHL,Sumeru Securities Pvt. Ltd.,Trishakti Securities Public Limited,20,577.5,11550.0,2025-09-04T13:50:52.972187
2025-09-04,26896,2025090404010115,UMHL,Property Wiard Limited,Vision Securities Pvt. Ltd,100,577.0,57700.0,2025-09-04T13:52:18.296367
2025-09-04,26773,2025090404010142,UMHL,Vision Securities Pvt. Ltd,Oxford Securities Pvt. Ltd.,228,576.2,131373.6,2025-09-04T13:52:45.285696
2025-09-04,26005,2025090404010363,UMHL,Citizens Share Broker Limited,Vision Securities Pvt. Ltd,150,577.0,86550.0,2025-09-04T13:55:47.169067
2025-09-04,25858,2025090404010405,UMHL,Vision Securities Pvt. Ltd,Naasa Securities Co. Ltd.,10,576.2,5762.0,2025-09-04T13:56:28.664446
2025-09-04,25728,2025090404010444,UMHL,Vision Securities Pvt. Ltd,Citizens Share Broker Limited,250,576.2,144050.0,2025-09-04T13:57:00.360074
2025-09-04,24975,2025090404010616,UMHL,Capital Max Securities Ltd,Trishakti Securities Public Limited,262,576.9,151147.8,2025-09-04T14:00:21.550016
2025-09-04,24974,2025090404010617,UMHL,Capital Max Securities Ltd,Vision Securities Pvt. Ltd,10,577.0,5770.0,2025-09-04T14:00:21.550092
2025-09-04,24943,2025090404010624,UMHL,Vision Securities Pvt. Ltd,S.P.S.A. Securities Limited,12,576.2,6914.4,2025-09-04T14:00:29.281337
2025-09-04,24942,2025090404010625,UMHL,South Asian Bulls Pvt. Ltd.,S.P.S.A. Securities Limited,50,576.1,28805.0,2025-09-04T14:00:29.281594
2025-09-04,24941,2025090404010626,UMHL,Aryatara Investment & Securities,S.P.S.A. Securities Limited,38,576.1,21891.8,2025-09-04T14:00:29.281702
2025-09-04,24389,2025090404010795,UMHL,Arun Securities (PVT) Ltd.,Vision Securities Pvt. Ltd,69,577.0,39813.0,2025-09-04T14:02:19.987011
2025-09-04,23328,2025090404011018,UMHL,Aryatara Investment & Securities,Vision Securities Pvt. Ltd,171,577.0,98667.0,2025-09-04T14:06:28.310425
2025-09-04,23327,2025090404011019,UMHL,Aryatara Investment & Securities,Kohinoor Investment & Securities Pvt. Ltd.,200,577.0,115400.0,2025-09-04T14:06:28.310735
2025-09-04,23326,2025090404011020,UMHL,Aryatara Investment & Securities,Sundhara Securities Limited,100,577.0,57700.0,2025-09-04T14:06:28.310849
2025-09-04,23238,2025090404011048,UMHL,Aryatara Investment & Securities,K.B.L. Securities Limited ,500,577.5,288750.0,2025-09-04T14:06:51.579214
2025-09-04,22968,2025090404011111,UMHL,Aryatara Investment & Securities,Swarna Laxmi Securities Pvt. Ltd.,100,577.6,57760.0,2025-09-04T14:07:49.291652
2025-09-04,22967,2025090404011112,UMHL,Aryatara Investment & Securities,Nabil Stock Dealer Ltd.,90,577.8,52002.0,2025-09-04T14:07:49.291938
2025-09-04,22966,2025090404011113,UMHL,Aryatara Investment & Securities,Kumari Securities Private Limited,200,577.8,115560.0,2025-09-04T14:07:49.29204
2025-09-04,22965,2025090404011114,UMHL,Aryatara Investment & Securities,K.B.L. Securities Limited ,210,577.9,121359.0,2025-09-04T14:07:49.292134
2025-09-04,22840,2025090404011142,UMHL,Aryatara Investment & Securities,K.B.L. Securities Limited ,290,577.9,167591.0,2025-09-04T14:08:18.59439
2025-09-04,22701,2025090404011177,UMHL,Aryatara Investment & Securities,Sundhara Securities Limited,100,577.9,57790.0,2025-09-04T14:08:49.453105
2025-09-04,22675,2025090404011184,UMHL,Aryatara Investment & Securities,Dipshikha Dhitopatra Karobar Co. Pvt Ltd.,29,578.0,16762.0,2025-09-04T14:08:57.019991
2025-09-04,22612,2025090404011192,UMHL,Aryatara Investment & Securities,Dipshikha Dhitopatra Karobar Co. Pvt Ltd.,108,578.0,62424.0,2025-09-04T14:09:16.232002
2025-09-04,22611,2025090404011193,UMHL,Aryatara Investment & Securities,Sagarmatha Securities Private Limited,64,578.0,36992.0,2025-09-04T14:09:16.232261
2025-09-04,22549,2025090404011229,UMHL,Aryatara Investment & Securities,Sagarmatha Securities Private Limited,500,578.0,289000.0,2025-09-04T14:09:31.407166
2025-09-04,22403,2025090404011248,UMHL,Online Securities Pvt. Ltd.,Sagarmatha Securities Private Limited,206,578.0,119068.0,2025-09-04T14:09:57.658096
2025-09-04,22402,2025090404011249,UMHL,Online Securities Pvt. Ltd.,ABC Securities Private Limited,294,578.0,169932.0,2025-09-04T14:09:57.658355
2025-09-04,22394,2025090404011254,UMHL,Aryatara Investment & Securities,ABC Securities Private Limited,276,578.0,159528.0,2025-09-04T14:09:59.651855
2025-09-04,22393,2025090404011255,UMHL,Aryatara Investment & Securities,Imperial Securities Company Pvt. Ltd.,274,578.0,158372.0,2025-09-04T14:09:59.652086
2025-09-04,22316,2025090404011273,UMHL,Online Securities Pvt. Ltd.,Capital Max Securities Ltd,500,576.3,288150.0,2025-09-04T14:10:20.184835
2025-09-04,22315,2025090404011274,UMHL,Sumeru Securities Pvt. Ltd.,Capital Max Securities Ltd,200,576.2,115240.0,2025-09-04T14:10:20.184932
2025-09-04,22314,2025090404011275,UMHL,Sumeru Securities Pvt. Ltd.,Capital Max Securities Ltd,300,576.2,172860.0,2025-09-04T14:10:20.184995
2025-09-04,21553,2025090404011467,UMHL,Aryatara Investment & Securities,Thrive Brokerage House Pvt. Ltd,100,577.0,57700.0,2025-09-04T14:13:17.474694
2025-09-04,21274,2025090404011549,UMHL,Sumeru Securities Pvt. Ltd.,J.F. Securites (PVT) Ltd.,100,577.0,57700.0,2025-09-04T14:14:12.113948
2025-09-04,21220,2025090404011573,UMHL,Aryatara Investment & Securities,Imperial Securities Company Pvt. Ltd.,226,578.0,130628.0,2025-09-04T14:14:24.07439
2025-09-04,21219,2025090404011574,UMHL,Aryatara Investment & Securities,Asian Securities Private Ltd.,200,578.0,115600.0,2025-09-04T14:14:24.074693
2025-09-04,21151,2025090404011582,UMHL,Sumeru Securities Pvt. Ltd.,Sundhara Securities Limited,100,577.0,57700.0,2025-09-04T14:14:36.035441
2025-09-04,21118,2025090404011593,UMHL,Sumeru Securities Pvt. Ltd.,Capital Max Securities Ltd,250,577.0,144250.0,2025-09-04T14:14:46.709961
2025-09-04,20904,2025090404011626,UMHL,Thrive Brokerage House Pvt. Ltd,Capital Max Securities Ltd,10,578.0,5780.0,2025-09-04T14:15:41.915634
2025-09-04,20903,2025090404011627,UMHL,Citizens Share Broker Limited,Capital Max Securities Ltd,140,577.1,80794.0,2025-09-04T14:15:41.915724
2025-09-04,20870,2025090404011637,UMHL,Citizens Share Broker Limited,Capital Max Securities Ltd,500,577.1,288550.0,2025-09-04T14:15:50.95263
2025-09-04,20863,2025090404011639,UMHL,Citizens Share Broker Limited,Citizens Share Broker Limited,110,577.1,63481.0,2025-09-04T14:15:53.515596
2025-09-04,20625,2025090404011707,UMHL,Sumeru Securities Pvt. Ltd.,Citizens Share Broker Limited,500,577.1,288550.0,2025-09-04T14:16:33.121525
2025-09-04,20307,2025090404011788,UMHL,Sumeru Securities Pvt. Ltd.,Citizens Share Broker Limited,140,577.1,80794.0,2025-09-04T14:17:31.356465
2025-09-04,19437,2025090404011991,UMHL,Property Wiard Limited,Vision Securities Pvt. Ltd,100,577.8,57780.0,2025-09-04T14:20:33.167353
2025-09-04,19165,2025090404012058,UMHL,Imperial Securities Company Pvt. Ltd.,BHOLE GANESH SECURITIES LTD,35,577.9,20226.5,2025-09-04T14:21:28.264464
2025-09-04,19053,2025090404012069,UMHL,Property Wiard Limited,BHOLE GANESH SECURITIES LTD,65,577.8,37557.0,2025-09-04T14:21:54.664722
2025-09-04,18667,2025090404012165,UMHL,Sharepro Securities Private Limited,Sundhara Securities Limited,100,578.0,57800.0,2025-09-04T14:23:24.907479
2025-09-04,17370,2025090404012449,UMHL,Citizens Share Broker Limited,Citizens Share Broker Limited,451,578.2,260768.2,2025-09-04T14:27:55.683914
2025-09-04,16909,2025090404012592,UMHL,Citizens Share Broker Limited,Sumeru Securities Pvt. Ltd.,49,578.2,28331.8,2025-09-04T14:29:14.238395
2025-09-04,16908,2025090404012593,UMHL,Property Wiard Limited,Sumeru Securities Pvt. Ltd.,35,578.1,20233.5,2025-09-04T14:29:14.238501
2025-09-04,16907,2025090404012594,UMHL,Sumeru Securities Pvt. Ltd.,Sumeru Securities Pvt. Ltd.,416,578.0,240448.0,2025-09-04T14:29:14.238586
2025-09-04,16718,2025090404012630,UMHL,Sumeru Securities Pvt. Ltd.,Imperial Securities Company Pvt. Ltd.,84,578.0,48552.0,2025-09-04T14:29:50.506438
2025-09-04,16717,2025090404012631,UMHL,Citizens Share Broker Limited,Imperial Securities Company Pvt. Ltd.,250,577.9,144475.0,2025-09-04T14:29:50.506512
2025-09-04,16716,2025090404012632,UMHL,Aryatara Investment & Securities,Imperial Securities Company Pvt. Ltd.,100,577.7,57770.0,2025-09-04T14:29:50.506544
2025-09-04,16715,2025090404012633,UMHL,Aryatara Investment & Securities,Imperial Securities Company Pvt. Ltd.,140,577.1,80794.0,2025-09-04T14:29:50.506576
2025-09-04,16714,2025090404012634,UMHL,Swarna Laxmi Securities Pvt. Ltd.,Imperial Securities Company Pvt. Ltd.,50,577.1,28855.0,2025-09-04T14:29:50.506601
2025-09-04,16713,2025090404012635,UMHL,Sumeru Securities Pvt. Ltd.,Imperial Securities Company Pvt. Ltd.,50,577.0,28850.0,2025-09-04T14:29:50.506631
2025-09-04,16712,2025090404012636,UMHL,Sumeru Securities Pvt. Ltd.,Imperial Securities Company Pvt. Ltd.,200,577.0,115400.0,2025-09-04T14:29:50.506668
2025-09-04,16711,2025090404012637,UMHL,Sumeru Securities Pvt. Ltd.,Imperial Securities Company Pvt. Ltd.,360,577.0,207720.0,2025-09-04T14:29:50.506699
2025-09-04,16710,2025090404012638,UMHL,J.F. Securites (PVT) Ltd.,Imperial Securities Company Pvt. Ltd.,66,577.0,38082.0,2025-09-04T14:29:50.506725
2025-09-04,15808,2025090404012886,UMHL,Sumeru Securities Pvt. Ltd.,BHOLE GANESH SECURITIES LTD,100,577.9,57790.0,2025-09-04T14:32:36.221261
2025-09-04,15807,2025090404012887,UMHL,Sumeru Securities Pvt. Ltd.,Vision Securities Pvt. Ltd,100,578.0,57800.0,2025-09-04T14:32:36.221718
2025-09-04,15717,2025090404012917,UMHL,Trishakti Securities Public Limited,Sri Hari Securities Pvt. Ltd.,200,577.2,115440.0,2025-09-04T14:32:53.556481
2025-09-04,15716,2025090404012918,UMHL,Sumeru Securities Pvt. Ltd.,Sri Hari Securities Pvt. Ltd.,295,577.1,170244.5,2025-09-04T14:32:53.556703
2025-09-04,15666,2025090404012923,UMHL,Aryatara Investment & Securities,Vision Securities Pvt. Ltd,300,578.0,173400.0,2025-09-04T14:32:59.998924
2025-09-04,15592,2025090404012940,UMHL,Aryatara Investment & Securities,Vision Securities Pvt. Ltd,600,578.0,346800.0,2025-09-04T14:33:11.088666
2025-09-04,14926,2025090404013155,UMHL,Sumeru Securities Pvt. Ltd.,Capital Max Securities Ltd,205,577.1,118305.5,2025-09-04T14:34:54.765186
2025-09-04,14925,2025090404013156,UMHL,J.F. Securites (PVT) Ltd.,Capital Max Securities Ltd,134,577.0,77318.0,2025-09-04T14:34:54.76529
2025-09-04,14924,2025090404013157,UMHL,Naasa Securities Co. Ltd.,Capital Max Securities Ltd,10,577.0,5770.0,2025-09-04T14:34:54.765407
2025-09-04,14923,2025090404013158,UMHL,Naasa Securities Co. Ltd.,Capital Max Securities Ltd,347,577.0,200219.0,2025-09-04T14:34:54.765477
2025-09-04,14922,2025090404013159,UMHL,Sani Securities Company Ltd.,Capital Max Securities Ltd,304,577.0,175408.0,2025-09-04T14:34:54.765554
2025-09-04,13444,2025090404013528,UMHL,Aryatara Investment & Securities,Dakshinkali Investment & Securities Pvt. Ltd.,200,578.0,115600.0,2025-09-04T14:38:20.028219
2025-09-04,13443,2025090404013529,UMHL,Aryatara Investment & Securities,K.B.L. Securities Limited ,450,578.0,260100.0,2025-09-04T14:38:20.028647
2025-09-04,13314,2025090404013573,UMHL,Sumeru Securities Pvt. Ltd.,K.B.L. Securities Limited ,50,578.0,28900.0,2025-09-04T14:38:42.778999
2025-09-04,13313,2025090404013574,UMHL,Sumeru Securities Pvt. Ltd.,Linch Stock Market Ltd.,20,578.3,11566.0,2025-09-04T14:38:42.779239
2025-09-04,13312,2025090404013575,UMHL,Sumeru Securities Pvt. Ltd.,Deevyaa Securities & Stock House Pvt. Ltd,10,578.4,5784.0,2025-09-04T14:38:42.779343
2025-09-04,12914,2025090404013636,UMHL,Dynamic Money Managers Securities Pvt. Ltd.,Capital Max Securities Ltd,200,577.1,115420.0,2025-09-04T14:39:37.008601
2025-09-04,12913,2025090404013637,UMHL,Sani Securities Company Ltd.,Capital Max Securities Ltd,196,577.0,113092.0,2025-09-04T14:39:37.008668
2025-09-04,12912,2025090404013638,UMHL,Sumeru Securities Pvt. Ltd.,Capital Max Securities Ltd,100,577.0,57700.0,2025-09-04T14:39:37.008711
2025-09-04,12911,2025090404013639,UMHL,Sumeru Securities Pvt. Ltd.,Capital Max Securities Ltd,100,577.0,57700.0,2025-09-04T14:39:37.008738
2025-09-04,12910,2025090404013640,UMHL,Sumeru Securities Pvt. Ltd.,Capital Max Securities Ltd,404,577.0,233108.0,2025-09-04T14:39:37.008759
2025-09-04,12317,2025090404013783,UMHL,Sumeru Securities Pvt. Ltd.,Nabil Stock Dealer Ltd.,10,578.3,5783.0,2025-09-04T14:41:16.108371
2025-09-04,12316,2025090404013784,UMHL,Sumeru Securities Pvt. Ltd.,Deevyaa Securities & Stock House Pvt. Ltd,86,578.4,49742.4,2025-09-04T14:41:16.108839
2025-09-04,9694,2025090404014380,UMHL,Sani Securities Company Ltd.,Deevyaa Securities & Stock House Pvt. Ltd,20,578.4,11568.0,2025-09-04T14:47:28.943068
2025-09-04,9636,2025090404014393,UMHL,Pragyan Securities (PVT) Ltd.,Thrive Brokerage House Pvt. Ltd,10,577.2,5772.0,2025-09-04T14:47:34.242371
2025-09-04,9317,2025090404014457,UMHL,Pragyan Securities (PVT) Ltd.,KALASH STOCK MARKET PVT. LTD.,90,577.2,51948.0,2025-09-04T14:48:11.797172
2025-09-04,9316,2025090404014458,UMHL,Aryatara Investment & Securities,KALASH STOCK MARKET PVT. LTD.,110,577.2,63492.0,2025-09-04T14:48:11.79744
2025-09-04,9279,2025090404014482,UMHL,Citizens Share Broker Limited,Linch Stock Market Ltd.,10,578.0,5780.0,2025-09-04T14:48:15.406437
2025-09-04,9097,2025090404014526,UMHL,Capital Max Securities Ltd,KALASH STOCK MARKET PVT. LTD.,100,577.3,57730.0,2025-09-04T14:48:34.884349
2025-09-04,8707,2025090404014628,UMHL,Capital Max Securities Ltd,Swarna Laxmi Securities Pvt. Ltd.,40,577.3,23092.0,2025-09-04T14:49:25.338115
2025-09-04,8260,2025090404014740,UMHL,Hatemalo Financial Services Private Limited,KALASH STOCK MARKET PVT. LTD.,100,577.4,57740.0,2025-09-04T14:50:07.017399
2025-09-04,8218,2025090404014753,UMHL,Hatemalo Financial Services Private Limited,N.I.M.B. Stock Markets Limited,150,577.4,86610.0,2025-09-04T14:50:11.069179
2025-09-04,8217,2025090404014754,UMHL,Capital Max Securities Ltd,N.I.M.B. Stock Markets Limited,15,577.3,8659.5,2025-09-04T14:50:11.069421
2025-09-04,7854,2025090404014834,UMHL,Kumari Securities Private Limited,Imperial Securities Company Pvt. Ltd.,51,578.0,29478.0,2025-09-04T14:50:55.001219
2025-09-04,7853,2025090404014835,UMHL,Kumari Securities Private Limited,Aryatara Investment & Securities,449,578.3,259656.7,2025-09-04T14:50:55.001493
2025-09-04,7196,2025090404015012,UMHL,Capital Max Securities Ltd,KALASH STOCK MARKET PVT. LTD.,200,577.5,115500.0,2025-09-04T14:52:16.518469
2025-09-04,7052,2025090404015087,UMHL,Capital Max Securities Ltd,Sumeru Securities Pvt. Ltd.,250,577.5,144375.0,2025-09-04T14:52:28.422368
2025-09-04,6833,2025090404015119,UMHL,Capital Max Securities Ltd,KALASH STOCK MARKET PVT. LTD.,100,578.2,57820.0,2025-09-04T14:52:53.894216
2025-09-04,6832,2025090404015120,UMHL,Capital Max Securities Ltd,Aryatara Investment & Securities,251,578.3,145153.3,2025-09-04T14:52:53.894363
2025-09-04,6831,2025090404015121,UMHL,Capital Max Securities Ltd,Deevyaa Securities & Stock House Pvt. Ltd,149,578.4,86181.6,2025-09-04T14:52:53.894446
2025-09-04,6248,2025090404015257,UMHL,Sajilo Broker Limited,Midas Stock Broking Company Private Limited,40,578.0,23120.0,2025-09-04T14:53:53.292885
2025-09-04,6110,2025090404015289,UMHL,Aryatara Investment & Securities,KALASH STOCK MARKET PVT. LTD.,100,577.6,57760.0,2025-09-04T14:54:06.928859
2025-09-04,5904,2025090404015348,UMHL,Thrive Brokerage House Pvt. Ltd,Midas Stock Broking Company Private Limited,160,578.0,92480.0,2025-09-04T14:54:23.211992
2025-09-04,5546,2025090404015467,UMHL,Sani Securities Company Ltd.,KALASH STOCK MARKET PVT. LTD.,100,578.3,57830.0,2025-09-04T14:54:53.098207
2025-09-04,5545,2025090404015468,UMHL,Sani Securities Company Ltd.,Deevyaa Securities & Stock House Pvt. Ltd,135,578.4,78084.0,2025-09-04T14:54:53.098422
2025-09-04,5357,2025090404015527,UMHL,Thrive Brokerage House Pvt. Ltd,KALASH STOCK MARKET PVT. LTD.,500,578.8,289400.0,2025-09-04T14:55:10.447211
2025-09-04,5356,2025090404015528,UMHL,Thrive Brokerage House Pvt. Ltd,Naasa Securities Co. Ltd.,200,579.0,115800.0,2025-09-04T14:55:10.447445
2025-09-04,5355,2025090404015529,UMHL,Thrive Brokerage House Pvt. Ltd,Market Securities & Exchange (PVT) Ltd.,140,579.0,81060.0,2025-09-04T14:55:10.447549
2025-09-04,5183,2025090404015571,UMHL,Property Wiard Limited,Market Securities & Exchange (PVT) Ltd.,10,579.0,5790.0,2025-09-04T14:55:26.541833
2025-09-04,5182,2025090404015572,UMHL,Property Wiard Limited,Naasa Securities Co. Ltd.,33,579.0,19107.0,2025-09-04T14:55:26.54228
2025-09-04,5181,2025090404015573,UMHL,Property Wiard Limited,Kumari Securities Private Limited,257,579.0,148803.0,2025-09-04T14:55:26.54257
2025-09-04,5016,2025090404015633,UMHL,Sani Securities Company Ltd.,Capital Max Securities Ltd,1000,578.5,578500.0,2025-09-04T14:55:44.814781
2025-09-04,4731,2025090404015690,UMHL,Property Wiard Limited,Capital Max Securities Ltd,200,578.6,115720.0,2025-09-04T14:55:52.855166
2025-09-04,4730,2025090404015691,UMHL,Sani Securities Company Ltd.,Capital Max Securities Ltd,265,578.5,153302.5,2025-09-04T14:55:52.855231
2025-09-04,4729,2025090404015692,UMHL,Property Wiard Limited,Capital Max Securities Ltd,235,578.2,135877.0,2025-09-04T14:55:52.85526
2025-09-04,4594,2025090404015743,UMHL,Property Wiard Limited,Kumari Securities Private Limited,90,579.0,52110.0,2025-09-04T14:56:05.655439
2025-09-04,4511,2025090404015755,UMHL,Naasa Securities Co. Ltd.,Kumari Securities Private Limited,15,579.0,8685.0,2025-09-04T14:56:12.588432
2025-09-04,4020,2025090404015877,UMHL,Property Wiard Limited,Online Securities Pvt. Ltd.,200,578.2,115640.0,2025-09-04T14:56:46.359155
2025-09-04,3929,2025090404015896,UMHL,Capital Max Securities Ltd,Kumari Securities Private Limited,138,579.0,79902.0,2025-09-04T14:56:51.214483
2025-09-04,3928,2025090404015897,UMHL,Capital Max Securities Ltd,Capital Max Securities Ltd,50,579.0,28950.0,2025-09-04T14:56:51.214521
2025-09-04,3927,2025090404015898,UMHL,Capital Max Securities Ltd,Sri Hari Securities Pvt. Ltd.,312,579.4,180772.8,2025-09-04T14:56:51.21455
2025-09-04,3914,2025090404015906,UMHL,Imperial Securities Company Pvt. Ltd.,Sri Hari Securities Pvt. Ltd.,188,579.4,108927.2,2025-09-04T14:56:52.343964
2025-09-04,3913,2025090404015907,UMHL,Imperial Securities Company Pvt. Ltd.,Citizens Share Broker Limited,700,579.4,405580.0,2025-09-04T14:56:52.344033
2025-09-04,3912,2025090404015908,UMHL,Imperial Securities Company Pvt. Ltd.,Agrawal Securities (PVT) Ltd.,12,579.5,6954.0,2025-09-04T14:56:52.344074
2025-09-04,3046,2025090404016143,UMHL,Imperial Securities Company Pvt. Ltd.,Online Securities Pvt. Ltd.,40,579.0,23160.0,2025-09-04T14:57:51.336454
2025-09-04,2525,2025090404016322,UMHL,SUN SECURITIES PVT LTD,Online Securities Pvt. Ltd.,185,579.0,107115.0,2025-09-04T14:58:24.774727
2025-09-04,2255,2025090404016402,UMHL,Property Wiard Limited,Nagarik Stock Dealer ,65,578.2,37583.0,2025-09-04T14:58:38.471621
2025-09-04,2254,2025090404016403,UMHL,Aryatara Investment & Securities,Nagarik Stock Dealer ,290,577.6,167504.0,2025-09-04T14:58:38.47167
2025-09-04,2253,2025090404016404,UMHL,Capital Max Securities Ltd,Nagarik Stock Dealer ,50,577.5,28875.0,2025-09-04T14:58:38.47171
2025-09-04,2252,2025090404016405,UMHL,Capital Max Securities Ltd,Nagarik Stock Dealer ,345,577.5,199237.5,2025-09-04T14:58:38.471741
2025-09-04,2251,2025090404016406,UMHL,Sumeru Securities Pvt. Ltd.,Nagarik Stock Dealer ,50,577.4,28870.0,2025-09-04T14:58:38.471762
2025-09-04,2250,2025090404016407,UMHL,Sweta Securities Private Limited,Nagarik Stock Dealer ,1000,577.4,577400.0,2025-09-04T14:58:38.471788
2025-09-04,2249,2025090404016408,UMHL,Trishakti Securities Public Limited,Nagarik Stock Dealer ,125,577.3,72162.5,2025-09-04T14:58:38.471815
2025-09-04,2248,2025090404016409,UMHL,Nepal Investment And Securities Trading Private Limited,Nagarik Stock Dealer ,500,577.0,288500.0,2025-09-04T14:58:38.471844
2025-09-04,2247,2025090404016410,UMHL,Sumeru Securities Pvt. Ltd.,Nagarik Stock Dealer ,100,577.0,57700.0,2025-09-04T14:58:38.471873
2025-09-04,2246,2025090404016411,UMHL,Sumeru Securities Pvt. Ltd.,Nagarik Stock Dealer ,500,577.0,288500.0,2025-09-04T14:58:38.4719
2025-09-04,2245,2025090404016412,UMHL,Vision Securities Pvt. Ltd,Nagarik Stock Dealer ,100,576.5,57650.0,2025-09-04T14:58:38.471925
2025-09-04,2244,2025090404016413,UMHL,South Asian Bulls Pvt. Ltd.,Nagarik Stock Dealer ,500,575.3,287650.0,2025-09-04T14:58:38.471951
2025-09-04,2243,2025090404016414,UMHL,Capital Max Securities Ltd,Nagarik Stock Dealer ,1375,575.0,790625.0,2025-09-04T14:58:38.47198
2025-09-04,410,2025090404016932,UMHL,Capital Max Securities Ltd,Infinity Securities Limited,55,578.0,31790.0,2025-09-04T14:59:47.101666
2025-09-04,409,2025090404016933,UMHL,Capital Max Securities Ltd,Online Securities Pvt. Ltd.,45,578.0,26010.0,2025-09-04T14:59:47.101704
