contract_id,symbol,buyer_member_id,seller_member_id,volume,price,amount,buyer_broker,seller_broker,transaction_time
2026041004000006,AKPL,36,41,10,280.0,2800.0,Secured Securities Ltd.,Linch Stock Market Ltd.,2026-04-10T10:46:00.038428
2026041004000007,AKPL,42,41,250,280.0,70000.0,Sani Securities Company Ltd.,Linch Stock Market Ltd.,2026-04-10T10:46:00.038459
2026041004000008,AKPL,36,41,20,280.0,5600.0,Secured Securities Ltd.,Linch Stock Market Ltd.,2026-04-10T10:46:00.038477
2026041004000009,AKPL,58,41,50,280.0,14000.0,Naasa Securities Co. Ltd.,Linch Stock Market Ltd.,2026-04-10T10:46:00.038495
2026041004000010,AKPL,32,41,10,280.0,2800.0,Premier Securities Company Ltd.,Linch Stock Market Ltd.,2026-04-10T10:46:00.038516
2026041004000011,AKPL,36,41,173,280.0,48440.0,Secured Securities Ltd.,Linch Stock Market Ltd.,2026-04-10T10:46:00.03856
2026041004000061,AKPL,58,47,100,284.0,28400.0,Naasa Securities Co. Ltd.,Neev Securities Pvt. Ltd.,2026-04-10T11:00:37.552508
2026041004000106,AKPL,58,47,28,284.0,7952.0,Naasa Securities Co. Ltd.,Neev Securities Pvt. Ltd.,2026-04-10T11:01:29.215525
2026041004000254,AKPL,51,72,300,283.5,85050.0,Oxford Securities Pvt. Ltd.,Hatemalo Financial Services Private Limited,2026-04-10T11:03:18.175219
2026041004000304,AKPL,47,72,500,283.5,141750.0,Neev Securities Pvt. Ltd.,Hatemalo Financial Services Private Limited,2026-04-10T11:03:48.112754
2026041004000455,AKPL,8,41,1000,283.0,283000.0,Brilliant Securities Pvt. Ltd.,Linch Stock Market Ltd.,2026-04-10T11:05:56.133027
2026041004000573,AKPL,38,32,200,282.9,56580.0,Dipshikha Dhitopatra Karobar Co. Pvt Ltd.,Premier Securities Company Ltd.,2026-04-10T11:06:51.233522
2026041004000574,AKPL,38,49,500,283.0,141500.0,Dipshikha Dhitopatra Karobar Co. Pvt Ltd.,Online Securities Pvt. Ltd.,2026-04-10T11:06:51.233693
2026041004000575,AKPL,38,45,500,283.0,141500.0,Dipshikha Dhitopatra Karobar Co. Pvt Ltd.,Imperial Securities Company Pvt. Ltd.,2026-04-10T11:06:51.233834
2026041004000619,AKPL,38,38,500,283.0,141500.0,Dipshikha Dhitopatra Karobar Co. Pvt Ltd.,Dipshikha Dhitopatra Karobar Co. Pvt Ltd.,2026-04-10T11:07:17.302005
2026041004000634,AKPL,38,100,1000,283.0,283000.0,Dipshikha Dhitopatra Karobar Co. Pvt Ltd.,Sunrise Securities Limited,2026-04-10T11:07:22.494984
2026041004000638,AKPL,38,72,200,283.0,56600.0,Dipshikha Dhitopatra Karobar Co. Pvt Ltd.,Hatemalo Financial Services Private Limited,2026-04-10T11:07:26.099141
2026041004000693,AKPL,36,57,500,283.2,141600.0,Secured Securities Ltd.,Aryatara Investment & Securities,2026-04-10T11:08:00.23238
2026041004000722,AKPL,38,49,100,283.0,28300.0,Dipshikha Dhitopatra Karobar Co. Pvt Ltd.,Online Securities Pvt. Ltd.,2026-04-10T11:08:15.737578
2026041004000817,AKPL,36,45,1000,283.0,283000.0,Secured Securities Ltd.,Imperial Securities Company Pvt. Ltd.,2026-04-10T11:09:17.780975
2026041004000841,AKPL,36,34,25,283.4,7085.0,Secured Securities Ltd.,Vision Securities Pvt. Ltd,2026-04-10T11:09:31.302832
2026041004000842,AKPL,36,56,100,283.5,28350.0,Secured Securities Ltd.,Sri Hari Securities Pvt. Ltd.,2026-04-10T11:09:31.302924
2026041004000843,AKPL,36,47,372,284.0,105648.0,Secured Securities Ltd.,Neev Securities Pvt. Ltd.,2026-04-10T11:09:31.302972
2026041004000844,AKPL,36,21,330,284.0,93720.0,Secured Securities Ltd.,Midas Stock Broking Company Private Limited,2026-04-10T11:09:31.303021
2026041004000891,AKPL,42,43,500,283.0,141500.0,Sani Securities Company Ltd.,South Asian Bulls Pvt. Ltd.,2026-04-10T11:10:25.129954
2026041004000892,AKPL,42,37,99,283.0,28017.0,Sani Securities Company Ltd.,Swarna Laxmi Securities Pvt. Ltd.,2026-04-10T11:10:25.130154
2026041004000939,AKPL,58,47,30,283.9,8517.0,Naasa Securities Co. Ltd.,Neev Securities Pvt. Ltd.,2026-04-10T11:10:44.786403
2026041004001355,AKPL,22,47,100,281.4,28140.0,Siprabi Securities Pvt. Ltd.,Neev Securities Pvt. Ltd.,2026-04-10T11:13:28.445962
2026041004001356,AKPL,34,47,750,281.4,211050.0,Vision Securities Pvt. Ltd,Neev Securities Pvt. Ltd.,2026-04-10T11:13:28.446184
2026041004001357,AKPL,6,47,120,281.3,33756.0,Agrawal Securities (PVT) Ltd.,Neev Securities Pvt. Ltd.,2026-04-10T11:13:28.446364
2026041004001401,AKPL,6,43,180,281.3,50634.0,Agrawal Securities (PVT) Ltd.,South Asian Bulls Pvt. Ltd.,2026-04-10T11:13:53.168976
2026041004001402,AKPL,6,43,1000,281.2,281200.0,Agrawal Securities (PVT) Ltd.,South Asian Bulls Pvt. Ltd.,2026-04-10T11:13:53.169078
2026041004001403,AKPL,58,43,60,281.1,16866.0,Naasa Securities Co. Ltd.,South Asian Bulls Pvt. Ltd.,2026-04-10T11:13:53.169154
2026041004001454,AKPL,58,42,500,281.1,140550.0,Naasa Securities Co. Ltd.,Sani Securities Company Ltd.,2026-04-10T11:14:19.540613
2026041004001469,AKPL,58,32,100,281.1,28110.0,Naasa Securities Co. Ltd.,Premier Securities Company Ltd.,2026-04-10T11:14:29.075449
2026041004001470,AKPL,54,49,1000,282.0,282000.0,Sewa Securities Pvt. Ltd.,Online Securities Pvt. Ltd.,2026-04-10T11:14:29.210788
2026041004001699,AKPL,67,6,1000,283.9,283900.0,Property Wiard Limited,Agrawal Securities (PVT) Ltd.,2026-04-10T11:15:53.930104
2026041004001728,AKPL,58,21,10,284.0,2840.0,Naasa Securities Co. Ltd.,Midas Stock Broking Company Private Limited,2026-04-10T11:16:19.443021
2026041004002010,AKPL,67,22,300,281.2,84360.0,Property Wiard Limited,Siprabi Securities Pvt. Ltd.,2026-04-10T11:19:08.191666
2026041004002362,AKPL,67,45,1200,281.2,337440.0,Property Wiard Limited,Imperial Securities Company Pvt. Ltd.,2026-04-10T11:21:25.0853
2026041004002363,AKPL,58,45,300,281.0,84300.0,Naasa Securities Co. Ltd.,Imperial Securities Company Pvt. Ltd.,2026-04-10T11:21:25.08564
2026041004002412,AKPL,8,42,100,281.0,28100.0,Brilliant Securities Pvt. Ltd.,Sani Securities Company Ltd.,2026-04-10T11:21:53.348408
2026041004002413,AKPL,38,42,10,281.0,2810.0,Dipshikha Dhitopatra Karobar Co. Pvt Ltd.,Sani Securities Company Ltd.,2026-04-10T11:21:53.348511
2026041004002414,AKPL,35,42,10,281.0,2810.0,Kohinoor Investment & Securities Pvt. Ltd.,Sani Securities Company Ltd.,2026-04-10T11:21:53.348536
2026041004002415,AKPL,13,42,80,280.3,22424.0,Thrive Brokerage House Pvt. Ltd,Sani Securities Company Ltd.,2026-04-10T11:21:53.348561
2026041004002419,AKPL,13,58,250,280.3,70075.0,Thrive Brokerage House Pvt. Ltd,Naasa Securities Co. Ltd.,2026-04-10T11:21:53.896478
2026041004002511,AKPL,13,34,12,280.3,3363.6,Thrive Brokerage House Pvt. Ltd,Vision Securities Pvt. Ltd,2026-04-10T11:22:32.512461
2026041004002682,AKPL,13,51,58,280.3,16257.4,Thrive Brokerage House Pvt. Ltd,Oxford Securities Pvt. Ltd.,2026-04-10T11:23:55.552901
2026041004002683,AKPL,51,51,200,280.2,56040.0,Oxford Securities Pvt. Ltd.,Oxford Securities Pvt. Ltd.,2026-04-10T11:23:55.55322
2026041004002684,AKPL,42,51,85,280.0,23800.0,Sani Securities Company Ltd.,Oxford Securities Pvt. Ltd.,2026-04-10T11:23:55.55344
2026041004002685,AKPL,48,51,157,280.0,43960.0,Trishakti Securities Public Limited,Oxford Securities Pvt. Ltd.,2026-04-10T11:23:55.553642
2026041004002689,AKPL,48,3,343,280.0,96040.0,Trishakti Securities Public Limited,Arun Securities (PVT) Ltd.,2026-04-10T11:23:57.590559
2026041004002690,AKPL,35,3,120,280.0,33600.0,Kohinoor Investment & Securities Pvt. Ltd.,Arun Securities (PVT) Ltd.,2026-04-10T11:23:57.590718
2026041004002691,AKPL,95,3,287,280.0,80360.0,Magnet Securities and Investment Company Private Limited,Arun Securities (PVT) Ltd.,2026-04-10T11:23:57.590783
2026041004002769,AKPL,95,57,113,280.0,31640.0,Magnet Securities and Investment Company Private Limited,Aryatara Investment & Securities,2026-04-10T11:24:30.567329
2026041004002770,AKPL,5,57,100,280.0,28000.0,Market Securities & Exchange (PVT) Ltd.,Aryatara Investment & Securities,2026-04-10T11:24:30.567478
2026041004002771,AKPL,34,57,100,280.0,28000.0,Vision Securities Pvt. Ltd,Aryatara Investment & Securities,2026-04-10T11:24:30.567549
2026041004002772,AKPL,29,57,187,280.0,52360.0,Trisul Securities & Invt. Ltd.,Aryatara Investment & Securities,2026-04-10T11:24:30.567614
2026041004002825,AKPL,29,36,313,280.0,87640.0,Trisul Securities & Invt. Ltd.,Secured Securities Ltd.,2026-04-10T11:24:38.020489
2026041004002826,AKPL,34,36,687,280.0,192360.0,Vision Securities Pvt. Ltd,Secured Securities Ltd.,2026-04-10T11:24:38.020652
2026041004002873,AKPL,34,8,113,280.0,31640.0,Vision Securities Pvt. Ltd,Brilliant Securities Pvt. Ltd.,2026-04-10T11:24:54.818187
2026041004002874,AKPL,42,8,50,280.0,14000.0,Sani Securities Company Ltd.,Brilliant Securities Pvt. Ltd.,2026-04-10T11:24:54.818358
2026041004002921,AKPL,70,42,430,279.0,119970.0,Infinity Securities Limited,Sani Securities Company Ltd.,2026-04-10T11:25:13.924695
2026041004003023,AKPL,62,4,50,279.2,13960.0,Capital Max Securities Ltd,Opal Securities Investment (PVT) Ltd.,2026-04-10T11:26:00.323636
2026041004003024,AKPL,58,4,150,279.1,41865.0,Naasa Securities Co. Ltd.,Opal Securities Investment (PVT) Ltd.,2026-04-10T11:26:00.323838
2026041004003038,AKPL,21,58,300,279.1,83730.0,Midas Stock Broking Company Private Limited,Naasa Securities Co. Ltd.,2026-04-10T11:26:09.553813
2026041004003039,AKPL,70,58,70,279.0,19530.0,Infinity Securities Limited,Naasa Securities Co. Ltd.,2026-04-10T11:26:09.554114
2026041004003040,AKPL,17,58,82,279.0,22878.0,ABC Securities Private Limited,Naasa Securities Co. Ltd.,2026-04-10T11:26:09.554328
2026041004003043,AKPL,17,44,500,279.0,139500.0,ABC Securities Private Limited,Dynamic Money Managers Securities Pvt. Ltd.,2026-04-10T11:26:12.962586
2026041004003167,AKPL,58,42,21,280.0,5880.0,Naasa Securities Co. Ltd.,Sani Securities Company Ltd.,2026-04-10T11:27:15.272245
2026041004003168,AKPL,42,42,29,279.1,8093.9,Sani Securities Company Ltd.,Sani Securities Company Ltd.,2026-04-10T11:27:15.27248
2026041004003222,AKPL,57,22,200,280.0,56000.0,Aryatara Investment & Securities,Siprabi Securities Pvt. Ltd.,2026-04-10T11:27:44.025925
2026041004003223,AKPL,57,35,200,280.0,56000.0,Aryatara Investment & Securities,Kohinoor Investment & Securities Pvt. Ltd.,2026-04-10T11:27:44.026242
2026041004003278,AKPL,62,28,100,280.0,28000.0,Capital Max Securities Ltd,Shree Krishna Securities Ltd.,2026-04-10T11:28:12.248861
2026041004003279,AKPL,38,28,400,280.0,112000.0,Dipshikha Dhitopatra Karobar Co. Pvt Ltd.,Shree Krishna Securities Ltd.,2026-04-10T11:28:12.596034
2026041004003334,AKPL,38,42,1600,280.0,448000.0,Dipshikha Dhitopatra Karobar Co. Pvt Ltd.,Sani Securities Company Ltd.,2026-04-10T11:28:32.142759
2026041004003335,AKPL,36,42,400,280.0,112000.0,Secured Securities Ltd.,Sani Securities Company Ltd.,2026-04-10T11:28:32.142978
2026041004003411,AKPL,52,41,95,281.0,26695.0,Sundhara Securities Limited,Linch Stock Market Ltd.,2026-04-10T11:29:13.807323
2026041004003457,AKPL,45,47,100,282.0,28200.0,Imperial Securities Company Pvt. Ltd.,Neev Securities Pvt. Ltd.,2026-04-10T11:29:29.550528
2026041004003490,AKPL,38,47,100,282.0,28200.0,Dipshikha Dhitopatra Karobar Co. Pvt Ltd.,Neev Securities Pvt. Ltd.,2026-04-10T11:29:38.806436
2026041004003575,AKPL,42,51,10,280.5,2805.0,Sani Securities Company Ltd.,Oxford Securities Pvt. Ltd.,2026-04-10T11:29:51.930419
2026041004003576,AKPL,42,51,490,280.2,137298.0,Sani Securities Company Ltd.,Oxford Securities Pvt. Ltd.,2026-04-10T11:29:51.930577
2026041004003593,AKPL,52,47,81,282.0,22842.0,Sundhara Securities Limited,Neev Securities Pvt. Ltd.,2026-04-10T11:30:06.334224
2026041004003840,AKPL,58,47,25,282.0,7050.0,Naasa Securities Co. Ltd.,Neev Securities Pvt. Ltd.,2026-04-10T11:32:02.891442
2026041004003875,AKPL,48,47,694,282.0,195708.0,Trishakti Securities Public Limited,Neev Securities Pvt. Ltd.,2026-04-10T11:32:11.658302
2026041004003921,AKPL,48,13,11,283.0,3113.0,Trishakti Securities Public Limited,Thrive Brokerage House Pvt. Ltd,2026-04-10T11:32:39.337
2026041004004020,AKPL,13,13,489,283.0,138387.0,Thrive Brokerage House Pvt. Ltd,Thrive Brokerage House Pvt. Ltd,2026-04-10T11:33:22.701005
2026041004004075,AKPL,16,38,100,283.4,28340.0,Primo Securities (PVT) Ltd.,Dipshikha Dhitopatra Karobar Co. Pvt Ltd.,2026-04-10T11:33:51.899
2026041004004076,AKPL,16,96,12,283.5,3402.0,Primo Securities (PVT) Ltd.,Himalayan Securities Limited,2026-04-10T11:33:51.899
2026041004004077,AKPL,16,4,288,283.5,81648.0,Primo Securities (PVT) Ltd.,Opal Securities Investment (PVT) Ltd.,2026-04-10T11:33:51.9
2026041004004136,AKPL,13,3,400,283.0,113200.0,Thrive Brokerage House Pvt. Ltd,Arun Securities (PVT) Ltd.,2026-04-10T11:34:20.179
2026041004004137,AKPL,13,39,111,283.0,31413.0,Thrive Brokerage House Pvt. Ltd,Sumeru Securities Pvt. Ltd.,2026-04-10T11:34:20.253
2026041004004177,AKPL,38,39,75,283.0,21225.0,Dipshikha Dhitopatra Karobar Co. Pvt Ltd.,Sumeru Securities Pvt. Ltd.,2026-04-10T11:34:35.704541
2026041004004250,AKPL,13,39,325,283.0,91975.0,Thrive Brokerage House Pvt. Ltd,Sumeru Securities Pvt. Ltd.,2026-04-10T11:35:02.146
2026041004004335,AKPL,13,17,150,283.0,42450.0,Thrive Brokerage House Pvt. Ltd,ABC Securities Private Limited,2026-04-10T11:35:53.113
2026041004004386,AKPL,13,58,25,283.0,7075.0,Thrive Brokerage House Pvt. Ltd,Naasa Securities Co. Ltd.,2026-04-10T11:36:28.431
2026041004004387,AKPL,22,58,75,283.0,21225.0,Siprabi Securities Pvt. Ltd.,Naasa Securities Co. Ltd.,2026-04-10T11:36:28.432
2026041004004407,AKPL,22,35,175,283.0,49525.0,Siprabi Securities Pvt. Ltd.,Kohinoor Investment & Securities Pvt. Ltd.,2026-04-10T11:36:37.239
2026041004004483,AKPL,44,35,25,283.4,7085.0,Dynamic Money Managers Securities Pvt. Ltd.,Kohinoor Investment & Securities Pvt. Ltd.,2026-04-10T11:37:17.87
2026041004004484,AKPL,44,44,175,283.4,49595.0,Dynamic Money Managers Securities Pvt. Ltd.,Dynamic Money Managers Securities Pvt. Ltd.,2026-04-10T11:37:17.871
2026041004004526,AKPL,42,32,100,282.0,28200.0,Sani Securities Company Ltd.,Premier Securities Company Ltd.,2026-04-10T11:37:48.34
2026041004004724,AKPL,42,8,100,282.0,28200.0,Sani Securities Company Ltd.,Brilliant Securities Pvt. Ltd.,2026-04-10T11:39:06.099
2026041004004762,AKPL,42,58,10,281.5,2815.0,Sani Securities Company Ltd.,Naasa Securities Co. Ltd.,2026-04-10T11:39:21.123
2026041004004760,AKPL,14,58,100,282.5,28250.0,Nepal Stock House (PVT) Ltd.,Naasa Securities Co. Ltd.,2026-04-10T11:39:21.123
2026041004004761,AKPL,42,58,1031,282.0,290742.0,Sani Securities Company Ltd.,Naasa Securities Co. Ltd.,2026-04-10T11:39:21.123
2026041004004763,AKPL,6,58,500,281.1,140550.0,Agrawal Securities (PVT) Ltd.,Naasa Securities Co. Ltd.,2026-04-10T11:39:21.124
2026041004004764,AKPL,42,58,50,280.5,14025.0,Sani Securities Company Ltd.,Naasa Securities Co. Ltd.,2026-04-10T11:39:21.124
2026041004004765,AKPL,48,58,108,280.5,30294.0,Trishakti Securities Public Limited,Naasa Securities Co. Ltd.,2026-04-10T11:39:21.124
2026041004004766,AKPL,42,58,701,280.5,196630.5,Sani Securities Company Ltd.,Naasa Securities Co. Ltd.,2026-04-10T11:39:21.124
2026041004004803,AKPL,36,42,1600,280.0,448000.0,Secured Securities Ltd.,Sani Securities Company Ltd.,2026-04-10T11:39:34.926
2026041004004804,AKPL,42,42,10,280.0,2800.0,Sani Securities Company Ltd.,Sani Securities Company Ltd.,2026-04-10T11:39:34.926
2026041004004802,AKPL,43,42,800,280.3,224240.0,South Asian Bulls Pvt. Ltd.,Sani Securities Company Ltd.,2026-04-10T11:39:34.926
2026041004004805,AKPL,16,42,5000,280.0,1400000.0,Primo Securities (PVT) Ltd.,Sani Securities Company Ltd.,2026-04-10T11:39:34.926
2026041004004800,AKPL,22,42,750,280.4,210300.0,Siprabi Securities Pvt. Ltd.,Sani Securities Company Ltd.,2026-04-10T11:39:34.926
2026041004004799,AKPL,8,42,80,280.4,22432.0,Brilliant Securities Pvt. Ltd.,Sani Securities Company Ltd.,2026-04-10T11:39:34.926
2026041004004798,AKPL,42,42,1057,280.5,296488.5,Sani Securities Company Ltd.,Sani Securities Company Ltd.,2026-04-10T11:39:34.926
2026041004004801,AKPL,4,42,14,280.4,3925.6,Opal Securities Investment (PVT) Ltd.,Sani Securities Company Ltd.,2026-04-10T11:39:34.926
2026041004004806,AKPL,38,42,2000,280.0,560000.0,Dipshikha Dhitopatra Karobar Co. Pvt Ltd.,Sani Securities Company Ltd.,2026-04-10T11:39:34.927
2026041004004807,AKPL,38,42,10,280.0,2800.0,Dipshikha Dhitopatra Karobar Co. Pvt Ltd.,Sani Securities Company Ltd.,2026-04-10T11:39:34.927
2026041004004875,AKPL,42,42,10,280.0,2800.0,Sani Securities Company Ltd.,Sani Securities Company Ltd.,2026-04-10T11:40:15.639
2026041004004881,AKPL,42,32,10,279.5,2795.0,Sani Securities Company Ltd.,Premier Securities Company Ltd.,2026-04-10T11:40:20.914
2026041004004899,AKPL,38,42,20,280.0,5600.0,Dipshikha Dhitopatra Karobar Co. Pvt Ltd.,Sani Securities Company Ltd.,2026-04-10T11:40:43.535
2026041004004952,AKPL,58,32,10,279.3,2793.0,Naasa Securities Co. Ltd.,Premier Securities Company Ltd.,2026-04-10T11:41:25.509
2026041004005037,AKPL,62,42,25,280.0,7000.0,Capital Max Securities Ltd,Sani Securities Company Ltd.,2026-04-10T11:42:26.336
2026041004005038,AKPL,62,32,10,279.4,2794.0,Capital Max Securities Ltd,Premier Securities Company Ltd.,2026-04-10T11:42:32.844
2026041004005052,AKPL,62,44,11,279.4,3073.4,Capital Max Securities Ltd,Dynamic Money Managers Securities Pvt. Ltd.,2026-04-10T11:42:41.368
2026041004005073,AKPL,33,44,10,279.4,2794.0,Dakshinkali Investment & Securities Pvt. Ltd.,Dynamic Money Managers Securities Pvt. Ltd.,2026-04-10T11:42:58.13
2026041004005080,AKPL,7,42,350,280.0,98000.0,J.F. Securites (PVT) Ltd.,Sani Securities Company Ltd.,2026-04-10T11:43:03.652
2026041004005086,AKPL,43,44,479,279.5,133880.5,South Asian Bulls Pvt. Ltd.,Dynamic Money Managers Securities Pvt. Ltd.,2026-04-10T11:43:05.576
2026041004005111,AKPL,33,42,1000,280.0,280000.0,Dakshinkali Investment & Securities Pvt. Ltd.,Sani Securities Company Ltd.,2026-04-10T11:43:27.419
2026041004005112,AKPL,17,42,1000,280.0,280000.0,ABC Securities Private Limited,Sani Securities Company Ltd.,2026-04-10T11:43:27.826
2026041004005169,AKPL,7,42,185,280.0,51800.0,J.F. Securites (PVT) Ltd.,Sani Securities Company Ltd.,2026-04-10T11:44:02.141
2026041004005180,AKPL,62,42,10,280.0,2800.0,Capital Max Securities Ltd,Sani Securities Company Ltd.,2026-04-10T11:44:18.531
2026041004005227,AKPL,51,42,1000,280.0,280000.0,Oxford Securities Pvt. Ltd.,Sani Securities Company Ltd.,2026-04-10T11:44:43.538
2026041004005265,AKPL,17,42,2000,280.0,560000.0,ABC Securities Private Limited,Sani Securities Company Ltd.,2026-04-10T11:45:10.063
2026041004005270,AKPL,13,42,1000,280.0,280000.0,Thrive Brokerage House Pvt. Ltd,Sani Securities Company Ltd.,2026-04-10T11:45:13.56
2026041004005308,AKPL,17,42,2000,280.0,560000.0,ABC Securities Private Limited,Sani Securities Company Ltd.,2026-04-10T11:45:32.615
2026041004005309,AKPL,71,42,79,280.0,22120.0,SHUBHAKAMANA SECURITIES PVT. LTD,Sani Securities Company Ltd.,2026-04-10T11:45:33.982
2026041004005310,AKPL,71,32,104,280.0,29120.0,SHUBHAKAMANA SECURITIES PVT. LTD,Premier Securities Company Ltd.,2026-04-10T11:45:33.982
2026041004005503,AKPL,25,43,400,283.0,113200.0,Sweta Securities Private Limited,South Asian Bulls Pvt. Ltd.,2026-04-10T11:47:35.443
2026041004005526,AKPL,58,96,1,278.4,278.4,Naasa Securities Co. Ltd.,Himalayan Securities Limited,2026-04-10T11:47:52.153
2026041004005782,AKPL,25,41,13,282.0,3666.0,Sweta Securities Private Limited,Linch Stock Market Ltd.,2026-04-10T11:50:57.171
2026041004005784,AKPL,25,11,37,283.0,10471.0,Sweta Securities Private Limited,Malla & Malla Stock Broking Company Pvt. Limited,2026-04-10T11:50:57.172
2026041004005783,AKPL,25,43,100,283.0,28300.0,Sweta Securities Private Limited,South Asian Bulls Pvt. Ltd.,2026-04-10T11:50:57.172
2026041004005804,AKPL,58,41,8,283.0,2264.0,Naasa Securities Co. Ltd.,Linch Stock Market Ltd.,2026-04-10T11:51:34.246
2026041004005978,AKPL,58,35,10,282.9,2829.0,Naasa Securities Co. Ltd.,Kohinoor Investment & Securities Pvt. Ltd.,2026-04-10T11:53:26.904
2026041004006111,AKPL,58,42,50,282.0,14100.0,Naasa Securities Co. Ltd.,Sani Securities Company Ltd.,2026-04-10T11:55:16.155
2026041004006203,AKPL,62,49,500,280.7,140350.0,Capital Max Securities Ltd,Online Securities Pvt. Ltd.,2026-04-10T11:56:17.318
2026041004006256,AKPL,39,17,100,280.8,28080.0,Sumeru Securities Pvt. Ltd.,ABC Securities Private Limited,2026-04-10T11:56:51.453
2026041004006486,AKPL,35,49,200,281.0,56200.0,Kohinoor Investment & Securities Pvt. Ltd.,Online Securities Pvt. Ltd.,2026-04-10T11:59:57.063
2026041004006510,AKPL,4,13,10,282.0,2820.0,Opal Securities Investment (PVT) Ltd.,Thrive Brokerage House Pvt. Ltd,2026-04-10T12:00:18.581
2026041004006577,AKPL,47,58,90,281.2,25308.0,Neev Securities Pvt. Ltd.,Naasa Securities Co. Ltd.,2026-04-10T12:01:10.588
2026041004006578,AKPL,35,58,910,281.0,255710.0,Kohinoor Investment & Securities Pvt. Ltd.,Naasa Securities Co. Ltd.,2026-04-10T12:01:10.589
2026041004006600,AKPL,35,49,20,281.0,5620.0,Kohinoor Investment & Securities Pvt. Ltd.,Online Securities Pvt. Ltd.,2026-04-10T12:01:28.925
2026041004006623,AKPL,35,58,930,281.0,261330.0,Kohinoor Investment & Securities Pvt. Ltd.,Naasa Securities Co. Ltd.,2026-04-10T12:01:44.578
2026041004006677,AKPL,35,45,440,281.0,123640.0,Kohinoor Investment & Securities Pvt. Ltd.,Imperial Securities Company Pvt. Ltd.,2026-04-10T12:01:58.459
2026041004006678,AKPL,58,45,50,281.0,14050.0,Naasa Securities Co. Ltd.,Imperial Securities Company Pvt. Ltd.,2026-04-10T12:01:58.459
2026041004006690,AKPL,39,45,10,281.0,2810.0,Sumeru Securities Pvt. Ltd.,Imperial Securities Company Pvt. Ltd.,2026-04-10T12:02:08.426368
2026041004006767,AKPL,39,92,200,281.1,56220.0,Sumeru Securities Pvt. Ltd.,Roadshow securities limited,2026-04-10T12:03:10.338518
2026041004006815,AKPL,42,13,40,282.0,11280.0,Sani Securities Company Ltd.,Thrive Brokerage House Pvt. Ltd,2026-04-10T12:03:51.621421
2026041004006816,AKPL,42,54,700,282.0,197400.0,Sani Securities Company Ltd.,Sewa Securities Pvt. Ltd.,2026-04-10T12:03:51.621681
2026041004006817,AKPL,42,35,190,282.9,53751.0,Sani Securities Company Ltd.,Kohinoor Investment & Securities Pvt. Ltd.,2026-04-10T12:03:51.621781
2026041004006818,AKPL,42,11,63,283.0,17829.0,Sani Securities Company Ltd.,Malla & Malla Stock Broking Company Pvt. Limited,2026-04-10T12:03:51.621878
2026041004006819,AKPL,42,25,300,283.0,84900.0,Sani Securities Company Ltd.,Sweta Securities Private Limited,2026-04-10T12:03:51.621986
2026041004006820,AKPL,42,34,307,283.0,86881.0,Sani Securities Company Ltd.,Vision Securities Pvt. Ltd,2026-04-10T12:03:51.622092
2026041004006822,AKPL,39,56,240,281.1,67464.0,Sumeru Securities Pvt. Ltd.,Sri Hari Securities Pvt. Ltd.,2026-04-10T12:03:54.231282
2026041004006921,AKPL,35,50,240,281.1,67464.0,Kohinoor Investment & Securities Pvt. Ltd.,Cristal Kanchanjanga Securites Pvt. Ltd.,2026-04-10T12:04:55.372285
2026041004006971,AKPL,13,52,1000,281.0,281000.0,Thrive Brokerage House Pvt. Ltd,Sundhara Securities Limited,2026-04-10T12:05:21.176661
2026041004007318,AKPL,11,49,20,281.0,5620.0,Malla & Malla Stock Broking Company Pvt. Limited,Online Securities Pvt. Ltd.,2026-04-10T12:08:18.469474
2026041004007319,AKPL,40,49,20,280.8,5616.0,Creative Securities Pvt Ltd,Online Securities Pvt. Ltd.,2026-04-10T12:08:18.469722
2026041004007320,AKPL,11,49,100,280.6,28060.0,Malla & Malla Stock Broking Company Pvt. Limited,Online Securities Pvt. Ltd.,2026-04-10T12:08:18.469828
2026041004007321,AKPL,35,49,10,280.6,2806.0,Kohinoor Investment & Securities Pvt. Ltd.,Online Securities Pvt. Ltd.,2026-04-10T12:08:18.469926
2026041004007322,AKPL,51,49,350,280.6,98210.0,Oxford Securities Pvt. Ltd.,Online Securities Pvt. Ltd.,2026-04-10T12:08:18.470025
2026041004007333,AKPL,51,56,500,280.6,140300.0,Oxford Securities Pvt. Ltd.,Sri Hari Securities Pvt. Ltd.,2026-04-10T12:08:23.359082
2026041004007571,AKPL,51,4,50,280.6,14030.0,Oxford Securities Pvt. Ltd.,Opal Securities Investment (PVT) Ltd.,2026-04-10T12:10:09.631282
2026041004007572,AKPL,42,4,50,280.6,14030.0,Sani Securities Company Ltd.,Opal Securities Investment (PVT) Ltd.,2026-04-10T12:10:09.631552
2026041004007573,AKPL,16,4,100,280.2,28020.0,Primo Securities (PVT) Ltd.,Opal Securities Investment (PVT) Ltd.,2026-04-10T12:10:09.631661
2026041004007604,AKPL,16,91,400,280.2,112080.0,Primo Securities (PVT) Ltd.,Citizens Share Broker Limited,2026-04-10T12:10:30.23935
2026041004007605,AKPL,51,91,100,280.2,28020.0,Oxford Securities Pvt. Ltd.,Citizens Share Broker Limited,2026-04-10T12:10:30.239579
2026041004007606,AKPL,51,56,260,280.2,72852.0,Oxford Securities Pvt. Ltd.,Sri Hari Securities Pvt. Ltd.,2026-04-10T12:10:31.343984
2026041004007624,AKPL,51,42,140,280.2,39228.0,Oxford Securities Pvt. Ltd.,Sani Securities Company Ltd.,2026-04-10T12:10:37.725642
2026041004007625,AKPL,35,42,860,280.1,240886.0,Kohinoor Investment & Securities Pvt. Ltd.,Sani Securities Company Ltd.,2026-04-10T12:10:37.726111
2026041004007655,AKPL,35,40,200,280.1,56020.0,Kohinoor Investment & Securities Pvt. Ltd.,Creative Securities Pvt Ltd,2026-04-10T12:10:52.180751
2026041004007691,AKPL,35,67,1440,280.1,403344.0,Kohinoor Investment & Securities Pvt. Ltd.,Property Wiard Limited,2026-04-10T12:11:05.148592
2026041004007692,AKPL,41,67,50,280.1,14005.0,Linch Stock Market Ltd.,Property Wiard Limited,2026-04-10T12:11:05.148841
2026041004007704,AKPL,71,52,250,280.0,70000.0,SHUBHAKAMANA SECURITIES PVT. LTD,Sundhara Securities Limited,2026-04-10T12:11:10.981243
2026041004007708,AKPL,71,16,500,280.0,140000.0,SHUBHAKAMANA SECURITIES PVT. LTD,Primo Securities (PVT) Ltd.,2026-04-10T12:11:12.172422
2026041004007805,AKPL,71,47,67,280.0,18760.0,SHUBHAKAMANA SECURITIES PVT. LTD,Neev Securities Pvt. Ltd.,2026-04-10T12:11:39.871422
2026041004007806,AKPL,38,47,250,280.0,70000.0,Dipshikha Dhitopatra Karobar Co. Pvt Ltd.,Neev Securities Pvt. Ltd.,2026-04-10T12:11:39.871906
2026041004007807,AKPL,13,47,500,280.0,140000.0,Thrive Brokerage House Pvt. Ltd,Neev Securities Pvt. Ltd.,2026-04-10T12:11:39.872238
2026041004007808,AKPL,39,47,353,280.0,98840.0,Sumeru Securities Pvt. Ltd.,Neev Securities Pvt. Ltd.,2026-04-10T12:11:39.872564
2026041004007809,AKPL,7,47,17,280.0,4760.0,J.F. Securites (PVT) Ltd.,Neev Securities Pvt. Ltd.,2026-04-10T12:11:39.872854
2026041004007810,AKPL,6,47,813,280.0,227640.0,Agrawal Securities (PVT) Ltd.,Neev Securities Pvt. Ltd.,2026-04-10T12:11:39.873155
2026041004007877,AKPL,6,56,187,280.0,52360.0,Agrawal Securities (PVT) Ltd.,Sri Hari Securities Pvt. Ltd.,2026-04-10T12:12:05.74041
2026041004007878,AKPL,49,56,30,280.0,8400.0,Online Securities Pvt. Ltd.,Sri Hari Securities Pvt. Ltd.,2026-04-10T12:12:05.74069
2026041004007879,AKPL,42,56,10,280.0,2800.0,Sani Securities Company Ltd.,Sri Hari Securities Pvt. Ltd.,2026-04-10T12:12:05.740788
2026041004007880,AKPL,75,56,60,280.0,16800.0,N.I.M.B. Stock Markets Limited,Sri Hari Securities Pvt. Ltd.,2026-04-10T12:12:05.740887
2026041004007881,AKPL,32,56,10,280.0,2800.0,Premier Securities Company Ltd.,Sri Hari Securities Pvt. Ltd.,2026-04-10T12:12:05.740984
2026041004007949,AKPL,42,49,50,280.0,14000.0,Sani Securities Company Ltd.,Online Securities Pvt. Ltd.,2026-04-10T12:12:33.468077
2026041004007950,AKPL,34,49,100,280.0,28000.0,Vision Securities Pvt. Ltd,Online Securities Pvt. Ltd.,2026-04-10T12:12:33.46853
2026041004007951,AKPL,49,49,50,280.0,14000.0,Online Securities Pvt. Ltd.,Online Securities Pvt. Ltd.,2026-04-10T12:12:33.468813
2026041004008170,AKPL,7,42,143,279.6,39982.8,J.F. Securites (PVT) Ltd.,Sani Securities Company Ltd.,2026-04-10T12:13:52.07969
2026041004008171,AKPL,42,42,150,279.6,41940.0,Sani Securities Company Ltd.,Sani Securities Company Ltd.,2026-04-10T12:13:52.07977
2026041004008172,AKPL,43,42,431,279.5,120464.5,South Asian Bulls Pvt. Ltd.,Sani Securities Company Ltd.,2026-04-10T12:13:52.079841
2026041004008173,AKPL,47,42,595,279.5,166302.5,Neev Securities Pvt. Ltd.,Sani Securities Company Ltd.,2026-04-10T12:13:52.079905
2026041004008174,AKPL,33,42,705,279.4,196977.0,Dakshinkali Investment & Securities Pvt. Ltd.,Sani Securities Company Ltd.,2026-04-10T12:13:52.079969
2026041004008175,AKPL,13,42,300,279.4,83820.0,Thrive Brokerage House Pvt. Ltd,Sani Securities Company Ltd.,2026-04-10T12:13:52.08003
2026041004008176,AKPL,58,42,35,279.3,9775.5,Naasa Securities Co. Ltd.,Sani Securities Company Ltd.,2026-04-10T12:13:52.080092
2026041004008177,AKPL,35,42,10,279.3,2793.0,Kohinoor Investment & Securities Pvt. Ltd.,Sani Securities Company Ltd.,2026-04-10T12:13:52.080157
2026041004008178,AKPL,71,42,1000,279.3,279300.0,SHUBHAKAMANA SECURITIES PVT. LTD,Sani Securities Company Ltd.,2026-04-10T12:13:52.08023
2026041004008179,AKPL,58,42,200,279.3,55860.0,Naasa Securities Co. Ltd.,Sani Securities Company Ltd.,2026-04-10T12:13:52.080286
2026041004008180,AKPL,35,42,741,279.3,206961.3,Kohinoor Investment & Securities Pvt. Ltd.,Sani Securities Company Ltd.,2026-04-10T12:13:52.0804
2026041004008222,AKPL,35,49,259,279.3,72338.7,Kohinoor Investment & Securities Pvt. Ltd.,Online Securities Pvt. Ltd.,2026-04-10T12:14:12.878551
2026041004008223,AKPL,85,49,1541,279.3,430401.3,Capital Hub P. Ltd,Online Securities Pvt. Ltd.,2026-04-10T12:14:12.878983
2026041004008282,AKPL,85,34,290,279.3,80997.0,Capital Hub P. Ltd,Vision Securities Pvt. Ltd,2026-04-10T12:14:33.898071
2026041004008345,AKPL,85,42,500,279.3,139650.0,Capital Hub P. Ltd,Sani Securities Company Ltd.,2026-04-10T12:15:01.322303
2026041004008365,AKPL,85,75,300,279.3,83790.0,Capital Hub P. Ltd,N.I.M.B. Stock Markets Limited,2026-04-10T12:15:11.731381
2026041004008539,AKPL,85,36,300,279.3,83790.0,Capital Hub P. Ltd,Secured Securities Ltd.,2026-04-10T12:16:07.494427
2026041004008567,AKPL,85,22,500,279.3,139650.0,Capital Hub P. Ltd,Siprabi Securities Pvt. Ltd.,2026-04-10T12:16:16.949409
2026041004008571,AKPL,32,50,30,280.0,8400.0,Premier Securities Company Ltd.,Cristal Kanchanjanga Securites Pvt. Ltd.,2026-04-10T12:16:19.337569
2026041004008582,AKPL,85,52,1569,279.3,438221.7,Capital Hub P. Ltd,Sundhara Securities Limited,2026-04-10T12:16:26.205212
2026041004008583,AKPL,35,52,10,279.2,2792.0,Kohinoor Investment & Securities Pvt. Ltd.,Sundhara Securities Limited,2026-04-10T12:16:26.205272
2026041004008584,AKPL,35,52,10,279.1,2791.0,Kohinoor Investment & Securities Pvt. Ltd.,Sundhara Securities Limited,2026-04-10T12:16:26.205327
2026041004008585,AKPL,17,52,218,279.0,60822.0,ABC Securities Private Limited,Sundhara Securities Limited,2026-04-10T12:16:26.205356
2026041004008586,AKPL,58,52,300,279.0,83700.0,Naasa Securities Co. Ltd.,Sundhara Securities Limited,2026-04-10T12:16:26.205407
2026041004008587,AKPL,45,52,200,279.0,55800.0,Imperial Securities Company Pvt. Ltd.,Sundhara Securities Limited,2026-04-10T12:16:26.205453
2026041004008588,AKPL,41,52,93,279.0,25947.0,Linch Stock Market Ltd.,Sundhara Securities Limited,2026-04-10T12:16:26.205479
2026041004008598,AKPL,35,57,10,279.0,2790.0,Kohinoor Investment & Securities Pvt. Ltd.,Aryatara Investment & Securities,2026-04-10T12:16:37.155876
2026041004008599,AKPL,77,57,200,279.0,55800.0,Nabil Stock Dealer Ltd.,Aryatara Investment & Securities,2026-04-10T12:16:37.156128
2026041004008600,AKPL,57,57,1190,279.0,332010.0,Aryatara Investment & Securities,Aryatara Investment & Securities,2026-04-10T12:16:37.156223
2026041004008667,AKPL,57,39,10,279.0,2790.0,Aryatara Investment & Securities,Sumeru Securities Pvt. Ltd.,2026-04-10T12:17:03.960285
2026041004008668,AKPL,10,39,53,279.0,14787.0,Pragyan Securities (PVT) Ltd.,Sumeru Securities Pvt. Ltd.,2026-04-10T12:17:03.96057
2026041004008669,AKPL,51,39,200,279.0,55800.0,Oxford Securities Pvt. Ltd.,Sumeru Securities Pvt. Ltd.,2026-04-10T12:17:03.960666
2026041004008750,AKPL,5,45,100,278.8,27880.0,Market Securities & Exchange (PVT) Ltd.,Imperial Securities Company Pvt. Ltd.,2026-04-10T12:17:31.45781
2026041004008751,AKPL,1,45,100,278.3,27830.0,Kumari Securities Private Limited,Imperial Securities Company Pvt. Ltd.,2026-04-10T12:17:31.457884
2026041004008752,AKPL,56,45,70,278.0,19460.0,Sri Hari Securities Pvt. Ltd.,Imperial Securities Company Pvt. Ltd.,2026-04-10T12:17:31.457915
2026041004008753,AKPL,32,45,20,278.0,5560.0,Premier Securities Company Ltd.,Imperial Securities Company Pvt. Ltd.,2026-04-10T12:17:31.457941
2026041004008754,AKPL,7,45,20,278.0,5560.0,J.F. Securites (PVT) Ltd.,Imperial Securities Company Pvt. Ltd.,2026-04-10T12:17:31.457967
2026041004008755,AKPL,32,45,200,278.0,55600.0,Premier Securities Company Ltd.,Imperial Securities Company Pvt. Ltd.,2026-04-10T12:17:31.457989
2026041004008756,AKPL,44,45,100,278.0,27800.0,Dynamic Money Managers Securities Pvt. Ltd.,Imperial Securities Company Pvt. Ltd.,2026-04-10T12:17:31.458012
2026041004008757,AKPL,8,45,70,278.0,19460.0,Brilliant Securities Pvt. Ltd.,Imperial Securities Company Pvt. Ltd.,2026-04-10T12:17:31.458046
2026041004008758,AKPL,58,45,50,278.0,13900.0,Naasa Securities Co. Ltd.,Imperial Securities Company Pvt. Ltd.,2026-04-10T12:17:31.458069
2026041004008759,AKPL,49,45,70,278.0,19460.0,Online Securities Pvt. Ltd.,Imperial Securities Company Pvt. Ltd.,2026-04-10T12:17:31.458094
2026041004008793,AKPL,49,58,10,278.0,2780.0,Online Securities Pvt. Ltd.,Naasa Securities Co. Ltd.,2026-04-10T12:17:41.910997
2026041004008809,AKPL,49,32,120,278.0,33360.0,Online Securities Pvt. Ltd.,Premier Securities Company Ltd.,2026-04-10T12:17:47.08214
2026041004008810,AKPL,45,32,10,278.0,2780.0,Imperial Securities Company Pvt. Ltd.,Premier Securities Company Ltd.,2026-04-10T12:17:47.082234
2026041004008811,AKPL,58,32,100,278.0,27800.0,Naasa Securities Co. Ltd.,Premier Securities Company Ltd.,2026-04-10T12:17:47.082328
2026041004008812,AKPL,40,32,70,278.0,19460.0,Creative Securities Pvt Ltd,Premier Securities Company Ltd.,2026-04-10T12:17:47.082386
2026041004008933,AKPL,40,38,40,278.0,11120.0,Creative Securities Pvt Ltd,Dipshikha Dhitopatra Karobar Co. Pvt Ltd.,2026-04-10T12:18:18.67286
2026041004009101,AKPL,49,50,50,277.8,13890.0,Online Securities Pvt. Ltd.,Cristal Kanchanjanga Securites Pvt. Ltd.,2026-04-10T12:19:04.796863
2026041004009135,AKPL,16,57,670,277.4,185858.0,Primo Securities (PVT) Ltd.,Aryatara Investment & Securities,2026-04-10T12:19:22.520386
2026041004009211,AKPL,16,42,2040,277.4,565896.0,Primo Securities (PVT) Ltd.,Sani Securities Company Ltd.,2026-04-10T12:19:34.070465
2026041004009227,AKPL,16,50,120,277.4,33288.0,Primo Securities (PVT) Ltd.,Cristal Kanchanjanga Securites Pvt. Ltd.,2026-04-10T12:19:41.534443
2026041004009252,AKPL,16,25,500,277.4,138700.0,Primo Securities (PVT) Ltd.,Sweta Securities Private Limited,2026-04-10T12:19:55.20907
2026041004009313,AKPL,16,13,500,277.4,138700.0,Primo Securities (PVT) Ltd.,Thrive Brokerage House Pvt. Ltd,2026-04-10T12:20:16.666959
2026041004009394,AKPL,16,42,500,277.4,138700.0,Primo Securities (PVT) Ltd.,Sani Securities Company Ltd.,2026-04-10T12:20:39.805847
2026041004009396,AKPL,16,68,670,277.4,185858.0,Primo Securities (PVT) Ltd.,Elite Stock House Limited,2026-04-10T12:20:41.052786
2026041004009397,AKPL,68,68,500,277.1,138550.0,Elite Stock House Limited,Elite Stock House Limited,2026-04-10T12:20:41.052889
2026041004009411,AKPL,42,49,100,277.1,27710.0,Sani Securities Company Ltd.,Online Securities Pvt. Ltd.,2026-04-10T12:20:48.615008
2026041004009425,AKPL,42,34,100,277.1,27710.0,Sani Securities Company Ltd.,Vision Securities Pvt. Ltd,2026-04-10T12:20:51.641377
2026041004009426,AKPL,6,34,500,277.0,138500.0,Agrawal Securities (PVT) Ltd.,Vision Securities Pvt. Ltd,2026-04-10T12:20:51.641556
2026041004009427,AKPL,33,34,307,277.0,85039.0,Dakshinkali Investment & Securities Pvt. Ltd.,Vision Securities Pvt. Ltd,2026-04-10T12:20:51.641643
2026041004009555,AKPL,33,77,693,277.0,191961.0,Dakshinkali Investment & Securities Pvt. Ltd.,Nabil Stock Dealer Ltd.,2026-04-10T12:21:36.672442
2026041004009556,AKPL,42,77,307,277.0,85039.0,Sani Securities Company Ltd.,Nabil Stock Dealer Ltd.,2026-04-10T12:21:36.672699
2026041004009599,AKPL,42,54,50,277.0,13850.0,Sani Securities Company Ltd.,Sewa Securities Pvt. Ltd.,2026-04-10T12:21:47.118061
2026041004009607,AKPL,42,65,1143,277.0,316611.0,Sani Securities Company Ltd.,Sharepro Securities Private Limited,2026-04-10T12:21:49.824514
2026041004009608,AKPL,41,65,357,277.0,98889.0,Linch Stock Market Ltd.,Sharepro Securities Private Limited,2026-04-10T12:21:49.824943
2026041004009642,AKPL,41,45,200,277.0,55400.0,Linch Stock Market Ltd.,Imperial Securities Company Pvt. Ltd.,2026-04-10T12:21:59.694715
2026041004009679,AKPL,41,59,443,277.0,122711.0,Linch Stock Market Ltd.,Deevyaa Securities & Stock House Pvt. Ltd,2026-04-10T12:22:08.739335
2026041004009680,AKPL,45,59,125,277.0,34625.0,Imperial Securities Company Pvt. Ltd.,Deevyaa Securities & Stock House Pvt. Ltd,2026-04-10T12:22:08.73976
2026041004009681,AKPL,51,59,132,277.0,36564.0,Oxford Securities Pvt. Ltd.,Deevyaa Securities & Stock House Pvt. Ltd,2026-04-10T12:22:08.740037
2026041004009767,AKPL,51,44,65,277.0,18005.0,Oxford Securities Pvt. Ltd.,Dynamic Money Managers Securities Pvt. Ltd.,2026-04-10T12:22:31.392939
2026041004009803,AKPL,34,44,200,277.0,55400.0,Vision Securities Pvt. Ltd,Dynamic Money Managers Securities Pvt. Ltd.,2026-04-10T12:22:48.147479
2026041004009840,AKPL,59,74,980,276.5,270970.0,Deevyaa Securities & Stock House Pvt. Ltd,KALASH STOCK MARKET PVT. LTD.,2026-04-10T12:23:05.698499
2026041004009965,AKPL,34,101,60,277.0,16620.0,Vision Securities Pvt. Ltd,APPLE SECURITIES PRIVATE LIMITED,2026-04-10T12:23:32.375076
2026041004009966,AKPL,34,38,11,277.0,3047.0,Vision Securities Pvt. Ltd,Dipshikha Dhitopatra Karobar Co. Pvt Ltd.,2026-04-10T12:23:32.375274
2026041004009967,AKPL,34,36,429,277.0,118833.0,Vision Securities Pvt. Ltd,Secured Securities Ltd.,2026-04-10T12:23:32.375376
2026041004010050,AKPL,42,36,10,277.0,2770.0,Sani Securities Company Ltd.,Secured Securities Ltd.,2026-04-10T12:24:08.754444
2026041004010191,AKPL,56,36,11,277.0,3047.0,Sri Hari Securities Pvt. Ltd.,Secured Securities Ltd.,2026-04-10T12:25:06.465784
2026041004010203,AKPL,56,13,89,277.0,24653.0,Sri Hari Securities Pvt. Ltd.,Thrive Brokerage House Pvt. Ltd,2026-04-10T12:25:11.802908
2026041004010204,AKPL,59,13,11,276.5,3041.5,Deevyaa Securities & Stock House Pvt. Ltd,Thrive Brokerage House Pvt. Ltd,2026-04-10T12:25:11.803175
2026041004010322,AKPL,47,48,80,276.5,22120.0,Neev Securities Pvt. Ltd.,Trishakti Securities Public Limited,2026-04-10T12:25:51.532728
2026041004010323,AKPL,47,48,120,276.5,33180.0,Neev Securities Pvt. Ltd.,Trishakti Securities Public Limited,2026-04-10T12:25:51.533138
2026041004010427,AKPL,42,36,100,277.0,27700.0,Sani Securities Company Ltd.,Secured Securities Ltd.,2026-04-10T12:26:33.420271
2026041004010469,AKPL,28,36,250,277.0,69250.0,Shree Krishna Securities Ltd.,Secured Securities Ltd.,2026-04-10T12:26:48.242472
2026041004010568,AKPL,13,36,340,277.0,94180.0,Thrive Brokerage House Pvt. Ltd,Secured Securities Ltd.,2026-04-10T12:27:21.092637
2026041004010631,AKPL,7,58,10,277.4,2774.0,J.F. Securites (PVT) Ltd.,Naasa Securities Co. Ltd.,2026-04-10T12:27:44.104233
2026041004010632,AKPL,7,58,90,277.4,24966.0,J.F. Securites (PVT) Ltd.,Naasa Securities Co. Ltd.,2026-04-10T12:27:44.10445
2026041004010714,AKPL,36,58,210,277.4,58254.0,Secured Securities Ltd.,Naasa Securities Co. Ltd.,2026-04-10T12:28:09.319932
2026041004010715,AKPL,36,21,40,278.0,11120.0,Secured Securities Ltd.,Midas Stock Broking Company Private Limited,2026-04-10T12:28:09.320156
2026041004010830,AKPL,36,4,295,278.0,82010.0,Secured Securities Ltd.,Opal Securities Investment (PVT) Ltd.,2026-04-10T12:29:13.360623
2026041004010949,AKPL,38,8,200,279.0,55800.0,Dipshikha Dhitopatra Karobar Co. Pvt Ltd.,Brilliant Securities Pvt. Ltd.,2026-04-10T12:30:01.972124
2026041004010950,AKPL,38,49,142,279.0,39618.0,Dipshikha Dhitopatra Karobar Co. Pvt Ltd.,Online Securities Pvt. Ltd.,2026-04-10T12:30:01.972348
2026041004011062,AKPL,38,22,208,279.9,58219.2,Dipshikha Dhitopatra Karobar Co. Pvt Ltd.,Siprabi Securities Pvt. Ltd.,2026-04-10T12:30:44.115064
2026041004011158,AKPL,40,22,60,279.9,16794.0,Creative Securities Pvt Ltd,Siprabi Securities Pvt. Ltd.,2026-04-10T12:31:36.795429
2026041004011189,AKPL,45,22,232,279.9,64936.8,Imperial Securities Company Pvt. Ltd.,Siprabi Securities Pvt. Ltd.,2026-04-10T12:31:55.723634
2026041004011205,AKPL,45,34,268,279.9,75013.2,Imperial Securities Company Pvt. Ltd.,Vision Securities Pvt. Ltd,2026-04-10T12:32:06.413095
2026041004011206,AKPL,58,34,32,279.1,8931.2,Naasa Securities Co. Ltd.,Vision Securities Pvt. Ltd,2026-04-10T12:32:06.41317
2026041004011273,AKPL,59,58,5,277.0,1385.0,Deevyaa Securities & Stock House Pvt. Ltd,Naasa Securities Co. Ltd.,2026-04-10T12:32:25.739678
2026041004011360,AKPL,58,58,127,279.1,35445.7,Naasa Securities Co. Ltd.,Naasa Securities Co. Ltd.,2026-04-10T12:33:09.981679
2026041004011361,AKPL,51,58,342,279.0,95418.0,Oxford Securities Pvt. Ltd.,Naasa Securities Co. Ltd.,2026-04-10T12:33:09.982107
2026041004011362,AKPL,13,58,531,279.0,148149.0,Thrive Brokerage House Pvt. Ltd,Naasa Securities Co. Ltd.,2026-04-10T12:33:09.982408
2026041004011372,AKPL,13,34,100,279.0,27900.0,Thrive Brokerage House Pvt. Ltd,Vision Securities Pvt. Ltd,2026-04-10T12:33:21.947578
2026041004011373,AKPL,14,44,25,280.0,7000.0,Nepal Stock House (PVT) Ltd.,Dynamic Money Managers Securities Pvt. Ltd.,2026-04-10T12:33:21.955818
2026041004011413,AKPL,45,44,975,280.0,273000.0,Imperial Securities Company Pvt. Ltd.,Dynamic Money Managers Securities Pvt. Ltd.,2026-04-10T12:33:42.425716
2026041004011414,AKPL,45,77,300,280.0,84000.0,Imperial Securities Company Pvt. Ltd.,Nabil Stock Dealer Ltd.,2026-04-10T12:33:42.425983
2026041004011415,AKPL,45,42,25,280.0,7000.0,Imperial Securities Company Pvt. Ltd.,Sani Securities Company Ltd.,2026-04-10T12:33:42.426102
2026041004011416,AKPL,45,58,200,280.0,56000.0,Imperial Securities Company Pvt. Ltd.,Naasa Securities Co. Ltd.,2026-04-10T12:33:42.426204
2026041004011496,AKPL,38,34,200,279.5,55900.0,Dipshikha Dhitopatra Karobar Co. Pvt Ltd.,Vision Securities Pvt. Ltd,2026-04-10T12:34:33.400039
2026041004011535,AKPL,51,39,110,280.0,30800.0,Oxford Securities Pvt. Ltd.,Sumeru Securities Pvt. Ltd.,2026-04-10T12:34:51.870281
2026041004011606,AKPL,42,39,25,280.0,7000.0,Sani Securities Company Ltd.,Sumeru Securities Pvt. Ltd.,2026-04-10T12:35:19.643885
2026041004011702,AKPL,38,34,50,279.5,13975.0,Dipshikha Dhitopatra Karobar Co. Pvt Ltd.,Vision Securities Pvt. Ltd,2026-04-10T12:36:15.294582
2026041004011785,AKPL,13,34,29,279.0,8091.0,Thrive Brokerage House Pvt. Ltd,Vision Securities Pvt. Ltd,2026-04-10T12:37:01.900716
2026041004011786,AKPL,57,34,40,279.0,11160.0,Aryatara Investment & Securities,Vision Securities Pvt. Ltd,2026-04-10T12:37:01.900762
2026041004011787,AKPL,52,34,281,278.0,78118.0,Sundhara Securities Limited,Vision Securities Pvt. Ltd,2026-04-10T12:37:01.900792
2026041004011815,AKPL,52,39,165,278.0,45870.0,Sundhara Securities Limited,Sumeru Securities Pvt. Ltd.,2026-04-10T12:37:15.045639
2026041004011837,AKPL,57,6,150,278.0,41700.0,Aryatara Investment & Securities,Agrawal Securities (PVT) Ltd.,2026-04-10T12:37:25.473993
2026041004011838,AKPL,13,6,550,278.0,152900.0,Thrive Brokerage House Pvt. Ltd,Agrawal Securities (PVT) Ltd.,2026-04-10T12:37:25.474234
2026041004011944,AKPL,41,32,100,279.0,27900.0,Linch Stock Market Ltd.,Premier Securities Company Ltd.,2026-04-10T12:38:00.728105
2026041004011945,AKPL,13,32,884,278.0,245752.0,Thrive Brokerage House Pvt. Ltd,Premier Securities Company Ltd.,2026-04-10T12:38:00.72821
2026041004011946,AKPL,13,38,300,278.0,83400.0,Thrive Brokerage House Pvt. Ltd,Dipshikha Dhitopatra Karobar Co. Pvt Ltd.,2026-04-10T12:38:00.746246
2026041004011996,AKPL,13,16,266,278.0,73948.0,Thrive Brokerage House Pvt. Ltd,Primo Securities (PVT) Ltd.,2026-04-10T12:38:14.513169
2026041004011997,AKPL,42,16,352,278.0,97856.0,Sani Securities Company Ltd.,Primo Securities (PVT) Ltd.,2026-04-10T12:38:14.513453
2026041004012050,AKPL,50,16,60,278.0,16680.0,Cristal Kanchanjanga Securites Pvt. Ltd.,Primo Securities (PVT) Ltd.,2026-04-10T12:38:35.000823
2026041004012123,AKPL,43,16,300,278.0,83400.0,South Asian Bulls Pvt. Ltd.,Primo Securities (PVT) Ltd.,2026-04-10T12:39:04.53227
2026041004012265,AKPL,19,58,10,277.2,2772.0,Nepal Investment And Securities Trading Private Limited,Naasa Securities Co. Ltd.,2026-04-10T12:39:47.243415
2026041004012366,AKPL,36,16,22,278.0,6116.0,Secured Securities Ltd.,Primo Securities (PVT) Ltd.,2026-04-10T12:41:02.942255
2026041004012710,AKPL,43,86,10,279.0,2790.0,South Asian Bulls Pvt. Ltd.,Stoxkarts Securities Limited,2026-04-10T12:45:31.847923
2026041004012862,AKPL,36,49,53,278.0,14734.0,Secured Securities Ltd.,Online Securities Pvt. Ltd.,2026-04-10T12:47:49.923645
2026041004012863,AKPL,19,49,647,277.2,179348.4,Nepal Investment And Securities Trading Private Limited,Online Securities Pvt. Ltd.,2026-04-10T12:47:49.923969
2026041004012937,AKPL,36,57,25,278.0,6950.0,Secured Securities Ltd.,Aryatara Investment & Securities,2026-04-10T12:48:57.586349
2026041004013138,AKPL,38,57,40,278.0,11120.0,Dipshikha Dhitopatra Karobar Co. Pvt Ltd.,Aryatara Investment & Securities,2026-04-10T12:52:30.584426
2026041004013425,AKPL,62,57,159,277.5,44122.5,Capital Max Securities Ltd,Aryatara Investment & Securities,2026-04-10T12:57:21.831089
2026041004013426,AKPL,62,42,30,278.0,8340.0,Capital Max Securities Ltd,Sani Securities Company Ltd.,2026-04-10T12:57:21.831382
2026041004013440,AKPL,62,36,100,277.3,27730.0,Capital Max Securities Ltd,Secured Securities Ltd.,2026-04-10T12:57:45.204457
2026041004013441,AKPL,19,36,200,277.2,55440.0,Nepal Investment And Securities Trading Private Limited,Secured Securities Ltd.,2026-04-10T12:57:45.204592
2026041004013473,AKPL,19,58,76,277.2,21067.2,Nepal Investment And Securities Trading Private Limited,Naasa Securities Co. Ltd.,2026-04-10T12:58:23.529349
2026041004013659,AKPL,22,54,500,277.5,138750.0,Siprabi Securities Pvt. Ltd.,Sewa Securities Pvt. Ltd.,2026-04-10T13:00:48.69745
2026041004013693,AKPL,45,54,190,277.5,52725.0,Imperial Securities Company Pvt. Ltd.,Sewa Securities Pvt. Ltd.,2026-04-10T13:01:21.432771
2026041004013708,AKPL,22,54,45,277.5,12487.5,Siprabi Securities Pvt. Ltd.,Sewa Securities Pvt. Ltd.,2026-04-10T13:01:39.805322
2026041004013725,AKPL,45,86,210,279.0,58590.0,Imperial Securities Company Pvt. Ltd.,Stoxkarts Securities Limited,2026-04-10T13:02:20.857006
2026041004013726,AKPL,45,58,400,279.0,111600.0,Imperial Securities Company Pvt. Ltd.,Naasa Securities Co. Ltd.,2026-04-10T13:02:20.857639
2026041004013727,AKPL,45,64,390,279.0,108810.0,Imperial Securities Company Pvt. Ltd.,SUN SECURITIES PVT LTD,2026-04-10T13:02:20.858079
2026041004013883,AKPL,44,64,1000,279.0,279000.0,Dynamic Money Managers Securities Pvt. Ltd.,SUN SECURITIES PVT LTD,2026-04-10T13:05:18.972365
2026041004013902,AKPL,94,42,10,278.0,2780.0,K.B.L. Securities Limited ,Sani Securities Company Ltd.,2026-04-10T13:05:39.34605
2026041004013913,AKPL,13,42,190,278.0,52820.0,Thrive Brokerage House Pvt. Ltd,Sani Securities Company Ltd.,2026-04-10T13:06:13.036967
2026041004013963,AKPL,44,64,1000,279.0,279000.0,Dynamic Money Managers Securities Pvt. Ltd.,SUN SECURITIES PVT LTD,2026-04-10T13:07:04.901357
2026041004014450,AKPL,44,64,610,279.0,170190.0,Dynamic Money Managers Securities Pvt. Ltd.,SUN SECURITIES PVT LTD,2026-04-10T13:15:26.304001
2026041004014451,AKPL,44,41,390,279.8,109122.0,Dynamic Money Managers Securities Pvt. Ltd.,Linch Stock Market Ltd.,2026-04-10T13:15:26.304104
2026041004014513,AKPL,94,58,25,278.0,6950.0,K.B.L. Securities Limited ,Naasa Securities Co. Ltd.,2026-04-10T13:16:30.107923
2026041004014746,AKPL,57,41,555,279.8,155289.0,Aryatara Investment & Securities,Linch Stock Market Ltd.,2026-04-10T13:20:17.610351
2026041004014793,AKPL,58,41,10,279.8,2798.0,Naasa Securities Co. Ltd.,Linch Stock Market Ltd.,2026-04-10T13:20:51.391523
2026041004015025,AKPL,39,41,45,279.8,12591.0,Sumeru Securities Pvt. Ltd.,Linch Stock Market Ltd.,2026-04-10T13:23:06.002698
2026041004015026,AKPL,39,26,165,280.0,46200.0,Sumeru Securities Pvt. Ltd.,Asian Securities Private Ltd.,2026-04-10T13:23:06.003208
2026041004015027,AKPL,39,7,200,280.0,56000.0,Sumeru Securities Pvt. Ltd.,J.F. Securites (PVT) Ltd.,2026-04-10T13:23:06.003573
2026041004015028,AKPL,39,53,33,280.0,9240.0,Sumeru Securities Pvt. Ltd.,Investment Management Nepal Pvt. Ltd.,2026-04-10T13:23:06.003904
2026041004015029,AKPL,39,3,100,280.0,28000.0,Sumeru Securities Pvt. Ltd.,Arun Securities (PVT) Ltd.,2026-04-10T13:23:06.004218
2026041004015030,AKPL,39,58,50,280.0,14000.0,Sumeru Securities Pvt. Ltd.,Naasa Securities Co. Ltd.,2026-04-10T13:23:06.0046
2026041004015031,AKPL,39,67,10,280.1,2801.0,Sumeru Securities Pvt. Ltd.,Property Wiard Limited,2026-04-10T13:23:06.004935
2026041004015032,AKPL,39,7,100,280.9,28090.0,Sumeru Securities Pvt. Ltd.,J.F. Securites (PVT) Ltd.,2026-04-10T13:23:06.005278
2026041004015033,AKPL,39,89,700,280.9,196630.0,Sumeru Securities Pvt. Ltd.,Global IME Securities Limited,2026-04-10T13:23:06.005623
2026041004015097,AKPL,57,57,60,281.0,16860.0,Aryatara Investment & Securities,Aryatara Investment & Securities,2026-04-10T13:23:40.308121
2026041004015178,AKPL,58,57,300,281.0,84300.0,Naasa Securities Co. Ltd.,Aryatara Investment & Securities,2026-04-10T13:24:37.310177
2026041004015260,AKPL,39,57,190,281.0,53390.0,Sumeru Securities Pvt. Ltd.,Aryatara Investment & Securities,2026-04-10T13:25:33.862571
2026041004015261,AKPL,39,57,1000,281.8,281800.0,Sumeru Securities Pvt. Ltd.,Aryatara Investment & Securities,2026-04-10T13:25:33.862882
2026041004015262,AKPL,39,62,2000,281.9,563800.0,Sumeru Securities Pvt. Ltd.,Capital Max Securities Ltd,2026-04-10T13:25:33.863002
2026041004015487,AKPL,60,29,400,280.0,112000.0,Nagarik Stock Dealer ,Trisul Securities & Invt. Ltd.,2026-04-10T13:28:09.032081
2026041004015488,AKPL,45,29,310,280.0,86800.0,Imperial Securities Company Pvt. Ltd.,Trisul Securities & Invt. Ltd.,2026-04-10T13:28:09.032644
2026041004015567,AKPL,45,34,50,280.0,14000.0,Imperial Securities Company Pvt. Ltd.,Vision Securities Pvt. Ltd,2026-04-10T13:29:16.1241
2026041004015568,AKPL,49,34,35,280.0,9800.0,Online Securities Pvt. Ltd.,Vision Securities Pvt. Ltd,2026-04-10T13:29:16.124164
2026041004015569,AKPL,90,34,415,280.0,116200.0,Sajilo Broker Limited,Vision Securities Pvt. Ltd,2026-04-10T13:29:16.124197
2026041004015716,AKPL,90,34,85,280.0,23800.0,Sajilo Broker Limited,Vision Securities Pvt. Ltd,2026-04-10T13:31:03.710107
2026041004015717,AKPL,39,34,415,280.0,116200.0,Sumeru Securities Pvt. Ltd.,Vision Securities Pvt. Ltd,2026-04-10T13:31:03.710173
2026041004015995,AKPL,39,34,70,280.0,19600.0,Sumeru Securities Pvt. Ltd.,Vision Securities Pvt. Ltd,2026-04-10T13:33:47.814359
2026041004016275,AKPL,42,14,188,281.2,52865.6,Sani Securities Company Ltd.,Nepal Stock House (PVT) Ltd.,2026-04-10T13:37:33.997732
2026041004016306,AKPL,34,38,50,281.3,14065.0,Vision Securities Pvt. Ltd,Dipshikha Dhitopatra Karobar Co. Pvt Ltd.,2026-04-10T13:38:04.784482
2026041004016307,AKPL,42,38,107,281.2,30088.4,Sani Securities Company Ltd.,Dipshikha Dhitopatra Karobar Co. Pvt Ltd.,2026-04-10T13:38:04.785074
2026041004016308,AKPL,42,38,110,281.0,30910.0,Sani Securities Company Ltd.,Dipshikha Dhitopatra Karobar Co. Pvt Ltd.,2026-04-10T13:38:04.78546
2026041004016309,AKPL,39,38,200,280.1,56020.0,Sumeru Securities Pvt. Ltd.,Dipshikha Dhitopatra Karobar Co. Pvt Ltd.,2026-04-10T13:38:04.785811
2026041004016310,AKPL,34,38,33,280.1,9243.3,Vision Securities Pvt. Ltd,Dipshikha Dhitopatra Karobar Co. Pvt Ltd.,2026-04-10T13:38:04.786155
2026041004016351,AKPL,13,16,500,281.0,140500.0,Thrive Brokerage House Pvt. Ltd,Primo Securities (PVT) Ltd.,2026-04-10T13:38:26.346578
2026041004016493,AKPL,13,19,11,281.5,3096.5,Thrive Brokerage House Pvt. Ltd,Nepal Investment And Securities Trading Private Limited,2026-04-10T13:39:22.826017
2026041004016512,AKPL,13,40,200,281.0,56200.0,Thrive Brokerage House Pvt. Ltd,Creative Securities Pvt Ltd,2026-04-10T13:39:38.161104
2026041004016528,AKPL,13,22,300,281.0,84300.0,Thrive Brokerage House Pvt. Ltd,Siprabi Securities Pvt. Ltd.,2026-04-10T13:39:47.809715
2026041004016592,AKPL,56,22,100,281.0,28100.0,Sri Hari Securities Pvt. Ltd.,Siprabi Securities Pvt. Ltd.,2026-04-10T13:40:41.639097
2026041004016685,AKPL,72,82,1000,281.0,281000.0,Hatemalo Financial Services Private Limited,N.M.B. SECURITIES LIMITED,2026-04-10T13:41:46.239479
2026041004016830,AKPL,42,19,989,281.5,278403.5,Sani Securities Company Ltd.,Nepal Investment And Securities Trading Private Limited,2026-04-10T13:42:47.453777
2026041004016831,AKPL,42,4,11,281.5,3096.5,Sani Securities Company Ltd.,Opal Securities Investment (PVT) Ltd.,2026-04-10T13:42:47.454153
2026041004017043,AKPL,39,4,100,281.5,28150.0,Sumeru Securities Pvt. Ltd.,Opal Securities Investment (PVT) Ltd.,2026-04-10T13:44:08.585097
2026041004017226,AKPL,49,58,2000,281.7,563400.0,Online Securities Pvt. Ltd.,Naasa Securities Co. Ltd.,2026-04-10T13:46:03.669438
2026041004017423,AKPL,39,25,200,281.9,56380.0,Sumeru Securities Pvt. Ltd.,Sweta Securities Private Limited,2026-04-10T13:48:01.886199
2026041004017424,AKPL,39,57,250,281.9,70475.0,Sumeru Securities Pvt. Ltd.,Aryatara Investment & Securities,2026-04-10T13:48:01.886822
2026041004017425,AKPL,39,13,220,282.0,62040.0,Sumeru Securities Pvt. Ltd.,Thrive Brokerage House Pvt. Ltd,2026-04-10T13:48:01.887182
2026041004017426,AKPL,39,25,500,282.0,141000.0,Sumeru Securities Pvt. Ltd.,Sweta Securities Private Limited,2026-04-10T13:48:01.887551
2026041004017427,AKPL,39,34,100,282.0,28200.0,Sumeru Securities Pvt. Ltd.,Vision Securities Pvt. Ltd,2026-04-10T13:48:01.887906
2026041004017428,AKPL,39,42,605,282.0,170610.0,Sumeru Securities Pvt. Ltd.,Sani Securities Company Ltd.,2026-04-10T13:48:01.888261
2026041004017429,AKPL,39,74,3000,282.0,846000.0,Sumeru Securities Pvt. Ltd.,KALASH STOCK MARKET PVT. LTD.,2026-04-10T13:48:01.888637
2026041004017430,AKPL,39,19,125,282.0,35250.0,Sumeru Securities Pvt. Ltd.,Nepal Investment And Securities Trading Private Limited,2026-04-10T13:48:01.888993
2026041004017567,AKPL,19,19,10,282.0,2820.0,Nepal Investment And Securities Trading Private Limited,Nepal Investment And Securities Trading Private Limited,2026-04-10T13:49:33.066125
2026041004017669,AKPL,14,19,500,282.0,141000.0,Nepal Stock House (PVT) Ltd.,Nepal Investment And Securities Trading Private Limited,2026-04-10T13:50:21.173758
2026041004017778,AKPL,13,19,159,282.0,44838.0,Thrive Brokerage House Pvt. Ltd,Nepal Investment And Securities Trading Private Limited,2026-04-10T13:51:28.354555
2026041004017828,AKPL,74,38,200,282.1,56420.0,KALASH STOCK MARKET PVT. LTD.,Dipshikha Dhitopatra Karobar Co. Pvt Ltd.,2026-04-10T13:51:59.463844
2026041004017870,AKPL,74,38,200,282.1,56420.0,KALASH STOCK MARKET PVT. LTD.,Dipshikha Dhitopatra Karobar Co. Pvt Ltd.,2026-04-10T13:52:18.414166
2026041004017897,AKPL,13,38,461,282.1,130048.1,Thrive Brokerage House Pvt. Ltd,Dipshikha Dhitopatra Karobar Co. Pvt Ltd.,2026-04-10T13:52:45.819775
2026041004018160,AKPL,36,14,200,282.0,56400.0,Secured Securities Ltd.,Nepal Stock House (PVT) Ltd.,2026-04-10T13:55:03.457327
2026041004018161,AKPL,36,57,573,282.0,161586.0,Secured Securities Ltd.,Aryatara Investment & Securities,2026-04-10T13:55:03.457632
2026041004018165,AKPL,47,57,365,282.0,102930.0,Neev Securities Pvt. Ltd.,Aryatara Investment & Securities,2026-04-10T13:55:05.43355
2026041004018245,AKPL,34,17,17,281.1,4778.7,Vision Securities Pvt. Ltd,ABC Securities Private Limited,2026-04-10T13:55:26.559178
2026041004018246,AKPL,36,17,20,281.1,5622.0,Secured Securities Ltd.,ABC Securities Private Limited,2026-04-10T13:55:26.559458
2026041004018247,AKPL,34,17,13,281.1,3654.3,Vision Securities Pvt. Ltd,ABC Securities Private Limited,2026-04-10T13:55:26.559587
2026041004018436,AKPL,34,8,87,281.1,24455.7,Vision Securities Pvt. Ltd,Brilliant Securities Pvt. Ltd.,2026-04-10T13:56:09.247255
2026041004018479,AKPL,52,43,54,281.0,15174.0,Sundhara Securities Limited,South Asian Bulls Pvt. Ltd.,2026-04-10T13:56:21.331155
2026041004018480,AKPL,13,43,456,281.0,128136.0,Thrive Brokerage House Pvt. Ltd,South Asian Bulls Pvt. Ltd.,2026-04-10T13:56:21.331213
2026041004018481,AKPL,58,43,490,281.0,137690.0,Naasa Securities Co. Ltd.,South Asian Bulls Pvt. Ltd.,2026-04-10T13:56:21.331246
2026041004018482,AKPL,58,39,38,281.0,10678.0,Naasa Securities Co. Ltd.,Sumeru Securities Pvt. Ltd.,2026-04-10T13:56:21.339382
2026041004018494,AKPL,37,39,462,281.0,129822.0,Swarna Laxmi Securities Pvt. Ltd.,Sumeru Securities Pvt. Ltd.,2026-04-10T13:56:23.156967
2026041004018577,AKPL,37,60,38,281.0,10678.0,Swarna Laxmi Securities Pvt. Ltd.,Nagarik Stock Dealer ,2026-04-10T13:56:44.208644
2026041004018751,AKPL,42,44,385,280.4,107954.0,Sani Securities Company Ltd.,Dynamic Money Managers Securities Pvt. Ltd.,2026-04-10T13:57:40.795054
2026041004018810,AKPL,42,44,115,280.4,32246.0,Sani Securities Company Ltd.,Dynamic Money Managers Securities Pvt. Ltd.,2026-04-10T13:58:00.356986
2026041004018845,AKPL,74,10,500,280.3,140150.0,KALASH STOCK MARKET PVT. LTD.,Pragyan Securities (PVT) Ltd.,2026-04-10T13:58:15.812095
2026041004018846,AKPL,39,10,15,280.0,4200.0,Sumeru Securities Pvt. Ltd.,Pragyan Securities (PVT) Ltd.,2026-04-10T13:58:15.812683
2026041004018847,AKPL,84,10,746,280.0,208880.0,MILKY WAY SHARE BROKER COMPANY LTD ,Pragyan Securities (PVT) Ltd.,2026-04-10T13:58:15.81306
2026041004018862,AKPL,84,18,1254,280.0,351120.0,MILKY WAY SHARE BROKER COMPANY LTD ,Sagarmatha Securities Private Limited,2026-04-10T13:58:22.856431
2026041004018863,AKPL,45,18,200,280.0,56000.0,Imperial Securities Company Pvt. Ltd.,Sagarmatha Securities Private Limited,2026-04-10T13:58:22.856744
2026041004018864,AKPL,53,18,100,280.0,28000.0,Investment Management Nepal Pvt. Ltd.,Sagarmatha Securities Private Limited,2026-04-10T13:58:22.856988
2026041004018865,AKPL,38,18,500,280.0,140000.0,Dipshikha Dhitopatra Karobar Co. Pvt Ltd.,Sagarmatha Securities Private Limited,2026-04-10T13:58:22.857191
2026041004018866,AKPL,41,18,25,280.0,7000.0,Linch Stock Market Ltd.,Sagarmatha Securities Private Limited,2026-04-10T13:58:22.857402
2026041004018867,AKPL,58,18,300,280.0,84000.0,Naasa Securities Co. Ltd.,Sagarmatha Securities Private Limited,2026-04-10T13:58:22.857579
2026041004018868,AKPL,3,18,1000,280.0,280000.0,Arun Securities (PVT) Ltd.,Sagarmatha Securities Private Limited,2026-04-10T13:58:22.857816
2026041004018869,AKPL,17,18,121,279.0,33759.0,ABC Securities Private Limited,Sagarmatha Securities Private Limited,2026-04-10T13:58:22.857975
2026041004018922,AKPL,17,64,100,279.0,27900.0,ABC Securities Private Limited,SUN SECURITIES PVT LTD,2026-04-10T13:58:51.593547
2026041004018935,AKPL,17,60,462,279.0,128898.0,ABC Securities Private Limited,Nagarik Stock Dealer ,2026-04-10T13:59:06.511999
2026041004018949,AKPL,17,44,317,279.0,88443.0,ABC Securities Private Limited,Dynamic Money Managers Securities Pvt. Ltd.,2026-04-10T13:59:09.517271
2026041004018950,AKPL,36,44,568,279.0,158472.0,Secured Securities Ltd.,Dynamic Money Managers Securities Pvt. Ltd.,2026-04-10T13:59:09.517849
2026041004018970,AKPL,36,49,432,279.0,120528.0,Secured Securities Ltd.,Online Securities Pvt. Ltd.,2026-04-10T13:59:11.511057
2026041004018971,AKPL,38,49,378,279.0,105462.0,Dipshikha Dhitopatra Karobar Co. Pvt Ltd.,Online Securities Pvt. Ltd.,2026-04-10T13:59:11.511354
2026041004019003,AKPL,38,21,500,279.0,139500.0,Dipshikha Dhitopatra Karobar Co. Pvt Ltd.,Midas Stock Broking Company Private Limited,2026-04-10T13:59:28.345616
2026041004019263,AKPL,38,10,121,279.0,33759.0,Dipshikha Dhitopatra Karobar Co. Pvt Ltd.,Pragyan Securities (PVT) Ltd.,2026-04-10T14:02:21.505267
2026041004019264,AKPL,45,10,85,279.0,23715.0,Imperial Securities Company Pvt. Ltd.,Pragyan Securities (PVT) Ltd.,2026-04-10T14:02:21.505915
2026041004019265,AKPL,45,101,15,279.0,4185.0,Imperial Securities Company Pvt. Ltd.,APPLE SECURITIES PRIVATE LIMITED,2026-04-10T14:02:23.486795
2026041004019266,AKPL,38,101,25,278.5,6962.5,Dipshikha Dhitopatra Karobar Co. Pvt Ltd.,APPLE SECURITIES PRIVATE LIMITED,2026-04-10T14:02:23.486901
2026041004019267,AKPL,85,101,180,278.2,50076.0,Capital Hub P. Ltd,APPLE SECURITIES PRIVATE LIMITED,2026-04-10T14:02:23.486983
2026041004019268,AKPL,39,101,500,278.1,139050.0,Sumeru Securities Pvt. Ltd.,APPLE SECURITIES PRIVATE LIMITED,2026-04-10T14:02:23.487055
2026041004019269,AKPL,63,101,76,278.1,21135.6,Himalayan Brokerage Company Limited,APPLE SECURITIES PRIVATE LIMITED,2026-04-10T14:02:23.487119
2026041004019270,AKPL,38,101,25,278.0,6950.0,Dipshikha Dhitopatra Karobar Co. Pvt Ltd.,APPLE SECURITIES PRIVATE LIMITED,2026-04-10T14:02:23.4872
2026041004019271,AKPL,58,101,179,278.0,49762.0,Naasa Securities Co. Ltd.,APPLE SECURITIES PRIVATE LIMITED,2026-04-10T14:02:23.487273
2026041004019712,AKPL,42,1,100,278.3,27830.0,Sani Securities Company Ltd.,Kumari Securities Private Limited,2026-04-10T14:08:37.771667
2026041004019785,AKPL,7,38,200,280.0,56000.0,J.F. Securites (PVT) Ltd.,Dipshikha Dhitopatra Karobar Co. Pvt Ltd.,2026-04-10T14:09:42.644233
2026041004019884,AKPL,58,38,50,280.0,14000.0,Naasa Securities Co. Ltd.,Dipshikha Dhitopatra Karobar Co. Pvt Ltd.,2026-04-10T14:11:35.483293
2026041004019885,AKPL,42,38,100,280.0,28000.0,Sani Securities Company Ltd.,Dipshikha Dhitopatra Karobar Co. Pvt Ltd.,2026-04-10T14:11:35.483598
2026041004019998,AKPL,45,38,350,280.0,98000.0,Imperial Securities Company Pvt. Ltd.,Dipshikha Dhitopatra Karobar Co. Pvt Ltd.,2026-04-10T14:14:05.756752
2026041004019999,AKPL,45,53,150,281.0,42150.0,Imperial Securities Company Pvt. Ltd.,Investment Management Nepal Pvt. Ltd.,2026-04-10T14:14:05.7569
2026041004020208,AKPL,35,96,30,280.1,8403.0,Kohinoor Investment & Securities Pvt. Ltd.,Himalayan Securities Limited,2026-04-10T14:16:27.920754
2026041004020566,AKPL,39,96,1000,280.9,280900.0,Sumeru Securities Pvt. Ltd.,Himalayan Securities Limited,2026-04-10T14:22:09.141403
2026041004020608,AKPL,58,96,10,280.9,2809.0,Naasa Securities Co. Ltd.,Himalayan Securities Limited,2026-04-10T14:22:29.876185
2026041004020960,AKPL,19,34,50,280.0,14000.0,Nepal Investment And Securities Trading Private Limited,Vision Securities Pvt. Ltd,2026-04-10T14:24:35.778588
2026041004020990,AKPL,1,62,199,278.9,55501.1,Kumari Securities Private Limited,Capital Max Securities Ltd,2026-04-10T14:24:54.248075
2026041004020991,AKPL,86,62,100,278.7,27870.0,Stoxkarts Securities Limited,Capital Max Securities Ltd,2026-04-10T14:24:54.248125
2026041004020992,AKPL,57,62,250,278.7,69675.0,Aryatara Investment & Securities,Capital Max Securities Ltd,2026-04-10T14:24:54.248189
2026041004020993,AKPL,39,62,1000,278.6,278600.0,Sumeru Securities Pvt. Ltd.,Capital Max Securities Ltd,2026-04-10T14:24:54.248247
2026041004020994,AKPL,57,62,200,278.5,55700.0,Aryatara Investment & Securities,Capital Max Securities Ltd,2026-04-10T14:24:54.248269
2026041004020995,AKPL,13,62,800,278.5,222800.0,Thrive Brokerage House Pvt. Ltd,Capital Max Securities Ltd,2026-04-10T14:24:54.2483
2026041004020996,AKPL,57,62,451,278.4,125558.4,Aryatara Investment & Securities,Capital Max Securities Ltd,2026-04-10T14:24:54.248337
2026041004021363,AKPL,57,34,800,278.4,222720.0,Aryatara Investment & Securities,Vision Securities Pvt. Ltd,2026-04-10T14:28:09.902547
2026041004021468,AKPL,57,10,183,278.4,50947.2,Aryatara Investment & Securities,Pragyan Securities (PVT) Ltd.,2026-04-10T14:29:01.316534
2026041004021469,AKPL,58,10,123,278.3,34230.9,Naasa Securities Co. Ltd.,Pragyan Securities (PVT) Ltd.,2026-04-10T14:29:01.316848
2026041004021470,AKPL,57,10,500,278.1,139050.0,Aryatara Investment & Securities,Pragyan Securities (PVT) Ltd.,2026-04-10T14:29:01.316988
2026041004021471,AKPL,58,10,176,278.0,48928.0,Naasa Securities Co. Ltd.,Pragyan Securities (PVT) Ltd.,2026-04-10T14:29:01.317148
2026041004021472,AKPL,22,10,18,278.0,5004.0,Siprabi Securities Pvt. Ltd.,Pragyan Securities (PVT) Ltd.,2026-04-10T14:29:01.317284
2026041004021494,AKPL,22,81,62,278.0,17236.0,Siprabi Securities Pvt. Ltd.,Aakashbhairab Securities Ltd.,2026-04-10T14:29:19.433281
2026041004021495,AKPL,50,81,438,278.0,121764.0,Cristal Kanchanjanga Securites Pvt. Ltd.,Aakashbhairab Securities Ltd.,2026-04-10T14:29:19.4339
2026041004021568,AKPL,50,16,462,278.0,128436.0,Cristal Kanchanjanga Securites Pvt. Ltd.,Primo Securities (PVT) Ltd.,2026-04-10T14:29:58.224559
2026041004021569,AKPL,1,16,13,278.0,3614.0,Kumari Securities Private Limited,Primo Securities (PVT) Ltd.,2026-04-10T14:29:58.224888
2026041004021586,AKPL,92,38,25,277.6,6940.0,Roadshow securities limited,Dipshikha Dhitopatra Karobar Co. Pvt Ltd.,2026-04-10T14:30:08.871867
2026041004021622,AKPL,1,16,25,278.0,6950.0,Kumari Securities Private Limited,Primo Securities (PVT) Ltd.,2026-04-10T14:30:28.312236
2026041004022038,AKPL,14,42,500,279.5,139750.0,Nepal Stock House (PVT) Ltd.,Sani Securities Company Ltd.,2026-04-10T14:34:40.441617
2026041004022136,AKPL,14,43,500,279.5,139750.0,Nepal Stock House (PVT) Ltd.,South Asian Bulls Pvt. Ltd.,2026-04-10T14:35:54.007266
2026041004022137,AKPL,41,43,160,279.0,44640.0,Linch Stock Market Ltd.,South Asian Bulls Pvt. Ltd.,2026-04-10T14:35:54.00745
2026041004022157,AKPL,58,29,20,280.0,5600.0,Naasa Securities Co. Ltd.,Trisul Securities & Invt. Ltd.,2026-04-10T14:35:59.833679
2026041004022158,AKPL,58,4,50,280.0,14000.0,Naasa Securities Co. Ltd.,Opal Securities Investment (PVT) Ltd.,2026-04-10T14:35:59.834025
2026041004022214,AKPL,58,42,30,280.0,8400.0,Naasa Securities Co. Ltd.,Sani Securities Company Ltd.,2026-04-10T14:36:47.283533
2026041004022328,AKPL,13,22,33,278.7,9197.1,Thrive Brokerage House Pvt. Ltd,Siprabi Securities Pvt. Ltd.,2026-04-10T14:37:11.98939
2026041004022340,AKPL,49,42,60,280.0,16800.0,Online Securities Pvt. Ltd.,Sani Securities Company Ltd.,2026-04-10T14:37:22.376926
2026041004022397,AKPL,16,42,210,280.0,58800.0,Primo Securities (PVT) Ltd.,Sani Securities Company Ltd.,2026-04-10T14:38:02.081691
2026041004022418,AKPL,16,49,21,279.0,5859.0,Primo Securities (PVT) Ltd.,Online Securities Pvt. Ltd.,2026-04-10T14:38:14.304221
2026041004022498,AKPL,16,10,300,279.0,83700.0,Primo Securities (PVT) Ltd.,Pragyan Securities (PVT) Ltd.,2026-04-10T14:39:13.450647
2026041004022571,AKPL,16,32,179,279.0,49941.0,Primo Securities (PVT) Ltd.,Premier Securities Company Ltd.,2026-04-10T14:39:55.592739
2026041004022572,AKPL,34,32,21,278.9,5856.9,Vision Securities Pvt. Ltd,Premier Securities Company Ltd.,2026-04-10T14:39:55.59305
2026041004022779,AKPL,13,10,467,278.7,130152.9,Thrive Brokerage House Pvt. Ltd,Pragyan Securities (PVT) Ltd.,2026-04-10T14:42:42.244918
2026041004022780,AKPL,52,10,20,278.6,5572.0,Sundhara Securities Limited,Pragyan Securities (PVT) Ltd.,2026-04-10T14:42:42.245265
2026041004022781,AKPL,33,10,513,278.1,142665.3,Dakshinkali Investment & Securities Pvt. Ltd.,Pragyan Securities (PVT) Ltd.,2026-04-10T14:42:42.245416
2026041004022810,AKPL,34,10,160,278.8,44608.0,Vision Securities Pvt. Ltd,Pragyan Securities (PVT) Ltd.,2026-04-10T14:42:53.056305
2026041004022878,AKPL,33,44,487,278.1,135434.7,Dakshinkali Investment & Securities Pvt. Ltd.,Dynamic Money Managers Securities Pvt. Ltd.,2026-04-10T14:43:14.245619
2026041004022879,AKPL,1,44,274,278.0,76172.0,Kumari Securities Private Limited,Dynamic Money Managers Securities Pvt. Ltd.,2026-04-10T14:43:14.245937
2026041004022880,AKPL,52,44,100,278.0,27800.0,Sundhara Securities Limited,Dynamic Money Managers Securities Pvt. Ltd.,2026-04-10T14:43:14.246133
2026041004022881,AKPL,58,44,100,278.0,27800.0,Naasa Securities Co. Ltd.,Dynamic Money Managers Securities Pvt. Ltd.,2026-04-10T14:43:14.246324
2026041004022882,AKPL,45,44,39,278.0,10842.0,Imperial Securities Company Pvt. Ltd.,Dynamic Money Managers Securities Pvt. Ltd.,2026-04-10T14:43:14.246522
2026041004022948,AKPL,58,10,340,278.2,94588.0,Naasa Securities Co. Ltd.,Pragyan Securities (PVT) Ltd.,2026-04-10T14:43:44.953812
2026041004023012,AKPL,58,10,160,278.2,44512.0,Naasa Securities Co. Ltd.,Pragyan Securities (PVT) Ltd.,2026-04-10T14:44:11.554594
2026041004023042,AKPL,58,14,100,278.2,27820.0,Naasa Securities Co. Ltd.,Nepal Stock House (PVT) Ltd.,2026-04-10T14:44:21.750767
2026041004023087,AKPL,58,44,240,278.2,66768.0,Naasa Securities Co. Ltd.,Dynamic Money Managers Securities Pvt. Ltd.,2026-04-10T14:44:47.454656
2026041004023088,AKPL,34,44,80,278.2,22256.0,Vision Securities Pvt. Ltd,Dynamic Money Managers Securities Pvt. Ltd.,2026-04-10T14:44:47.455073
2026041004023187,AKPL,45,1,74,278.0,20572.0,Imperial Securities Company Pvt. Ltd.,Kumari Securities Private Limited,2026-04-10T14:45:29.681543
2026041004023188,AKPL,51,1,10,278.0,2780.0,Oxford Securities Pvt. Ltd.,Kumari Securities Private Limited,2026-04-10T14:45:29.681581
2026041004023189,AKPL,92,1,175,277.6,48580.0,Roadshow securities limited,Kumari Securities Private Limited,2026-04-10T14:45:29.681631
2026041004023190,AKPL,41,1,150,277.5,41625.0,Linch Stock Market Ltd.,Kumari Securities Private Limited,2026-04-10T14:45:29.681708
2026041004023191,AKPL,49,1,715,277.5,198412.5,Online Securities Pvt. Ltd.,Kumari Securities Private Limited,2026-04-10T14:45:29.681774
2026041004023192,AKPL,51,1,200,277.5,55500.0,Oxford Securities Pvt. Ltd.,Kumari Securities Private Limited,2026-04-10T14:45:29.681839
2026041004023193,AKPL,34,1,140,277.5,38850.0,Vision Securities Pvt. Ltd,Kumari Securities Private Limited,2026-04-10T14:45:29.681946
2026041004023194,AKPL,58,1,283,277.3,78475.9,Naasa Securities Co. Ltd.,Kumari Securities Private Limited,2026-04-10T14:45:29.682007
2026041004023195,AKPL,13,1,250,277.3,69325.0,Thrive Brokerage House Pvt. Ltd,Kumari Securities Private Limited,2026-04-10T14:45:29.682113
2026041004023196,AKPL,57,1,500,277.3,138650.0,Aryatara Investment & Securities,Kumari Securities Private Limited,2026-04-10T14:45:29.682187
2026041004023197,AKPL,19,1,503,277.2,139431.6,Nepal Investment And Securities Trading Private Limited,Kumari Securities Private Limited,2026-04-10T14:45:29.682249
2026041004023289,AKPL,19,1,564,277.2,156340.8,Nepal Investment And Securities Trading Private Limited,Kumari Securities Private Limited,2026-04-10T14:45:52.529005
2026041004023290,AKPL,49,1,12,277.2,3326.4,Online Securities Pvt. Ltd.,Kumari Securities Private Limited,2026-04-10T14:45:52.529065
2026041004023291,AKPL,22,1,500,277.1,138550.0,Siprabi Securities Pvt. Ltd.,Kumari Securities Private Limited,2026-04-10T14:45:52.529088
2026041004023292,AKPL,38,1,20,277.0,5540.0,Dipshikha Dhitopatra Karobar Co. Pvt Ltd.,Kumari Securities Private Limited,2026-04-10T14:45:52.529116
2026041004023293,AKPL,45,1,200,277.0,55400.0,Imperial Securities Company Pvt. Ltd.,Kumari Securities Private Limited,2026-04-10T14:45:52.529149
2026041004023294,AKPL,58,1,100,277.0,27700.0,Naasa Securities Co. Ltd.,Kumari Securities Private Limited,2026-04-10T14:45:52.52918
2026041004023295,AKPL,52,1,500,277.0,138500.0,Sundhara Securities Limited,Kumari Securities Private Limited,2026-04-10T14:45:52.529219
2026041004023296,AKPL,34,1,25,277.0,6925.0,Vision Securities Pvt. Ltd,Kumari Securities Private Limited,2026-04-10T14:45:52.529246
2026041004023297,AKPL,45,1,79,277.0,21883.0,Imperial Securities Company Pvt. Ltd.,Kumari Securities Private Limited,2026-04-10T14:45:52.529272
2026041004023375,AKPL,45,34,421,277.0,116617.0,Imperial Securities Company Pvt. Ltd.,Vision Securities Pvt. Ltd,2026-04-10T14:46:18.767631
2026041004023376,AKPL,58,34,50,277.0,13850.0,Naasa Securities Co. Ltd.,Vision Securities Pvt. Ltd,2026-04-10T14:46:18.768188
2026041004023377,AKPL,57,34,19,277.0,5263.0,Aryatara Investment & Securities,Vision Securities Pvt. Ltd,2026-04-10T14:46:18.768589
2026041004023403,AKPL,57,10,181,277.0,50137.0,Aryatara Investment & Securities,Pragyan Securities (PVT) Ltd.,2026-04-10T14:46:25.506984
2026041004023404,AKPL,39,10,300,277.0,83100.0,Sumeru Securities Pvt. Ltd.,Pragyan Securities (PVT) Ltd.,2026-04-10T14:46:25.507261
2026041004023405,AKPL,58,10,107,277.0,29639.0,Naasa Securities Co. Ltd.,Pragyan Securities (PVT) Ltd.,2026-04-10T14:46:25.507404
2026041004023406,AKPL,22,10,49,277.0,13573.0,Siprabi Securities Pvt. Ltd.,Pragyan Securities (PVT) Ltd.,2026-04-10T14:46:25.507528
2026041004023407,AKPL,36,10,570,277.0,157890.0,Secured Securities Ltd.,Pragyan Securities (PVT) Ltd.,2026-04-10T14:46:25.50766
2026041004023408,AKPL,22,10,401,277.0,111077.0,Siprabi Securities Pvt. Ltd.,Pragyan Securities (PVT) Ltd.,2026-04-10T14:46:25.507828
2026041004023409,AKPL,42,10,10,277.0,2770.0,Sani Securities Company Ltd.,Pragyan Securities (PVT) Ltd.,2026-04-10T14:46:25.507967
2026041004023410,AKPL,45,10,153,277.0,42381.0,Imperial Securities Company Pvt. Ltd.,Pragyan Securities (PVT) Ltd.,2026-04-10T14:46:25.508119
2026041004023411,AKPL,58,10,20,277.0,5540.0,Naasa Securities Co. Ltd.,Pragyan Securities (PVT) Ltd.,2026-04-10T14:46:25.508263
2026041004023412,AKPL,14,10,600,277.0,166200.0,Nepal Stock House (PVT) Ltd.,Pragyan Securities (PVT) Ltd.,2026-04-10T14:46:25.508409
2026041004023413,AKPL,51,10,200,276.6,55320.0,Oxford Securities Pvt. Ltd.,Pragyan Securities (PVT) Ltd.,2026-04-10T14:46:25.508558
2026041004023414,AKPL,47,10,880,276.5,243320.0,Neev Securities Pvt. Ltd.,Pragyan Securities (PVT) Ltd.,2026-04-10T14:46:25.508692
2026041004023415,AKPL,83,10,100,276.5,27650.0,Sanima Securities Limited,Pragyan Securities (PVT) Ltd.,2026-04-10T14:46:25.508826
2026041004023416,AKPL,33,10,500,276.5,138250.0,Dakshinkali Investment & Securities Pvt. Ltd.,Pragyan Securities (PVT) Ltd.,2026-04-10T14:46:25.508949
2026041004023417,AKPL,14,10,10,276.4,2764.0,Nepal Stock House (PVT) Ltd.,Pragyan Securities (PVT) Ltd.,2026-04-10T14:46:25.509071
2026041004023418,AKPL,59,10,148,276.3,40892.4,Deevyaa Securities & Stock House Pvt. Ltd,Pragyan Securities (PVT) Ltd.,2026-04-10T14:46:25.509203
2026041004023419,AKPL,42,10,10,276.0,2760.0,Sani Securities Company Ltd.,Pragyan Securities (PVT) Ltd.,2026-04-10T14:46:25.509326
2026041004023420,AKPL,52,10,261,276.0,72036.0,Sundhara Securities Limited,Pragyan Securities (PVT) Ltd.,2026-04-10T14:46:25.509445
2026041004023421,AKPL,52,1,239,276.0,65964.0,Sundhara Securities Limited,Kumari Securities Private Limited,2026-04-10T14:46:25.850044
2026041004023422,AKPL,72,1,500,276.0,138000.0,Hatemalo Financial Services Private Limited,Kumari Securities Private Limited,2026-04-10T14:46:25.850219
2026041004023423,AKPL,57,1,100,276.0,27600.0,Aryatara Investment & Securities,Kumari Securities Private Limited,2026-04-10T14:46:25.85025
2026041004023424,AKPL,16,1,300,276.0,82800.0,Primo Securities (PVT) Ltd.,Kumari Securities Private Limited,2026-04-10T14:46:25.850274
2026041004023425,AKPL,39,1,200,276.0,55200.0,Sumeru Securities Pvt. Ltd.,Kumari Securities Private Limited,2026-04-10T14:46:25.8503
2026041004023426,AKPL,6,1,100,276.0,27600.0,Agrawal Securities (PVT) Ltd.,Kumari Securities Private Limited,2026-04-10T14:46:25.850333
2026041004023427,AKPL,91,1,100,276.0,27600.0,Citizens Share Broker Limited,Kumari Securities Private Limited,2026-04-10T14:46:25.850357
2026041004023428,AKPL,53,1,1461,276.0,403236.0,Investment Management Nepal Pvt. Ltd.,Kumari Securities Private Limited,2026-04-10T14:46:25.850382
2026041004023465,AKPL,53,10,1539,276.0,424764.0,Investment Management Nepal Pvt. Ltd.,Pragyan Securities (PVT) Ltd.,2026-04-10T14:46:36.397587
2026041004023466,AKPL,33,10,400,276.0,110400.0,Dakshinkali Investment & Securities Pvt. Ltd.,Pragyan Securities (PVT) Ltd.,2026-04-10T14:46:36.398143
2026041004023467,AKPL,58,10,200,276.0,55200.0,Naasa Securities Co. Ltd.,Pragyan Securities (PVT) Ltd.,2026-04-10T14:46:36.398561
2026041004023519,AKPL,46,50,1000,277.1,277100.0,Kalika Securities Pvt. Ltd.,Cristal Kanchanjanga Securites Pvt. Ltd.,2026-04-10T14:47:01.110643
2026041004023698,AKPL,58,1,50,276.0,13800.0,Naasa Securities Co. Ltd.,Kumari Securities Private Limited,2026-04-10T14:48:24.136374
2026041004023784,AKPL,58,57,1000,276.1,276100.0,Naasa Securities Co. Ltd.,Aryatara Investment & Securities,2026-04-10T14:48:43.381654
2026041004023785,AKPL,58,57,25,276.0,6900.0,Naasa Securities Co. Ltd.,Aryatara Investment & Securities,2026-04-10T14:48:43.381976
2026041004023786,AKPL,38,57,200,276.0,55200.0,Dipshikha Dhitopatra Karobar Co. Pvt Ltd.,Aryatara Investment & Securities,2026-04-10T14:48:43.3821
2026041004023787,AKPL,51,57,100,276.0,27600.0,Oxford Securities Pvt. Ltd.,Aryatara Investment & Securities,2026-04-10T14:48:43.38222
2026041004023788,AKPL,4,57,10,275.7,2757.0,Opal Securities Investment (PVT) Ltd.,Aryatara Investment & Securities,2026-04-10T14:48:43.382345
2026041004023789,AKPL,33,57,200,275.7,55140.0,Dakshinkali Investment & Securities Pvt. Ltd.,Aryatara Investment & Securities,2026-04-10T14:48:43.382465
2026041004023790,AKPL,6,57,100,275.5,27550.0,Agrawal Securities (PVT) Ltd.,Aryatara Investment & Securities,2026-04-10T14:48:43.382619
2026041004023791,AKPL,51,57,200,275.5,55100.0,Oxford Securities Pvt. Ltd.,Aryatara Investment & Securities,2026-04-10T14:48:43.382749
2026041004023792,AKPL,51,57,1000,275.4,275400.0,Oxford Securities Pvt. Ltd.,Aryatara Investment & Securities,2026-04-10T14:48:43.382866
2026041004023793,AKPL,58,57,165,275.1,45391.5,Naasa Securities Co. Ltd.,Aryatara Investment & Securities,2026-04-10T14:48:43.382982
2026041004023833,AKPL,6,32,150,277.0,41550.0,Agrawal Securities (PVT) Ltd.,Premier Securities Company Ltd.,2026-04-10T14:48:54.885758
2026041004023834,AKPL,6,54,475,277.1,131622.5,Agrawal Securities (PVT) Ltd.,Sewa Securities Pvt. Ltd.,2026-04-10T14:48:54.886301
2026041004023835,AKPL,6,38,175,277.1,48492.5,Agrawal Securities (PVT) Ltd.,Dipshikha Dhitopatra Karobar Co. Pvt Ltd.,2026-04-10T14:48:54.886673
2026041004023851,AKPL,40,42,50,276.0,13800.0,Creative Securities Pvt Ltd,Sani Securities Company Ltd.,2026-04-10T14:49:03.017081
2026041004023931,AKPL,60,42,160,275.7,44112.0,Nagarik Stock Dealer ,Sani Securities Company Ltd.,2026-04-10T14:49:38.857564
2026041004023955,AKPL,60,59,40,276.0,11040.0,Nagarik Stock Dealer ,Deevyaa Securities & Stock House Pvt. Ltd,2026-04-10T14:49:47.670653
2026041004023960,AKPL,38,59,50,276.0,13800.0,Dipshikha Dhitopatra Karobar Co. Pvt Ltd.,Deevyaa Securities & Stock House Pvt. Ltd,2026-04-10T14:49:52.611663
2026041004023988,AKPL,60,59,110,276.0,30360.0,Nagarik Stock Dealer ,Deevyaa Securities & Stock House Pvt. Ltd,2026-04-10T14:50:02.589543
2026041004024005,AKPL,60,57,90,276.0,24840.0,Nagarik Stock Dealer ,Aryatara Investment & Securities,2026-04-10T14:50:07.037751
2026041004024006,AKPL,13,57,500,275.2,137600.0,Thrive Brokerage House Pvt. Ltd,Aryatara Investment & Securities,2026-04-10T14:50:07.03804
2026041004024007,AKPL,3,57,410,275.2,112832.0,Arun Securities (PVT) Ltd.,Aryatara Investment & Securities,2026-04-10T14:50:07.038168
2026041004024050,AKPL,3,50,590,275.2,162368.0,Arun Securities (PVT) Ltd.,Cristal Kanchanjanga Securites Pvt. Ltd.,2026-04-10T14:50:16.056009
2026041004024051,AKPL,58,50,835,275.1,229708.5,Naasa Securities Co. Ltd.,Cristal Kanchanjanga Securites Pvt. Ltd.,2026-04-10T14:50:16.056339
2026041004024052,AKPL,22,50,500,275.1,137550.0,Siprabi Securities Pvt. Ltd.,Cristal Kanchanjanga Securites Pvt. Ltd.,2026-04-10T14:50:16.056462
2026041004024053,AKPL,28,50,125,275.1,34387.5,Shree Krishna Securities Ltd.,Cristal Kanchanjanga Securites Pvt. Ltd.,2026-04-10T14:50:16.056583
2026041004024054,AKPL,46,50,18,275.1,4951.8,Kalika Securities Pvt. Ltd.,Cristal Kanchanjanga Securites Pvt. Ltd.,2026-04-10T14:50:16.056699
2026041004024055,AKPL,13,50,500,275.1,137550.0,Thrive Brokerage House Pvt. Ltd,Cristal Kanchanjanga Securites Pvt. Ltd.,2026-04-10T14:50:16.056811
2026041004024056,AKPL,45,50,181,275.0,49775.0,Imperial Securities Company Pvt. Ltd.,Cristal Kanchanjanga Securites Pvt. Ltd.,2026-04-10T14:50:16.05696
2026041004024057,AKPL,37,50,250,275.0,68750.0,Swarna Laxmi Securities Pvt. Ltd.,Cristal Kanchanjanga Securites Pvt. Ltd.,2026-04-10T14:50:16.057077
2026041004024058,AKPL,34,50,100,275.0,27500.0,Vision Securities Pvt. Ltd,Cristal Kanchanjanga Securites Pvt. Ltd.,2026-04-10T14:50:16.057197
2026041004024059,AKPL,39,50,200,275.0,55000.0,Sumeru Securities Pvt. Ltd.,Cristal Kanchanjanga Securites Pvt. Ltd.,2026-04-10T14:50:16.057316
2026041004024060,AKPL,52,50,100,275.0,27500.0,Sundhara Securities Limited,Cristal Kanchanjanga Securites Pvt. Ltd.,2026-04-10T14:50:16.057437
2026041004024061,AKPL,34,50,100,275.0,27500.0,Vision Securities Pvt. Ltd,Cristal Kanchanjanga Securites Pvt. Ltd.,2026-04-10T14:50:16.057556
2026041004024062,AKPL,32,50,300,275.0,82500.0,Premier Securities Company Ltd.,Cristal Kanchanjanga Securites Pvt. Ltd.,2026-04-10T14:50:16.057668
2026041004024063,AKPL,45,50,300,275.0,82500.0,Imperial Securities Company Pvt. Ltd.,Cristal Kanchanjanga Securites Pvt. Ltd.,2026-04-10T14:50:16.057822
2026041004024064,AKPL,29,50,1300,275.0,357500.0,Trisul Securities & Invt. Ltd.,Cristal Kanchanjanga Securites Pvt. Ltd.,2026-04-10T14:50:16.057934
2026041004024065,AKPL,29,50,500,275.0,137500.0,Trisul Securities & Invt. Ltd.,Cristal Kanchanjanga Securites Pvt. Ltd.,2026-04-10T14:50:16.058061
2026041004024066,AKPL,41,50,500,275.0,137500.0,Linch Stock Market Ltd.,Cristal Kanchanjanga Securites Pvt. Ltd.,2026-04-10T14:50:16.058171
2026041004024067,AKPL,42,50,50,275.0,13750.0,Sani Securities Company Ltd.,Cristal Kanchanjanga Securites Pvt. Ltd.,2026-04-10T14:50:16.05828
2026041004024068,AKPL,50,50,120,275.0,33000.0,Cristal Kanchanjanga Securites Pvt. Ltd.,Cristal Kanchanjanga Securites Pvt. Ltd.,2026-04-10T14:50:16.058397
2026041004024069,AKPL,42,50,1500,275.0,412500.0,Sani Securities Company Ltd.,Cristal Kanchanjanga Securites Pvt. Ltd.,2026-04-10T14:50:16.058507
2026041004024070,AKPL,58,50,78,275.0,21450.0,Naasa Securities Co. Ltd.,Cristal Kanchanjanga Securites Pvt. Ltd.,2026-04-10T14:50:16.058651
2026041004024071,AKPL,72,50,500,275.0,137500.0,Hatemalo Financial Services Private Limited,Cristal Kanchanjanga Securites Pvt. Ltd.,2026-04-10T14:50:16.058755
2026041004024072,AKPL,51,50,250,275.0,68750.0,Oxford Securities Pvt. Ltd.,Cristal Kanchanjanga Securites Pvt. Ltd.,2026-04-10T14:50:16.058863
2026041004024073,AKPL,39,50,350,275.0,96250.0,Sumeru Securities Pvt. Ltd.,Cristal Kanchanjanga Securites Pvt. Ltd.,2026-04-10T14:50:16.058969
2026041004024074,AKPL,42,50,200,275.0,55000.0,Sani Securities Company Ltd.,Cristal Kanchanjanga Securites Pvt. Ltd.,2026-04-10T14:50:16.059078
2026041004024075,AKPL,60,50,999,275.0,274725.0,Nagarik Stock Dealer ,Cristal Kanchanjanga Securites Pvt. Ltd.,2026-04-10T14:50:16.059184
2026041004024076,AKPL,47,50,100,275.0,27500.0,Neev Securities Pvt. Ltd.,Cristal Kanchanjanga Securites Pvt. Ltd.,2026-04-10T14:50:16.059286
2026041004024077,AKPL,49,50,50,275.0,13750.0,Online Securities Pvt. Ltd.,Cristal Kanchanjanga Securites Pvt. Ltd.,2026-04-10T14:50:16.059396
2026041004024078,AKPL,58,50,404,275.0,111100.0,Naasa Securities Co. Ltd.,Cristal Kanchanjanga Securites Pvt. Ltd.,2026-04-10T14:50:16.059502
2026041004024097,AKPL,58,65,10,276.0,2760.0,Naasa Securities Co. Ltd.,Sharepro Securities Private Limited,2026-04-10T14:50:20.641642
2026041004024202,AKPL,25,48,340,276.1,93874.0,Sweta Securities Private Limited,Trishakti Securities Public Limited,2026-04-10T14:50:49.008718
2026041004024253,AKPL,25,36,60,276.1,16566.0,Sweta Securities Private Limited,Secured Securities Ltd.,2026-04-10T14:51:03.55458
2026041004024254,AKPL,58,36,20,276.0,5520.0,Naasa Securities Co. Ltd.,Secured Securities Ltd.,2026-04-10T14:51:03.554826
2026041004024305,AKPL,58,33,50,276.0,13800.0,Naasa Securities Co. Ltd.,Dakshinkali Investment & Securities Pvt. Ltd.,2026-04-10T14:51:22.620197
2026041004024367,AKPL,74,96,500,277.0,138500.0,KALASH STOCK MARKET PVT. LTD.,Himalayan Securities Limited,2026-04-10T14:51:45.946809
2026041004024436,AKPL,42,96,350,277.0,96950.0,Sani Securities Company Ltd.,Himalayan Securities Limited,2026-04-10T14:52:00.343772
2026041004024557,AKPL,33,96,1305,277.0,361485.0,Dakshinkali Investment & Securities Pvt. Ltd.,Himalayan Securities Limited,2026-04-10T14:52:31.764015
2026041004024579,AKPL,49,50,10,276.2,2762.0,Online Securities Pvt. Ltd.,Cristal Kanchanjanga Securites Pvt. Ltd.,2026-04-10T14:52:38.27762
2026041004024580,AKPL,38,50,50,276.1,13805.0,Dipshikha Dhitopatra Karobar Co. Pvt Ltd.,Cristal Kanchanjanga Securites Pvt. Ltd.,2026-04-10T14:52:38.277896
2026041004024581,AKPL,58,50,20,276.0,5520.0,Naasa Securities Co. Ltd.,Cristal Kanchanjanga Securites Pvt. Ltd.,2026-04-10T14:52:38.278012
2026041004024582,AKPL,51,50,10,276.0,2760.0,Oxford Securities Pvt. Ltd.,Cristal Kanchanjanga Securites Pvt. Ltd.,2026-04-10T14:52:38.278124
2026041004024583,AKPL,42,50,10,276.0,2760.0,Sani Securities Company Ltd.,Cristal Kanchanjanga Securites Pvt. Ltd.,2026-04-10T14:52:38.278233
2026041004024584,AKPL,38,50,40,276.0,11040.0,Dipshikha Dhitopatra Karobar Co. Pvt Ltd.,Cristal Kanchanjanga Securites Pvt. Ltd.,2026-04-10T14:52:38.278367
2026041004024585,AKPL,58,50,500,275.4,137700.0,Naasa Securities Co. Ltd.,Cristal Kanchanjanga Securites Pvt. Ltd.,2026-04-10T14:52:38.27848
2026041004024586,AKPL,58,50,20,275.3,5506.0,Naasa Securities Co. Ltd.,Cristal Kanchanjanga Securites Pvt. Ltd.,2026-04-10T14:52:38.278601
2026041004024587,AKPL,44,50,100,275.2,27520.0,Dynamic Money Managers Securities Pvt. Ltd.,Cristal Kanchanjanga Securites Pvt. Ltd.,2026-04-10T14:52:38.278709
2026041004024588,AKPL,56,50,75,275.1,20632.5,Sri Hari Securities Pvt. Ltd.,Cristal Kanchanjanga Securites Pvt. Ltd.,2026-04-10T14:52:38.278831
2026041004024865,AKPL,49,42,10,275.3,2753.0,Online Securities Pvt. Ltd.,Sani Securities Company Ltd.,2026-04-10T14:53:49.535264
2026041004024866,AKPL,58,42,180,275.2,49536.0,Naasa Securities Co. Ltd.,Sani Securities Company Ltd.,2026-04-10T14:53:49.535542
2026041004024906,AKPL,58,57,300,275.2,82560.0,Naasa Securities Co. Ltd.,Aryatara Investment & Securities,2026-04-10T14:54:05.805509
2026041004025082,AKPL,32,21,100,276.5,27650.0,Premier Securities Company Ltd.,Midas Stock Broking Company Private Limited,2026-04-10T14:54:44.442933
2026041004025293,AKPL,22,21,100,276.5,27650.0,Siprabi Securities Pvt. Ltd.,Midas Stock Broking Company Private Limited,2026-04-10T14:55:32.101848
2026041004025496,AKPL,89,96,20,277.0,5540.0,Global IME Securities Limited,Himalayan Securities Limited,2026-04-10T14:56:19.697427
2026041004025556,AKPL,83,26,475,276.5,131337.5,Sanima Securities Limited,Asian Securities Private Ltd.,2026-04-10T14:56:38.771989
2026041004025566,AKPL,22,21,10,276.0,2760.0,Siprabi Securities Pvt. Ltd.,Midas Stock Broking Company Private Limited,2026-04-10T14:56:43.284237
2026041004025567,AKPL,45,21,500,276.0,138000.0,Imperial Securities Company Pvt. Ltd.,Midas Stock Broking Company Private Limited,2026-04-10T14:56:43.284539
2026041004025568,AKPL,32,21,1455,276.0,401580.0,Premier Securities Company Ltd.,Midas Stock Broking Company Private Limited,2026-04-10T14:56:43.385293
2026041004025578,AKPL,32,51,45,276.0,12420.0,Premier Securities Company Ltd.,Oxford Securities Pvt. Ltd.,2026-04-10T14:56:45.072866
2026041004025634,AKPL,38,51,200,276.0,55200.0,Dipshikha Dhitopatra Karobar Co. Pvt Ltd.,Oxford Securities Pvt. Ltd.,2026-04-10T14:56:57.123745
2026041004025645,AKPL,71,51,320,276.0,88320.0,SHUBHAKAMANA SECURITIES PVT. LTD,Oxford Securities Pvt. Ltd.,2026-04-10T14:57:00.571357
2026041004025662,AKPL,49,74,10,275.6,2756.0,Online Securities Pvt. Ltd.,KALASH STOCK MARKET PVT. LTD.,2026-04-10T14:57:07.965869
2026041004025678,AKPL,58,10,500,275.6,137800.0,Naasa Securities Co. Ltd.,Pragyan Securities (PVT) Ltd.,2026-04-10T14:57:10.033654
2026041004025679,AKPL,22,10,10,275.5,2755.0,Siprabi Securities Pvt. Ltd.,Pragyan Securities (PVT) Ltd.,2026-04-10T14:57:10.034219
2026041004025680,AKPL,22,10,100,275.5,27550.0,Siprabi Securities Pvt. Ltd.,Pragyan Securities (PVT) Ltd.,2026-04-10T14:57:10.034625
2026041004025681,AKPL,52,10,50,275.5,13775.0,Sundhara Securities Limited,Pragyan Securities (PVT) Ltd.,2026-04-10T14:57:10.034997
2026041004025682,AKPL,21,10,91,275.5,25070.5,Midas Stock Broking Company Private Limited,Pragyan Securities (PVT) Ltd.,2026-04-10T14:57:10.035365
2026041004025683,AKPL,22,10,500,275.3,137650.0,Siprabi Securities Pvt. Ltd.,Pragyan Securities (PVT) Ltd.,2026-04-10T14:57:10.035727
2026041004025684,AKPL,4,10,1000,275.3,275300.0,Opal Securities Investment (PVT) Ltd.,Pragyan Securities (PVT) Ltd.,2026-04-10T14:57:10.036095
2026041004025685,AKPL,38,10,10,275.3,2753.0,Dipshikha Dhitopatra Karobar Co. Pvt Ltd.,Pragyan Securities (PVT) Ltd.,2026-04-10T14:57:10.03646
2026041004025686,AKPL,58,10,20,275.2,5504.0,Naasa Securities Co. Ltd.,Pragyan Securities (PVT) Ltd.,2026-04-10T14:57:10.036811
2026041004025687,AKPL,26,10,1000,275.2,275200.0,Asian Securities Private Ltd.,Pragyan Securities (PVT) Ltd.,2026-04-10T14:57:10.037171
2026041004025688,AKPL,56,10,925,275.1,254467.5,Sri Hari Securities Pvt. Ltd.,Pragyan Securities (PVT) Ltd.,2026-04-10T14:57:10.037531
2026041004025689,AKPL,13,10,300,275.1,82530.0,Thrive Brokerage House Pvt. Ltd,Pragyan Securities (PVT) Ltd.,2026-04-10T14:57:10.037891
2026041004025690,AKPL,58,10,146,275.0,40150.0,Naasa Securities Co. Ltd.,Pragyan Securities (PVT) Ltd.,2026-04-10T14:57:10.038243
2026041004025691,AKPL,38,10,999,275.0,274725.0,Dipshikha Dhitopatra Karobar Co. Pvt Ltd.,Pragyan Securities (PVT) Ltd.,2026-04-10T14:57:10.038603
2026041004025692,AKPL,45,10,100,275.0,27500.0,Imperial Securities Company Pvt. Ltd.,Pragyan Securities (PVT) Ltd.,2026-04-10T14:57:10.03895
2026041004025693,AKPL,6,10,610,275.0,167750.0,Agrawal Securities (PVT) Ltd.,Pragyan Securities (PVT) Ltd.,2026-04-10T14:57:10.03929
2026041004025719,AKPL,28,3,7,271.7,1901.9,Shree Krishna Securities Ltd.,Arun Securities (PVT) Ltd.,2026-04-10T14:57:15.312406
2026041004025745,AKPL,34,10,25,275.5,6887.5,Vision Securities Pvt. Ltd,Pragyan Securities (PVT) Ltd.,2026-04-10T14:57:19.126616
2026041004025746,AKPL,6,10,390,275.0,107250.0,Agrawal Securities (PVT) Ltd.,Pragyan Securities (PVT) Ltd.,2026-04-10T14:57:19.126876
2026041004025747,AKPL,32,10,150,275.0,41250.0,Premier Securities Company Ltd.,Pragyan Securities (PVT) Ltd.,2026-04-10T14:57:19.126996
2026041004025748,AKPL,34,10,50,275.0,13750.0,Vision Securities Pvt. Ltd,Pragyan Securities (PVT) Ltd.,2026-04-10T14:57:19.127119
2026041004025749,AKPL,58,10,1000,275.0,275000.0,Naasa Securities Co. Ltd.,Pragyan Securities (PVT) Ltd.,2026-04-10T14:57:19.127233
2026041004025750,AKPL,7,10,20,275.0,5500.0,J.F. Securites (PVT) Ltd.,Pragyan Securities (PVT) Ltd.,2026-04-10T14:57:19.12735
2026041004025751,AKPL,42,10,10,275.0,2750.0,Sani Securities Company Ltd.,Pragyan Securities (PVT) Ltd.,2026-04-10T14:57:19.127463
2026041004025752,AKPL,33,10,3000,275.0,825000.0,Dakshinkali Investment & Securities Pvt. Ltd.,Pragyan Securities (PVT) Ltd.,2026-04-10T14:57:19.127575
2026041004025753,AKPL,45,10,250,275.0,68750.0,Imperial Securities Company Pvt. Ltd.,Pragyan Securities (PVT) Ltd.,2026-04-10T14:57:19.127687
2026041004025754,AKPL,40,10,105,275.0,28875.0,Creative Securities Pvt Ltd,Pragyan Securities (PVT) Ltd.,2026-04-10T14:57:19.127794
2026041004025797,AKPL,40,42,395,275.0,108625.0,Creative Securities Pvt Ltd,Sani Securities Company Ltd.,2026-04-10T14:57:25.088577
2026041004025798,AKPL,58,42,118,275.0,32450.0,Naasa Securities Co. Ltd.,Sani Securities Company Ltd.,2026-04-10T14:57:25.089154
2026041004025799,AKPL,34,42,500,275.0,137500.0,Vision Securities Pvt. Ltd,Sani Securities Company Ltd.,2026-04-10T14:57:25.089507
2026041004025800,AKPL,51,42,500,275.0,137500.0,Oxford Securities Pvt. Ltd.,Sani Securities Company Ltd.,2026-04-10T14:57:25.089872
2026041004025801,AKPL,51,42,87,275.0,23925.0,Oxford Securities Pvt. Ltd.,Sani Securities Company Ltd.,2026-04-10T14:57:25.09022
2026041004025839,AKPL,13,45,1000,275.6,275600.0,Thrive Brokerage House Pvt. Ltd,Imperial Securities Company Pvt. Ltd.,2026-04-10T14:57:36.290592
2026041004025878,AKPL,13,51,435,275.6,119886.0,Thrive Brokerage House Pvt. Ltd,Oxford Securities Pvt. Ltd.,2026-04-10T14:57:42.490471
2026041004025915,AKPL,22,52,20,276.0,5520.0,Siprabi Securities Pvt. Ltd.,Sundhara Securities Limited,2026-04-10T14:57:49.224349
2026041004025938,AKPL,32,52,30,276.0,8280.0,Premier Securities Company Ltd.,Sundhara Securities Limited,2026-04-10T14:57:52.882738
2026041004025986,AKPL,32,57,40,276.0,11040.0,Premier Securities Company Ltd.,Aryatara Investment & Securities,2026-04-10T14:58:08.531985
2026041004025987,AKPL,86,10,500,275.7,137850.0,Stoxkarts Securities Limited,Pragyan Securities (PVT) Ltd.,2026-04-10T14:58:09.379399
2026041004025988,AKPL,13,10,65,275.6,17914.0,Thrive Brokerage House Pvt. Ltd,Pragyan Securities (PVT) Ltd.,2026-04-10T14:58:09.379917
2026041004025989,AKPL,36,10,100,275.1,27510.0,Secured Securities Ltd.,Pragyan Securities (PVT) Ltd.,2026-04-10T14:58:09.380262
2026041004025990,AKPL,22,10,250,275.1,68775.0,Siprabi Securities Pvt. Ltd.,Pragyan Securities (PVT) Ltd.,2026-04-10T14:58:09.380621
2026041004025991,AKPL,51,10,413,275.0,113575.0,Oxford Securities Pvt. Ltd.,Pragyan Securities (PVT) Ltd.,2026-04-10T14:58:09.380965
2026041004025992,AKPL,42,10,400,275.0,110000.0,Sani Securities Company Ltd.,Pragyan Securities (PVT) Ltd.,2026-04-10T14:58:09.381303
2026041004025993,AKPL,42,10,450,275.0,123750.0,Sani Securities Company Ltd.,Pragyan Securities (PVT) Ltd.,2026-04-10T14:58:09.38165
2026041004025994,AKPL,58,10,300,275.0,82500.0,Naasa Securities Co. Ltd.,Pragyan Securities (PVT) Ltd.,2026-04-10T14:58:09.381987
2026041004025995,AKPL,42,10,720,275.0,198000.0,Sani Securities Company Ltd.,Pragyan Securities (PVT) Ltd.,2026-04-10T14:58:09.382328
2026041004025996,AKPL,33,10,500,275.0,137500.0,Dakshinkali Investment & Securities Pvt. Ltd.,Pragyan Securities (PVT) Ltd.,2026-04-10T14:58:09.38264
2026041004026040,AKPL,33,10,108,275.0,29700.0,Dakshinkali Investment & Securities Pvt. Ltd.,Pragyan Securities (PVT) Ltd.,2026-04-10T14:58:16.88104
2026041004026048,AKPL,95,68,200,274.8,54960.0,Magnet Securities and Investment Company Private Limited,Elite Stock House Limited,2026-04-10T14:58:19.137422
2026041004026049,AKPL,57,68,5000,274.7,1373500.0,Aryatara Investment & Securities,Elite Stock House Limited,2026-04-10T14:58:19.137698
2026041004026050,AKPL,56,68,60,274.5,16470.0,Sri Hari Securities Pvt. Ltd.,Elite Stock House Limited,2026-04-10T14:58:19.13781
2026041004026051,AKPL,47,68,100,274.5,27450.0,Neev Securities Pvt. Ltd.,Elite Stock House Limited,2026-04-10T14:58:19.137936
2026041004026052,AKPL,10,68,500,274.4,137200.0,Pragyan Securities (PVT) Ltd.,Elite Stock House Limited,2026-04-10T14:58:19.138046
2026041004026053,AKPL,42,68,150,274.4,41160.0,Sani Securities Company Ltd.,Elite Stock House Limited,2026-04-10T14:58:19.138151
2026041004026054,AKPL,4,68,200,274.4,54880.0,Opal Securities Investment (PVT) Ltd.,Elite Stock House Limited,2026-04-10T14:58:19.138259
2026041004026055,AKPL,39,68,200,274.4,54880.0,Sumeru Securities Pvt. Ltd.,Elite Stock House Limited,2026-04-10T14:58:19.138369
2026041004026056,AKPL,19,68,300,274.3,82290.0,Nepal Investment And Securities Trading Private Limited,Elite Stock House Limited,2026-04-10T14:58:19.138482
2026041004026057,AKPL,4,68,290,274.0,79460.0,Opal Securities Investment (PVT) Ltd.,Elite Stock House Limited,2026-04-10T14:58:19.138604
2026041004026084,AKPL,35,10,1000,275.0,275000.0,Kohinoor Investment & Securities Pvt. Ltd.,Pragyan Securities (PVT) Ltd.,2026-04-10T14:58:26.374319
2026041004026216,AKPL,56,10,100,275.0,27500.0,Sri Hari Securities Pvt. Ltd.,Pragyan Securities (PVT) Ltd.,2026-04-10T14:58:44.642485
2026041004026285,AKPL,57,10,500,274.2,137100.0,Aryatara Investment & Securities,Pragyan Securities (PVT) Ltd.,2026-04-10T14:58:52.643788
2026041004026286,AKPL,35,10,100,274.1,27410.0,Kohinoor Investment & Securities Pvt. Ltd.,Pragyan Securities (PVT) Ltd.,2026-04-10T14:58:52.644281
2026041004026287,AKPL,43,10,500,274.1,137050.0,South Asian Bulls Pvt. Ltd.,Pragyan Securities (PVT) Ltd.,2026-04-10T14:58:52.644643
2026041004026288,AKPL,19,10,1900,274.1,520790.0,Nepal Investment And Securities Trading Private Limited,Pragyan Securities (PVT) Ltd.,2026-04-10T14:58:52.644983
2026041004026374,AKPL,49,10,100,274.2,27420.0,Online Securities Pvt. Ltd.,Pragyan Securities (PVT) Ltd.,2026-04-10T14:59:06.68806
2026041004026375,AKPL,58,10,500,274.2,137100.0,Naasa Securities Co. Ltd.,Pragyan Securities (PVT) Ltd.,2026-04-10T14:59:06.688336
2026041004026376,AKPL,19,10,100,274.1,27410.0,Nepal Investment And Securities Trading Private Limited,Pragyan Securities (PVT) Ltd.,2026-04-10T14:59:06.688445
2026041004026377,AKPL,58,10,300,274.1,82230.0,Naasa Securities Co. Ltd.,Pragyan Securities (PVT) Ltd.,2026-04-10T14:59:06.688552
2026041004026439,AKPL,71,10,94,275.0,25850.0,SHUBHAKAMANA SECURITIES PVT. LTD,Pragyan Securities (PVT) Ltd.,2026-04-10T14:59:12.665005
2026041004026440,AKPL,71,38,10,275.0,2750.0,SHUBHAKAMANA SECURITIES PVT. LTD,Dipshikha Dhitopatra Karobar Co. Pvt Ltd.,2026-04-10T14:59:12.665632
2026041004026514,AKPL,71,42,23,275.0,6325.0,SHUBHAKAMANA SECURITIES PVT. LTD,Sani Securities Company Ltd.,2026-04-10T14:59:20.3246
2026041004026551,AKPL,71,52,50,275.0,13750.0,SHUBHAKAMANA SECURITIES PVT. LTD,Sundhara Securities Limited,2026-04-10T14:59:23.977663
2026041004026563,AKPL,71,35,500,275.0,137500.0,SHUBHAKAMANA SECURITIES PVT. LTD,Kohinoor Investment & Securities Pvt. Ltd.,2026-04-10T14:59:24.283853
2026041004026598,AKPL,71,96,323,275.0,88825.0,SHUBHAKAMANA SECURITIES PVT. LTD,Himalayan Securities Limited,2026-04-10T14:59:26.373321
2026041004026599,AKPL,32,96,100,275.0,27500.0,Premier Securities Company Ltd.,Himalayan Securities Limited,2026-04-10T14:59:26.37356
2026041004026600,AKPL,34,96,100,275.0,27500.0,Vision Securities Pvt. Ltd,Himalayan Securities Limited,2026-04-10T14:59:26.373729
2026041004026686,AKPL,49,10,20,274.3,5486.0,Online Securities Pvt. Ltd.,Pragyan Securities (PVT) Ltd.,2026-04-10T14:59:33.991487
2026041004026687,AKPL,62,10,15,274.3,4114.5,Capital Max Securities Ltd,Pragyan Securities (PVT) Ltd.,2026-04-10T14:59:33.991775
2026041004026688,AKPL,5,10,200,274.2,54840.0,Market Securities & Exchange (PVT) Ltd.,Pragyan Securities (PVT) Ltd.,2026-04-10T14:59:33.991889
2026041004026689,AKPL,58,10,105,274.1,28780.5,Naasa Securities Co. Ltd.,Pragyan Securities (PVT) Ltd.,2026-04-10T14:59:33.992001
2026041004026711,AKPL,58,96,200,275.0,55000.0,Naasa Securities Co. Ltd.,Himalayan Securities Limited,2026-04-10T14:59:36.00416
2026041004026736,AKPL,35,96,1000,275.0,275000.0,Kohinoor Investment & Securities Pvt. Ltd.,Himalayan Securities Limited,2026-04-10T14:59:38.148919
2026041004026746,AKPL,14,96,62,275.0,17050.0,Nepal Stock House (PVT) Ltd.,Himalayan Securities Limited,2026-04-10T14:59:38.407181
2026041004026747,AKPL,14,49,200,275.0,55000.0,Nepal Stock House (PVT) Ltd.,Online Securities Pvt. Ltd.,2026-04-10T14:59:38.407428
2026041004026856,AKPL,14,44,1505,275.0,413875.0,Nepal Stock House (PVT) Ltd.,Dynamic Money Managers Securities Pvt. Ltd.,2026-04-10T14:59:48.680339
2026041004026881,AKPL,14,49,500,275.0,137500.0,Nepal Stock House (PVT) Ltd.,Online Securities Pvt. Ltd.,2026-04-10T14:59:49.638473
2026041004026912,AKPL,34,57,20,276.0,5520.0,Vision Securities Pvt. Ltd,Aryatara Investment & Securities,2026-04-10T14:59:52.164627
2026041004026978,AKPL,45,57,10,276.0,2760.0,Imperial Securities Company Pvt. Ltd.,Aryatara Investment & Securities,2026-04-10T14:59:56.475612
