contract_id,symbol,buyer_member_id,seller_member_id,volume,price,amount,buyer_broker,seller_broker,transaction_time
2026041004000069,API,42,39,500,354.0,177000.0,Sani Securities Company Ltd.,Sumeru Securities Pvt. Ltd.,2026-04-10T11:00:47.568735
2026041004000075,API,56,6,1000,355.0,355000.0,Sri Hari Securities Pvt. Ltd.,Agrawal Securities (PVT) Ltd.,2026-04-10T11:00:56.80965
2026041004000076,API,56,6,2000,355.0,710000.0,Sri Hari Securities Pvt. Ltd.,Agrawal Securities (PVT) Ltd.,2026-04-10T11:00:56.809781
2026041004000159,API,56,58,135,354.0,47790.0,Sri Hari Securities Pvt. Ltd.,Naasa Securities Co. Ltd.,2026-04-10T11:02:11.830479
2026041004000181,API,56,49,865,354.0,306210.0,Sri Hari Securities Pvt. Ltd.,Online Securities Pvt. Ltd.,2026-04-10T11:02:29.989756
2026041004000196,API,65,49,50,354.0,17700.0,Sharepro Securities Private Limited,Online Securities Pvt. Ltd.,2026-04-10T11:02:40.149463
2026041004000222,API,58,100,30,353.8,10614.0,Naasa Securities Co. Ltd.,Sunrise Securities Limited,2026-04-10T11:02:53.806498
2026041004000223,API,99,100,3470,353.0,1224910.0,Prabhu Stock Market Limited,Sunrise Securities Limited,2026-04-10T11:02:53.806648
2026041004000290,API,99,59,550,353.0,194150.0,Prabhu Stock Market Limited,Deevyaa Securities & Stock House Pvt. Ltd,2026-04-10T11:03:36.675869
2026041004000336,API,99,65,720,353.0,254160.0,Prabhu Stock Market Limited,Sharepro Securities Private Limited,2026-04-10T11:04:30.205088
2026041004000341,API,58,47,50,353.9,17695.0,Naasa Securities Co. Ltd.,Neev Securities Pvt. Ltd.,2026-04-10T11:04:34.733104
2026041004000342,API,58,49,85,354.0,30090.0,Naasa Securities Co. Ltd.,Online Securities Pvt. Ltd.,2026-04-10T11:04:34.73323
2026041004000348,API,58,29,245,354.0,86730.0,Naasa Securities Co. Ltd.,Trisul Securities & Invt. Ltd.,2026-04-10T11:04:39.31158
2026041004000349,API,54,29,300,353.1,105930.0,Sewa Securities Pvt. Ltd.,Trisul Securities & Invt. Ltd.,2026-04-10T11:04:39.311897
2026041004000350,API,99,29,60,353.0,21180.0,Prabhu Stock Market Limited,Trisul Securities & Invt. Ltd.,2026-04-10T11:04:39.312108
2026041004000401,API,49,29,100,353.0,35300.0,Online Securities Pvt. Ltd.,Trisul Securities & Invt. Ltd.,2026-04-10T11:05:16.055056
2026041004000406,API,80,39,300,351.1,105330.0,Indira securities pvt. ltd,Sumeru Securities Pvt. Ltd.,2026-04-10T11:05:20.189506
2026041004000407,API,80,39,300,350.1,105030.0,Indira securities pvt. ltd,Sumeru Securities Pvt. Ltd.,2026-04-10T11:05:20.189604
2026041004000408,API,42,39,16,350.0,5600.0,Sani Securities Company Ltd.,Sumeru Securities Pvt. Ltd.,2026-04-10T11:05:20.189692
2026041004000409,API,35,39,100,350.0,35000.0,Kohinoor Investment & Securities Pvt. Ltd.,Sumeru Securities Pvt. Ltd.,2026-04-10T11:05:20.189767
2026041004000410,API,64,39,160,350.0,56000.0,SUN SECURITIES PVT LTD,Sumeru Securities Pvt. Ltd.,2026-04-10T11:05:20.189835
2026041004000525,API,6,32,500,351.1,175550.0,Agrawal Securities (PVT) Ltd.,Premier Securities Company Ltd.,2026-04-10T11:06:27.816684
2026041004000526,API,58,32,210,351.0,73710.0,Naasa Securities Co. Ltd.,Premier Securities Company Ltd.,2026-04-10T11:06:27.816862
2026041004000532,API,94,32,290,351.0,101790.0,K.B.L. Securities Limited ,Premier Securities Company Ltd.,2026-04-10T11:06:29.269632
2026041004000583,API,98,58,200,350.2,70040.0,Trademow Securities Private Limited,Naasa Securities Co. Ltd.,2026-04-10T11:06:55.4198
2026041004000585,API,98,74,100,350.2,35020.0,Trademow Securities Private Limited,KALASH STOCK MARKET PVT. LTD.,2026-04-10T11:06:55.917096
2026041004000586,API,32,74,500,350.1,175050.0,Premier Securities Company Ltd.,KALASH STOCK MARKET PVT. LTD.,2026-04-10T11:06:55.917281
2026041004000587,API,64,74,1890,350.0,661500.0,SUN SECURITIES PVT LTD,KALASH STOCK MARKET PVT. LTD.,2026-04-10T11:06:55.917381
2026041004000588,API,84,74,100,350.0,35000.0,MILKY WAY SHARE BROKER COMPANY LTD ,KALASH STOCK MARKET PVT. LTD.,2026-04-10T11:06:55.917458
2026041004000589,API,63,74,1000,350.0,350000.0,Himalayan Brokerage Company Limited,KALASH STOCK MARKET PVT. LTD.,2026-04-10T11:06:55.917531
2026041004000590,API,33,74,410,350.0,143500.0,Dakshinkali Investment & Securities Pvt. Ltd.,KALASH STOCK MARKET PVT. LTD.,2026-04-10T11:06:55.917627
2026041004000673,API,34,64,50,352.0,17600.0,Vision Securities Pvt. Ltd,SUN SECURITIES PVT LTD,2026-04-10T11:07:48.27898
2026041004000692,API,34,48,50,352.0,17600.0,Vision Securities Pvt. Ltd,Trishakti Securities Public Limited,2026-04-10T11:07:59.450124
2026041004000742,API,34,29,70,353.0,24710.0,Vision Securities Pvt. Ltd,Trisul Securities & Invt. Ltd.,2026-04-10T11:08:31.199355
2026041004000753,API,8,29,22,353.0,7766.0,Brilliant Securities Pvt. Ltd.,Trisul Securities & Invt. Ltd.,2026-04-10T11:08:35.82071
2026041004000851,API,42,44,500,352.0,176000.0,Sani Securities Company Ltd.,Dynamic Money Managers Securities Pvt. Ltd.,2026-04-10T11:09:45.264118
2026041004000865,API,42,49,108,352.0,38016.0,Sani Securities Company Ltd.,Online Securities Pvt. Ltd.,2026-04-10T11:09:57.399053
2026041004000893,API,42,44,92,352.0,32384.0,Sani Securities Company Ltd.,Dynamic Money Managers Securities Pvt. Ltd.,2026-04-10T11:10:25.151425
2026041004000894,API,34,44,3000,352.0,1056000.0,Vision Securities Pvt. Ltd,Dynamic Money Managers Securities Pvt. Ltd.,2026-04-10T11:10:25.151611
2026041004000934,API,54,32,60,351.5,21090.0,Sewa Securities Pvt. Ltd.,Premier Securities Company Ltd.,2026-04-10T11:10:41.34895
2026041004000982,API,58,38,70,352.0,24640.0,Naasa Securities Co. Ltd.,Dipshikha Dhitopatra Karobar Co. Pvt Ltd.,2026-04-10T11:11:04.121134
2026041004000997,API,6,32,500,351.9,175950.0,Agrawal Securities (PVT) Ltd.,Premier Securities Company Ltd.,2026-04-10T11:11:15.720482
2026041004001264,API,45,38,277,351.9,97476.3,Imperial Securities Company Pvt. Ltd.,Dipshikha Dhitopatra Karobar Co. Pvt Ltd.,2026-04-10T11:12:58.607896
2026041004001283,API,44,3,50,352.0,17600.0,Dynamic Money Managers Securities Pvt. Ltd.,Arun Securities (PVT) Ltd.,2026-04-10T11:13:04.604534
2026041004001284,API,44,58,25,352.0,8800.0,Dynamic Money Managers Securities Pvt. Ltd.,Naasa Securities Co. Ltd.,2026-04-10T11:13:04.604774
2026041004001422,API,54,35,140,352.1,49294.0,Sewa Securities Pvt. Ltd.,Kohinoor Investment & Securities Pvt. Ltd.,2026-04-10T11:14:06.585832
2026041004001423,API,45,35,223,352.0,78496.0,Imperial Securities Company Pvt. Ltd.,Kohinoor Investment & Securities Pvt. Ltd.,2026-04-10T11:14:06.586293
2026041004001424,API,45,35,10,352.0,3520.0,Imperial Securities Company Pvt. Ltd.,Kohinoor Investment & Securities Pvt. Ltd.,2026-04-10T11:14:06.586641
2026041004001425,API,44,35,100,352.0,35200.0,Dynamic Money Managers Securities Pvt. Ltd.,Kohinoor Investment & Securities Pvt. Ltd.,2026-04-10T11:14:06.586929
2026041004001426,API,7,35,20,351.0,7020.0,J.F. Securites (PVT) Ltd.,Kohinoor Investment & Securities Pvt. Ltd.,2026-04-10T11:14:06.587215
2026041004001427,API,41,35,87,351.0,30537.0,Linch Stock Market Ltd.,Kohinoor Investment & Securities Pvt. Ltd.,2026-04-10T11:14:06.587517
2026041004001496,API,10,62,30,352.1,10563.0,Pragyan Securities (PVT) Ltd.,Capital Max Securities Ltd,2026-04-10T11:14:43.676854
2026041004001501,API,41,34,41,351.0,14391.0,Linch Stock Market Ltd.,Vision Securities Pvt. Ltd,2026-04-10T11:14:45.129627
2026041004001604,API,41,58,372,351.0,130572.0,Linch Stock Market Ltd.,Naasa Securities Co. Ltd.,2026-04-10T11:15:04.722569
2026041004001605,API,29,58,142,351.0,49842.0,Trisul Securities & Invt. Ltd.,Naasa Securities Co. Ltd.,2026-04-10T11:15:04.722607
2026041004001606,API,42,58,300,350.4,105120.0,Sani Securities Company Ltd.,Naasa Securities Co. Ltd.,2026-04-10T11:15:04.722628
2026041004001607,API,44,58,16,350.3,5604.8,Dynamic Money Managers Securities Pvt. Ltd.,Naasa Securities Co. Ltd.,2026-04-10T11:15:04.722653
2026041004001633,API,44,20,984,350.3,344695.2,Dynamic Money Managers Securities Pvt. Ltd.,Sipla Securities Private Limited,2026-04-10T11:15:16.336129
2026041004001634,API,59,20,1000,350.3,350300.0,Deevyaa Securities & Stock House Pvt. Ltd,Sipla Securities Private Limited,2026-04-10T11:15:16.336587
2026041004001635,API,44,20,75,350.3,26272.5,Dynamic Money Managers Securities Pvt. Ltd.,Sipla Securities Private Limited,2026-04-10T11:15:16.336932
2026041004001636,API,6,20,500,350.2,175100.0,Agrawal Securities (PVT) Ltd.,Sipla Securities Private Limited,2026-04-10T11:15:16.337267
2026041004001637,API,66,20,250,350.1,87525.0,Miyo Securities Pvt Ltd,Sipla Securities Private Limited,2026-04-10T11:15:16.337605
2026041004001638,API,17,20,200,350.1,70020.0,ABC Securities Private Limited,Sipla Securities Private Limited,2026-04-10T11:15:16.337936
2026041004001639,API,32,20,500,350.1,175050.0,Premier Securities Company Ltd.,Sipla Securities Private Limited,2026-04-10T11:15:16.338252
2026041004001640,API,4,20,200,350.1,70020.0,Opal Securities Investment (PVT) Ltd.,Sipla Securities Private Limited,2026-04-10T11:15:16.338564
2026041004001641,API,44,20,8909,350.1,3119040.9,Dynamic Money Managers Securities Pvt. Ltd.,Sipla Securities Private Limited,2026-04-10T11:15:16.338909
2026041004001683,API,44,44,1000,350.1,350100.0,Dynamic Money Managers Securities Pvt. Ltd.,Dynamic Money Managers Securities Pvt. Ltd.,2026-04-10T11:15:45.701189
2026041004001809,API,58,58,20,352.0,7040.0,Naasa Securities Co. Ltd.,Naasa Securities Co. Ltd.,2026-04-10T11:17:12.470743
2026041004001810,API,58,90,40,352.0,14080.0,Naasa Securities Co. Ltd.,Sajilo Broker Limited,2026-04-10T11:17:12.47122
2026041004001884,API,49,63,100,351.0,35100.0,Online Securities Pvt. Ltd.,Himalayan Brokerage Company Limited,2026-04-10T11:18:10.784364
2026041004001897,API,39,90,20,352.0,7040.0,Sumeru Securities Pvt. Ltd.,Sajilo Broker Limited,2026-04-10T11:18:15.597443
2026041004001969,API,49,58,162,351.0,56862.0,Online Securities Pvt. Ltd.,Naasa Securities Co. Ltd.,2026-04-10T11:18:39.929703
2026041004001970,API,45,58,1000,351.0,351000.0,Imperial Securities Company Pvt. Ltd.,Naasa Securities Co. Ltd.,2026-04-10T11:18:39.929958
2026041004001972,API,34,58,10,351.0,3510.0,Vision Securities Pvt. Ltd,Naasa Securities Co. Ltd.,2026-04-10T11:18:45.567411
2026041004002019,API,10,58,30,351.0,10530.0,Pragyan Securities (PVT) Ltd.,Naasa Securities Co. Ltd.,2026-04-10T11:19:17.065482
2026041004002182,API,45,58,10,351.0,3510.0,Imperial Securities Company Pvt. Ltd.,Naasa Securities Co. Ltd.,2026-04-10T11:20:27.900745
2026041004002186,API,34,58,188,351.0,65988.0,Vision Securities Pvt. Ltd,Naasa Securities Co. Ltd.,2026-04-10T11:20:30.611338
2026041004002187,API,34,58,1000,351.0,351000.0,Vision Securities Pvt. Ltd,Naasa Securities Co. Ltd.,2026-04-10T11:20:30.611596
2026041004002302,API,34,42,25,351.0,8775.0,Vision Securities Pvt. Ltd,Sani Securities Company Ltd.,2026-04-10T11:21:01.080079
2026041004002316,API,34,56,1000,351.0,351000.0,Vision Securities Pvt. Ltd,Sri Hari Securities Pvt. Ltd.,2026-04-10T11:21:09.270745
2026041004002327,API,34,32,100,351.0,35100.0,Vision Securities Pvt. Ltd,Premier Securities Company Ltd.,2026-04-10T11:21:12.565259
2026041004002329,API,34,44,187,351.0,65637.0,Vision Securities Pvt. Ltd,Dynamic Money Managers Securities Pvt. Ltd.,2026-04-10T11:21:13.450887
2026041004002330,API,58,44,10,351.0,3510.0,Naasa Securities Co. Ltd.,Dynamic Money Managers Securities Pvt. Ltd.,2026-04-10T11:21:13.450924
2026041004002331,API,61,44,535,350.3,187410.5,BHOLE GANESH SECURITIES LTD,Dynamic Money Managers Securities Pvt. Ltd.,2026-04-10T11:21:13.450953
2026041004002332,API,59,44,1000,350.3,350300.0,Deevyaa Securities & Stock House Pvt. Ltd,Dynamic Money Managers Securities Pvt. Ltd.,2026-04-10T11:21:13.450984
2026041004002333,API,34,44,3768,350.3,1319930.4,Vision Securities Pvt. Ltd,Dynamic Money Managers Securities Pvt. Ltd.,2026-04-10T11:21:13.451013
2026041004002382,API,34,56,1232,350.3,431569.6,Vision Securities Pvt. Ltd,Sri Hari Securities Pvt. Ltd.,2026-04-10T11:21:34.72749
2026041004002383,API,36,56,10,350.2,3502.0,Secured Securities Ltd.,Sri Hari Securities Pvt. Ltd.,2026-04-10T11:21:34.727747
2026041004002384,API,52,56,500,350.2,175100.0,Sundhara Securities Limited,Sri Hari Securities Pvt. Ltd.,2026-04-10T11:21:34.727866
2026041004002385,API,57,56,250,350.2,87550.0,Aryatara Investment & Securities,Sri Hari Securities Pvt. Ltd.,2026-04-10T11:21:34.728115
2026041004002448,API,44,57,150,350.1,52515.0,Dynamic Money Managers Securities Pvt. Ltd.,Aryatara Investment & Securities,2026-04-10T11:22:00.911283
2026041004002473,API,44,56,170,350.1,59517.0,Dynamic Money Managers Securities Pvt. Ltd.,Sri Hari Securities Pvt. Ltd.,2026-04-10T11:22:13.52442
2026041004002503,API,33,52,250,350.0,87500.0,Dakshinkali Investment & Securities Pvt. Ltd.,Sundhara Securities Limited,2026-04-10T11:22:29.057631
2026041004002525,API,33,36,1000,350.0,350000.0,Dakshinkali Investment & Securities Pvt. Ltd.,Secured Securities Ltd.,2026-04-10T11:22:39.280155
2026041004002526,API,33,42,340,350.0,119000.0,Dakshinkali Investment & Securities Pvt. Ltd.,Sani Securities Company Ltd.,2026-04-10T11:22:39.320746
2026041004002527,API,41,42,110,350.0,38500.0,Linch Stock Market Ltd.,Sani Securities Company Ltd.,2026-04-10T11:22:39.320975
2026041004002545,API,41,33,500,350.0,175000.0,Linch Stock Market Ltd.,Dakshinkali Investment & Securities Pvt. Ltd.,2026-04-10T11:22:47.982092
2026041004002583,API,41,62,170,350.0,59500.0,Linch Stock Market Ltd.,Capital Max Securities Ltd,2026-04-10T11:23:04.290618
2026041004002586,API,41,29,220,350.0,77000.0,Linch Stock Market Ltd.,Trisul Securities & Invt. Ltd.,2026-04-10T11:23:06.453874
2026041004002587,API,44,29,280,350.0,98000.0,Dynamic Money Managers Securities Pvt. Ltd.,Trisul Securities & Invt. Ltd.,2026-04-10T11:23:06.454191
2026041004002639,API,4,58,22,350.1,7702.2,Opal Securities Investment (PVT) Ltd.,Naasa Securities Co. Ltd.,2026-04-10T11:23:37.227805
2026041004002640,API,59,58,78,350.1,27307.8,Deevyaa Securities & Stock House Pvt. Ltd,Naasa Securities Co. Ltd.,2026-04-10T11:23:37.22831
2026041004002664,API,59,94,810,350.1,283581.0,Deevyaa Securities & Stock House Pvt. Ltd,K.B.L. Securities Limited ,2026-04-10T11:23:46.041785
2026041004002746,API,59,49,112,350.1,39211.2,Deevyaa Securities & Stock House Pvt. Ltd,Online Securities Pvt. Ltd.,2026-04-10T11:24:20.909911
2026041004002754,API,57,49,188,350.1,65818.8,Aryatara Investment & Securities,Online Securities Pvt. Ltd.,2026-04-10T11:24:24.485855
2026041004002755,API,57,16,150,350.7,52605.0,Aryatara Investment & Securities,Primo Securities (PVT) Ltd.,2026-04-10T11:24:24.486134
2026041004002776,API,57,41,25,350.7,8767.5,Aryatara Investment & Securities,Linch Stock Market Ltd.,2026-04-10T11:24:31.361961
2026041004002934,API,57,58,100,350.7,35070.0,Aryatara Investment & Securities,Naasa Securities Co. Ltd.,2026-04-10T11:25:21.150002
2026041004002991,API,57,64,37,350.7,12975.9,Aryatara Investment & Securities,SUN SECURITIES PVT LTD,2026-04-10T11:25:41.800988
2026041004002997,API,58,64,23,350.7,8066.1,Naasa Securities Co. Ltd.,SUN SECURITIES PVT LTD,2026-04-10T11:25:47.127539
2026041004003047,API,58,34,10,350.9,3509.0,Naasa Securities Co. Ltd.,Vision Securities Pvt. Ltd,2026-04-10T11:26:16.10124
2026041004003091,API,58,39,77,350.7,27003.9,Naasa Securities Co. Ltd.,Sumeru Securities Pvt. Ltd.,2026-04-10T11:26:35.71607
2026041004003092,API,38,39,142,350.1,49714.2,Dipshikha Dhitopatra Karobar Co. Pvt Ltd.,Sumeru Securities Pvt. Ltd.,2026-04-10T11:26:35.716619
2026041004003093,API,49,39,781,350.1,273428.1,Online Securities Pvt. Ltd.,Sumeru Securities Pvt. Ltd.,2026-04-10T11:26:35.716987
2026041004003104,API,49,39,719,350.1,251721.9,Online Securities Pvt. Ltd.,Sumeru Securities Pvt. Ltd.,2026-04-10T11:26:42.293974
2026041004003105,API,44,39,281,350.0,98350.0,Dynamic Money Managers Securities Pvt. Ltd.,Sumeru Securities Pvt. Ltd.,2026-04-10T11:26:42.294294
2026041004003114,API,44,56,359,350.0,125650.0,Dynamic Money Managers Securities Pvt. Ltd.,Sri Hari Securities Pvt. Ltd.,2026-04-10T11:26:47.576125
2026041004003115,API,50,56,80,350.0,28000.0,Cristal Kanchanjanga Securites Pvt. Ltd.,Sri Hari Securities Pvt. Ltd.,2026-04-10T11:26:47.576398
2026041004003116,API,28,56,140,350.0,49000.0,Shree Krishna Securities Ltd.,Sri Hari Securities Pvt. Ltd.,2026-04-10T11:26:47.576526
2026041004003117,API,49,56,140,350.0,49000.0,Online Securities Pvt. Ltd.,Sri Hari Securities Pvt. Ltd.,2026-04-10T11:26:47.576678
2026041004003118,API,41,56,81,350.0,28350.0,Linch Stock Market Ltd.,Sri Hari Securities Pvt. Ltd.,2026-04-10T11:26:47.576804
2026041004003126,API,41,39,919,350.0,321650.0,Linch Stock Market Ltd.,Sumeru Securities Pvt. Ltd.,2026-04-10T11:26:50.598761
2026041004003127,API,74,39,200,350.0,70000.0,KALASH STOCK MARKET PVT. LTD.,Sumeru Securities Pvt. Ltd.,2026-04-10T11:26:50.599045
2026041004003160,API,20,45,10,349.6,3496.0,Sipla Securities Private Limited,Imperial Securities Company Pvt. Ltd.,2026-04-10T11:27:09.231078
2026041004003161,API,32,45,40,349.2,13968.0,Premier Securities Company Ltd.,Imperial Securities Company Pvt. Ltd.,2026-04-10T11:27:09.23137
2026041004003181,API,32,63,460,349.2,160632.0,Premier Securities Company Ltd.,Himalayan Brokerage Company Limited,2026-04-10T11:27:18.342987
2026041004003182,API,77,63,240,349.2,83808.0,Nabil Stock Dealer Ltd.,Himalayan Brokerage Company Limited,2026-04-10T11:27:18.343375
2026041004003196,API,59,54,10,349.6,3496.0,Deevyaa Securities & Stock House Pvt. Ltd,Sewa Securities Pvt. Ltd.,2026-04-10T11:27:32.101693
2026041004003205,API,59,66,274,349.6,95790.4,Deevyaa Securities & Stock House Pvt. Ltd,Miyo Securities Pvt Ltd,2026-04-10T11:27:35.903719
2026041004003206,API,57,66,90,349.2,31428.0,Aryatara Investment & Securities,Miyo Securities Pvt Ltd,2026-04-10T11:27:35.904248
2026041004003207,API,7,66,100,349.1,34910.0,J.F. Securites (PVT) Ltd.,Miyo Securities Pvt Ltd,2026-04-10T11:27:35.904627
2026041004003208,API,77,66,100,349.1,34910.0,Nabil Stock Dealer Ltd.,Miyo Securities Pvt Ltd,2026-04-10T11:27:35.904994
2026041004003209,API,42,66,436,349.0,152164.0,Sani Securities Company Ltd.,Miyo Securities Pvt Ltd,2026-04-10T11:27:35.905377
2026041004003234,API,45,39,60,350.0,21000.0,Imperial Securities Company Pvt. Ltd.,Sumeru Securities Pvt. Ltd.,2026-04-10T11:27:55.241115
2026041004003264,API,39,39,34,350.0,11900.0,Sumeru Securities Pvt. Ltd.,Sumeru Securities Pvt. Ltd.,2026-04-10T11:28:09.556722
2026041004003265,API,39,58,166,350.0,58100.0,Sumeru Securities Pvt. Ltd.,Naasa Securities Co. Ltd.,2026-04-10T11:28:09.556973
2026041004003266,API,42,1,364,349.0,127036.0,Sani Securities Company Ltd.,Kumari Securities Private Limited,2026-04-10T11:28:09.716182
2026041004003267,API,22,1,30,349.0,10470.0,Siprabi Securities Pvt. Ltd.,Kumari Securities Private Limited,2026-04-10T11:28:09.716439
2026041004003268,API,42,1,20,349.0,6980.0,Sani Securities Company Ltd.,Kumari Securities Private Limited,2026-04-10T11:28:09.716563
2026041004003269,API,52,1,1586,349.0,553514.0,Sundhara Securities Limited,Kumari Securities Private Limited,2026-04-10T11:28:09.716679
2026041004003282,API,14,58,500,350.0,175000.0,Nepal Stock House (PVT) Ltd.,Naasa Securities Co. Ltd.,2026-04-10T11:28:13.633339
2026041004003297,API,45,18,50,349.1,17455.0,Imperial Securities Company Pvt. Ltd.,Sagarmatha Securities Private Limited,2026-04-10T11:28:20.229414
2026041004003298,API,52,18,42,349.0,14658.0,Sundhara Securities Limited,Sagarmatha Securities Private Limited,2026-04-10T11:28:20.229692
2026041004003299,API,16,18,2000,349.0,698000.0,Primo Securities (PVT) Ltd.,Sagarmatha Securities Private Limited,2026-04-10T11:28:20.229815
2026041004003300,API,5,18,100,349.0,34900.0,Market Securities & Exchange (PVT) Ltd.,Sagarmatha Securities Private Limited,2026-04-10T11:28:20.229936
2026041004003329,API,58,18,13,349.0,4537.0,Naasa Securities Co. Ltd.,Sagarmatha Securities Private Limited,2026-04-10T11:28:30.725734
2026041004003333,API,64,18,500,349.0,174500.0,SUN SECURITIES PVT LTD,Sagarmatha Securities Private Limited,2026-04-10T11:28:31.422673
2026041004003337,API,43,18,195,349.0,68055.0,South Asian Bulls Pvt. Ltd.,Sagarmatha Securities Private Limited,2026-04-10T11:28:33.017554
2026041004003338,API,43,34,150,349.9,52485.0,South Asian Bulls Pvt. Ltd.,Vision Securities Pvt. Ltd,2026-04-10T11:28:33.017884
2026041004003339,API,43,58,334,350.0,116900.0,South Asian Bulls Pvt. Ltd.,Naasa Securities Co. Ltd.,2026-04-10T11:28:33.018018
2026041004003340,API,43,44,621,350.0,217350.0,South Asian Bulls Pvt. Ltd.,Dynamic Money Managers Securities Pvt. Ltd.,2026-04-10T11:28:33.018138
2026041004003372,API,61,44,1705,350.0,596750.0,BHOLE GANESH SECURITIES LTD,Dynamic Money Managers Securities Pvt. Ltd.,2026-04-10T11:28:46.740187
2026041004003373,API,61,58,1000,350.0,350000.0,BHOLE GANESH SECURITIES LTD,Naasa Securities Co. Ltd.,2026-04-10T11:28:46.740722
2026041004003374,API,61,34,40,350.9,14036.0,BHOLE GANESH SECURITIES LTD,Vision Securities Pvt. Ltd,2026-04-10T11:28:46.741091
2026041004003375,API,61,90,160,350.9,56144.0,BHOLE GANESH SECURITIES LTD,Sajilo Broker Limited,2026-04-10T11:28:46.74146
2026041004003376,API,61,41,95,351.0,33345.0,BHOLE GANESH SECURITIES LTD,Linch Stock Market Ltd.,2026-04-10T11:28:46.74182
2026041004003401,API,33,34,10,349.8,3498.0,Dakshinkali Investment & Securities Pvt. Ltd.,Vision Securities Pvt. Ltd,2026-04-10T11:29:06.987864
2026041004003402,API,33,41,905,351.0,317655.0,Dakshinkali Investment & Securities Pvt. Ltd.,Linch Stock Market Ltd.,2026-04-10T11:29:06.988172
2026041004003410,API,33,58,85,351.0,29835.0,Dakshinkali Investment & Securities Pvt. Ltd.,Naasa Securities Co. Ltd.,2026-04-10T11:29:13.690443
2026041004003425,API,1,34,10,349.7,3497.0,Kumari Securities Private Limited,Vision Securities Pvt. Ltd,2026-04-10T11:29:21.360526
2026041004003426,API,1,58,100,351.5,35150.0,Kumari Securities Private Limited,Naasa Securities Co. Ltd.,2026-04-10T11:29:21.36079
2026041004003427,API,1,48,50,352.0,17600.0,Kumari Securities Private Limited,Trishakti Securities Public Limited,2026-04-10T11:29:21.360918
2026041004003428,API,1,42,25,352.0,8800.0,Kumari Securities Private Limited,Sani Securities Company Ltd.,2026-04-10T11:29:21.361051
2026041004003429,API,1,58,10,352.0,3520.0,Kumari Securities Private Limited,Naasa Securities Co. Ltd.,2026-04-10T11:29:21.361196
2026041004003430,API,1,36,200,352.0,70400.0,Kumari Securities Private Limited,Secured Securities Ltd.,2026-04-10T11:29:21.361326
2026041004003431,API,1,21,300,352.0,105600.0,Kumari Securities Private Limited,Midas Stock Broking Company Private Limited,2026-04-10T11:29:21.361472
2026041004003432,API,1,58,396,352.0,139392.0,Kumari Securities Private Limited,Naasa Securities Co. Ltd.,2026-04-10T11:29:21.361589
2026041004003433,API,1,44,100,352.0,35200.0,Kumari Securities Private Limited,Dynamic Money Managers Securities Pvt. Ltd.,2026-04-10T11:29:21.361726
2026041004003495,API,1,47,50,352.0,17600.0,Kumari Securities Private Limited,Neev Securities Pvt. Ltd.,2026-04-10T11:29:42.639824
2026041004003626,API,1,44,759,352.0,267168.0,Kumari Securities Private Limited,Dynamic Money Managers Securities Pvt. Ltd.,2026-04-10T11:30:19.866733
2026041004003940,API,1,25,250,352.0,88000.0,Kumari Securities Private Limited,Sweta Securities Private Limited,2026-04-10T11:32:47.759
2026041004004036,API,57,47,500,351.0,175500.0,Aryatara Investment & Securities,Neev Securities Pvt. Ltd.,2026-04-10T11:33:31.449305
2026041004004121,API,29,19,500,351.0,175500.0,Trisul Securities & Invt. Ltd.,Nepal Investment And Securities Trading Private Limited,2026-04-10T11:34:14.725
2026041004004290,API,61,47,50,351.9,17595.0,BHOLE GANESH SECURITIES LTD,Neev Securities Pvt. Ltd.,2026-04-10T11:35:23.703503
2026041004004291,API,61,22,650,352.0,228800.0,BHOLE GANESH SECURITIES LTD,Siprabi Securities Pvt. Ltd.,2026-04-10T11:35:23.703845
2026041004004362,API,45,18,1000,351.0,351000.0,Imperial Securities Company Pvt. Ltd.,Sagarmatha Securities Private Limited,2026-04-10T11:36:11.44
2026041004004361,API,16,18,470,351.0,164970.0,Primo Securities (PVT) Ltd.,Sagarmatha Securities Private Limited,2026-04-10T11:36:11.44
2026041004004363,API,4,18,30,351.0,10530.0,Opal Securities Investment (PVT) Ltd.,Sagarmatha Securities Private Limited,2026-04-10T11:36:12.348
2026041004004431,API,49,18,600,351.0,210600.0,Online Securities Pvt. Ltd.,Sagarmatha Securities Private Limited,2026-04-10T11:36:58.905
2026041004004432,API,59,42,100,350.9,35090.0,Deevyaa Securities & Stock House Pvt. Ltd,Sani Securities Company Ltd.,2026-04-10T11:36:59.828
2026041004004433,API,14,42,200,350.8,70160.0,Nepal Stock House (PVT) Ltd.,Sani Securities Company Ltd.,2026-04-10T11:36:59.829
2026041004004434,API,58,42,1000,350.8,350800.0,Naasa Securities Co. Ltd.,Sani Securities Company Ltd.,2026-04-10T11:36:59.829
2026041004004435,API,59,42,2000,350.6,701200.0,Deevyaa Securities & Stock House Pvt. Ltd,Sani Securities Company Ltd.,2026-04-10T11:36:59.829
2026041004004436,API,59,42,1000,350.5,350500.0,Deevyaa Securities & Stock House Pvt. Ltd,Sani Securities Company Ltd.,2026-04-10T11:36:59.829
2026041004004438,API,57,42,500,350.3,175150.0,Aryatara Investment & Securities,Sani Securities Company Ltd.,2026-04-10T11:36:59.83
2026041004004437,API,42,42,1000,350.4,350400.0,Sani Securities Company Ltd.,Sani Securities Company Ltd.,2026-04-10T11:36:59.83
2026041004004439,API,45,42,50,350.3,17515.0,Imperial Securities Company Pvt. Ltd.,Sani Securities Company Ltd.,2026-04-10T11:36:59.831
2026041004004440,API,58,42,100,350.2,35020.0,Naasa Securities Co. Ltd.,Sani Securities Company Ltd.,2026-04-10T11:36:59.831
2026041004004441,API,41,42,2000,350.2,700400.0,Linch Stock Market Ltd.,Sani Securities Company Ltd.,2026-04-10T11:36:59.832
2026041004004442,API,17,42,300,350.1,105030.0,ABC Securities Private Limited,Sani Securities Company Ltd.,2026-04-10T11:36:59.832
2026041004004443,API,34,42,2000,350.0,700000.0,Vision Securities Pvt. Ltd,Sani Securities Company Ltd.,2026-04-10T11:36:59.832
2026041004004444,API,38,42,1000,350.0,350000.0,Dipshikha Dhitopatra Karobar Co. Pvt Ltd.,Sani Securities Company Ltd.,2026-04-10T11:36:59.833
2026041004004445,API,38,42,1000,350.0,350000.0,Dipshikha Dhitopatra Karobar Co. Pvt Ltd.,Sani Securities Company Ltd.,2026-04-10T11:36:59.833
2026041004004447,API,95,42,1000,350.0,350000.0,Magnet Securities and Investment Company Private Limited,Sani Securities Company Ltd.,2026-04-10T11:36:59.834
2026041004004446,API,35,42,285,350.0,99750.0,Kohinoor Investment & Securities Pvt. Ltd.,Sani Securities Company Ltd.,2026-04-10T11:36:59.834
2026041004004448,API,58,42,20,350.0,7000.0,Naasa Securities Co. Ltd.,Sani Securities Company Ltd.,2026-04-10T11:36:59.835
2026041004004449,API,62,42,10,350.0,3500.0,Capital Max Securities Ltd,Sani Securities Company Ltd.,2026-04-10T11:36:59.835
2026041004004500,API,58,42,1000,350.0,350000.0,Naasa Securities Co. Ltd.,Sani Securities Company Ltd.,2026-04-10T11:37:28.262
2026041004004505,API,49,42,3435,350.0,1202250.0,Online Securities Pvt. Ltd.,Sani Securities Company Ltd.,2026-04-10T11:37:33.5
2026041004004524,API,49,57,20,350.0,7000.0,Online Securities Pvt. Ltd.,Aryatara Investment & Securities,2026-04-10T11:37:46.596
2026041004004815,API,35,22,20,352.0,7040.0,Kohinoor Investment & Securities Pvt. Ltd.,Siprabi Securities Pvt. Ltd.,2026-04-10T11:39:40.656
2026041004004868,API,49,41,980,350.0,343000.0,Online Securities Pvt. Ltd.,Linch Stock Market Ltd.,2026-04-10T11:40:10.649
2026041004004869,API,58,41,20,350.0,7000.0,Naasa Securities Co. Ltd.,Linch Stock Market Ltd.,2026-04-10T11:40:10.65
2026041004004924,API,58,52,250,350.0,87500.0,Naasa Securities Co. Ltd.,Sundhara Securities Limited,2026-04-10T11:41:00.248
2026041004004934,API,58,7,20,350.0,7000.0,Naasa Securities Co. Ltd.,J.F. Securites (PVT) Ltd.,2026-04-10T11:41:10.033
2026041004004964,API,58,58,710,350.0,248500.0,Naasa Securities Co. Ltd.,Naasa Securities Co. Ltd.,2026-04-10T11:41:32.175
2026041004004965,API,14,58,290,350.0,101500.0,Nepal Stock House (PVT) Ltd.,Naasa Securities Co. Ltd.,2026-04-10T11:41:32.175
2026041004004985,API,14,35,210,350.0,73500.0,Nepal Stock House (PVT) Ltd.,Kohinoor Investment & Securities Pvt. Ltd.,2026-04-10T11:41:44.001
2026041004004986,API,41,35,790,350.0,276500.0,Linch Stock Market Ltd.,Kohinoor Investment & Securities Pvt. Ltd.,2026-04-10T11:41:44.001
2026041004005019,API,58,41,50,351.0,17550.0,Naasa Securities Co. Ltd.,Linch Stock Market Ltd.,2026-04-10T11:42:08.757
2026041004005095,API,41,16,10,350.1,3501.0,Linch Stock Market Ltd.,Primo Securities (PVT) Ltd.,2026-04-10T11:43:21.403
2026041004005120,API,48,22,100,350.5,35050.0,Trishakti Securities Public Limited,Siprabi Securities Pvt. Ltd.,2026-04-10T11:43:31.159
2026041004005129,API,34,22,250,350.5,87625.0,Vision Securities Pvt. Ltd,Siprabi Securities Pvt. Ltd.,2026-04-10T11:43:37.182
2026041004005149,API,49,41,950,351.0,333450.0,Online Securities Pvt. Ltd.,Linch Stock Market Ltd.,2026-04-10T11:43:54.154
2026041004005152,API,49,34,150,351.0,52650.0,Online Securities Pvt. Ltd.,Vision Securities Pvt. Ltd,2026-04-10T11:43:57.916
2026041004005242,API,49,69,200,351.0,70200.0,Online Securities Pvt. Ltd.,INDEX SECURITIES LIMITED,2026-04-10T11:44:54.47
2026041004005243,API,34,69,300,350.5,105150.0,Vision Securities Pvt. Ltd,INDEX SECURITIES LIMITED,2026-04-10T11:44:54.47
2026041004005324,API,41,58,90,350.1,31509.0,Linch Stock Market Ltd.,Naasa Securities Co. Ltd.,2026-04-10T11:45:46.125
2026041004005325,API,1,58,10,350.1,3501.0,Kumari Securities Private Limited,Naasa Securities Co. Ltd.,2026-04-10T11:45:46.126
2026041004005339,API,1,45,900,350.1,315090.0,Kumari Securities Private Limited,Imperial Securities Company Pvt. Ltd.,2026-04-10T11:45:59.458
2026041004005417,API,83,58,500,350.2,175100.0,Sanima Securities Limited,Naasa Securities Co. Ltd.,2026-04-10T11:46:50.07
2026041004005477,API,49,53,178,351.0,62478.0,Online Securities Pvt. Ltd.,Investment Management Nepal Pvt. Ltd.,2026-04-10T11:47:29.696
2026041004005478,API,49,17,855,351.0,300105.0,Online Securities Pvt. Ltd.,ABC Securities Private Limited,2026-04-10T11:47:29.696
2026041004005479,API,49,22,1000,351.0,351000.0,Online Securities Pvt. Ltd.,Siprabi Securities Pvt. Ltd.,2026-04-10T11:47:29.696
2026041004005597,API,83,58,15,350.2,5253.0,Sanima Securities Limited,Naasa Securities Co. Ltd.,2026-04-10T11:48:43.218
2026041004005603,API,58,1,10,351.0,3510.0,Naasa Securities Co. Ltd.,Kumari Securities Private Limited,2026-04-10T11:48:52.774
2026041004005609,API,34,16,100,352.5,35250.0,Vision Securities Pvt. Ltd,Primo Securities (PVT) Ltd.,2026-04-10T11:48:52.849
2026041004005608,API,34,42,525,352.0,184800.0,Vision Securities Pvt. Ltd,Sani Securities Company Ltd.,2026-04-10T11:48:52.849
2026041004005606,API,34,58,26,352.0,9152.0,Vision Securities Pvt. Ltd,Naasa Securities Co. Ltd.,2026-04-10T11:48:52.849
2026041004005605,API,34,22,30,352.0,10560.0,Vision Securities Pvt. Ltd,Siprabi Securities Pvt. Ltd.,2026-04-10T11:48:52.849
2026041004005607,API,34,57,240,352.0,84480.0,Vision Securities Pvt. Ltd,Aryatara Investment & Securities,2026-04-10T11:48:52.849
2026041004005604,API,34,1,490,351.0,171990.0,Vision Securities Pvt. Ltd,Kumari Securities Private Limited,2026-04-10T11:48:52.849
2026041004005610,API,34,32,500,352.8,176400.0,Vision Securities Pvt. Ltd,Premier Securities Company Ltd.,2026-04-10T11:48:52.85
2026041004005673,API,83,45,485,350.2,169847.0,Sanima Securities Limited,Imperial Securities Company Pvt. Ltd.,2026-04-10T11:49:41.937
2026041004005674,API,34,45,661,350.2,231482.2,Vision Securities Pvt. Ltd,Imperial Securities Company Pvt. Ltd.,2026-04-10T11:49:41.938
2026041004005675,API,1,45,90,350.1,31509.0,Kumari Securities Private Limited,Imperial Securities Company Pvt. Ltd.,2026-04-10T11:49:41.938
2026041004005676,API,41,45,64,350.0,22400.0,Linch Stock Market Ltd.,Imperial Securities Company Pvt. Ltd.,2026-04-10T11:49:41.938
2026041004005705,API,68,47,50,352.9,17645.0,Elite Stock House Limited,Neev Securities Pvt. Ltd.,2026-04-10T11:50:05.435
2026041004005706,API,68,49,200,352.9,70580.0,Elite Stock House Limited,Online Securities Pvt. Ltd.,2026-04-10T11:50:05.435
2026041004005703,API,68,45,112,352.8,39513.6,Elite Stock House Limited,Imperial Securities Company Pvt. Ltd.,2026-04-10T11:50:05.435
2026041004005704,API,68,47,50,352.8,17640.0,Elite Stock House Limited,Neev Securities Pvt. Ltd.,2026-04-10T11:50:05.435
2026041004005708,API,68,14,160,353.0,56480.0,Elite Stock House Limited,Nepal Stock House (PVT) Ltd.,2026-04-10T11:50:05.436
2026041004005709,API,68,33,500,353.0,176500.0,Elite Stock House Limited,Dakshinkali Investment & Securities Pvt. Ltd.,2026-04-10T11:50:05.436
2026041004005710,API,68,32,200,353.0,70600.0,Elite Stock House Limited,Premier Securities Company Ltd.,2026-04-10T11:50:05.436
2026041004005711,API,68,58,80,353.0,28240.0,Elite Stock House Limited,Naasa Securities Co. Ltd.,2026-04-10T11:50:05.436
2026041004005712,API,68,42,598,353.0,211094.0,Elite Stock House Limited,Sani Securities Company Ltd.,2026-04-10T11:50:05.436
2026041004005707,API,68,7,15,353.0,5295.0,Elite Stock House Limited,J.F. Securites (PVT) Ltd.,2026-04-10T11:50:05.436
2026041004005713,API,68,8,13,353.0,4589.0,Elite Stock House Limited,Brilliant Securities Pvt. Ltd.,2026-04-10T11:50:05.437
2026041004005714,API,68,45,1022,353.0,360766.0,Elite Stock House Limited,Imperial Securities Company Pvt. Ltd.,2026-04-10T11:50:05.437
2026041004005726,API,34,44,500,350.1,175050.0,Vision Securities Pvt. Ltd,Dynamic Money Managers Securities Pvt. Ltd.,2026-04-10T11:50:13.124
2026041004005727,API,41,44,146,350.0,51100.0,Linch Stock Market Ltd.,Dynamic Money Managers Securities Pvt. Ltd.,2026-04-10T11:50:13.124
2026041004005731,API,39,44,1500,350.0,525000.0,Sumeru Securities Pvt. Ltd.,Dynamic Money Managers Securities Pvt. Ltd.,2026-04-10T11:50:13.125
2026041004005733,API,48,44,300,350.0,105000.0,Trishakti Securities Public Limited,Dynamic Money Managers Securities Pvt. Ltd.,2026-04-10T11:50:13.125
2026041004005729,API,44,44,1000,350.0,350000.0,Dynamic Money Managers Securities Pvt. Ltd.,Dynamic Money Managers Securities Pvt. Ltd.,2026-04-10T11:50:13.125
2026041004005730,API,44,44,700,350.0,245000.0,Dynamic Money Managers Securities Pvt. Ltd.,Dynamic Money Managers Securities Pvt. Ltd.,2026-04-10T11:50:13.125
2026041004005732,API,51,44,300,350.0,105000.0,Oxford Securities Pvt. Ltd.,Dynamic Money Managers Securities Pvt. Ltd.,2026-04-10T11:50:13.125
2026041004005728,API,50,44,200,350.0,70000.0,Cristal Kanchanjanga Securites Pvt. Ltd.,Dynamic Money Managers Securities Pvt. Ltd.,2026-04-10T11:50:13.125
2026041004005747,API,49,44,327,350.0,114450.0,Online Securities Pvt. Ltd.,Dynamic Money Managers Securities Pvt. Ltd.,2026-04-10T11:50:35.495
2026041004005816,API,58,58,5,345.0,1725.0,Naasa Securities Co. Ltd.,Naasa Securities Co. Ltd.,2026-04-10T11:51:41.104
2026041004006056,API,14,69,22,350.1,7702.2,Nepal Stock House (PVT) Ltd.,INDEX SECURITIES LIMITED,2026-04-10T11:54:34.867
2026041004006055,API,66,69,250,350.1,87525.0,Miyo Securities Pvt Ltd,INDEX SECURITIES LIMITED,2026-04-10T11:54:34.867
2026041004006057,API,1,69,228,350.1,79822.8,Kumari Securities Private Limited,INDEX SECURITIES LIMITED,2026-04-10T11:54:34.868
2026041004006072,API,32,66,208,349.6,72716.8,Premier Securities Company Ltd.,Miyo Securities Pvt Ltd,2026-04-10T11:54:36.289
2026041004006070,API,58,66,100,350.0,35000.0,Naasa Securities Co. Ltd.,Miyo Securities Pvt Ltd,2026-04-10T11:54:36.289
2026041004006069,API,44,66,1300,350.0,455000.0,Dynamic Money Managers Securities Pvt. Ltd.,Miyo Securities Pvt Ltd,2026-04-10T11:54:36.289
2026041004006071,API,47,66,2000,350.0,700000.0,Neev Securities Pvt. Ltd.,Miyo Securities Pvt Ltd,2026-04-10T11:54:36.289
2026041004006067,API,44,66,1000,350.0,350000.0,Dynamic Money Managers Securities Pvt. Ltd.,Miyo Securities Pvt Ltd,2026-04-10T11:54:36.289
2026041004006066,API,3,66,10,350.0,3500.0,Arun Securities (PVT) Ltd.,Miyo Securities Pvt Ltd,2026-04-10T11:54:36.289
2026041004006065,API,74,66,10,350.1,3501.0,KALASH STOCK MARKET PVT. LTD.,Miyo Securities Pvt Ltd,2026-04-10T11:54:36.289
2026041004006064,API,1,66,1772,350.1,620377.2,Kumari Securities Private Limited,Miyo Securities Pvt Ltd,2026-04-10T11:54:36.289
2026041004006068,API,64,66,600,350.0,210000.0,SUN SECURITIES PVT LTD,Miyo Securities Pvt Ltd,2026-04-10T11:54:36.289
2026041004006078,API,49,33,60,350.2,21012.0,Online Securities Pvt. Ltd.,Dakshinkali Investment & Securities Pvt. Ltd.,2026-04-10T11:54:51.211
2026041004006107,API,32,42,153,349.6,53488.8,Premier Securities Company Ltd.,Sani Securities Company Ltd.,2026-04-10T11:55:12.349
2026041004006108,API,84,33,40,350.0,14000.0,MILKY WAY SHARE BROKER COMPANY LTD ,Dakshinkali Investment & Securities Pvt. Ltd.,2026-04-10T11:55:12.783
2026041004006120,API,26,58,100,350.2,35020.0,Asian Securities Private Ltd.,Naasa Securities Co. Ltd.,2026-04-10T11:55:25.595
2026041004006419,API,44,19,500,351.0,175500.0,Dynamic Money Managers Securities Pvt. Ltd.,Nepal Investment And Securities Trading Private Limited,2026-04-10T11:58:56.809
2026041004006420,API,44,52,500,351.0,175500.0,Dynamic Money Managers Securities Pvt. Ltd.,Sundhara Securities Limited,2026-04-10T11:58:56.81
2026041004006552,API,34,42,20,351.0,7020.0,Vision Securities Pvt. Ltd,Sani Securities Company Ltd.,2026-04-10T12:00:56.461
2026041004006584,API,26,42,50,351.0,17550.0,Asian Securities Private Ltd.,Sani Securities Company Ltd.,2026-04-10T12:01:17.139
2026041004006591,API,46,56,8,350.0,2800.0,Kalika Securities Pvt. Ltd.,Sri Hari Securities Pvt. Ltd.,2026-04-10T12:01:19.399
2026041004006611,API,49,39,300,350.3,105090.0,Online Securities Pvt. Ltd.,Sumeru Securities Pvt. Ltd.,2026-04-10T12:01:32.451
2026041004006612,API,49,39,300,350.3,105090.0,Online Securities Pvt. Ltd.,Sumeru Securities Pvt. Ltd.,2026-04-10T12:01:32.451
2026041004006651,API,39,42,20,351.0,7020.0,Sumeru Securities Pvt. Ltd.,Sani Securities Company Ltd.,2026-04-10T12:01:52.973
2026041004006686,API,46,49,2,350.0,700.0,Kalika Securities Pvt. Ltd.,Online Securities Pvt. Ltd.,2026-04-10T12:02:05.980337
2026041004006699,API,1,42,210,350.2,73542.0,Kumari Securities Private Limited,Sani Securities Company Ltd.,2026-04-10T12:02:14.032391
2026041004006702,API,1,20,790,350.2,276658.0,Kumari Securities Private Limited,Sipla Securities Private Limited,2026-04-10T12:02:14.939296
2026041004006703,API,58,20,250,350.2,87550.0,Naasa Securities Co. Ltd.,Sipla Securities Private Limited,2026-04-10T12:02:14.939697
2026041004006704,API,26,20,60,350.2,21012.0,Asian Securities Private Ltd.,Sipla Securities Private Limited,2026-04-10T12:02:14.939875
2026041004006705,API,84,20,10,350.2,3502.0,MILKY WAY SHARE BROKER COMPANY LTD ,Sipla Securities Private Limited,2026-04-10T12:02:14.940048
2026041004006706,API,49,20,890,350.0,311500.0,Online Securities Pvt. Ltd.,Sipla Securities Private Limited,2026-04-10T12:02:14.940227
2026041004006728,API,81,51,1000,350.2,350200.0,Aakashbhairab Securities Ltd.,Oxford Securities Pvt. Ltd.,2026-04-10T12:02:43.936
2026041004006764,API,49,35,1000,350.2,350200.0,Online Securities Pvt. Ltd.,Kohinoor Investment & Securities Pvt. Ltd.,2026-04-10T12:03:06.677922
2026041004007023,API,58,58,10,350.1,3501.0,Naasa Securities Co. Ltd.,Naasa Securities Co. Ltd.,2026-04-10T12:05:53.623588
2026041004007024,API,49,58,110,350.0,38500.0,Online Securities Pvt. Ltd.,Naasa Securities Co. Ltd.,2026-04-10T12:05:53.624409
2026041004007025,API,38,58,157,350.0,54950.0,Dipshikha Dhitopatra Karobar Co. Pvt Ltd.,Naasa Securities Co. Ltd.,2026-04-10T12:05:53.624965
2026041004007035,API,44,53,200,350.0,70000.0,Dynamic Money Managers Securities Pvt. Ltd.,Investment Management Nepal Pvt. Ltd.,2026-04-10T12:06:07.361905
2026041004007093,API,66,59,70,349.7,24479.0,Miyo Securities Pvt Ltd,Deevyaa Securities & Stock House Pvt. Ltd,2026-04-10T12:06:37.198659
2026041004007094,API,34,59,30,349.7,10491.0,Vision Securities Pvt. Ltd,Deevyaa Securities & Stock House Pvt. Ltd,2026-04-10T12:06:37.198723
2026041004007145,API,94,53,300,350.0,105000.0,K.B.L. Securities Limited ,Investment Management Nepal Pvt. Ltd.,2026-04-10T12:06:48.352131
2026041004007190,API,34,40,500,349.7,174850.0,Vision Securities Pvt. Ltd,Creative Securities Pvt Ltd,2026-04-10T12:07:13.866273
2026041004007220,API,94,32,200,350.0,70000.0,K.B.L. Securities Limited ,Premier Securities Company Ltd.,2026-04-10T12:07:30.160805
2026041004007222,API,34,33,470,349.7,164359.0,Vision Securities Pvt. Ltd,Dakshinkali Investment & Securities Pvt. Ltd.,2026-04-10T12:07:32.887705
2026041004007223,API,32,33,530,349.6,185288.0,Premier Securities Company Ltd.,Dakshinkali Investment & Securities Pvt. Ltd.,2026-04-10T12:07:32.887807
2026041004007315,API,49,32,25,350.0,8750.0,Online Securities Pvt. Ltd.,Premier Securities Company Ltd.,2026-04-10T12:08:17.857306
2026041004007316,API,49,59,232,350.0,81200.0,Online Securities Pvt. Ltd.,Deevyaa Securities & Stock House Pvt. Ltd,2026-04-10T12:08:17.857711
2026041004007332,API,94,33,1000,349.7,349700.0,K.B.L. Securities Limited ,Dakshinkali Investment & Securities Pvt. Ltd.,2026-04-10T12:08:23.29323
2026041004007355,API,81,53,500,350.0,175000.0,Aakashbhairab Securities Ltd.,Investment Management Nepal Pvt. Ltd.,2026-04-10T12:08:33.028783
2026041004007539,API,75,65,100,349.8,34980.0,N.I.M.B. Stock Markets Limited,Sharepro Securities Private Limited,2026-04-10T12:09:56.51037
2026041004007540,API,41,65,900,349.7,314730.0,Linch Stock Market Ltd.,Sharepro Securities Private Limited,2026-04-10T12:09:56.511307
2026041004007567,API,41,43,100,349.7,34970.0,Linch Stock Market Ltd.,South Asian Bulls Pvt. Ltd.,2026-04-10T12:10:07.329453
2026041004007568,API,32,43,61,349.6,21325.6,Premier Securities Company Ltd.,South Asian Bulls Pvt. Ltd.,2026-04-10T12:10:07.330235
2026041004007574,API,66,63,10,349.8,3498.0,Miyo Securities Pvt Ltd,Himalayan Brokerage Company Limited,2026-04-10T12:10:11.349729
2026041004007637,API,32,67,48,349.6,16780.8,Premier Securities Company Ltd.,Property Wiard Limited,2026-04-10T12:10:45.365492
2026041004007638,API,52,67,290,349.6,101384.0,Sundhara Securities Limited,Property Wiard Limited,2026-04-10T12:10:45.366492
2026041004007639,API,74,67,662,349.6,231435.2,KALASH STOCK MARKET PVT. LTD.,Property Wiard Limited,2026-04-10T12:10:45.367376
2026041004007703,API,66,63,150,349.8,52470.0,Miyo Securities Pvt Ltd,Himalayan Brokerage Company Limited,2026-04-10T12:11:10.575287
2026041004007709,API,74,8,338,349.6,118164.8,KALASH STOCK MARKET PVT. LTD.,Brilliant Securities Pvt. Ltd.,2026-04-10T12:11:13.143644
2026041004007710,API,49,8,762,349.5,266319.0,Online Securities Pvt. Ltd.,Brilliant Securities Pvt. Ltd.,2026-04-10T12:11:13.144491
2026041004007785,API,49,67,1238,349.5,432681.0,Online Securities Pvt. Ltd.,Property Wiard Limited,2026-04-10T12:11:35.067892
2026041004007786,API,42,67,15,349.5,5242.5,Sani Securities Company Ltd.,Property Wiard Limited,2026-04-10T12:11:35.067996
2026041004007787,API,72,67,47,349.4,16421.8,Hatemalo Financial Services Private Limited,Property Wiard Limited,2026-04-10T12:11:35.068023
2026041004007828,API,72,45,1000,349.4,349400.0,Hatemalo Financial Services Private Limited,Imperial Securities Company Pvt. Ltd.,2026-04-10T12:11:49.677374
2026041004007844,API,72,42,12,349.4,4192.8,Hatemalo Financial Services Private Limited,Sani Securities Company Ltd.,2026-04-10T12:11:51.948647
2026041004007855,API,72,45,941,349.4,328785.4,Hatemalo Financial Services Private Limited,Imperial Securities Company Pvt. Ltd.,2026-04-10T12:11:58.714052
2026041004007856,API,59,45,59,349.3,20608.7,Deevyaa Securities & Stock House Pvt. Ltd,Imperial Securities Company Pvt. Ltd.,2026-04-10T12:11:58.714875
2026041004007934,API,59,42,810,349.3,282933.0,Deevyaa Securities & Stock House Pvt. Ltd,Sani Securities Company Ltd.,2026-04-10T12:12:29.256105
2026041004007965,API,59,16,131,349.3,45758.3,Deevyaa Securities & Stock House Pvt. Ltd,Primo Securities (PVT) Ltd.,2026-04-10T12:12:43.146645
2026041004007966,API,44,16,369,349.2,128854.8,Dynamic Money Managers Securities Pvt. Ltd.,Primo Securities (PVT) Ltd.,2026-04-10T12:12:43.147036
2026041004008010,API,44,7,200,349.2,69840.0,Dynamic Money Managers Securities Pvt. Ltd.,J.F. Securites (PVT) Ltd.,2026-04-10T12:12:56.315491
2026041004008057,API,44,25,431,349.2,150505.2,Dynamic Money Managers Securities Pvt. Ltd.,Sweta Securities Private Limited,2026-04-10T12:13:15.903521
2026041004008058,API,43,25,1300,349.1,453830.0,South Asian Bulls Pvt. Ltd.,Sweta Securities Private Limited,2026-04-10T12:13:15.904362
2026041004008059,API,36,25,26,349.0,9074.0,Secured Securities Ltd.,Sweta Securities Private Limited,2026-04-10T12:13:15.904942
2026041004008060,API,68,25,300,349.0,104700.0,Elite Stock House Limited,Sweta Securities Private Limited,2026-04-10T12:13:15.905517
2026041004008061,API,94,25,700,349.0,244300.0,K.B.L. Securities Limited ,Sweta Securities Private Limited,2026-04-10T12:13:15.906069
2026041004008062,API,38,25,243,349.0,84807.0,Dipshikha Dhitopatra Karobar Co. Pvt Ltd.,Sweta Securities Private Limited,2026-04-10T12:13:15.906617
2026041004008070,API,38,45,757,349.0,264193.0,Dipshikha Dhitopatra Karobar Co. Pvt Ltd.,Imperial Securities Company Pvt. Ltd.,2026-04-10T12:13:22.36074
2026041004008071,API,45,45,135,349.0,47115.0,Imperial Securities Company Pvt. Ltd.,Imperial Securities Company Pvt. Ltd.,2026-04-10T12:13:22.361537
2026041004008072,API,49,45,37,349.0,12913.0,Online Securities Pvt. Ltd.,Imperial Securities Company Pvt. Ltd.,2026-04-10T12:13:22.362064
2026041004008073,API,16,45,71,349.0,24779.0,Primo Securities (PVT) Ltd.,Imperial Securities Company Pvt. Ltd.,2026-04-10T12:13:22.362624
2026041004008079,API,72,65,1000,349.1,349100.0,Hatemalo Financial Services Private Limited,Sharepro Securities Private Limited,2026-04-10T12:13:26.556733
2026041004008158,API,16,65,1000,349.0,349000.0,Primo Securities (PVT) Ltd.,Sharepro Securities Private Limited,2026-04-10T12:13:49.203158
2026041004008159,API,44,49,500,349.1,174550.0,Dynamic Money Managers Securities Pvt. Ltd.,Online Securities Pvt. Ltd.,2026-04-10T12:13:50.230478
2026041004008191,API,44,63,240,349.1,83784.0,Dynamic Money Managers Securities Pvt. Ltd.,Himalayan Brokerage Company Limited,2026-04-10T12:13:59.436395
2026041004008209,API,44,13,1000,349.1,349100.0,Dynamic Money Managers Securities Pvt. Ltd.,Thrive Brokerage House Pvt. Ltd,2026-04-10T12:14:05.036217
2026041004008211,API,44,48,2000,349.1,698200.0,Dynamic Money Managers Securities Pvt. Ltd.,Trishakti Securities Public Limited,2026-04-10T12:14:05.717138
2026041004008235,API,44,43,600,349.1,209460.0,Dynamic Money Managers Securities Pvt. Ltd.,South Asian Bulls Pvt. Ltd.,2026-04-10T12:14:18.652178
2026041004008236,API,44,45,1000,349.1,349100.0,Dynamic Money Managers Securities Pvt. Ltd.,Imperial Securities Company Pvt. Ltd.,2026-04-10T12:14:18.769145
2026041004008237,API,41,45,200,349.2,69840.0,Linch Stock Market Ltd.,Imperial Securities Company Pvt. Ltd.,2026-04-10T12:14:19.57757
2026041004008243,API,49,22,200,349.3,69860.0,Online Securities Pvt. Ltd.,Siprabi Securities Pvt. Ltd.,2026-04-10T12:14:21.713079
2026041004008284,API,49,58,200,349.3,69860.0,Online Securities Pvt. Ltd.,Naasa Securities Co. Ltd.,2026-04-10T12:14:35.347081
2026041004008285,API,44,58,2950,349.1,1029845.0,Dynamic Money Managers Securities Pvt. Ltd.,Naasa Securities Co. Ltd.,2026-04-10T12:14:35.347554
2026041004008369,API,100,63,500,349.2,174600.0,Sunrise Securities Limited,Himalayan Brokerage Company Limited,2026-04-10T12:15:16.071286
2026041004008385,API,100,6,500,349.2,174600.0,Sunrise Securities Limited,Agrawal Securities (PVT) Ltd.,2026-04-10T12:15:24.854403
2026041004008386,API,44,6,1710,349.1,596961.0,Dynamic Money Managers Securities Pvt. Ltd.,Agrawal Securities (PVT) Ltd.,2026-04-10T12:15:24.855213
2026041004008387,API,16,6,790,349.0,275710.0,Primo Securities (PVT) Ltd.,Agrawal Securities (PVT) Ltd.,2026-04-10T12:15:24.855794
2026041004008504,API,68,58,397,349.0,138553.0,Elite Stock House Limited,Naasa Securities Co. Ltd.,2026-04-10T12:15:58.494129
2026041004008525,API,68,22,103,349.0,35947.0,Elite Stock House Limited,Siprabi Securities Pvt. Ltd.,2026-04-10T12:16:05.99392
2026041004008526,API,5,22,422,349.0,147278.0,Market Securities & Exchange (PVT) Ltd.,Siprabi Securities Pvt. Ltd.,2026-04-10T12:16:05.99468
2026041004008597,API,5,45,78,349.0,27222.0,Market Securities & Exchange (PVT) Ltd.,Imperial Securities Company Pvt. Ltd.,2026-04-10T12:16:36.65383
2026041004008605,API,44,50,193,348.5,67260.5,Dynamic Money Managers Securities Pvt. Ltd.,Cristal Kanchanjanga Securites Pvt. Ltd.,2026-04-10T12:16:39.322392
2026041004008766,API,41,43,100,348.6,34860.0,Linch Stock Market Ltd.,South Asian Bulls Pvt. Ltd.,2026-04-10T12:17:33.90606
2026041004008783,API,41,42,100,348.6,34860.0,Linch Stock Market Ltd.,Sani Securities Company Ltd.,2026-04-10T12:17:38.105194
2026041004008855,API,44,35,72,348.5,25092.0,Dynamic Money Managers Securities Pvt. Ltd.,Kohinoor Investment & Securities Pvt. Ltd.,2026-04-10T12:18:00.3901
2026041004008861,API,44,44,9735,348.5,3392647.5,Dynamic Money Managers Securities Pvt. Ltd.,Dynamic Money Managers Securities Pvt. Ltd.,2026-04-10T12:18:06.716248
2026041004008862,API,6,44,500,348.4,174200.0,Agrawal Securities (PVT) Ltd.,Dynamic Money Managers Securities Pvt. Ltd.,2026-04-10T12:18:06.716292
2026041004008863,API,100,44,500,348.4,174200.0,Sunrise Securities Limited,Dynamic Money Managers Securities Pvt. Ltd.,2026-04-10T12:18:06.716329
2026041004008864,API,80,44,300,348.3,104490.0,Indira securities pvt. ltd,Dynamic Money Managers Securities Pvt. Ltd.,2026-04-10T12:18:06.716365
2026041004008865,API,44,44,367,348.3,127826.1,Dynamic Money Managers Securities Pvt. Ltd.,Dynamic Money Managers Securities Pvt. Ltd.,2026-04-10T12:18:06.716391
2026041004008867,API,72,42,180,348.6,62748.0,Hatemalo Financial Services Private Limited,Sani Securities Company Ltd.,2026-04-10T12:18:08.222718
2026041004008976,API,72,45,200,348.6,69720.0,Hatemalo Financial Services Private Limited,Imperial Securities Company Pvt. Ltd.,2026-04-10T12:18:28.788768
2026041004009022,API,72,35,620,348.6,216132.0,Hatemalo Financial Services Private Limited,Kohinoor Investment & Securities Pvt. Ltd.,2026-04-10T12:18:52.930415
2026041004009023,API,100,35,61,348.6,21264.6,Sunrise Securities Limited,Kohinoor Investment & Securities Pvt. Ltd.,2026-04-10T12:18:52.931216
2026041004009048,API,36,6,7,345.0,2415.0,Secured Securities Ltd.,Agrawal Securities (PVT) Ltd.,2026-04-10T12:18:58.013438
2026041004009123,API,100,58,119,348.6,41483.4,Sunrise Securities Limited,Naasa Securities Co. Ltd.,2026-04-10T12:19:14.23257
2026041004009140,API,44,25,500,348.3,174150.0,Dynamic Money Managers Securities Pvt. Ltd.,Sweta Securities Private Limited,2026-04-10T12:19:23.900393
2026041004009208,API,44,46,133,348.3,46323.9,Dynamic Money Managers Securities Pvt. Ltd.,Kalika Securities Pvt. Ltd.,2026-04-10T12:19:33.134964
2026041004009209,API,43,46,367,348.3,127826.1,South Asian Bulls Pvt. Ltd.,Kalika Securities Pvt. Ltd.,2026-04-10T12:19:33.135009
2026041004009210,API,43,39,933,348.3,324963.9,South Asian Bulls Pvt. Ltd.,Sumeru Securities Pvt. Ltd.,2026-04-10T12:19:33.330863
2026041004009238,API,64,62,500,348.2,174100.0,SUN SECURITIES PVT LTD,Capital Max Securities Ltd,2026-04-10T12:19:45.002683
2026041004009253,API,68,65,500,348.1,174050.0,Elite Stock House Limited,Sharepro Securities Private Limited,2026-04-10T12:19:56.620799
2026041004009254,API,72,65,750,348.1,261075.0,Hatemalo Financial Services Private Limited,Sharepro Securities Private Limited,2026-04-10T12:19:56.621355
2026041004009258,API,72,50,1000,348.1,348100.0,Hatemalo Financial Services Private Limited,Cristal Kanchanjanga Securites Pvt. Ltd.,2026-04-10T12:19:56.995177
2026041004009274,API,72,36,250,348.1,87025.0,Hatemalo Financial Services Private Limited,Secured Securities Ltd.,2026-04-10T12:20:05.168911
2026041004009275,API,44,36,50,348.1,17405.0,Dynamic Money Managers Securities Pvt. Ltd.,Secured Securities Ltd.,2026-04-10T12:20:05.169356
2026041004009284,API,44,58,247,348.1,85980.7,Dynamic Money Managers Securities Pvt. Ltd.,Naasa Securities Co. Ltd.,2026-04-10T12:20:09.090308
2026041004009327,API,44,74,6922,348.1,2409548.2,Dynamic Money Managers Securities Pvt. Ltd.,KALASH STOCK MARKET PVT. LTD.,2026-04-10T12:20:21.337697
2026041004009328,API,44,62,1500,348.1,522150.0,Dynamic Money Managers Securities Pvt. Ltd.,Capital Max Securities Ltd,2026-04-10T12:20:21.635342
2026041004009333,API,44,45,1281,348.1,445916.1,Dynamic Money Managers Securities Pvt. Ltd.,Imperial Securities Company Pvt. Ltd.,2026-04-10T12:20:23.79288
2026041004009334,API,18,45,1000,348.0,348000.0,Sagarmatha Securities Private Limited,Imperial Securities Company Pvt. Ltd.,2026-04-10T12:20:23.793935
2026041004009335,API,41,45,1000,348.0,348000.0,Linch Stock Market Ltd.,Imperial Securities Company Pvt. Ltd.,2026-04-10T12:20:23.794695
2026041004009336,API,41,45,1000,348.0,348000.0,Linch Stock Market Ltd.,Imperial Securities Company Pvt. Ltd.,2026-04-10T12:20:23.795294
2026041004009337,API,53,45,100,348.0,34800.0,Investment Management Nepal Pvt. Ltd.,Imperial Securities Company Pvt. Ltd.,2026-04-10T12:20:23.795862
2026041004009338,API,35,45,800,348.0,278400.0,Kohinoor Investment & Securities Pvt. Ltd.,Imperial Securities Company Pvt. Ltd.,2026-04-10T12:20:23.796423
2026041004009339,API,45,45,690,348.0,240120.0,Imperial Securities Company Pvt. Ltd.,Imperial Securities Company Pvt. Ltd.,2026-04-10T12:20:23.796968
2026041004009340,API,13,45,200,348.0,69600.0,Thrive Brokerage House Pvt. Ltd,Imperial Securities Company Pvt. Ltd.,2026-04-10T12:20:23.797523
2026041004009341,API,16,45,1139,348.0,396372.0,Primo Securities (PVT) Ltd.,Imperial Securities Company Pvt. Ltd.,2026-04-10T12:20:23.798063
2026041004009342,API,49,45,20,348.0,6960.0,Online Securities Pvt. Ltd.,Imperial Securities Company Pvt. Ltd.,2026-04-10T12:20:23.798283
2026041004009343,API,58,45,100,348.0,34800.0,Naasa Securities Co. Ltd.,Imperial Securities Company Pvt. Ltd.,2026-04-10T12:20:23.798469
2026041004009400,API,1,48,40,347.8,13912.0,Kumari Securities Private Limited,Trishakti Securities Public Limited,2026-04-10T12:20:43.318206
2026041004009401,API,49,48,60,347.8,20868.0,Online Securities Pvt. Ltd.,Trishakti Securities Public Limited,2026-04-10T12:20:43.318686
2026041004009462,API,49,45,1440,347.8,500832.0,Online Securities Pvt. Ltd.,Imperial Securities Company Pvt. Ltd.,2026-04-10T12:21:04.716016
2026041004009463,API,100,45,1000,347.2,347200.0,Sunrise Securities Limited,Imperial Securities Company Pvt. Ltd.,2026-04-10T12:21:04.716409
2026041004009464,API,66,45,250,347.1,86775.0,Miyo Securities Pvt Ltd,Imperial Securities Company Pvt. Ltd.,2026-04-10T12:21:04.716597
2026041004009465,API,7,45,100,347.1,34710.0,J.F. Securites (PVT) Ltd.,Imperial Securities Company Pvt. Ltd.,2026-04-10T12:21:04.716774
2026041004009466,API,63,45,500,347.1,173550.0,Himalayan Brokerage Company Limited,Imperial Securities Company Pvt. Ltd.,2026-04-10T12:21:04.716958
2026041004009467,API,1,45,3000,347.1,1041300.0,Kumari Securities Private Limited,Imperial Securities Company Pvt. Ltd.,2026-04-10T12:21:04.717136
2026041004009468,API,58,45,25,347.0,8675.0,Naasa Securities Co. Ltd.,Imperial Securities Company Pvt. Ltd.,2026-04-10T12:21:04.717319
2026041004009469,API,46,45,100,347.0,34700.0,Kalika Securities Pvt. Ltd.,Imperial Securities Company Pvt. Ltd.,2026-04-10T12:21:04.717496
2026041004009470,API,58,45,50,347.0,17350.0,Naasa Securities Co. Ltd.,Imperial Securities Company Pvt. Ltd.,2026-04-10T12:21:04.717676
2026041004009471,API,44,45,2205,347.0,765135.0,Dynamic Money Managers Securities Pvt. Ltd.,Imperial Securities Company Pvt. Ltd.,2026-04-10T12:21:04.717854
2026041004009489,API,43,19,642,348.0,223416.0,South Asian Bulls Pvt. Ltd.,Nepal Investment And Securities Trading Private Limited,2026-04-10T12:21:15.397842
2026041004009500,API,43,50,658,348.0,228984.0,South Asian Bulls Pvt. Ltd.,Cristal Kanchanjanga Securites Pvt. Ltd.,2026-04-10T12:21:18.435509
2026041004009503,API,44,40,580,347.0,201260.0,Dynamic Money Managers Securities Pvt. Ltd.,Creative Securities Pvt Ltd,2026-04-10T12:21:21.546918
2026041004009554,API,63,6,1000,347.1,347100.0,Himalayan Brokerage Company Limited,Agrawal Securities (PVT) Ltd.,2026-04-10T12:21:36.460142
2026041004009634,API,63,45,70,347.1,24297.0,Himalayan Brokerage Company Limited,Imperial Securities Company Pvt. Ltd.,2026-04-10T12:21:57.270326
2026041004009666,API,41,45,200,347.2,69440.0,Linch Stock Market Ltd.,Imperial Securities Company Pvt. Ltd.,2026-04-10T12:22:06.489221
2026041004009667,API,63,45,8930,347.1,3099603.0,Himalayan Brokerage Company Limited,Imperial Securities Company Pvt. Ltd.,2026-04-10T12:22:06.489613
2026041004009668,API,44,45,2215,347.0,768605.0,Dynamic Money Managers Securities Pvt. Ltd.,Imperial Securities Company Pvt. Ltd.,2026-04-10T12:22:06.4898
2026041004009669,API,84,45,200,347.0,69400.0,MILKY WAY SHARE BROKER COMPANY LTD ,Imperial Securities Company Pvt. Ltd.,2026-04-10T12:22:06.489996
2026041004009670,API,1,45,100,347.0,34700.0,Kumari Securities Private Limited,Imperial Securities Company Pvt. Ltd.,2026-04-10T12:22:06.4902
2026041004009671,API,38,45,1100,347.0,381700.0,Dipshikha Dhitopatra Karobar Co. Pvt Ltd.,Imperial Securities Company Pvt. Ltd.,2026-04-10T12:22:06.490392
2026041004009672,API,51,45,50,347.0,17350.0,Oxford Securities Pvt. Ltd.,Imperial Securities Company Pvt. Ltd.,2026-04-10T12:22:06.490572
2026041004009751,API,43,45,530,347.0,183910.0,South Asian Bulls Pvt. Ltd.,Imperial Securities Company Pvt. Ltd.,2026-04-10T12:22:27.065659
2026041004009756,API,38,74,1000,346.2,346200.0,Dipshikha Dhitopatra Karobar Co. Pvt Ltd.,KALASH STOCK MARKET PVT. LTD.,2026-04-10T12:22:30.225388
2026041004009757,API,66,74,250,346.1,86525.0,Miyo Securities Pvt Ltd,KALASH STOCK MARKET PVT. LTD.,2026-04-10T12:22:30.225781
2026041004009758,API,14,74,400,346.0,138400.0,Nepal Stock House (PVT) Ltd.,KALASH STOCK MARKET PVT. LTD.,2026-04-10T12:22:30.225961
2026041004009759,API,26,74,100,346.0,34600.0,Asian Securities Private Ltd.,KALASH STOCK MARKET PVT. LTD.,2026-04-10T12:22:30.22614
2026041004009760,API,49,74,1500,346.0,519000.0,Online Securities Pvt. Ltd.,KALASH STOCK MARKET PVT. LTD.,2026-04-10T12:22:30.226514
2026041004009761,API,34,74,10,346.0,3460.0,Vision Securities Pvt. Ltd,KALASH STOCK MARKET PVT. LTD.,2026-04-10T12:22:30.226713
2026041004009762,API,6,74,1740,346.0,602040.0,Agrawal Securities (PVT) Ltd.,KALASH STOCK MARKET PVT. LTD.,2026-04-10T12:22:30.22689
2026041004009776,API,6,60,10,346.0,3460.0,Agrawal Securities (PVT) Ltd.,Nagarik Stock Dealer ,2026-04-10T12:22:38.546759
2026041004009848,API,42,35,10,346.1,3461.0,Sani Securities Company Ltd.,Kohinoor Investment & Securities Pvt. Ltd.,2026-04-10T12:23:10.205549
2026041004009849,API,72,35,1000,346.1,346100.0,Hatemalo Financial Services Private Limited,Kohinoor Investment & Securities Pvt. Ltd.,2026-04-10T12:23:10.20629
2026041004009850,API,6,35,250,346.0,86500.0,Agrawal Securities (PVT) Ltd.,Kohinoor Investment & Securities Pvt. Ltd.,2026-04-10T12:23:10.206838
2026041004009851,API,34,35,300,346.0,103800.0,Vision Securities Pvt. Ltd,Kohinoor Investment & Securities Pvt. Ltd.,2026-04-10T12:23:10.20739
2026041004009852,API,80,35,200,346.0,69200.0,Indira securities pvt. ltd,Kohinoor Investment & Securities Pvt. Ltd.,2026-04-10T12:23:10.2079
2026041004009853,API,44,35,20,346.0,6920.0,Dynamic Money Managers Securities Pvt. Ltd.,Kohinoor Investment & Securities Pvt. Ltd.,2026-04-10T12:23:10.208416
2026041004009854,API,49,35,220,346.0,76120.0,Online Securities Pvt. Ltd.,Kohinoor Investment & Securities Pvt. Ltd.,2026-04-10T12:23:10.208952
2026041004009975,API,49,53,780,346.0,269880.0,Online Securities Pvt. Ltd.,Investment Management Nepal Pvt. Ltd.,2026-04-10T12:23:34.322586
2026041004009976,API,80,53,220,346.0,76120.0,Indira securities pvt. ltd,Investment Management Nepal Pvt. Ltd.,2026-04-10T12:23:34.323368
2026041004010010,API,49,58,100,346.1,34610.0,Online Securities Pvt. Ltd.,Naasa Securities Co. Ltd.,2026-04-10T12:23:43.434242
2026041004010011,API,49,22,25,346.1,8652.5,Online Securities Pvt. Ltd.,Siprabi Securities Pvt. Ltd.,2026-04-10T12:23:43.434647
2026041004010045,API,80,25,80,346.0,27680.0,Indira securities pvt. ltd,Sweta Securities Private Limited,2026-04-10T12:24:03.001567
2026041004010069,API,63,45,675,347.0,234225.0,Himalayan Brokerage Company Limited,Imperial Securities Company Pvt. Ltd.,2026-04-10T12:24:13.931051
2026041004010070,API,63,43,1500,347.0,520500.0,Himalayan Brokerage Company Limited,South Asian Bulls Pvt. Ltd.,2026-04-10T12:24:13.931485
2026041004010080,API,63,58,17,347.0,5899.0,Himalayan Brokerage Company Limited,Naasa Securities Co. Ltd.,2026-04-10T12:24:19.330692
2026041004010086,API,63,58,508,347.0,176276.0,Himalayan Brokerage Company Limited,Naasa Securities Co. Ltd.,2026-04-10T12:24:21.64645
2026041004010087,API,41,58,680,346.5,235620.0,Linch Stock Market Ltd.,Naasa Securities Co. Ltd.,2026-04-10T12:24:21.646858
2026041004010165,API,41,74,49,346.6,16983.4,Linch Stock Market Ltd.,KALASH STOCK MARKET PVT. LTD.,2026-04-10T12:24:52.548271
2026041004010196,API,36,47,2,340.2,680.4,Secured Securities Ltd.,Neev Securities Pvt. Ltd.,2026-04-10T12:25:09.277604
2026041004010252,API,71,13,500,347.0,173500.0,SHUBHAKAMANA SECURITIES PVT. LTD,Thrive Brokerage House Pvt. Ltd,2026-04-10T12:25:25.008052
2026041004010279,API,71,35,399,347.0,138453.0,SHUBHAKAMANA SECURITIES PVT. LTD,Kohinoor Investment & Securities Pvt. Ltd.,2026-04-10T12:25:36.160609
2026041004010310,API,71,49,101,347.0,35047.0,SHUBHAKAMANA SECURITIES PVT. LTD,Online Securities Pvt. Ltd.,2026-04-10T12:25:47.82363
2026041004010354,API,49,49,199,347.0,69053.0,Online Securities Pvt. Ltd.,Online Securities Pvt. Ltd.,2026-04-10T12:26:02.557638
2026041004010412,API,70,58,10,347.0,3470.0,Infinity Securities Limited,Naasa Securities Co. Ltd.,2026-04-10T12:26:24.084773
2026041004010447,API,38,13,15,347.1,5206.5,Dipshikha Dhitopatra Karobar Co. Pvt Ltd.,Thrive Brokerage House Pvt. Ltd,2026-04-10T12:26:41.869212
2026041004010448,API,70,13,245,347.0,85015.0,Infinity Securities Limited,Thrive Brokerage House Pvt. Ltd,2026-04-10T12:26:41.869628
2026041004010452,API,71,20,2000,347.9,695800.0,SHUBHAKAMANA SECURITIES PVT. LTD,Sipla Securities Private Limited,2026-04-10T12:26:43.724815
2026041004010468,API,70,4,258,347.0,89526.0,Infinity Securities Limited,Opal Securities Investment (PVT) Ltd.,2026-04-10T12:26:48.203211
2026041004010591,API,38,42,15,347.1,5206.5,Dipshikha Dhitopatra Karobar Co. Pvt Ltd.,Sani Securities Company Ltd.,2026-04-10T12:27:34.249373
2026041004010592,API,49,42,985,347.1,341893.5,Online Securities Pvt. Ltd.,Sani Securities Company Ltd.,2026-04-10T12:27:34.249774
2026041004010597,API,36,50,379,348.0,131892.0,Secured Securities Ltd.,Cristal Kanchanjanga Securites Pvt. Ltd.,2026-04-10T12:27:36.845743
2026041004010598,API,36,41,10,348.0,3480.0,Secured Securities Ltd.,Linch Stock Market Ltd.,2026-04-10T12:27:36.846173
2026041004010599,API,36,81,611,348.0,212628.0,Secured Securities Ltd.,Aakashbhairab Securities Ltd.,2026-04-10T12:27:36.846369
2026041004010672,API,49,81,252,348.0,87696.0,Online Securities Pvt. Ltd.,Aakashbhairab Securities Ltd.,2026-04-10T12:27:55.479712
2026041004010673,API,49,45,553,348.0,192444.0,Online Securities Pvt. Ltd.,Imperial Securities Company Pvt. Ltd.,2026-04-10T12:27:55.480514
2026041004010674,API,49,42,551,348.0,191748.0,Online Securities Pvt. Ltd.,Sani Securities Company Ltd.,2026-04-10T12:27:55.481106
2026041004010675,API,49,21,23,348.0,8004.0,Online Securities Pvt. Ltd.,Midas Stock Broking Company Private Limited,2026-04-10T12:27:55.481741
2026041004010718,API,49,42,1100,348.0,382800.0,Online Securities Pvt. Ltd.,Sani Securities Company Ltd.,2026-04-10T12:28:12.675282
2026041004010778,API,38,39,200,348.9,69780.0,Dipshikha Dhitopatra Karobar Co. Pvt Ltd.,Sumeru Securities Pvt. Ltd.,2026-04-10T12:28:44.763849
2026041004010824,API,49,49,300,348.0,104400.0,Online Securities Pvt. Ltd.,Online Securities Pvt. Ltd.,2026-04-10T12:29:10.029778
2026041004010825,API,57,45,200,349.0,69800.0,Aryatara Investment & Securities,Imperial Securities Company Pvt. Ltd.,2026-04-10T12:29:10.212007
2026041004010911,API,74,45,800,349.0,279200.0,KALASH STOCK MARKET PVT. LTD.,Imperial Securities Company Pvt. Ltd.,2026-04-10T12:29:49.924528
2026041004010927,API,25,45,350,349.0,122150.0,Sweta Securities Private Limited,Imperial Securities Company Pvt. Ltd.,2026-04-10T12:29:57.107179
2026041004010957,API,95,45,94,349.0,32806.0,Magnet Securities and Investment Company Private Limited,Imperial Securities Company Pvt. Ltd.,2026-04-10T12:30:05.478086
2026041004010958,API,95,41,10,349.0,3490.0,Magnet Securities and Investment Company Private Limited,Linch Stock Market Ltd.,2026-04-10T12:30:05.4785
2026041004010959,API,95,25,96,349.0,33504.0,Magnet Securities and Investment Company Private Limited,Sweta Securities Private Limited,2026-04-10T12:30:05.478699
2026041004011030,API,29,58,573,349.0,199977.0,Trisul Securities & Invt. Ltd.,Naasa Securities Co. Ltd.,2026-04-10T12:30:33.030268
2026041004011032,API,36,58,30,349.0,10470.0,Secured Securities Ltd.,Naasa Securities Co. Ltd.,2026-04-10T12:30:34.481791
2026041004011083,API,14,58,300,349.0,104700.0,Nepal Stock House (PVT) Ltd.,Naasa Securities Co. Ltd.,2026-04-10T12:30:47.043514
2026041004011101,API,58,58,20,349.0,6980.0,Naasa Securities Co. Ltd.,Naasa Securities Co. Ltd.,2026-04-10T12:30:58.217438
2026041004011115,API,38,58,500,349.0,174500.0,Dipshikha Dhitopatra Karobar Co. Pvt Ltd.,Naasa Securities Co. Ltd.,2026-04-10T12:31:04.024074
2026041004011161,API,14,58,20,349.0,6980.0,Nepal Stock House (PVT) Ltd.,Naasa Securities Co. Ltd.,2026-04-10T12:31:37.730398
2026041004011173,API,6,58,57,349.0,19893.0,Agrawal Securities (PVT) Ltd.,Naasa Securities Co. Ltd.,2026-04-10T12:31:48.360546
2026041004011174,API,6,36,63,349.0,21987.0,Agrawal Securities (PVT) Ltd.,Secured Securities Ltd.,2026-04-10T12:31:48.360983
2026041004011196,API,35,36,100,349.0,34900.0,Kohinoor Investment & Securities Pvt. Ltd.,Secured Securities Ltd.,2026-04-10T12:31:58.2612
2026041004011207,API,41,19,200,348.1,69620.0,Linch Stock Market Ltd.,Nepal Investment And Securities Trading Private Limited,2026-04-10T12:32:06.761017
2026041004011208,API,26,19,100,348.1,34810.0,Asian Securities Private Ltd.,Nepal Investment And Securities Trading Private Limited,2026-04-10T12:32:06.761446
2026041004011209,API,52,19,1000,348.1,348100.0,Sundhara Securities Limited,Nepal Investment And Securities Trading Private Limited,2026-04-10T12:32:06.761644
2026041004011210,API,49,19,221,348.0,76908.0,Online Securities Pvt. Ltd.,Nepal Investment And Securities Trading Private Limited,2026-04-10T12:32:06.76184
2026041004011211,API,6,19,150,348.0,52200.0,Agrawal Securities (PVT) Ltd.,Nepal Investment And Securities Trading Private Limited,2026-04-10T12:32:06.762031
2026041004011212,API,14,19,1329,348.0,462492.0,Nepal Stock House (PVT) Ltd.,Nepal Investment And Securities Trading Private Limited,2026-04-10T12:32:06.762221
2026041004011272,API,58,36,30,349.0,10470.0,Naasa Securities Co. Ltd.,Secured Securities Ltd.,2026-04-10T12:32:25.05963
2026041004011274,API,14,57,100,348.0,34800.0,Nepal Stock House (PVT) Ltd.,Aryatara Investment & Securities,2026-04-10T12:32:26.228307
2026041004011293,API,57,36,107,349.0,37343.0,Aryatara Investment & Securities,Secured Securities Ltd.,2026-04-10T12:32:37.147827
2026041004011294,API,57,38,200,349.0,69800.0,Aryatara Investment & Securities,Dipshikha Dhitopatra Karobar Co. Pvt Ltd.,2026-04-10T12:32:37.14826
2026041004011295,API,57,49,300,349.9,104970.0,Aryatara Investment & Securities,Online Securities Pvt. Ltd.,2026-04-10T12:32:37.148469
2026041004011296,API,57,75,1893,349.9,662360.7,Aryatara Investment & Securities,N.I.M.B. Stock Markets Limited,2026-04-10T12:32:37.148663
2026041004011322,API,14,16,105,348.0,36540.0,Nepal Stock House (PVT) Ltd.,Primo Securities (PVT) Ltd.,2026-04-10T12:32:47.24175
2026041004011378,API,13,57,50,348.2,17410.0,Thrive Brokerage House Pvt. Ltd,Aryatara Investment & Securities,2026-04-10T12:33:24.452926
2026041004011379,API,41,57,200,348.1,69620.0,Linch Stock Market Ltd.,Aryatara Investment & Securities,2026-04-10T12:33:24.453398
2026041004011380,API,14,57,750,348.0,261000.0,Nepal Stock House (PVT) Ltd.,Aryatara Investment & Securities,2026-04-10T12:33:24.4536
2026041004011409,API,14,101,5000,348.0,1740000.0,Nepal Stock House (PVT) Ltd.,APPLE SECURITIES PRIVATE LIMITED,2026-04-10T12:33:39.7857
2026041004011508,API,17,35,21,349.0,7329.0,ABC Securities Private Limited,Kohinoor Investment & Securities Pvt. Ltd.,2026-04-10T12:34:36.805866
2026041004011517,API,58,42,16,349.8,5596.8,Naasa Securities Co. Ltd.,Sani Securities Company Ltd.,2026-04-10T12:34:39.41633
2026041004011536,API,43,42,484,349.8,169303.2,South Asian Bulls Pvt. Ltd.,Sani Securities Company Ltd.,2026-04-10T12:34:52.326246
2026041004011587,API,43,25,16,349.8,5596.8,South Asian Bulls Pvt. Ltd.,Sweta Securities Private Limited,2026-04-10T12:35:10.299446
2026041004011588,API,17,25,29,349.0,10121.0,ABC Securities Private Limited,Sweta Securities Private Limited,2026-04-10T12:35:10.300269
2026041004011589,API,17,25,955,349.0,333295.0,ABC Securities Private Limited,Sweta Securities Private Limited,2026-04-10T12:35:10.300923
2026041004011626,API,17,75,45,349.0,15705.0,ABC Securities Private Limited,N.I.M.B. Stock Markets Limited,2026-04-10T12:35:31.498501
2026041004011627,API,41,75,140,349.0,48860.0,Linch Stock Market Ltd.,N.I.M.B. Stock Markets Limited,2026-04-10T12:35:31.498917
2026041004011649,API,43,75,500,349.0,174500.0,South Asian Bulls Pvt. Ltd.,N.I.M.B. Stock Markets Limited,2026-04-10T12:35:44.66944
2026041004011656,API,62,32,325,348.9,113392.5,Capital Max Securities Ltd,Premier Securities Company Ltd.,2026-04-10T12:35:52.258396
2026041004011720,API,17,75,100,348.1,34810.0,ABC Securities Private Limited,N.I.M.B. Stock Markets Limited,2026-04-10T12:36:27.186634
2026041004011721,API,14,75,1900,348.0,661200.0,Nepal Stock House (PVT) Ltd.,N.I.M.B. Stock Markets Limited,2026-04-10T12:36:27.187647
2026041004011737,API,17,75,107,348.1,37246.7,ABC Securities Private Limited,N.I.M.B. Stock Markets Limited,2026-04-10T12:36:38.76827
2026041004011747,API,17,74,893,348.1,310853.3,ABC Securities Private Limited,KALASH STOCK MARKET PVT. LTD.,2026-04-10T12:36:49.886844
2026041004011748,API,14,74,607,348.0,211236.0,Nepal Stock House (PVT) Ltd.,KALASH STOCK MARKET PVT. LTD.,2026-04-10T12:36:49.887273
2026041004011754,API,14,75,209,348.0,72732.0,Nepal Stock House (PVT) Ltd.,N.I.M.B. Stock Markets Limited,2026-04-10T12:36:54.642799
2026041004011755,API,57,75,56,348.0,19488.0,Aryatara Investment & Securities,N.I.M.B. Stock Markets Limited,2026-04-10T12:36:54.643659
2026041004011756,API,58,75,50,348.0,17400.0,Naasa Securities Co. Ltd.,N.I.M.B. Stock Markets Limited,2026-04-10T12:36:54.644266
2026041004011757,API,95,75,50,348.0,17400.0,Magnet Securities and Investment Company Private Limited,N.I.M.B. Stock Markets Limited,2026-04-10T12:36:54.644856
2026041004011758,API,17,75,200,348.0,69600.0,ABC Securities Private Limited,N.I.M.B. Stock Markets Limited,2026-04-10T12:36:54.64545
2026041004011759,API,49,75,750,348.0,261000.0,Online Securities Pvt. Ltd.,N.I.M.B. Stock Markets Limited,2026-04-10T12:36:54.646034
2026041004011796,API,65,81,300,348.2,104460.0,Sharepro Securities Private Limited,Aakashbhairab Securities Ltd.,2026-04-10T12:37:06.279807
2026041004011797,API,49,81,250,348.0,87000.0,Online Securities Pvt. Ltd.,Aakashbhairab Securities Ltd.,2026-04-10T12:37:06.279909
2026041004011798,API,39,81,300,348.0,104400.0,Sumeru Securities Pvt. Ltd.,Aakashbhairab Securities Ltd.,2026-04-10T12:37:06.279987
2026041004011799,API,16,81,150,348.0,52200.0,Primo Securities (PVT) Ltd.,Aakashbhairab Securities Ltd.,2026-04-10T12:37:06.280052
2026041004011804,API,16,49,250,348.0,87000.0,Primo Securities (PVT) Ltd.,Online Securities Pvt. Ltd.,2026-04-10T12:37:10.55631
2026041004011941,API,16,34,1000,347.5,347500.0,Primo Securities (PVT) Ltd.,Vision Securities Pvt. Ltd,2026-04-10T12:38:00.249855
2026041004011952,API,45,49,300,348.0,104400.0,Imperial Securities Company Pvt. Ltd.,Online Securities Pvt. Ltd.,2026-04-10T12:38:02.990253
2026041004012014,API,70,49,350,348.0,121800.0,Infinity Securities Limited,Online Securities Pvt. Ltd.,2026-04-10T12:38:17.305651
2026041004012015,API,70,58,137,348.0,47676.0,Infinity Securities Limited,Naasa Securities Co. Ltd.,2026-04-10T12:38:17.306123
2026041004012069,API,50,10,400,347.5,139000.0,Cristal Kanchanjanga Securites Pvt. Ltd.,Pragyan Securities (PVT) Ltd.,2026-04-10T12:38:41.113068
2026041004012070,API,95,10,20,347.5,6950.0,Magnet Securities and Investment Company Private Limited,Pragyan Securities (PVT) Ltd.,2026-04-10T12:38:41.113859
2026041004012071,API,69,10,1000,347.4,347400.0,INDEX SECURITIES LIMITED,Pragyan Securities (PVT) Ltd.,2026-04-10T12:38:41.114467
2026041004012072,API,44,10,500,347.3,173650.0,Dynamic Money Managers Securities Pvt. Ltd.,Pragyan Securities (PVT) Ltd.,2026-04-10T12:38:41.115055
2026041004012073,API,33,10,1000,347.2,347200.0,Dakshinkali Investment & Securities Pvt. Ltd.,Pragyan Securities (PVT) Ltd.,2026-04-10T12:38:41.115667
2026041004012074,API,49,10,15,347.1,5206.5,Online Securities Pvt. Ltd.,Pragyan Securities (PVT) Ltd.,2026-04-10T12:38:41.116246
2026041004012075,API,74,10,500,347.1,173550.0,KALASH STOCK MARKET PVT. LTD.,Pragyan Securities (PVT) Ltd.,2026-04-10T12:38:41.116833
2026041004012076,API,58,10,28,347.1,9718.8,Naasa Securities Co. Ltd.,Pragyan Securities (PVT) Ltd.,2026-04-10T12:38:41.117423
2026041004012077,API,57,10,3000,347.1,1041300.0,Aryatara Investment & Securities,Pragyan Securities (PVT) Ltd.,2026-04-10T12:38:41.117999
2026041004012122,API,4,10,211,347.1,73238.1,Opal Securities Investment (PVT) Ltd.,Pragyan Securities (PVT) Ltd.,2026-04-10T12:39:03.678059
2026041004012187,API,58,38,20,347.0,6940.0,Naasa Securities Co. Ltd.,Dipshikha Dhitopatra Karobar Co. Pvt Ltd.,2026-04-10T12:39:18.693677
2026041004012238,API,34,14,53,347.0,18391.0,Vision Securities Pvt. Ltd,Nepal Stock House (PVT) Ltd.,2026-04-10T12:39:32.135472
2026041004012282,API,34,58,18,347.0,6246.0,Vision Securities Pvt. Ltd,Naasa Securities Co. Ltd.,2026-04-10T12:39:55.787897
2026041004012305,API,65,10,25,347.1,8677.5,Sharepro Securities Private Limited,Pragyan Securities (PVT) Ltd.,2026-04-10T12:40:19.211546
2026041004012346,API,34,28,79,347.0,27413.0,Vision Securities Pvt. Ltd,Shree Krishna Securities Ltd.,2026-04-10T12:40:50.324854
2026041004012347,API,95,28,10,347.0,3470.0,Magnet Securities and Investment Company Private Limited,Shree Krishna Securities Ltd.,2026-04-10T12:40:50.325293
2026041004012348,API,4,28,20,347.0,6940.0,Opal Securities Investment (PVT) Ltd.,Shree Krishna Securities Ltd.,2026-04-10T12:40:50.32552
2026041004012390,API,4,28,10,347.0,3470.0,Opal Securities Investment (PVT) Ltd.,Shree Krishna Securities Ltd.,2026-04-10T12:41:11.293208
2026041004012423,API,56,42,100,346.8,34680.0,Sri Hari Securities Pvt. Ltd.,Sani Securities Company Ltd.,2026-04-10T12:41:35.641179
2026041004012424,API,41,42,77,346.6,26688.2,Linch Stock Market Ltd.,Sani Securities Company Ltd.,2026-04-10T12:41:35.642029
2026041004012427,API,41,57,74,346.6,25648.4,Linch Stock Market Ltd.,Aryatara Investment & Securities,2026-04-10T12:41:37.899807
2026041004012428,API,41,57,320,346.5,110880.0,Linch Stock Market Ltd.,Aryatara Investment & Securities,2026-04-10T12:41:37.900631
2026041004012429,API,41,57,700,346.5,242550.0,Linch Stock Market Ltd.,Aryatara Investment & Securities,2026-04-10T12:41:37.901235
2026041004012430,API,44,57,406,346.5,140679.0,Dynamic Money Managers Securities Pvt. Ltd.,Aryatara Investment & Securities,2026-04-10T12:41:37.901844
2026041004012437,API,44,49,200,346.5,69300.0,Dynamic Money Managers Securities Pvt. Ltd.,Online Securities Pvt. Ltd.,2026-04-10T12:41:42.002563
2026041004012483,API,48,35,50,346.8,17340.0,Trishakti Securities Public Limited,Kohinoor Investment & Securities Pvt. Ltd.,2026-04-10T12:42:14.088369
2026041004012491,API,48,47,110,346.8,38148.0,Trishakti Securities Public Limited,Neev Securities Pvt. Ltd.,2026-04-10T12:42:21.353648
2026041004012510,API,41,28,200,347.0,69400.0,Linch Stock Market Ltd.,Shree Krishna Securities Ltd.,2026-04-10T12:42:38.170111
2026041004012529,API,25,28,40,347.0,13880.0,Sweta Securities Private Limited,Shree Krishna Securities Ltd.,2026-04-10T12:43:03.158583
2026041004012617,API,49,28,141,347.0,48927.0,Online Securities Pvt. Ltd.,Shree Krishna Securities Ltd.,2026-04-10T12:44:08.86615
2026041004012618,API,49,42,232,347.0,80504.0,Online Securities Pvt. Ltd.,Sani Securities Company Ltd.,2026-04-10T12:44:08.866635
2026041004012640,API,14,19,500,347.0,173500.0,Nepal Stock House (PVT) Ltd.,Nepal Investment And Securities Trading Private Limited,2026-04-10T12:44:19.740359
2026041004012670,API,48,58,23,346.8,7976.4,Trishakti Securities Public Limited,Naasa Securities Co. Ltd.,2026-04-10T12:44:48.013021
2026041004012677,API,49,50,250,346.9,86725.0,Online Securities Pvt. Ltd.,Cristal Kanchanjanga Securites Pvt. Ltd.,2026-04-10T12:45:02.034062
2026041004012706,API,49,64,301,347.1,104477.1,Online Securities Pvt. Ltd.,SUN SECURITIES PVT LTD,2026-04-10T12:45:28.989253
2026041004012887,API,57,46,200,347.0,69400.0,Aryatara Investment & Securities,Kalika Securities Pvt. Ltd.,2026-04-10T12:48:12.41726
2026041004012888,API,48,46,17,346.8,5895.6,Trishakti Securities Public Limited,Kalika Securities Pvt. Ltd.,2026-04-10T12:48:12.417782
2026041004012889,API,25,46,250,346.8,86700.0,Sweta Securities Private Limited,Kalika Securities Pvt. Ltd.,2026-04-10T12:48:12.418155
2026041004012958,API,25,46,33,346.8,11444.4,Sweta Securities Private Limited,Kalika Securities Pvt. Ltd.,2026-04-10T12:49:09.749201
2026041004013085,API,67,41,2000,347.0,694000.0,Property Wiard Limited,Linch Stock Market Ltd.,2026-04-10T12:51:01.185918
2026041004013104,API,59,45,100,346.8,34680.0,Deevyaa Securities & Stock House Pvt. Ltd,Imperial Securities Company Pvt. Ltd.,2026-04-10T12:51:42.683545
2026041004013127,API,58,45,530,346.8,183804.0,Naasa Securities Co. Ltd.,Imperial Securities Company Pvt. Ltd.,2026-04-10T12:52:21.853973
2026041004013182,API,34,14,28,347.5,9730.0,Vision Securities Pvt. Ltd,Nepal Stock House (PVT) Ltd.,2026-04-10T12:53:10.793041
2026041004013190,API,34,35,25,347.0,8675.0,Vision Securities Pvt. Ltd,Kohinoor Investment & Securities Pvt. Ltd.,2026-04-10T12:53:25.629346
2026041004013285,API,34,26,52,347.0,18044.0,Vision Securities Pvt. Ltd,Asian Securities Private Ltd.,2026-04-10T12:55:02.382161
2026041004013399,API,19,6,300,347.1,104130.0,Nepal Investment And Securities Trading Private Limited,Agrawal Securities (PVT) Ltd.,2026-04-10T12:56:37.566097
2026041004013410,API,19,13,160,347.1,55536.0,Nepal Investment And Securities Trading Private Limited,Thrive Brokerage House Pvt. Ltd,2026-04-10T12:56:58.257024
2026041004013419,API,45,14,50,347.5,17375.0,Imperial Securities Company Pvt. Ltd.,Nepal Stock House (PVT) Ltd.,2026-04-10T12:57:04.124581
2026041004013445,API,57,14,20,347.5,6950.0,Aryatara Investment & Securities,Nepal Stock House (PVT) Ltd.,2026-04-10T12:57:57.590729
2026041004013469,API,57,14,202,347.5,70195.0,Aryatara Investment & Securities,Nepal Stock House (PVT) Ltd.,2026-04-10T12:58:22.686004
2026041004013492,API,14,32,100,347.8,34780.0,Nepal Stock House (PVT) Ltd.,Premier Securities Company Ltd.,2026-04-10T12:58:37.173098
2026041004013506,API,58,32,75,347.8,26085.0,Naasa Securities Co. Ltd.,Premier Securities Company Ltd.,2026-04-10T12:58:47.308988
2026041004013507,API,58,64,1750,347.9,608825.0,Naasa Securities Co. Ltd.,SUN SECURITIES PVT LTD,2026-04-10T12:58:47.309121
2026041004013523,API,14,64,500,347.9,173950.0,Nepal Stock House (PVT) Ltd.,SUN SECURITIES PVT LTD,2026-04-10T12:58:56.62545
2026041004013576,API,14,64,280,347.9,97412.0,Nepal Stock House (PVT) Ltd.,SUN SECURITIES PVT LTD,2026-04-10T12:59:27.93123
2026041004013587,API,57,64,169,347.9,58795.1,Aryatara Investment & Securities,SUN SECURITIES PVT LTD,2026-04-10T12:59:39.102999
2026041004013596,API,66,58,1000,348.0,348000.0,Miyo Securities Pvt Ltd,Naasa Securities Co. Ltd.,2026-04-10T12:59:48.743728
2026041004013599,API,58,58,100,348.0,34800.0,Naasa Securities Co. Ltd.,Naasa Securities Co. Ltd.,2026-04-10T12:59:50.691981
2026041004013625,API,6,58,863,348.0,300324.0,Agrawal Securities (PVT) Ltd.,Naasa Securities Co. Ltd.,2026-04-10T13:00:11.949387
2026041004013626,API,6,57,200,348.0,69600.0,Agrawal Securities (PVT) Ltd.,Aryatara Investment & Securities,2026-04-10T13:00:11.950345
2026041004013642,API,14,38,100,348.5,34850.0,Nepal Stock House (PVT) Ltd.,Dipshikha Dhitopatra Karobar Co. Pvt Ltd.,2026-04-10T13:00:27.985575
2026041004013650,API,58,29,230,348.5,80155.0,Naasa Securities Co. Ltd.,Trisul Securities & Invt. Ltd.,2026-04-10T13:00:41.289061
2026041004013666,API,57,29,270,348.5,94095.0,Aryatara Investment & Securities,Trisul Securities & Invt. Ltd.,2026-04-10T13:00:57.462906
2026041004013669,API,95,17,275,348.9,95947.5,Magnet Securities and Investment Company Private Limited,ABC Securities Private Limited,2026-04-10T13:01:04.147441
2026041004013685,API,45,17,50,348.9,17445.0,Imperial Securities Company Pvt. Ltd.,ABC Securities Private Limited,2026-04-10T13:01:17.047102
2026041004013707,API,6,17,637,348.9,222249.3,Agrawal Securities (PVT) Ltd.,ABC Securities Private Limited,2026-04-10T13:01:35.285218
2026041004013724,API,16,17,30,348.9,10467.0,Primo Securities (PVT) Ltd.,ABC Securities Private Limited,2026-04-10T13:02:20.299265
2026041004013729,API,34,11,100,348.1,34810.0,Vision Securities Pvt. Ltd,Malla & Malla Stock Broking Company Pvt. Limited,2026-04-10T13:02:23.538109
2026041004013730,API,4,11,140,348.0,48720.0,Opal Securities Investment (PVT) Ltd.,Malla & Malla Stock Broking Company Pvt. Limited,2026-04-10T13:02:23.539129
2026041004013731,API,57,11,347,348.0,120756.0,Aryatara Investment & Securities,Malla & Malla Stock Broking Company Pvt. Limited,2026-04-10T13:02:23.539863
2026041004013788,API,68,32,100,348.9,34890.0,Elite Stock House Limited,Premier Securities Company Ltd.,2026-04-10T13:03:28.695696
2026041004013789,API,57,50,716,348.0,249168.0,Aryatara Investment & Securities,Cristal Kanchanjanga Securites Pvt. Ltd.,2026-04-10T13:03:32.366293
2026041004013790,API,40,50,100,348.0,34800.0,Creative Securities Pvt Ltd,Cristal Kanchanjanga Securites Pvt. Ltd.,2026-04-10T13:03:32.366784
2026041004013791,API,56,50,200,348.0,69600.0,Sri Hari Securities Pvt. Ltd.,Cristal Kanchanjanga Securites Pvt. Ltd.,2026-04-10T13:03:32.367004
2026041004013792,API,58,50,100,348.0,34800.0,Naasa Securities Co. Ltd.,Cristal Kanchanjanga Securites Pvt. Ltd.,2026-04-10T13:03:32.367218
2026041004013793,API,66,50,500,348.0,174000.0,Miyo Securities Pvt Ltd,Cristal Kanchanjanga Securites Pvt. Ltd.,2026-04-10T13:03:32.367437
2026041004013794,API,35,50,100,348.0,34800.0,Kohinoor Investment & Securities Pvt. Ltd.,Cristal Kanchanjanga Securites Pvt. Ltd.,2026-04-10T13:03:32.36765
2026041004013850,API,56,74,200,348.0,69600.0,Sri Hari Securities Pvt. Ltd.,KALASH STOCK MARKET PVT. LTD.,2026-04-10T13:04:45.564506
2026041004013861,API,45,50,284,348.8,99059.2,Imperial Securities Company Pvt. Ltd.,Cristal Kanchanjanga Securites Pvt. Ltd.,2026-04-10T13:04:51.460208
2026041004013862,API,45,74,100,348.9,34890.0,Imperial Securities Company Pvt. Ltd.,KALASH STOCK MARKET PVT. LTD.,2026-04-10T13:04:51.460695
2026041004013863,API,45,43,116,349.9,40588.4,Imperial Securities Company Pvt. Ltd.,South Asian Bulls Pvt. Ltd.,2026-04-10T13:04:51.460973
2026041004013934,API,56,42,29,348.0,10092.0,Sri Hari Securities Pvt. Ltd.,Sani Securities Company Ltd.,2026-04-10T13:06:30.728677
2026041004013935,API,19,42,221,348.0,76908.0,Nepal Investment And Securities Trading Private Limited,Sani Securities Company Ltd.,2026-04-10T13:06:30.729203
2026041004013946,API,19,74,50,348.0,17400.0,Nepal Investment And Securities Trading Private Limited,KALASH STOCK MARKET PVT. LTD.,2026-04-10T13:06:40.124682
2026041004014065,API,25,48,57,348.1,19841.7,Sweta Securities Private Limited,Trishakti Securities Public Limited,2026-04-10T13:08:59.597957
2026041004014066,API,16,48,943,348.1,328258.3,Primo Securities (PVT) Ltd.,Trishakti Securities Public Limited,2026-04-10T13:08:59.598073
2026041004014094,API,83,58,100,348.2,34820.0,Sanima Securities Limited,Naasa Securities Co. Ltd.,2026-04-10T13:09:36.395728
2026041004014105,API,34,49,100,349.8,34980.0,Vision Securities Pvt. Ltd,Online Securities Pvt. Ltd.,2026-04-10T13:09:49.22723
2026041004014198,API,7,22,10,349.0,3490.0,J.F. Securites (PVT) Ltd.,Siprabi Securities Pvt. Ltd.,2026-04-10T13:11:23.774438
2026041004014220,API,32,25,14,349.7,4895.8,Premier Securities Company Ltd.,Sweta Securities Private Limited,2026-04-10T13:11:53.504573
2026041004014221,API,32,49,11,349.8,3847.8,Premier Securities Company Ltd.,Online Securities Pvt. Ltd.,2026-04-10T13:11:53.504691
2026041004014241,API,7,72,15,349.0,5235.0,J.F. Securites (PVT) Ltd.,Hatemalo Financial Services Private Limited,2026-04-10T13:12:11.715756
2026041004014242,API,58,72,15,349.0,5235.0,Naasa Securities Co. Ltd.,Hatemalo Financial Services Private Limited,2026-04-10T13:12:11.716771
2026041004014299,API,32,58,43,348.4,14981.2,Premier Securities Company Ltd.,Naasa Securities Co. Ltd.,2026-04-10T13:13:09.440118
2026041004014300,API,32,49,57,348.4,19858.8,Premier Securities Company Ltd.,Online Securities Pvt. Ltd.,2026-04-10T13:13:12.278152
2026041004014322,API,45,49,41,348.4,14284.4,Imperial Securities Company Pvt. Ltd.,Online Securities Pvt. Ltd.,2026-04-10T13:13:33.003836
2026041004014349,API,32,72,10,349.0,3490.0,Premier Securities Company Ltd.,Hatemalo Financial Services Private Limited,2026-04-10T13:13:54.699787
2026041004014375,API,58,72,100,349.0,34900.0,Naasa Securities Co. Ltd.,Hatemalo Financial Services Private Limited,2026-04-10T13:14:22.328639
2026041004014429,API,32,71,10,348.9,3489.0,Premier Securities Company Ltd.,SHUBHAKAMANA SECURITIES PVT. LTD,2026-04-10T13:15:10.485696
2026041004014440,API,45,54,76,348.4,26478.4,Imperial Securities Company Pvt. Ltd.,Sewa Securities Pvt. Ltd.,2026-04-10T13:15:18.474749
2026041004014442,API,45,35,33,348.4,11497.2,Imperial Securities Company Pvt. Ltd.,Kohinoor Investment & Securities Pvt. Ltd.,2026-04-10T13:15:21.768673
2026041004014615,API,57,35,10,348.4,3484.0,Aryatara Investment & Securities,Kohinoor Investment & Securities Pvt. Ltd.,2026-04-10T13:18:08.263016
2026041004014622,API,4,42,100,348.5,34850.0,Opal Securities Investment (PVT) Ltd.,Sani Securities Company Ltd.,2026-04-10T13:18:20.515279
2026041004014628,API,32,42,11,348.5,3833.5,Premier Securities Company Ltd.,Sani Securities Company Ltd.,2026-04-10T13:18:24.143653
2026041004014640,API,66,92,500,348.3,174150.0,Miyo Securities Pvt Ltd,Roadshow securities limited,2026-04-10T13:18:45.486903
2026041004014661,API,58,42,50,348.5,17425.0,Naasa Securities Co. Ltd.,Sani Securities Company Ltd.,2026-04-10T13:19:21.451471
2026041004014664,API,65,94,50,348.3,17415.0,Sharepro Securities Private Limited,K.B.L. Securities Limited ,2026-04-10T13:19:24.100306
2026041004014665,API,57,94,2950,348.3,1027485.0,Aryatara Investment & Securities,K.B.L. Securities Limited ,2026-04-10T13:19:24.100444
2026041004014666,API,45,42,22,348.5,7667.0,Imperial Securities Company Pvt. Ltd.,Sani Securities Company Ltd.,2026-04-10T13:19:25.651428
2026041004014668,API,57,36,50,348.3,17415.0,Aryatara Investment & Securities,Secured Securities Ltd.,2026-04-10T13:19:31.938159
2026041004014669,API,58,36,100,348.3,34830.0,Naasa Securities Co. Ltd.,Secured Securities Ltd.,2026-04-10T13:19:31.939208
2026041004014670,API,83,36,400,348.2,139280.0,Sanima Securities Limited,Secured Securities Ltd.,2026-04-10T13:19:31.939961
2026041004014671,API,45,36,200,348.1,69620.0,Imperial Securities Company Pvt. Ltd.,Secured Securities Ltd.,2026-04-10T13:19:31.940694
2026041004014672,API,75,36,100,348.1,34810.0,N.I.M.B. Stock Markets Limited,Secured Securities Ltd.,2026-04-10T13:19:31.941436
2026041004014673,API,49,36,150,348.1,52215.0,Online Securities Pvt. Ltd.,Secured Securities Ltd.,2026-04-10T13:19:31.942165
2026041004014681,API,5,42,1000,348.5,348500.0,Market Securities & Exchange (PVT) Ltd.,Sani Securities Company Ltd.,2026-04-10T13:19:45.181455
2026041004014702,API,45,42,100,348.5,34850.0,Imperial Securities Company Pvt. Ltd.,Sani Securities Company Ltd.,2026-04-10T13:19:52.381865
2026041004014748,API,36,42,20,348.2,6964.0,Secured Securities Ltd.,Sani Securities Company Ltd.,2026-04-10T13:20:19.19063
2026041004014781,API,57,42,1400,348.5,487900.0,Aryatara Investment & Securities,Sani Securities Company Ltd.,2026-04-10T13:20:42.527058
2026041004014824,API,44,42,317,348.5,110474.5,Dynamic Money Managers Securities Pvt. Ltd.,Sani Securities Company Ltd.,2026-04-10T13:21:11.511395
2026041004014825,API,44,57,20,348.5,6970.0,Dynamic Money Managers Securities Pvt. Ltd.,Aryatara Investment & Securities,2026-04-10T13:21:11.512416
2026041004014913,API,49,28,1000,348.9,348900.0,Online Securities Pvt. Ltd.,Shree Krishna Securities Ltd.,2026-04-10T13:21:51.898473
2026041004014914,API,49,72,860,349.0,300140.0,Online Securities Pvt. Ltd.,Hatemalo Financial Services Private Limited,2026-04-10T13:21:51.899559
2026041004014915,API,49,72,1000,349.0,349000.0,Online Securities Pvt. Ltd.,Hatemalo Financial Services Private Limited,2026-04-10T13:21:51.900379
2026041004014916,API,49,72,1000,349.0,349000.0,Online Securities Pvt. Ltd.,Hatemalo Financial Services Private Limited,2026-04-10T13:21:51.901136
2026041004014917,API,49,72,1000,349.0,349000.0,Online Securities Pvt. Ltd.,Hatemalo Financial Services Private Limited,2026-04-10T13:21:51.901897
2026041004014918,API,49,72,140,349.0,48860.0,Online Securities Pvt. Ltd.,Hatemalo Financial Services Private Limited,2026-04-10T13:21:51.902697
2026041004014961,API,52,72,860,349.0,300140.0,Sundhara Securities Limited,Hatemalo Financial Services Private Limited,2026-04-10T13:22:37.811843
2026041004014962,API,52,72,1000,349.0,349000.0,Sundhara Securities Limited,Hatemalo Financial Services Private Limited,2026-04-10T13:22:37.812948
2026041004014963,API,52,45,1000,349.8,349800.0,Sundhara Securities Limited,Imperial Securities Company Pvt. Ltd.,2026-04-10T13:22:37.813832
2026041004014964,API,52,25,2000,349.8,699600.0,Sundhara Securities Limited,Sweta Securities Private Limited,2026-04-10T13:22:37.814672
2026041004014965,API,52,43,140,349.9,48986.0,Sundhara Securities Limited,South Asian Bulls Pvt. Ltd.,2026-04-10T13:22:37.815568
2026041004014966,API,57,78,90,348.6,31374.0,Aryatara Investment & Securities,Garima Securities Limited,2026-04-10T13:22:37.897409
2026041004014967,API,67,78,100,348.5,34850.0,Property Wiard Limited,Garima Securities Limited,2026-04-10T13:22:37.897721
2026041004014968,API,75,78,304,348.5,105944.0,N.I.M.B. Stock Markets Limited,Garima Securities Limited,2026-04-10T13:22:37.897982
2026041004014969,API,5,78,200,348.4,69680.0,Market Securities & Exchange (PVT) Ltd.,Garima Securities Limited,2026-04-10T13:22:37.898239
2026041004014970,API,49,78,1146,348.3,399151.8,Online Securities Pvt. Ltd.,Garima Securities Limited,2026-04-10T13:22:37.898494
2026041004014981,API,26,43,744,349.9,260325.6,Asian Securities Private Ltd.,South Asian Bulls Pvt. Ltd.,2026-04-10T13:22:47.718337
2026041004014982,API,26,71,2990,349.9,1046201.0,Asian Securities Private Ltd.,SHUBHAKAMANA SECURITIES PVT. LTD,2026-04-10T13:22:47.718891
2026041004014983,API,26,35,250,350.0,87500.0,Asian Securities Private Ltd.,Kohinoor Investment & Securities Pvt. Ltd.,2026-04-10T13:22:47.719127
2026041004014984,API,26,41,100,350.0,35000.0,Asian Securities Private Ltd.,Linch Stock Market Ltd.,2026-04-10T13:22:47.719396
2026041004014985,API,26,42,500,350.0,175000.0,Asian Securities Private Ltd.,Sani Securities Company Ltd.,2026-04-10T13:22:47.719625
2026041004014986,API,26,75,10,350.0,3500.0,Asian Securities Private Ltd.,N.I.M.B. Stock Markets Limited,2026-04-10T13:22:47.71985
2026041004014987,API,26,48,4000,350.0,1400000.0,Asian Securities Private Ltd.,Trishakti Securities Public Limited,2026-04-10T13:22:47.720185
2026041004014988,API,26,58,29,350.0,10150.0,Asian Securities Private Ltd.,Naasa Securities Co. Ltd.,2026-04-10T13:22:47.720508
2026041004014989,API,26,4,10,350.0,3500.0,Asian Securities Private Ltd.,Opal Securities Investment (PVT) Ltd.,2026-04-10T13:22:47.720736
2026041004014990,API,26,29,500,350.0,175000.0,Asian Securities Private Ltd.,Trisul Securities & Invt. Ltd.,2026-04-10T13:22:47.720964
2026041004014991,API,26,4,16,350.0,5600.0,Asian Securities Private Ltd.,Opal Securities Investment (PVT) Ltd.,2026-04-10T13:22:47.721186
2026041004014992,API,26,22,100,350.0,35000.0,Asian Securities Private Ltd.,Siprabi Securities Pvt. Ltd.,2026-04-10T13:22:47.721414
2026041004014993,API,26,45,300,350.0,105000.0,Asian Securities Private Ltd.,Imperial Securities Company Pvt. Ltd.,2026-04-10T13:22:47.72164
2026041004014994,API,26,50,20,350.0,7000.0,Asian Securities Private Ltd.,Cristal Kanchanjanga Securites Pvt. Ltd.,2026-04-10T13:22:47.72186
2026041004014995,API,26,44,350,350.0,122500.0,Asian Securities Private Ltd.,Dynamic Money Managers Securities Pvt. Ltd.,2026-04-10T13:22:47.722076
2026041004014996,API,26,17,56,350.0,19600.0,Asian Securities Private Ltd.,ABC Securities Private Limited,2026-04-10T13:22:47.722291
2026041004014997,API,26,35,135,350.0,47250.0,Asian Securities Private Ltd.,Kohinoor Investment & Securities Pvt. Ltd.,2026-04-10T13:22:47.722581
2026041004014998,API,26,58,10,350.0,3500.0,Asian Securities Private Ltd.,Naasa Securities Co. Ltd.,2026-04-10T13:22:47.722935
2026041004014999,API,26,50,100,350.0,35000.0,Asian Securities Private Ltd.,Cristal Kanchanjanga Securites Pvt. Ltd.,2026-04-10T13:22:47.723289
2026041004015000,API,26,11,50,350.0,17500.0,Asian Securities Private Ltd.,Malla & Malla Stock Broking Company Pvt. Limited,2026-04-10T13:22:47.723646
2026041004015001,API,26,66,4730,350.0,1655500.0,Asian Securities Private Ltd.,Miyo Securities Pvt Ltd,2026-04-10T13:22:47.724004
2026041004015104,API,46,66,45,350.0,15750.0,Kalika Securities Pvt. Ltd.,Miyo Securities Pvt Ltd,2026-04-10T13:23:44.961711
2026041004015166,API,38,74,100,349.9,34990.0,Dipshikha Dhitopatra Karobar Co. Pvt Ltd.,KALASH STOCK MARKET PVT. LTD.,2026-04-10T13:24:29.892838
2026041004015167,API,38,58,100,349.9,34990.0,Dipshikha Dhitopatra Karobar Co. Pvt Ltd.,Naasa Securities Co. Ltd.,2026-04-10T13:24:29.893806
2026041004015199,API,1,6,4,346.0,1384.0,Kumari Securities Private Limited,Agrawal Securities (PVT) Ltd.,2026-04-10T13:24:56.314147
2026041004015288,API,42,66,1125,350.0,393750.0,Sani Securities Company Ltd.,Miyo Securities Pvt Ltd,2026-04-10T13:25:55.83721
2026041004015289,API,42,66,1375,350.0,481250.0,Sani Securities Company Ltd.,Miyo Securities Pvt Ltd,2026-04-10T13:25:55.837664
2026041004015296,API,91,66,2000,350.0,700000.0,Citizens Share Broker Limited,Miyo Securities Pvt Ltd,2026-04-10T13:26:02.666549
2026041004015331,API,42,66,500,350.0,175000.0,Sani Securities Company Ltd.,Miyo Securities Pvt Ltd,2026-04-10T13:26:23.174797
2026041004015374,API,42,57,30,349.9,10497.0,Sani Securities Company Ltd.,Aryatara Investment & Securities,2026-04-10T13:26:46.169863
2026041004015375,API,42,66,470,350.0,164500.0,Sani Securities Company Ltd.,Miyo Securities Pvt Ltd,2026-04-10T13:26:46.170333
2026041004015457,API,91,66,1155,350.0,404250.0,Citizens Share Broker Limited,Miyo Securities Pvt Ltd,2026-04-10T13:27:36.737456
2026041004015458,API,91,57,845,350.0,295750.0,Citizens Share Broker Limited,Aryatara Investment & Securities,2026-04-10T13:27:36.738557
2026041004015477,API,45,57,155,350.0,54250.0,Imperial Securities Company Pvt. Ltd.,Aryatara Investment & Securities,2026-04-10T13:27:56.120863
2026041004015478,API,45,41,115,350.0,40250.0,Imperial Securities Company Pvt. Ltd.,Linch Stock Market Ltd.,2026-04-10T13:27:56.121957
2026041004015479,API,45,66,430,350.0,150500.0,Imperial Securities Company Pvt. Ltd.,Miyo Securities Pvt Ltd,2026-04-10T13:27:56.123079
2026041004015482,API,91,66,500,350.0,175000.0,Citizens Share Broker Limited,Miyo Securities Pvt Ltd,2026-04-10T13:28:02.009025
2026041004015508,API,58,66,70,350.0,24500.0,Naasa Securities Co. Ltd.,Miyo Securities Pvt Ltd,2026-04-10T13:28:25.705451
2026041004015509,API,58,22,130,350.0,45500.0,Naasa Securities Co. Ltd.,Siprabi Securities Pvt. Ltd.,2026-04-10T13:28:25.706571
2026041004015554,API,57,22,220,350.0,77000.0,Aryatara Investment & Securities,Siprabi Securities Pvt. Ltd.,2026-04-10T13:29:10.523692
2026041004015555,API,57,14,25,350.0,8750.0,Aryatara Investment & Securities,Nepal Stock House (PVT) Ltd.,2026-04-10T13:29:10.524227
2026041004015593,API,6,50,100,350.2,35020.0,Agrawal Securities (PVT) Ltd.,Cristal Kanchanjanga Securites Pvt. Ltd.,2026-04-10T13:29:35.574079
2026041004015630,API,66,50,160,350.2,56032.0,Miyo Securities Pvt Ltd,Cristal Kanchanjanga Securites Pvt. Ltd.,2026-04-10T13:29:49.123926
2026041004015754,API,44,59,250,350.3,87575.0,Dynamic Money Managers Securities Pvt. Ltd.,Deevyaa Securities & Stock House Pvt. Ltd,2026-04-10T13:31:28.598201
2026041004015755,API,74,49,105,351.0,36855.0,KALASH STOCK MARKET PVT. LTD.,Online Securities Pvt. Ltd.,2026-04-10T13:31:31.937579
2026041004015756,API,74,67,104,351.0,36504.0,KALASH STOCK MARKET PVT. LTD.,Property Wiard Limited,2026-04-10T13:31:31.938669
2026041004015757,API,74,49,46,351.0,16146.0,KALASH STOCK MARKET PVT. LTD.,Online Securities Pvt. Ltd.,2026-04-10T13:31:31.939452
2026041004015758,API,74,11,50,351.0,17550.0,KALASH STOCK MARKET PVT. LTD.,Malla & Malla Stock Broking Company Pvt. Limited,2026-04-10T13:31:31.940254
2026041004015759,API,74,42,105,351.0,36855.0,KALASH STOCK MARKET PVT. LTD.,Sani Securities Company Ltd.,2026-04-10T13:31:31.941015
2026041004015760,API,74,57,290,351.0,101790.0,KALASH STOCK MARKET PVT. LTD.,Aryatara Investment & Securities,2026-04-10T13:31:31.941795
2026041004015850,API,53,57,210,351.0,73710.0,Investment Management Nepal Pvt. Ltd.,Aryatara Investment & Securities,2026-04-10T13:32:21.508932
2026041004015851,API,53,58,290,351.0,101790.0,Investment Management Nepal Pvt. Ltd.,Naasa Securities Co. Ltd.,2026-04-10T13:32:21.50949
2026041004015895,API,74,36,350,350.4,122640.0,KALASH STOCK MARKET PVT. LTD.,Secured Securities Ltd.,2026-04-10T13:32:42.310644
2026041004015896,API,44,36,950,350.3,332785.0,Dynamic Money Managers Securities Pvt. Ltd.,Secured Securities Ltd.,2026-04-10T13:32:42.310756
2026041004015978,API,44,50,100,350.3,35030.0,Dynamic Money Managers Securities Pvt. Ltd.,Cristal Kanchanjanga Securites Pvt. Ltd.,2026-04-10T13:33:26.12581
2026041004016029,API,45,45,1000,350.9,350900.0,Imperial Securities Company Pvt. Ltd.,Imperial Securities Company Pvt. Ltd.,2026-04-10T13:34:13.780834
2026041004016091,API,17,44,10,350.9,3509.0,ABC Securities Private Limited,Dynamic Money Managers Securities Pvt. Ltd.,2026-04-10T13:35:13.636017
2026041004016092,API,44,40,1000,350.3,350300.0,Dynamic Money Managers Securities Pvt. Ltd.,Creative Securities Pvt Ltd,2026-04-10T13:35:13.648529
2026041004016101,API,26,44,290,350.9,101761.0,Asian Securities Private Ltd.,Dynamic Money Managers Securities Pvt. Ltd.,2026-04-10T13:35:20.035986
2026041004016102,API,26,32,260,350.9,91234.0,Asian Securities Private Ltd.,Premier Securities Company Ltd.,2026-04-10T13:35:20.037067
2026041004016103,API,26,58,40,351.0,14040.0,Asian Securities Private Ltd.,Naasa Securities Co. Ltd.,2026-04-10T13:35:20.037975
2026041004016104,API,26,14,900,351.0,315900.0,Asian Securities Private Ltd.,Nepal Stock House (PVT) Ltd.,2026-04-10T13:35:20.038793
2026041004016105,API,26,34,171,351.0,60021.0,Asian Securities Private Ltd.,Vision Securities Pvt. Ltd,2026-04-10T13:35:20.039699
2026041004016106,API,26,66,239,351.0,83889.0,Asian Securities Private Ltd.,Miyo Securities Pvt Ltd,2026-04-10T13:35:20.040523
2026041004016137,API,26,66,11761,351.0,4128111.0,Asian Securities Private Ltd.,Miyo Securities Pvt Ltd,2026-04-10T13:35:42.610117
2026041004016138,API,26,66,239,351.0,83889.0,Asian Securities Private Ltd.,Miyo Securities Pvt Ltd,2026-04-10T13:35:42.611087
