contract_id,symbol,buyer_member_id,seller_member_id,volume,price,amount,buyer_broker,seller_broker,transaction_time
2026041004000895,BPCL,48,49,50,715.0,35750.0,Trishakti Securities Public Limited,Online Securities Pvt. Ltd.,2026-04-10T11:10:25.305718
2026041004002004,BPCL,19,49,50,709.0,35450.0,Nepal Investment And Securities Trading Private Limited,Online Securities Pvt. Ltd.,2026-04-10T11:19:06.364377
2026041004002221,BPCL,19,63,100,709.0,70900.0,Nepal Investment And Securities Trading Private Limited,Himalayan Brokerage Company Limited,2026-04-10T11:20:43.809582
2026041004002222,BPCL,62,63,10,709.0,7090.0,Capital Max Securities Ltd,Himalayan Brokerage Company Limited,2026-04-10T11:20:43.809677
2026041004002223,BPCL,58,63,10,709.0,7090.0,Naasa Securities Co. Ltd.,Himalayan Brokerage Company Limited,2026-04-10T11:20:43.809728
2026041004002235,BPCL,65,63,25,709.0,17725.0,Sharepro Securities Private Limited,Himalayan Brokerage Company Limited,2026-04-10T11:20:51.368436
2026041004002319,BPCL,19,63,10,708.2,7082.0,Nepal Investment And Securities Trading Private Limited,Himalayan Brokerage Company Limited,2026-04-10T11:21:11.190098
2026041004002320,BPCL,48,63,345,708.0,244260.0,Trishakti Securities Public Limited,Himalayan Brokerage Company Limited,2026-04-10T11:21:11.190206
2026041004002811,BPCL,48,38,155,708.0,109740.0,Trishakti Securities Public Limited,Dipshikha Dhitopatra Karobar Co. Pvt Ltd.,2026-04-10T11:24:34.800168
2026041004002815,BPCL,58,17,50,707.0,35350.0,Naasa Securities Co. Ltd.,ABC Securities Private Limited,2026-04-10T11:24:36.331165
2026041004002816,BPCL,19,17,40,706.0,28240.0,Nepal Investment And Securities Trading Private Limited,ABC Securities Private Limited,2026-04-10T11:24:36.331207
2026041004002817,BPCL,48,17,10,705.4,7054.0,Trishakti Securities Public Limited,ABC Securities Private Limited,2026-04-10T11:24:36.331237
2026041004002851,BPCL,48,17,50,705.4,35270.0,Trishakti Securities Public Limited,ABC Securities Private Limited,2026-04-10T11:24:44.826648
2026041004003131,BPCL,46,38,45,708.0,31860.0,Kalika Securities Pvt. Ltd.,Dipshikha Dhitopatra Karobar Co. Pvt Ltd.,2026-04-10T11:26:55.012081
2026041004003455,BPCL,46,21,19,708.0,13452.0,Kalika Securities Pvt. Ltd.,Midas Stock Broking Company Private Limited,2026-04-10T11:29:28.86928
2026041004003456,BPCL,48,21,121,708.0,85668.0,Trishakti Securities Public Limited,Midas Stock Broking Company Private Limited,2026-04-10T11:29:28.869373
2026041004003912,BPCL,56,57,30,710.0,21300.0,Sri Hari Securities Pvt. Ltd.,Aryatara Investment & Securities,2026-04-10T11:32:35.333
2026041004003913,BPCL,56,38,50,711.0,35550.0,Sri Hari Securities Pvt. Ltd.,Dipshikha Dhitopatra Karobar Co. Pvt Ltd.,2026-04-10T11:32:35.333
2026041004003914,BPCL,56,57,400,712.0,284800.0,Sri Hari Securities Pvt. Ltd.,Aryatara Investment & Securities,2026-04-10T11:32:35.333
2026041004003915,BPCL,56,14,10,715.0,7150.0,Sri Hari Securities Pvt. Ltd.,Nepal Stock House (PVT) Ltd.,2026-04-10T11:32:35.333
2026041004003916,BPCL,56,22,50,715.0,35750.0,Sri Hari Securities Pvt. Ltd.,Siprabi Securities Pvt. Ltd.,2026-04-10T11:32:35.333
2026041004003917,BPCL,56,8,34,715.0,24310.0,Sri Hari Securities Pvt. Ltd.,Brilliant Securities Pvt. Ltd.,2026-04-10T11:32:35.333
2026041004003918,BPCL,56,45,10,715.0,7150.0,Sri Hari Securities Pvt. Ltd.,Imperial Securities Company Pvt. Ltd.,2026-04-10T11:32:35.333
2026041004003936,BPCL,56,19,16,716.0,11456.0,Sri Hari Securities Pvt. Ltd.,Nepal Investment And Securities Trading Private Limited,2026-04-10T11:32:44.424
2026041004004161,BPCL,48,90,35,715.0,25025.0,Trishakti Securities Public Limited,Sajilo Broker Limited,2026-04-10T11:34:28.93928
2026041004004350,BPCL,56,77,200,710.0,142000.0,Sri Hari Securities Pvt. Ltd.,Nabil Stock Dealer Ltd.,2026-04-10T11:36:01.421
2026041004004921,BPCL,58,77,300,710.1,213030.0,Naasa Securities Co. Ltd.,Nabil Stock Dealer Ltd.,2026-04-10T11:40:57.968
2026041004005744,BPCL,58,22,5,700.0,3500.0,Naasa Securities Co. Ltd.,Siprabi Securities Pvt. Ltd.,2026-04-10T11:50:26.849
2026041004005968,BPCL,48,44,200,711.3,142260.0,Trishakti Securities Public Limited,Dynamic Money Managers Securities Pvt. Ltd.,2026-04-10T11:53:09.05
2026041004006498,BPCL,32,17,10,714.9,7149.0,Premier Securities Company Ltd.,ABC Securities Private Limited,2026-04-10T12:00:09.554
2026041004006522,BPCL,48,17,40,712.1,28484.0,Trishakti Securities Public Limited,ABC Securities Private Limited,2026-04-10T12:00:27.508
2026041004006592,BPCL,32,90,10,715.0,7150.0,Premier Securities Company Ltd.,Sajilo Broker Limited,2026-04-10T12:01:19.814
2026041004006653,BPCL,95,90,55,715.0,39325.0,Magnet Securities and Investment Company Private Limited,Sajilo Broker Limited,2026-04-10T12:01:55.283
2026041004006654,BPCL,95,57,100,715.0,71500.0,Magnet Securities and Investment Company Private Limited,Aryatara Investment & Securities,2026-04-10T12:01:55.283
2026041004006655,BPCL,95,11,50,715.0,35750.0,Magnet Securities and Investment Company Private Limited,Malla & Malla Stock Broking Company Pvt. Limited,2026-04-10T12:01:55.283
2026041004006656,BPCL,95,91,50,715.0,35750.0,Magnet Securities and Investment Company Private Limited,Citizens Share Broker Limited,2026-04-10T12:01:55.283
2026041004007285,BPCL,35,38,50,715.0,35750.0,Kohinoor Investment & Securities Pvt. Ltd.,Dipshikha Dhitopatra Karobar Co. Pvt Ltd.,2026-04-10T12:08:03.015505
2026041004007476,BPCL,14,38,30,715.5,21465.0,Nepal Stock House (PVT) Ltd.,Dipshikha Dhitopatra Karobar Co. Pvt Ltd.,2026-04-10T12:09:38.447891
2026041004007602,BPCL,95,38,70,715.5,50085.0,Magnet Securities and Investment Company Private Limited,Dipshikha Dhitopatra Karobar Co. Pvt Ltd.,2026-04-10T12:10:28.971913
2026041004007865,BPCL,35,95,40,715.0,28600.0,Kohinoor Investment & Securities Pvt. Ltd.,Magnet Securities and Investment Company Private Limited,2026-04-10T12:12:02.26148
2026041004007866,BPCL,58,95,50,715.0,35750.0,Naasa Securities Co. Ltd.,Magnet Securities and Investment Company Private Limited,2026-04-10T12:12:02.261605
2026041004007867,BPCL,47,95,160,715.0,114400.0,Neev Securities Pvt. Ltd.,Magnet Securities and Investment Company Private Limited,2026-04-10T12:12:02.261666
2026041004007868,BPCL,32,95,100,715.0,71500.0,Premier Securities Company Ltd.,Magnet Securities and Investment Company Private Limited,2026-04-10T12:12:02.261719
2026041004007884,BPCL,34,95,150,715.0,107250.0,Vision Securities Pvt. Ltd,Magnet Securities and Investment Company Private Limited,2026-04-10T12:12:08.655605
2026041004007885,BPCL,34,38,150,715.9,107385.0,Vision Securities Pvt. Ltd,Dipshikha Dhitopatra Karobar Co. Pvt Ltd.,2026-04-10T12:12:08.655738
2026041004007992,BPCL,89,54,100,713.0,71300.0,Global IME Securities Limited,Sewa Securities Pvt. Ltd.,2026-04-10T12:12:49.24836
2026041004008020,BPCL,89,38,270,713.0,192510.0,Global IME Securities Limited,Dipshikha Dhitopatra Karobar Co. Pvt Ltd.,2026-04-10T12:12:58.196584
2026041004008104,BPCL,34,46,98,713.0,69874.0,Vision Securities Pvt. Ltd,Kalika Securities Pvt. Ltd.,2026-04-10T12:13:37.647037
2026041004008105,BPCL,34,34,500,715.8,357900.0,Vision Securities Pvt. Ltd,Vision Securities Pvt. Ltd,2026-04-10T12:13:37.647172
2026041004008154,BPCL,34,38,82,715.8,58695.6,Vision Securities Pvt. Ltd,Dipshikha Dhitopatra Karobar Co. Pvt Ltd.,2026-04-10T12:13:48.231258
2026041004008190,BPCL,38,57,1,707.0,707.0,Dipshikha Dhitopatra Karobar Co. Pvt Ltd.,Aryatara Investment & Securities,2026-04-10T12:13:56.920683
2026041004008331,BPCL,48,38,240,712.6,171024.0,Trishakti Securities Public Limited,Dipshikha Dhitopatra Karobar Co. Pvt Ltd.,2026-04-10T12:14:57.870883
2026041004008332,BPCL,48,38,339,712.6,241571.4,Trishakti Securities Public Limited,Dipshikha Dhitopatra Karobar Co. Pvt Ltd.,2026-04-10T12:14:57.871067
2026041004008497,BPCL,95,48,1000,712.5,712500.0,Magnet Securities and Investment Company Private Limited,Trishakti Securities Public Limited,2026-04-10T12:15:54.849344
2026041004008513,BPCL,95,38,500,712.5,356250.0,Magnet Securities and Investment Company Private Limited,Dipshikha Dhitopatra Karobar Co. Pvt Ltd.,2026-04-10T12:16:00.794254
2026041004008593,BPCL,32,13,10,715.0,7150.0,Premier Securities Company Ltd.,Thrive Brokerage House Pvt. Ltd,2026-04-10T12:16:33.281351
2026041004009032,BPCL,95,90,500,712.5,356250.0,Magnet Securities and Investment Company Private Limited,Sajilo Broker Limited,2026-04-10T12:18:55.066411
2026041004009845,BPCL,13,77,100,710.1,71010.0,Thrive Brokerage House Pvt. Ltd,Nabil Stock Dealer Ltd.,2026-04-10T12:23:08.896786
2026041004009846,BPCL,35,77,237,710.1,168293.7,Kohinoor Investment & Securities Pvt. Ltd.,Nabil Stock Dealer Ltd.,2026-04-10T12:23:08.896941
2026041004010162,BPCL,35,44,150,710.1,106515.0,Kohinoor Investment & Securities Pvt. Ltd.,Dynamic Money Managers Securities Pvt. Ltd.,2026-04-10T12:24:52.02867
2026041004010199,BPCL,35,32,113,710.1,80241.3,Kohinoor Investment & Securities Pvt. Ltd.,Premier Securities Company Ltd.,2026-04-10T12:25:10.38024
2026041004010200,BPCL,21,32,138,710.0,97980.0,Midas Stock Broking Company Private Limited,Premier Securities Company Ltd.,2026-04-10T12:25:10.380527
2026041004010201,BPCL,60,32,1000,710.0,710000.0,Nagarik Stock Dealer ,Premier Securities Company Ltd.,2026-04-10T12:25:10.380692
2026041004010202,BPCL,59,32,168,710.0,119280.0,Deevyaa Securities & Stock House Pvt. Ltd,Premier Securities Company Ltd.,2026-04-10T12:25:10.380859
2026041004011277,BPCL,59,4,10,710.0,7100.0,Deevyaa Securities & Stock House Pvt. Ltd,Opal Securities Investment (PVT) Ltd.,2026-04-10T12:32:26.544771
2026041004011336,BPCL,32,64,10,713.0,7130.0,Premier Securities Company Ltd.,SUN SECURITIES PVT LTD,2026-04-10T12:32:57.304214
2026041004011760,BPCL,58,38,50,715.0,35750.0,Naasa Securities Co. Ltd.,Dipshikha Dhitopatra Karobar Co. Pvt Ltd.,2026-04-10T12:36:54.735451
2026041004011761,BPCL,58,43,90,715.0,64350.0,Naasa Securities Co. Ltd.,South Asian Bulls Pvt. Ltd.,2026-04-10T12:36:54.735698
2026041004011924,BPCL,67,88,20,714.5,14290.0,Property Wiard Limited,Blue Chip Securities Ltd,2026-04-10T12:37:52.93525
2026041004012096,BPCL,5,49,50,713.0,35650.0,Market Securities & Exchange (PVT) Ltd.,Online Securities Pvt. Ltd.,2026-04-10T12:38:52.205669
2026041004012485,BPCL,59,34,22,710.0,15620.0,Deevyaa Securities & Stock House Pvt. Ltd,Vision Securities Pvt. Ltd,2026-04-10T12:42:18.115418
2026041004012486,BPCL,39,34,50,710.0,35500.0,Sumeru Securities Pvt. Ltd.,Vision Securities Pvt. Ltd,2026-04-10T12:42:18.115749
2026041004012487,BPCL,48,34,2000,709.2,1418400.0,Trishakti Securities Public Limited,Vision Securities Pvt. Ltd,2026-04-10T12:42:18.115956
2026041004012488,BPCL,58,34,2928,709.2,2076537.6,Naasa Securities Co. Ltd.,Vision Securities Pvt. Ltd,2026-04-10T12:42:18.116131
2026041004012789,BPCL,62,44,90,709.0,63810.0,Capital Max Securities Ltd,Dynamic Money Managers Securities Pvt. Ltd.,2026-04-10T12:46:48.280456
2026041004012984,BPCL,32,80,10,713.0,7130.0,Premier Securities Company Ltd.,Indira securities pvt. ltd,2026-04-10T12:49:40.073977
2026041004013253,BPCL,64,46,30,709.1,21273.0,SUN SECURITIES PVT LTD,Kalika Securities Pvt. Ltd.,2026-04-10T12:54:36.292135
2026041004013348,BPCL,59,64,500,710.0,355000.0,Deevyaa Securities & Stock House Pvt. Ltd,SUN SECURITIES PVT LTD,2026-04-10T12:55:43.047821
2026041004013845,BPCL,40,74,100,711.9,71190.0,Creative Securities Pvt Ltd,KALASH STOCK MARKET PVT. LTD.,2026-04-10T13:04:37.682562
2026041004013952,BPCL,37,74,66,711.9,46985.4,Swarna Laxmi Securities Pvt. Ltd.,KALASH STOCK MARKET PVT. LTD.,2026-04-10T13:06:42.932469
2026041004014009,BPCL,58,74,16,711.9,11390.4,Naasa Securities Co. Ltd.,KALASH STOCK MARKET PVT. LTD.,2026-04-10T13:07:38.595328
2026041004014169,BPCL,75,45,60,711.0,42660.0,N.I.M.B. Stock Markets Limited,Imperial Securities Company Pvt. Ltd.,2026-04-10T13:10:42.355407
2026041004014176,BPCL,32,48,10,712.0,7120.0,Premier Securities Company Ltd.,Trishakti Securities Public Limited,2026-04-10T13:11:01.828505
2026041004014761,BPCL,38,48,490,712.0,348880.0,Dipshikha Dhitopatra Karobar Co. Pvt Ltd.,Trishakti Securities Public Limited,2026-04-10T13:20:32.022091
2026041004014762,BPCL,38,39,10,712.0,7120.0,Dipshikha Dhitopatra Karobar Co. Pvt Ltd.,Sumeru Securities Pvt. Ltd.,2026-04-10T13:20:32.022454
2026041004014844,BPCL,38,80,190,713.0,135470.0,Dipshikha Dhitopatra Karobar Co. Pvt Ltd.,Indira securities pvt. ltd,2026-04-10T13:21:24.630577
2026041004014845,BPCL,38,40,100,713.0,71300.0,Dipshikha Dhitopatra Karobar Co. Pvt Ltd.,Creative Securities Pvt Ltd,2026-04-10T13:21:24.630776
2026041004015918,BPCL,35,34,200,714.0,142800.0,Kohinoor Investment & Securities Pvt. Ltd.,Vision Securities Pvt. Ltd,2026-04-10T13:32:58.925872
2026041004015919,BPCL,35,48,500,714.0,357000.0,Kohinoor Investment & Securities Pvt. Ltd.,Trishakti Securities Public Limited,2026-04-10T13:32:58.926255
2026041004015920,BPCL,35,35,50,714.0,35700.0,Kohinoor Investment & Securities Pvt. Ltd.,Kohinoor Investment & Securities Pvt. Ltd.,2026-04-10T13:32:58.926489
2026041004016034,BPCL,35,48,250,714.0,178500.0,Kohinoor Investment & Securities Pvt. Ltd.,Trishakti Securities Public Limited,2026-04-10T13:34:16.409831
2026041004016035,BPCL,38,48,135,713.0,96255.0,Dipshikha Dhitopatra Karobar Co. Pvt Ltd.,Trishakti Securities Public Limited,2026-04-10T13:34:16.41001
2026041004016050,BPCL,57,88,500,714.5,357250.0,Aryatara Investment & Securities,Blue Chip Securities Ltd,2026-04-10T13:34:36.179339
2026041004016097,BPCL,34,43,10,714.0,7140.0,Vision Securities Pvt. Ltd,South Asian Bulls Pvt. Ltd.,2026-04-10T13:35:15.006858
2026041004016142,BPCL,35,88,1000,714.5,714500.0,Kohinoor Investment & Securities Pvt. Ltd.,Blue Chip Securities Ltd,2026-04-10T13:35:50.811385
2026041004016522,BPCL,35,88,480,714.5,342960.0,Kohinoor Investment & Securities Pvt. Ltd.,Blue Chip Securities Ltd,2026-04-10T13:39:45.325559
2026041004016523,BPCL,35,29,100,714.5,71450.0,Kohinoor Investment & Securities Pvt. Ltd.,Trisul Securities & Invt. Ltd.,2026-04-10T13:39:45.325621
2026041004016524,BPCL,35,36,420,715.0,300300.0,Kohinoor Investment & Securities Pvt. Ltd.,Secured Securities Ltd.,2026-04-10T13:39:45.325653
2026041004016706,BPCL,32,36,80,715.0,57200.0,Premier Securities Company Ltd.,Secured Securities Ltd.,2026-04-10T13:42:02.589755
2026041004016707,BPCL,32,64,20,715.0,14300.0,Premier Securities Company Ltd.,SUN SECURITIES PVT LTD,2026-04-10T13:42:02.589968
2026041004016839,BPCL,58,64,80,715.0,57200.0,Naasa Securities Co. Ltd.,SUN SECURITIES PVT LTD,2026-04-10T13:42:49.798449
2026041004016840,BPCL,58,42,10,715.0,7150.0,Naasa Securities Co. Ltd.,Sani Securities Company Ltd.,2026-04-10T13:42:49.798748
2026041004016841,BPCL,58,64,50,715.0,35750.0,Naasa Securities Co. Ltd.,SUN SECURITIES PVT LTD,2026-04-10T13:42:49.798926
2026041004016970,BPCL,53,19,100,716.0,71600.0,Investment Management Nepal Pvt. Ltd.,Nepal Investment And Securities Trading Private Limited,2026-04-10T13:43:27.773546
2026041004017181,BPCL,39,19,84,716.0,60144.0,Sumeru Securities Pvt. Ltd.,Nepal Investment And Securities Trading Private Limited,2026-04-10T13:45:26.519431
2026041004017182,BPCL,39,42,110,716.0,78760.0,Sumeru Securities Pvt. Ltd.,Sani Securities Company Ltd.,2026-04-10T13:45:26.519643
2026041004017183,BPCL,39,22,109,716.0,78044.0,Sumeru Securities Pvt. Ltd.,Siprabi Securities Pvt. Ltd.,2026-04-10T13:45:26.519717
2026041004017184,BPCL,39,28,97,716.0,69452.0,Sumeru Securities Pvt. Ltd.,Shree Krishna Securities Ltd.,2026-04-10T13:45:26.519793
2026041004017251,BPCL,75,40,200,717.0,143400.0,N.I.M.B. Stock Markets Limited,Creative Securities Pvt Ltd,2026-04-10T13:46:21.338587
2026041004017252,BPCL,75,36,200,718.0,143600.0,N.I.M.B. Stock Markets Limited,Secured Securities Ltd.,2026-04-10T13:46:21.338759
2026041004017253,BPCL,75,29,100,718.0,71800.0,N.I.M.B. Stock Markets Limited,Trisul Securities & Invt. Ltd.,2026-04-10T13:46:21.338823
2026041004017254,BPCL,75,3,15,718.0,10770.0,N.I.M.B. Stock Markets Limited,Arun Securities (PVT) Ltd.,2026-04-10T13:46:21.338886
2026041004017255,BPCL,75,29,100,718.0,71800.0,N.I.M.B. Stock Markets Limited,Trisul Securities & Invt. Ltd.,2026-04-10T13:46:21.338947
2026041004017256,BPCL,75,29,90,718.0,64620.0,N.I.M.B. Stock Markets Limited,Trisul Securities & Invt. Ltd.,2026-04-10T13:46:21.339021
2026041004017257,BPCL,75,45,10,718.8,7188.0,N.I.M.B. Stock Markets Limited,Imperial Securities Company Pvt. Ltd.,2026-04-10T13:46:21.339151
2026041004017258,BPCL,75,35,20,718.9,14378.0,N.I.M.B. Stock Markets Limited,Kohinoor Investment & Securities Pvt. Ltd.,2026-04-10T13:46:21.339247
2026041004017259,BPCL,75,32,700,719.0,503300.0,N.I.M.B. Stock Markets Limited,Premier Securities Company Ltd.,2026-04-10T13:46:21.33945
2026041004017260,BPCL,75,22,65,719.8,46787.0,N.I.M.B. Stock Markets Limited,Siprabi Securities Pvt. Ltd.,2026-04-10T13:46:21.339535
2026041004017332,BPCL,35,22,35,719.8,25193.0,Kohinoor Investment & Securities Pvt. Ltd.,Siprabi Securities Pvt. Ltd.,2026-04-10T13:47:06.943517
2026041004017333,BPCL,35,74,184,719.9,132461.6,Kohinoor Investment & Securities Pvt. Ltd.,KALASH STOCK MARKET PVT. LTD.,2026-04-10T13:47:06.943816
2026041004017334,BPCL,35,42,500,720.0,360000.0,Kohinoor Investment & Securities Pvt. Ltd.,Sani Securities Company Ltd.,2026-04-10T13:47:06.943999
2026041004017335,BPCL,35,38,20,720.0,14400.0,Kohinoor Investment & Securities Pvt. Ltd.,Dipshikha Dhitopatra Karobar Co. Pvt Ltd.,2026-04-10T13:47:06.944187
2026041004017336,BPCL,35,34,100,720.0,72000.0,Kohinoor Investment & Securities Pvt. Ltd.,Vision Securities Pvt. Ltd,2026-04-10T13:47:06.944376
2026041004017337,BPCL,35,43,12,720.0,8640.0,Kohinoor Investment & Securities Pvt. Ltd.,South Asian Bulls Pvt. Ltd.,2026-04-10T13:47:06.94455
2026041004017338,BPCL,35,11,20,720.0,14400.0,Kohinoor Investment & Securities Pvt. Ltd.,Malla & Malla Stock Broking Company Pvt. Limited,2026-04-10T13:47:06.944723
2026041004017441,BPCL,35,94,15,720.0,10800.0,Kohinoor Investment & Securities Pvt. Ltd.,K.B.L. Securities Limited ,2026-04-10T13:48:08.575878
2026041004017445,BPCL,58,11,20,721.0,14420.0,Naasa Securities Co. Ltd.,Malla & Malla Stock Broking Company Pvt. Limited,2026-04-10T13:48:10.767722
2026041004017452,BPCL,58,38,480,721.0,346080.0,Naasa Securities Co. Ltd.,Dipshikha Dhitopatra Karobar Co. Pvt Ltd.,2026-04-10T13:48:20.639319
2026041004017527,BPCL,35,43,14,720.0,10080.0,Kohinoor Investment & Securities Pvt. Ltd.,South Asian Bulls Pvt. Ltd.,2026-04-10T13:48:56.877521
2026041004017528,BPCL,88,43,36,720.0,25920.0,Blue Chip Securities Ltd,South Asian Bulls Pvt. Ltd.,2026-04-10T13:48:56.877807
2026041004017533,BPCL,75,58,10,720.9,7209.0,N.I.M.B. Stock Markets Limited,Naasa Securities Co. Ltd.,2026-04-10T13:49:05.655069
2026041004017534,BPCL,75,38,20,721.0,14420.0,N.I.M.B. Stock Markets Limited,Dipshikha Dhitopatra Karobar Co. Pvt Ltd.,2026-04-10T13:49:05.6554
2026041004017535,BPCL,75,11,20,722.0,14440.0,N.I.M.B. Stock Markets Limited,Malla & Malla Stock Broking Company Pvt. Limited,2026-04-10T13:49:05.655587
2026041004017536,BPCL,75,58,500,723.0,361500.0,N.I.M.B. Stock Markets Limited,Naasa Securities Co. Ltd.,2026-04-10T13:49:05.655766
2026041004017537,BPCL,75,11,20,723.0,14460.0,N.I.M.B. Stock Markets Limited,Malla & Malla Stock Broking Company Pvt. Limited,2026-04-10T13:49:05.655953
2026041004017559,BPCL,84,84,500,723.1,361550.0,MILKY WAY SHARE BROKER COMPANY LTD ,MILKY WAY SHARE BROKER COMPANY LTD ,2026-04-10T13:49:24.425956
2026041004017560,BPCL,75,38,500,723.0,361500.0,N.I.M.B. Stock Markets Limited,Dipshikha Dhitopatra Karobar Co. Pvt Ltd.,2026-04-10T13:49:24.815726
2026041004017565,BPCL,35,84,50,723.1,36155.0,Kohinoor Investment & Securities Pvt. Ltd.,MILKY WAY SHARE BROKER COMPANY LTD ,2026-04-10T13:49:28.389489
2026041004017571,BPCL,68,84,450,723.1,325395.0,Elite Stock House Limited,MILKY WAY SHARE BROKER COMPANY LTD ,2026-04-10T13:49:35.536555
2026041004017572,BPCL,68,58,10,723.1,7231.0,Elite Stock House Limited,Naasa Securities Co. Ltd.,2026-04-10T13:49:40.73978
2026041004017596,BPCL,37,48,60,724.0,43440.0,Swarna Laxmi Securities Pvt. Ltd.,Trishakti Securities Public Limited,2026-04-10T13:49:49.232439
2026041004017603,BPCL,51,48,40,724.0,28960.0,Oxford Securities Pvt. Ltd.,Trishakti Securities Public Limited,2026-04-10T13:49:52.837134
2026041004017604,BPCL,51,38,50,724.0,36200.0,Oxford Securities Pvt. Ltd.,Dipshikha Dhitopatra Karobar Co. Pvt Ltd.,2026-04-10T13:49:52.837248
2026041004017605,BPCL,51,33,250,724.0,181000.0,Oxford Securities Pvt. Ltd.,Dakshinkali Investment & Securities Pvt. Ltd.,2026-04-10T13:49:52.837303
2026041004017606,BPCL,51,11,20,724.0,14480.0,Oxford Securities Pvt. Ltd.,Malla & Malla Stock Broking Company Pvt. Limited,2026-04-10T13:49:52.83743
2026041004017607,BPCL,51,6,200,724.2,144840.0,Oxford Securities Pvt. Ltd.,Agrawal Securities (PVT) Ltd.,2026-04-10T13:49:52.837498
2026041004017608,BPCL,51,58,295,725.0,213875.0,Oxford Securities Pvt. Ltd.,Naasa Securities Co. Ltd.,2026-04-10T13:49:52.837554
2026041004017609,BPCL,51,41,15,725.0,10875.0,Oxford Securities Pvt. Ltd.,Linch Stock Market Ltd.,2026-04-10T13:49:52.837613
2026041004017610,BPCL,51,17,10,725.0,7250.0,Oxford Securities Pvt. Ltd.,ABC Securities Private Limited,2026-04-10T13:49:52.837679
2026041004017636,BPCL,35,36,150,724.9,108735.0,Kohinoor Investment & Securities Pvt. Ltd.,Secured Securities Ltd.,2026-04-10T13:50:13.604378
2026041004017637,BPCL,35,17,90,725.0,65250.0,Kohinoor Investment & Securities Pvt. Ltd.,ABC Securities Private Limited,2026-04-10T13:50:13.604523
2026041004017638,BPCL,35,47,2870,725.0,2080750.0,Kohinoor Investment & Securities Pvt. Ltd.,Neev Securities Pvt. Ltd.,2026-04-10T13:50:13.604581
2026041004017639,BPCL,35,70,200,725.0,145000.0,Kohinoor Investment & Securities Pvt. Ltd.,Infinity Securities Limited,2026-04-10T13:50:13.604637
2026041004017675,BPCL,35,58,100,725.0,72500.0,Kohinoor Investment & Securities Pvt. Ltd.,Naasa Securities Co. Ltd.,2026-04-10T13:50:23.477776
2026041004017676,BPCL,35,36,90,725.0,65250.0,Kohinoor Investment & Securities Pvt. Ltd.,Secured Securities Ltd.,2026-04-10T13:50:24.404672
2026041004017774,BPCL,35,58,10,724.9,7249.0,Kohinoor Investment & Securities Pvt. Ltd.,Naasa Securities Co. Ltd.,2026-04-10T13:51:23.798124
2026041004017775,BPCL,35,36,20,725.0,14500.0,Kohinoor Investment & Securities Pvt. Ltd.,Secured Securities Ltd.,2026-04-10T13:51:23.79841
2026041004017776,BPCL,68,60,40,723.1,28924.0,Elite Stock House Limited,Nagarik Stock Dealer ,2026-04-10T13:51:25.078397
2026041004017777,BPCL,75,60,460,723.0,332580.0,N.I.M.B. Stock Markets Limited,Nagarik Stock Dealer ,2026-04-10T13:51:25.078675
2026041004017791,BPCL,75,22,20,723.0,14460.0,N.I.M.B. Stock Markets Limited,Siprabi Securities Pvt. Ltd.,2026-04-10T13:51:32.242116
2026041004018005,BPCL,75,39,10,723.0,7230.0,N.I.M.B. Stock Markets Limited,Sumeru Securities Pvt. Ltd.,2026-04-10T13:54:00.595927
2026041004018019,BPCL,75,11,36,723.0,26028.0,N.I.M.B. Stock Markets Limited,Malla & Malla Stock Broking Company Pvt. Limited,2026-04-10T13:54:12.760394
2026041004018093,BPCL,35,28,3,716.0,2148.0,Kohinoor Investment & Securities Pvt. Ltd.,Shree Krishna Securities Ltd.,2026-04-10T13:54:47.012276
2026041004018172,BPCL,75,64,40,723.0,28920.0,N.I.M.B. Stock Markets Limited,SUN SECURITIES PVT LTD,2026-04-10T13:55:08.408863
2026041004018349,BPCL,75,32,364,723.0,263172.0,N.I.M.B. Stock Markets Limited,Premier Securities Company Ltd.,2026-04-10T13:55:51.765344
2026041004018350,BPCL,58,32,136,723.0,98328.0,Naasa Securities Co. Ltd.,Premier Securities Company Ltd.,2026-04-10T13:55:51.76555
2026041004018431,BPCL,58,49,100,723.0,72300.0,Naasa Securities Co. Ltd.,Online Securities Pvt. Ltd.,2026-04-10T13:56:07.662817
2026041004018467,BPCL,58,40,50,723.0,36150.0,Naasa Securities Co. Ltd.,Creative Securities Pvt Ltd,2026-04-10T13:56:18.87592
2026041004018516,BPCL,58,11,500,723.0,361500.0,Naasa Securities Co. Ltd.,Malla & Malla Stock Broking Company Pvt. Limited,2026-04-10T13:56:29.067622
2026041004018541,BPCL,58,22,150,723.0,108450.0,Naasa Securities Co. Ltd.,Siprabi Securities Pvt. Ltd.,2026-04-10T13:56:35.808896
2026041004018597,BPCL,58,45,100,723.0,72300.0,Naasa Securities Co. Ltd.,Imperial Securities Company Pvt. Ltd.,2026-04-10T13:56:51.45184
2026041004018618,BPCL,58,25,300,723.0,216900.0,Naasa Securities Co. Ltd.,Sweta Securities Private Limited,2026-04-10T13:56:53.55113
2026041004018634,BPCL,58,33,100,723.0,72300.0,Naasa Securities Co. Ltd.,Dakshinkali Investment & Securities Pvt. Ltd.,2026-04-10T13:57:01.617663
2026041004018688,BPCL,58,45,500,723.0,361500.0,Naasa Securities Co. Ltd.,Imperial Securities Company Pvt. Ltd.,2026-04-10T13:57:21.150208
2026041004018692,BPCL,37,57,50,724.0,36200.0,Swarna Laxmi Securities Pvt. Ltd.,Aryatara Investment & Securities,2026-04-10T13:57:22.08212
2026041004018713,BPCL,58,49,64,723.0,46272.0,Naasa Securities Co. Ltd.,Online Securities Pvt. Ltd.,2026-04-10T13:57:29.733677
2026041004018714,BPCL,14,49,13,723.0,9399.0,Nepal Stock House (PVT) Ltd.,Online Securities Pvt. Ltd.,2026-04-10T13:57:29.733969
2026041004018727,BPCL,14,58,100,723.0,72300.0,Nepal Stock House (PVT) Ltd.,Naasa Securities Co. Ltd.,2026-04-10T13:57:33.503687
2026041004018748,BPCL,14,45,187,723.0,135201.0,Nepal Stock House (PVT) Ltd.,Imperial Securities Company Pvt. Ltd.,2026-04-10T13:57:39.658411
2026041004018812,BPCL,10,45,13,720.5,9366.5,Pragyan Securities (PVT) Ltd.,Imperial Securities Company Pvt. Ltd.,2026-04-10T13:58:02.763362
2026041004019166,BPCL,10,22,37,720.5,26658.5,Pragyan Securities (PVT) Ltd.,Siprabi Securities Pvt. Ltd.,2026-04-10T14:01:22.406612
2026041004019214,BPCL,88,70,48,720.0,34560.0,Blue Chip Securities Ltd,Infinity Securities Limited,2026-04-10T14:01:48.124123
2026041004019215,BPCL,11,70,80,720.0,57600.0,Malla & Malla Stock Broking Company Pvt. Limited,Infinity Securities Limited,2026-04-10T14:01:48.124297
2026041004019306,BPCL,53,1,35,717.1,25098.5,Investment Management Nepal Pvt. Ltd.,Kumari Securities Private Limited,2026-04-10T14:02:45.070842
2026041004019342,BPCL,53,26,465,717.1,333451.5,Investment Management Nepal Pvt. Ltd.,Asian Securities Private Ltd.,2026-04-10T14:03:25.550507
2026041004019343,BPCL,60,26,535,717.0,383595.0,Nagarik Stock Dealer ,Asian Securities Private Ltd.,2026-04-10T14:03:25.550668
2026041004019399,BPCL,58,70,72,720.0,51840.0,Naasa Securities Co. Ltd.,Infinity Securities Limited,2026-04-10T14:03:51.015882
2026041004019400,BPCL,58,46,50,720.0,36000.0,Naasa Securities Co. Ltd.,Kalika Securities Pvt. Ltd.,2026-04-10T14:03:51.016003
2026041004019401,BPCL,58,11,10,722.0,7220.0,Naasa Securities Co. Ltd.,Malla & Malla Stock Broking Company Pvt. Limited,2026-04-10T14:03:51.016133
2026041004019440,BPCL,41,43,100,717.2,71720.0,Linch Stock Market Ltd.,South Asian Bulls Pvt. Ltd.,2026-04-10T14:04:21.722924
2026041004019441,BPCL,53,43,50,717.1,35855.0,Investment Management Nepal Pvt. Ltd.,South Asian Bulls Pvt. Ltd.,2026-04-10T14:04:21.723117
2026041004019452,BPCL,75,11,490,722.0,353780.0,N.I.M.B. Stock Markets Limited,Malla & Malla Stock Broking Company Pvt. Limited,2026-04-10T14:04:35.232444
2026041004019453,BPCL,75,22,150,723.0,108450.0,N.I.M.B. Stock Markets Limited,Siprabi Securities Pvt. Ltd.,2026-04-10T14:04:35.232744
2026041004019454,BPCL,75,64,50,723.0,36150.0,N.I.M.B. Stock Markets Limited,SUN SECURITIES PVT LTD,2026-04-10T14:04:35.232921
2026041004019455,BPCL,75,34,200,723.0,144600.0,N.I.M.B. Stock Markets Limited,Vision Securities Pvt. Ltd,2026-04-10T14:04:35.233095
2026041004019456,BPCL,75,56,500,723.3,361650.0,N.I.M.B. Stock Markets Limited,Sri Hari Securities Pvt. Ltd.,2026-04-10T14:04:35.233269
2026041004019457,BPCL,75,58,100,723.5,72350.0,N.I.M.B. Stock Markets Limited,Naasa Securities Co. Ltd.,2026-04-10T14:04:35.233475
2026041004019458,BPCL,75,38,600,724.8,434880.0,N.I.M.B. Stock Markets Limited,Dipshikha Dhitopatra Karobar Co. Pvt Ltd.,2026-04-10T14:04:35.233673
2026041004019459,BPCL,75,58,410,724.9,297209.0,N.I.M.B. Stock Markets Limited,Naasa Securities Co. Ltd.,2026-04-10T14:04:35.233845
2026041004019575,BPCL,75,53,299,720.0,215280.0,N.I.M.B. Stock Markets Limited,Investment Management Nepal Pvt. Ltd.,2026-04-10T14:06:42.168834
2026041004019576,BPCL,75,8,20,724.8,14496.0,N.I.M.B. Stock Markets Limited,Brilliant Securities Pvt. Ltd.,2026-04-10T14:06:42.169138
2026041004019577,BPCL,75,58,4181,724.9,3030806.9,N.I.M.B. Stock Markets Limited,Naasa Securities Co. Ltd.,2026-04-10T14:06:42.169351
2026041004019732,BPCL,58,38,50,724.8,36240.0,Naasa Securities Co. Ltd.,Dipshikha Dhitopatra Karobar Co. Pvt Ltd.,2026-04-10T14:08:58.150109
2026041004019733,BPCL,58,58,10,724.9,7249.0,Naasa Securities Co. Ltd.,Naasa Securities Co. Ltd.,2026-04-10T14:08:58.150501
2026041004019734,BPCL,58,36,10,725.0,7250.0,Naasa Securities Co. Ltd.,Secured Securities Ltd.,2026-04-10T14:08:58.150708
2026041004019742,BPCL,94,66,100,724.9,72490.0,K.B.L. Securities Limited ,Miyo Securities Pvt Ltd,2026-04-10T14:09:10.886444
2026041004019796,BPCL,53,64,190,720.0,136800.0,Investment Management Nepal Pvt. Ltd.,SUN SECURITIES PVT LTD,2026-04-10T14:09:52.589636
2026041004019825,BPCL,67,66,400,724.9,289960.0,Property Wiard Limited,Miyo Securities Pvt Ltd,2026-04-10T14:10:20.095539
2026041004019826,BPCL,67,66,500,724.9,362450.0,Property Wiard Limited,Miyo Securities Pvt Ltd,2026-04-10T14:10:20.095745
2026041004019827,BPCL,67,33,200,724.9,144980.0,Property Wiard Limited,Dakshinkali Investment & Securities Pvt. Ltd.,2026-04-10T14:10:20.095813
2026041004019929,BPCL,58,38,300,724.7,217410.0,Naasa Securities Co. Ltd.,Dipshikha Dhitopatra Karobar Co. Pvt Ltd.,2026-04-10T14:12:42.637621
2026041004019987,BPCL,53,61,310,720.0,223200.0,Investment Management Nepal Pvt. Ltd.,BHOLE GANESH SECURITIES LTD,2026-04-10T14:13:53.222119
2026041004019988,BPCL,58,61,80,720.0,57600.0,Naasa Securities Co. Ltd.,BHOLE GANESH SECURITIES LTD,2026-04-10T14:13:53.222367
2026041004019989,BPCL,80,61,30,720.0,21600.0,Indira securities pvt. ltd,BHOLE GANESH SECURITIES LTD,2026-04-10T14:13:53.222437
2026041004020016,BPCL,38,61,128,718.0,91904.0,Dipshikha Dhitopatra Karobar Co. Pvt Ltd.,BHOLE GANESH SECURITIES LTD,2026-04-10T14:14:16.822418
2026041004020125,BPCL,49,76,35,723.4,25319.0,Online Securities Pvt. Ltd.,Machhapuchchhre Securities Limited,2026-04-10T14:15:30.677824
2026041004020202,BPCL,49,49,35,724.0,25340.0,Online Securities Pvt. Ltd.,Online Securities Pvt. Ltd.,2026-04-10T14:16:24.663303
2026041004020633,BPCL,75,58,100,722.0,72200.0,N.I.M.B. Stock Markets Limited,Naasa Securities Co. Ltd.,2026-04-10T14:22:43.128632
2026041004020634,BPCL,75,49,15,724.0,10860.0,N.I.M.B. Stock Markets Limited,Online Securities Pvt. Ltd.,2026-04-10T14:22:43.128978
2026041004020635,BPCL,75,57,100,724.0,72400.0,N.I.M.B. Stock Markets Limited,Aryatara Investment & Securities,2026-04-10T14:22:43.129207
2026041004020636,BPCL,75,25,1000,724.0,724000.0,N.I.M.B. Stock Markets Limited,Sweta Securities Private Limited,2026-04-10T14:22:43.129465
2026041004020637,BPCL,75,58,1000,724.0,724000.0,N.I.M.B. Stock Markets Limited,Naasa Securities Co. Ltd.,2026-04-10T14:22:43.129747
2026041004020671,BPCL,75,36,80,724.0,57920.0,N.I.M.B. Stock Markets Limited,Secured Securities Ltd.,2026-04-10T14:23:02.28971
2026041004020722,BPCL,75,25,200,724.0,144800.0,N.I.M.B. Stock Markets Limited,Sweta Securities Private Limited,2026-04-10T14:23:19.458028
2026041004020925,BPCL,38,58,500,720.2,360100.0,Dipshikha Dhitopatra Karobar Co. Pvt Ltd.,Naasa Securities Co. Ltd.,2026-04-10T14:24:28.59322
2026041004020926,BPCL,95,58,140,720.1,100814.0,Magnet Securities and Investment Company Private Limited,Naasa Securities Co. Ltd.,2026-04-10T14:24:28.59341
2026041004020927,BPCL,53,58,450,720.0,324000.0,Investment Management Nepal Pvt. Ltd.,Naasa Securities Co. Ltd.,2026-04-10T14:24:28.593481
2026041004020928,BPCL,42,58,25,720.0,18000.0,Sani Securities Company Ltd.,Naasa Securities Co. Ltd.,2026-04-10T14:24:28.593551
2026041004020929,BPCL,39,58,500,719.1,359550.0,Sumeru Securities Pvt. Ltd.,Naasa Securities Co. Ltd.,2026-04-10T14:24:28.593618
2026041004020930,BPCL,75,58,1500,719.0,1078500.0,N.I.M.B. Stock Markets Limited,Naasa Securities Co. Ltd.,2026-04-10T14:24:28.593684
2026041004021098,BPCL,51,22,37,719.0,26603.0,Oxford Securities Pvt. Ltd.,Siprabi Securities Pvt. Ltd.,2026-04-10T14:25:59.0876
2026041004021163,BPCL,51,22,63,719.0,45297.0,Oxford Securities Pvt. Ltd.,Siprabi Securities Pvt. Ltd.,2026-04-10T14:26:28.256549
2026041004021270,BPCL,33,39,10,719.0,7190.0,Dakshinkali Investment & Securities Pvt. Ltd.,Sumeru Securities Pvt. Ltd.,2026-04-10T14:27:26.667298
2026041004021351,BPCL,33,22,50,719.0,35950.0,Dakshinkali Investment & Securities Pvt. Ltd.,Siprabi Securities Pvt. Ltd.,2026-04-10T14:27:59.88575
2026041004021353,BPCL,33,46,10,719.0,7190.0,Dakshinkali Investment & Securities Pvt. Ltd.,Kalika Securities Pvt. Ltd.,2026-04-10T14:28:01.97509
2026041004021433,BPCL,33,72,15,719.0,10785.0,Dakshinkali Investment & Securities Pvt. Ltd.,Hatemalo Financial Services Private Limited,2026-04-10T14:28:36.741372
2026041004021435,BPCL,33,39,10,719.0,7190.0,Dakshinkali Investment & Securities Pvt. Ltd.,Sumeru Securities Pvt. Ltd.,2026-04-10T14:28:38.398164
2026041004021585,BPCL,33,22,70,719.0,50330.0,Dakshinkali Investment & Securities Pvt. Ltd.,Siprabi Securities Pvt. Ltd.,2026-04-10T14:30:08.778859
2026041004021623,BPCL,28,25,50,720.0,36000.0,Shree Krishna Securities Ltd.,Sweta Securities Private Limited,2026-04-10T14:30:28.577696
2026041004021697,BPCL,33,4,30,719.0,21570.0,Dakshinkali Investment & Securities Pvt. Ltd.,Opal Securities Investment (PVT) Ltd.,2026-04-10T14:31:02.55343
2026041004021981,BPCL,45,34,100,717.9,71790.0,Imperial Securities Company Pvt. Ltd.,Vision Securities Pvt. Ltd,2026-04-10T14:33:53.783588
2026041004021982,BPCL,34,34,200,717.8,143560.0,Vision Securities Pvt. Ltd,Vision Securities Pvt. Ltd,2026-04-10T14:33:53.7838
2026041004021983,BPCL,53,34,500,717.1,358550.0,Investment Management Nepal Pvt. Ltd.,Vision Securities Pvt. Ltd,2026-04-10T14:33:53.783894
2026041004021984,BPCL,60,34,200,717.0,143400.0,Nagarik Stock Dealer ,Vision Securities Pvt. Ltd,2026-04-10T14:33:53.783969
2026041004022032,BPCL,60,45,10,717.0,7170.0,Nagarik Stock Dealer ,Imperial Securities Company Pvt. Ltd.,2026-04-10T14:34:34.819959
2026041004022103,BPCL,37,1,10,718.0,7180.0,Swarna Laxmi Securities Pvt. Ltd.,Kumari Securities Private Limited,2026-04-10T14:35:34.431903
2026041004022159,BPCL,75,62,1500,716.0,1074000.0,N.I.M.B. Stock Markets Limited,Capital Max Securities Ltd,2026-04-10T14:36:00.891069
2026041004022160,BPCL,14,62,200,716.0,143200.0,Nepal Stock House (PVT) Ltd.,Capital Max Securities Ltd,2026-04-10T14:36:00.891131
2026041004022161,BPCL,7,62,300,715.3,214590.0,J.F. Securites (PVT) Ltd.,Capital Max Securities Ltd,2026-04-10T14:36:00.891164
2026041004022162,BPCL,53,62,500,715.2,357600.0,Investment Management Nepal Pvt. Ltd.,Capital Max Securities Ltd,2026-04-10T14:36:00.891193
2026041004022163,BPCL,60,62,300,715.1,214530.0,Nagarik Stock Dealer ,Capital Max Securities Ltd,2026-04-10T14:36:00.891224
2026041004022164,BPCL,64,62,200,715.0,143000.0,SUN SECURITIES PVT LTD,Capital Max Securities Ltd,2026-04-10T14:36:00.891257
2026041004022170,BPCL,1,1,200,718.0,143600.0,Kumari Securities Private Limited,Kumari Securities Private Limited,2026-04-10T14:36:08.119257
2026041004022217,BPCL,64,62,800,715.0,572000.0,SUN SECURITIES PVT LTD,Capital Max Securities Ltd,2026-04-10T14:36:50.651351
2026041004022218,BPCL,87,62,30,715.0,21450.0,S.P.S.A. Securities Limited,Capital Max Securities Ltd,2026-04-10T14:36:50.651395
2026041004022219,BPCL,34,62,100,715.0,71500.0,Vision Securities Pvt. Ltd,Capital Max Securities Ltd,2026-04-10T14:36:50.651424
2026041004022220,BPCL,58,62,40,715.0,28600.0,Naasa Securities Co. Ltd.,Capital Max Securities Ltd,2026-04-10T14:36:50.651446
2026041004022221,BPCL,41,62,100,714.2,71420.0,Linch Stock Market Ltd.,Capital Max Securities Ltd,2026-04-10T14:36:50.651468
2026041004022222,BPCL,63,62,250,714.1,178525.0,Himalayan Brokerage Company Limited,Capital Max Securities Ltd,2026-04-10T14:36:50.651503
2026041004022223,BPCL,39,62,500,714.1,357050.0,Sumeru Securities Pvt. Ltd.,Capital Max Securities Ltd,2026-04-10T14:36:50.651532
2026041004022224,BPCL,39,62,180,714.1,128538.0,Sumeru Securities Pvt. Ltd.,Capital Max Securities Ltd,2026-04-10T14:36:50.651555
2026041004022496,BPCL,32,42,10,717.0,7170.0,Premier Securities Company Ltd.,Sani Securities Company Ltd.,2026-04-10T14:39:11.939216
2026041004022667,BPCL,38,62,1000,715.0,715000.0,Dipshikha Dhitopatra Karobar Co. Pvt Ltd.,Capital Max Securities Ltd,2026-04-10T14:41:06.155446
2026041004022678,BPCL,59,60,210,715.0,150150.0,Deevyaa Securities & Stock House Pvt. Ltd,Nagarik Stock Dealer ,2026-04-10T14:41:24.941419
2026041004022688,BPCL,14,38,25,715.5,17887.5,Nepal Stock House (PVT) Ltd.,Dipshikha Dhitopatra Karobar Co. Pvt Ltd.,2026-04-10T14:41:33.674171
2026041004022689,BPCL,59,38,675,715.0,482625.0,Deevyaa Securities & Stock House Pvt. Ltd,Dipshikha Dhitopatra Karobar Co. Pvt Ltd.,2026-04-10T14:41:33.674364
2026041004022710,BPCL,59,38,115,715.0,82225.0,Deevyaa Securities & Stock House Pvt. Ltd,Dipshikha Dhitopatra Karobar Co. Pvt Ltd.,2026-04-10T14:41:54.310785
2026041004022711,BPCL,39,38,320,714.1,228512.0,Sumeru Securities Pvt. Ltd.,Dipshikha Dhitopatra Karobar Co. Pvt Ltd.,2026-04-10T14:41:54.311038
2026041004022712,BPCL,39,38,500,714.1,357050.0,Sumeru Securities Pvt. Ltd.,Dipshikha Dhitopatra Karobar Co. Pvt Ltd.,2026-04-10T14:41:54.311114
2026041004022713,BPCL,36,38,65,714.0,46410.0,Secured Securities Ltd.,Dipshikha Dhitopatra Karobar Co. Pvt Ltd.,2026-04-10T14:41:54.311186
2026041004022850,BPCL,32,42,10,717.0,7170.0,Premier Securities Company Ltd.,Sani Securities Company Ltd.,2026-04-10T14:43:06.436942
2026041004023007,BPCL,36,14,100,714.0,71400.0,Secured Securities Ltd.,Nepal Stock House (PVT) Ltd.,2026-04-10T14:44:02.924702
2026041004023068,BPCL,58,72,100,716.0,71600.0,Naasa Securities Co. Ltd.,Hatemalo Financial Services Private Limited,2026-04-10T14:44:37.777925
2026041004023069,BPCL,58,42,10,717.0,7170.0,Naasa Securities Co. Ltd.,Sani Securities Company Ltd.,2026-04-10T14:44:37.778016
2026041004023382,BPCL,36,42,35,714.0,24990.0,Secured Securities Ltd.,Sani Securities Company Ltd.,2026-04-10T14:46:22.876596
2026041004023383,BPCL,42,42,200,714.0,142800.0,Sani Securities Company Ltd.,Sani Securities Company Ltd.,2026-04-10T14:46:22.876716
2026041004023384,BPCL,75,42,62,714.0,44268.0,N.I.M.B. Stock Markets Limited,Sani Securities Company Ltd.,2026-04-10T14:46:22.876776
2026041004023518,BPCL,75,32,438,714.0,312732.0,N.I.M.B. Stock Markets Limited,Premier Securities Company Ltd.,2026-04-10T14:47:01.086486
2026041004023534,BPCL,32,90,10,716.9,7169.0,Premier Securities Company Ltd.,Sajilo Broker Limited,2026-04-10T14:47:08.211811
2026041004023878,BPCL,59,25,95,714.0,67830.0,Deevyaa Securities & Stock House Pvt. Ltd,Sweta Securities Private Limited,2026-04-10T14:49:15.825478
2026041004024030,BPCL,59,25,55,714.0,39270.0,Deevyaa Securities & Stock House Pvt. Ltd,Sweta Securities Private Limited,2026-04-10T14:50:10.177928
2026041004024112,BPCL,59,19,850,714.0,606900.0,Deevyaa Securities & Stock House Pvt. Ltd,Nepal Investment And Securities Trading Private Limited,2026-04-10T14:50:23.493354
2026041004024113,BPCL,38,19,75,713.0,53475.0,Dipshikha Dhitopatra Karobar Co. Pvt Ltd.,Nepal Investment And Securities Trading Private Limited,2026-04-10T14:50:23.493589
2026041004024114,BPCL,21,19,20,713.0,14260.0,Midas Stock Broking Company Private Limited,Nepal Investment And Securities Trading Private Limited,2026-04-10T14:50:23.493663
2026041004024115,BPCL,58,19,55,712.0,39160.0,Naasa Securities Co. Ltd.,Nepal Investment And Securities Trading Private Limited,2026-04-10T14:50:23.493734
2026041004024492,BPCL,58,34,45,712.0,32040.0,Naasa Securities Co. Ltd.,Vision Securities Pvt. Ltd,2026-04-10T14:52:11.333277
2026041004024493,BPCL,38,34,372,711.6,264715.2,Dipshikha Dhitopatra Karobar Co. Pvt Ltd.,Vision Securities Pvt. Ltd,2026-04-10T14:52:11.333683
2026041004024494,BPCL,53,34,83,711.6,59062.8,Investment Management Nepal Pvt. Ltd.,Vision Securities Pvt. Ltd,2026-04-10T14:52:11.33391
2026041004024599,BPCL,53,25,400,711.6,284640.0,Investment Management Nepal Pvt. Ltd.,Sweta Securities Private Limited,2026-04-10T14:52:40.275294
2026041004024625,BPCL,58,22,1,710.0,710.0,Naasa Securities Co. Ltd.,Siprabi Securities Pvt. Ltd.,2026-04-10T14:52:47.2908
2026041004024893,BPCL,53,25,17,711.6,12097.2,Investment Management Nepal Pvt. Ltd.,Sweta Securities Private Limited,2026-04-10T14:54:00.180467
2026041004024894,BPCL,60,25,183,711.5,130204.5,Nagarik Stock Dealer ,Sweta Securities Private Limited,2026-04-10T14:54:00.180827
2026041004025176,BPCL,94,38,500,712.0,356000.0,K.B.L. Securities Limited ,Dipshikha Dhitopatra Karobar Co. Pvt Ltd.,2026-04-10T14:55:03.884723
2026041004025609,BPCL,59,40,100,713.9,71390.0,Deevyaa Securities & Stock House Pvt. Ltd,Creative Securities Pvt Ltd,2026-04-10T14:56:52.10301
2026041004025639,BPCL,32,90,10,716.4,7164.0,Premier Securities Company Ltd.,Sajilo Broker Limited,2026-04-10T14:56:59.384207
2026041004026144,BPCL,38,34,55,714.5,39297.5,Dipshikha Dhitopatra Karobar Co. Pvt Ltd.,Vision Securities Pvt. Ltd,2026-04-10T14:58:32.928521
2026041004026145,BPCL,38,34,100,714.1,71410.0,Dipshikha Dhitopatra Karobar Co. Pvt Ltd.,Vision Securities Pvt. Ltd,2026-04-10T14:58:32.928725
2026041004026146,BPCL,53,34,100,714.0,71400.0,Investment Management Nepal Pvt. Ltd.,Vision Securities Pvt. Ltd,2026-04-10T14:58:32.928806
2026041004026351,BPCL,59,34,745,714.0,531930.0,Deevyaa Securities & Stock House Pvt. Ltd,Vision Securities Pvt. Ltd,2026-04-10T14:59:03.306952
2026041004026483,BPCL,59,81,500,713.1,356550.0,Deevyaa Securities & Stock House Pvt. Ltd,Aakashbhairab Securities Ltd.,2026-04-10T14:59:16.653588
2026041004026548,BPCL,59,45,50,714.0,35700.0,Deevyaa Securities & Stock House Pvt. Ltd,Imperial Securities Company Pvt. Ltd.,2026-04-10T14:59:23.786824
2026041004026561,BPCL,34,38,60,715.0,42900.0,Vision Securities Pvt. Ltd,Dipshikha Dhitopatra Karobar Co. Pvt Ltd.,2026-04-10T14:59:24.017942
2026041004026630,BPCL,59,25,250,714.0,178500.0,Deevyaa Securities & Stock House Pvt. Ltd,Sweta Securities Private Limited,2026-04-10T14:59:27.62874
2026041004026728,BPCL,58,25,20,714.0,14280.0,Naasa Securities Co. Ltd.,Sweta Securities Private Limited,2026-04-10T14:59:36.772619
2026041004026886,BPCL,90,17,270,713.2,192564.0,Sajilo Broker Limited,ABC Securities Private Limited,2026-04-10T14:59:50.353256
2026041004026900,BPCL,58,25,230,714.0,164220.0,Naasa Securities Co. Ltd.,Sweta Securities Private Limited,2026-04-10T14:59:51.592364
2026041004026901,BPCL,58,38,40,715.0,28600.0,Naasa Securities Co. Ltd.,Dipshikha Dhitopatra Karobar Co. Pvt Ltd.,2026-04-10T14:59:51.592407
2026041004026902,BPCL,58,42,60,715.0,42900.0,Naasa Securities Co. Ltd.,Sani Securities Company Ltd.,2026-04-10T14:59:51.592439
2026041004026903,BPCL,58,49,100,715.0,71500.0,Naasa Securities Co. Ltd.,Online Securities Pvt. Ltd.,2026-04-10T14:59:51.59247
2026041004026904,BPCL,58,90,70,716.4,50148.0,Naasa Securities Co. Ltd.,Sajilo Broker Limited,2026-04-10T14:59:51.592495
2026041004027076,BPCL,38,90,310,716.4,222084.0,Dipshikha Dhitopatra Karobar Co. Pvt Ltd.,Sajilo Broker Limited,2026-04-10T14:59:58.482429
2026041004027077,BPCL,38,42,40,717.0,28680.0,Dipshikha Dhitopatra Karobar Co. Pvt Ltd.,Sani Securities Company Ltd.,2026-04-10T14:59:58.482559
2026041004027078,BPCL,38,75,100,717.0,71700.0,Dipshikha Dhitopatra Karobar Co. Pvt Ltd.,N.I.M.B. Stock Markets Limited,2026-04-10T14:59:58.482684
2026041004027079,BPCL,38,34,330,717.0,236610.0,Dipshikha Dhitopatra Karobar Co. Pvt Ltd.,Vision Securities Pvt. Ltd,2026-04-10T14:59:58.482792
2026041004027080,BPCL,38,41,400,717.0,286800.0,Dipshikha Dhitopatra Karobar Co. Pvt Ltd.,Linch Stock Market Ltd.,2026-04-10T14:59:58.482939
2026041004027081,BPCL,38,1,540,718.0,387720.0,Dipshikha Dhitopatra Karobar Co. Pvt Ltd.,Kumari Securities Private Limited,2026-04-10T14:59:58.483092
2026041004027082,BPCL,38,22,30,719.0,21570.0,Dipshikha Dhitopatra Karobar Co. Pvt Ltd.,Siprabi Securities Pvt. Ltd.,2026-04-10T14:59:58.483258
2026041004027083,BPCL,38,57,50,720.0,36000.0,Dipshikha Dhitopatra Karobar Co. Pvt Ltd.,Aryatara Investment & Securities,2026-04-10T14:59:58.483408
2026041004027084,BPCL,38,6,10,720.0,7200.0,Dipshikha Dhitopatra Karobar Co. Pvt Ltd.,Agrawal Securities (PVT) Ltd.,2026-04-10T14:59:58.483544
2026041004027085,BPCL,38,58,300,720.0,216000.0,Dipshikha Dhitopatra Karobar Co. Pvt Ltd.,Naasa Securities Co. Ltd.,2026-04-10T14:59:58.483661
2026041004027086,BPCL,38,49,23,720.0,16560.0,Dipshikha Dhitopatra Karobar Co. Pvt Ltd.,Online Securities Pvt. Ltd.,2026-04-10T14:59:58.483793
2026041004027087,BPCL,38,26,50,720.0,36000.0,Dipshikha Dhitopatra Karobar Co. Pvt Ltd.,Asian Securities Private Ltd.,2026-04-10T14:59:58.483926
2026041004027088,BPCL,38,11,100,721.0,72100.0,Dipshikha Dhitopatra Karobar Co. Pvt Ltd.,Malla & Malla Stock Broking Company Pvt. Limited,2026-04-10T14:59:58.484028
2026041004027089,BPCL,38,58,200,722.5,144500.0,Dipshikha Dhitopatra Karobar Co. Pvt Ltd.,Naasa Securities Co. Ltd.,2026-04-10T14:59:58.484141
2026041004027090,BPCL,38,39,10,722.9,7229.0,Dipshikha Dhitopatra Karobar Co. Pvt Ltd.,Sumeru Securities Pvt. Ltd.,2026-04-10T14:59:58.484243
2026041004027091,BPCL,38,58,507,723.0,366561.0,Dipshikha Dhitopatra Karobar Co. Pvt Ltd.,Naasa Securities Co. Ltd.,2026-04-10T14:59:58.484391
2026041004027121,BPCL,38,58,10,723.0,7230.0,Dipshikha Dhitopatra Karobar Co. Pvt Ltd.,Naasa Securities Co. Ltd.,2026-04-10T14:59:59.097816
